  <div class='ocr_page' id='page_1' title='image "/cluster/home/n/w/nwhite01/storage/ocr_20150623/148/hvd.32044054760061/415.png"; bbox 0 0 4024 6170; ppageno 0'>
   <div class='ocr_carea' id='block_1_1' title="bbox 574 342 680 395">
    <p class='ocr_par' dir='ltr' id='par_1_1' title="bbox 574 342 680 395">
     <span class='ocr_line' id='line_1_1' title="bbox 574 342 680 395; baseline -0.028 0"><span class='ocrx_word' id='word_1_1' title='bbox 574 342 680 395; x_wconf 72' lang='grc'><strong>819</strong></span> 
     </span>
    </p>
   </div>
   <div class='ocr_carea' id='block_1_2' title="bbox 1285 298 3783 391">
    <p class='ocr_par' dir='ltr' id='par_1_2' title="bbox 1285 298 3783 391">
     <span class='ocr_line' id='line_1_2' title="bbox 1285 298 3783 391; baseline -0.001 -3"><span class='ocrx_word' id='word_1_2' title='bbox 1285 335 1339 388; x_wconf 91' lang='lat' dir='ltr'><strong>S.</strong></span> <span class='ocrx_word' id='word_1_3' title='bbox 1380 334 1698 389; x_wconf 81' lang='lat' dir='ltr'><strong>GREGORII</strong></span> <span class='ocrx_word' id='word_1_4' title='bbox 1739 336 1824 389; x_wconf 85' lang='lat' dir='ltr'><strong>VII</strong></span> <span class='ocrx_word' id='word_1_5' title='bbox 1865 336 2015 389; x_wconf 87' lang='lat' dir='ltr'><strong>OPP.</strong></span> <span class='ocrx_word' id='word_1_6' title='bbox 2054 336 2228 391; x_wconf 81' lang='lat' dir='ltr'>PARS</span> <span class='ocrx_word' id='word_1_7' title='bbox 2266 336 2352 390; x_wconf 82' lang='lat' dir='ltr'><strong>Ill.</strong></span> <span class='ocrx_word' id='word_1_8' title='bbox 2394 364 2465 375; x_wconf 93' lang='lat'>—</span> <span class='ocrx_word' id='word_1_9' title='bbox 2500 298 2823 388; x_wconf 22' lang='lat' dir='ltr'><strong>CONCTLIA&#39;</strong></span> <span class='ocrx_word' id='word_1_10' title='bbox 2848 328 3151 384; x_wconf 75' lang='lat' dir='ltr'><strong>ROMANA.</strong></span> <span class='ocrx_word' id='word_1_11' title='bbox 3710 335 3783 386; x_wconf 81' lang='lat'><strong>8‘20</strong></span> 
     </span>
    </p>
   </div>
   <div class='ocr_carea' id='block_1_3' title="bbox 574 454 3789 535">
    <p class='ocr_par' dir='ltr' id='par_1_3' title="bbox 574 454 3789 535">
     <span class='ocr_line' id='line_1_3' title="bbox 574 454 3789 535; baseline -0.002 -19"><span class='ocrx_word' id='word_1_12' title='bbox 574 460 923 535; x_wconf 81' lang='lat' dir='ltr'><strong>tyrannidem</strong></span> <span class='ocrx_word' id='word_1_13' title='bbox 954 461 1059 531; x_wconf 71' lang='lat' dir='ltr'><strong>piae</strong></span> <span class='ocrx_word' id='word_1_14' title='bbox 1086 459 1372 515; x_wconf 67' lang='lat' dir='ltr'><strong>memoriae</strong></span> <span class='ocrx_word' id='word_1_15' title='bbox 1420 459 1802 515; x_wconf 88' lang='lat' dir='ltr'><strong>Werinharius</strong></span> <span class='ocrx_word' id='word_1_16' title='bbox 1835 459 2159 533; x_wconf 85' lang='lat' dir='ltr'><strong>Magdebur-</strong></span> <span class='ocrx_word' id='word_1_17' title='bbox 2197 466 2247 525; x_wconf 83' lang='grc' dir='ltr'><strong>Α</strong></span> <span class='ocrx_word' id='word_1_18' title='bbox 2355 463 2557 515; x_wconf 80' lang='lat' dir='ltr'><strong>Actum</strong></span> <span class='ocrx_word' id='word_1_19' title='bbox 2584 460 2781 512; x_wconf 61' lang='lat' dir='ltr'><strong>Romae</strong></span> <span class='ocrx_word' id='word_1_20' title='bbox 2798 469 2943 509; x_wconf 91' lang='lat' dir='ltr'><strong>anno</strong></span> <span class='ocrx_word' id='word_1_21' title='bbox 2961 455 3028 510; x_wconf 88' lang='lat' dir='ltr'><strong>ab</strong></span> <span class='ocrx_word' id='word_1_22' title='bbox 3050 454 3433 509; x_wconf 88' lang='lat' dir='ltr'><strong>lncarnatione</strong></span> <span class='ocrx_word' id='word_1_23' title='bbox 3447 454 3648 509; x_wconf 86' lang='lat' dir='ltr'><strong>Domini</strong></span> <span class='ocrx_word' id='word_1_24' title='bbox 3671 460 3789 520; x_wconf 74' lang='lat'><strong>1080,</strong></span> 
     </span>
    </p>
   </div>
   <div class='ocr_carea' id='block_1_4' title="bbox 578 548 2169 628">
    <p class='ocr_par' dir='ltr' id='par_1_4' title="bbox 578 548 2169 628">
     <span class='ocr_line' id='line_1_4' title="bbox 578 548 2169 628; baseline -0.001 -18"><span class='ocrx_word' id='word_1_25' title='bbox 578 557 759 628; x_wconf 84' lang='lat' dir='ltr'><strong>gensis</strong></span> <span class='ocrx_word' id='word_1_26' title='bbox 787 548 1226 625; x_wconf 77' lang='lat' dir='ltr'><strong>archiepiscopus</strong></span> <span class='ocrx_word' id='word_1_27' title='bbox 1269 553 1479 608; x_wconf 90' lang='lat' dir='ltr'><strong>occisus</strong></span> <span class='ocrx_word' id='word_1_28' title='bbox 1516 560 1615 619; x_wconf 87' lang='lat' dir='ltr'><strong>est;</strong></span> <span class='ocrx_word' id='word_1_29' title='bbox 1649 552 1975 609; x_wconf 81' lang='lat' dir='ltr'><strong>Adelbertus</strong></span> <span class='ocrx_word' id='word_1_30' title='bbox 2002 556 2169 610; x_wconf 92' lang='lat' dir='ltr'><strong>Wor-</strong></span> 
     </span>
    </p>
   </div>
   <div class='ocr_carea' id='block_1_5' title="bbox 578 646 2168 719">
    <p class='ocr_par' dir='ltr' id='par_1_5' title="bbox 578 646 2168 719">
     <span class='ocr_line' id='line_1_5' title="bbox 578 646 2168 719; baseline -0.001 -15"><span class='ocrx_word' id='word_1_31' title='bbox 578 648 858 704; x_wconf 87' lang='lat' dir='ltr'><strong>matiensis</strong></span> <span class='ocrx_word' id='word_1_32' title='bbox 883 647 1170 719; x_wconf 87' lang='lat' dir='ltr'><strong>episcopus</strong></span> <span class='ocrx_word' id='word_1_33' title='bbox 1204 646 1383 702; x_wconf 89' lang='lat' dir='ltr'><strong>adhuc</strong></span> <span class='ocrx_word' id='word_1_34' title='bbox 1416 646 1485 701; x_wconf 87' lang='lat' dir='ltr'><strong>ab</strong></span> <span class='ocrx_word' id='word_1_35' title='bbox 1510 660 1595 709; x_wconf 78' lang='lat' dir='ltr'><strong>eo,</strong></span> <span class='ocrx_word' id='word_1_36' title='bbox 1631 654 1819 701; x_wconf 88' lang='lat' dir='ltr'><strong>contra</strong></span> <span class='ocrx_word' id='word_1_37' title='bbox 1864 647 2007 703; x_wconf 89' lang='lat' dir='ltr'><strong>sedis</strong></span> <span class='ocrx_word' id='word_1_38' title='bbox 2037 664 2168 718; x_wconf 92' lang='lat' dir='ltr'><strong>apo-</strong></span> 
     </span>
    </p>
   </div>
   <div class='ocr_carea' id='block_1_6' title="bbox 576 740 2168 812">
    <p class='ocr_par' dir='ltr' id='par_1_6' title="bbox 576 740 2168 812">
     <span class='ocr_line' id='line_1_6' title="bbox 576 740 2168 812; baseline -0.001 -15"><span class='ocrx_word' id='word_1_39' title='bbox 576 742 783 797; x_wconf 58' lang='lat' dir='ltr'><strong>stolicae</strong></span> <span class='ocrx_word' id='word_1_40' title='bbox 810 750 1165 812; x_wconf 72' lang='lat' dir='ltr'><strong>prmoeptum,</strong></span> <span class='ocrx_word' id='word_1_41' title='bbox 1194 741 1254 795; x_wconf 87' lang='lat' dir='ltr'><strong>in</strong></span> <span class='ocrx_word' id='word_1_42' title='bbox 1282 742 1536 810; x_wconf 83' lang='lat' dir='ltr'><strong>captione</strong></span> <span class='ocrx_word' id='word_1_43' title='bbox 1551 740 1849 807; x_wconf 84' lang='lat' dir='ltr'><strong>cruciatur;</strong></span> <span class='ocrx_word' id='word_1_44' title='bbox 1869 741 2043 796; x_wconf 91' lang='lat' dir='ltr'><strong>multa</strong></span> <span class='ocrx_word' id='word_1_45' title='bbox 2070 741 2168 796; x_wconf 93' lang='lat' dir='ltr'><strong>ho-</strong></span> 
     </span>
    </p>
   </div>
   <div class='ocr_carea' id='block_1_7' title="bbox 579 833 2172 907">
    <p class='ocr_par' dir='ltr' id='par_1_7' title="bbox 579 833 2172 907">
     <span class='ocr_line' id='line_1_7' title="bbox 579 833 2172 907; baseline -0.001 -17"><span class='ocrx_word' id='word_1_46' title='bbox 579 837 794 891; x_wconf 92' lang='lat' dir='ltr'><strong>minum</strong></span> <span class='ocrx_word' id='word_1_47' title='bbox 831 836 1003 890; x_wconf 87' lang='lat' dir='ltr'><strong>millia</strong></span> <span class='ocrx_word' id='word_1_48' title='bbox 1044 835 1163 907; x_wconf 88' lang='lat' dir='ltr'><strong>ejus</strong></span> <span class='ocrx_word' id='word_1_49' title='bbox 1204 833 1444 889; x_wconf 77' lang='lat' dir='ltr'><strong>factione</strong></span> <span class='ocrx_word' id='word_1_50' title='bbox 1488 842 1617 887; x_wconf 87' lang='lat' dir='ltr'><strong>sunt</strong></span> <span class='ocrx_word' id='word_1_51' title='bbox 1645 833 1844 901; x_wconf 86' lang='lat' dir='ltr'><strong>occisa;</strong></span> <span class='ocrx_word' id='word_1_52' title='bbox 1875 835 2172 906; x_wconf 90' lang='lat' dir='ltr'><strong>quamplu-</strong></span> 
     </span>
    </p>
   </div>
   <div class='ocr_carea' id='block_1_8' title="bbox 582 928 2173 1005">
    <p class='ocr_par' dir='ltr' id='par_1_8' title="bbox 582 928 2173 1005">
     <span class='ocr_line' id='line_1_8' title="bbox 582 928 2173 1005; baseline 0 -21"><span class='ocrx_word' id='word_1_53' title='bbox 582 946 667 985; x_wconf 89' lang='lat' dir='ltr'><strong>res</strong></span> <span class='ocrx_word' id='word_1_54' title='bbox 696 930 935 1005; x_wconf 61' lang='lat' dir='ltr'><strong>ecclesiae</strong></span> <span class='ocrx_word' id='word_1_55' title='bbox 948 930 1167 984; x_wconf 88' lang='lat' dir='ltr'><strong>abbatis</strong></span> <span class='ocrx_word' id='word_1_56' title='bbox 1198 929 1443 1001; x_wconf 90' lang='lat' dir='ltr'><strong>reliquiis</strong></span> <span class='ocrx_word' id='word_1_57' title='bbox 1464 930 1579 994; x_wconf 70' lang='lat' dir='ltr'><strong>(sic)</strong></span> <span class='ocrx_word' id='word_1_58' title='bbox 1602 928 1836 983; x_wconf 66' lang='lat' dir='ltr'><strong>incensae</strong></span> <span class='ocrx_word' id='word_1_59' title='bbox 1864 945 1929 984; x_wconf 87' lang='lat' dir='ltr'><strong>ac</strong></span> <span class='ocrx_word' id='word_1_60' title='bbox 1958 930 2173 999; x_wconf 83' lang='lat' dir='ltr'><strong>penitus</strong></span> 
     </span>
    </p>
   </div>
   <div class='ocr_carea' id='block_1_9' title="bbox 582 1024 889 1079">
    <p class='ocr_par' dir='ltr' id='par_1_9' title="bbox 582 1024 889 1079">
     <span class='ocr_line' id='line_1_9' title="bbox 582 1024 889 1079; baseline 0 -1"><span class='ocrx_word' id='word_1_61' title='bbox 582 1024 889 1079; x_wconf 49' lang='lat' dir='ltr'><strong>destructas</strong></span> 
     </span>
    </p>
   </div>
   <div class='ocr_carea' id='block_1_10' title="bbox 654 1115 2175 1188">
    <p class='ocr_par' dir='ltr' id='par_1_10' title="bbox 654 1115 2175 1188">
     <span class='ocr_line' id='line_1_10' title="bbox 654 1115 2175 1188; baseline 0 -16"><span class='ocrx_word' id='word_1_62' title='bbox 654 1123 706 1171; x_wconf 84' lang='lat'><strong>2.</strong></span> <span class='ocrx_word' id='word_1_63' title='bbox 739 1117 1161 1172; x_wconf 78' lang='lat' dir='ltr'><strong>Innumerabilia</strong></span> <span class='ocrx_word' id='word_1_64' title='bbox 1192 1116 1413 1188; x_wconf 86' lang='lat' dir='ltr'><strong>quidem</strong></span> <span class='ocrx_word' id='word_1_65' title='bbox 1444 1115 1685 1171; x_wconf 79' lang='lat' dir='ltr'><strong>facinora</strong></span> <span class='ocrx_word' id='word_1_66' title='bbox 1727 1124 1854 1171; x_wconf 91' lang='lat' dir='ltr'><strong>sunt</strong></span> <span class='ocrx_word' id='word_1_67' title='bbox 1882 1131 2003 1186; x_wconf 68' lang='lat' dir='ltr'><strong>quae</strong></span> <span class='ocrx_word' id='word_1_68' title='bbox 2032 1116 2175 1172; x_wconf 89' lang='lat' dir='ltr'><strong>idem</strong></span> 
     </span>
    </p>
   </div>
   <div class='ocr_carea' id='block_1_11' title="bbox 582 1210 2174 1282">
    <p class='ocr_par' dir='ltr' id='par_1_11' title="bbox 582 1210 2174 1282">
     <span class='ocr_line' id='line_1_11' title="bbox 582 1210 2174 1282; baseline -0.001 -16"><span class='ocrx_word' id='word_1_69' title='bbox 582 1212 856 1266; x_wconf 82' lang='lat' dir='ltr'><strong>Henricus</strong></span> <span class='ocrx_word' id='word_1_70' title='bbox 882 1212 938 1264; x_wconf 93' lang='lat' dir='ltr'><strong>in</strong></span> <span class='ocrx_word' id='word_1_71' title='bbox 985 1210 1255 1281; x_wconf 85' lang='lat' dir='ltr'><strong>principes</strong></span> <span class='ocrx_word' id='word_1_72' title='bbox 1288 1218 1509 1265; x_wconf 90' lang='lat' dir='ltr'><strong>nostros</strong></span> <span class='ocrx_word' id='word_1_73' title='bbox 1540 1211 1893 1279; x_wconf 83' lang='lat' dir='ltr'><strong>perpetravit,</strong></span> <span class='ocrx_word' id='word_1_74' title='bbox 1936 1226 2000 1265; x_wconf 95' lang='lat' dir='ltr'><strong>eo</strong></span> <span class='ocrx_word' id='word_1_75' title='bbox 2029 1211 2174 1282; x_wconf 91' lang='lat' dir='ltr'><strong>quod</strong></span> 
     </span>
    </p>
   </div>
   <div class='ocr_carea' id='block_1_12' title="bbox 582 1303 2176 1374">
    <p class='ocr_par' dir='ltr' id='par_1_12' title="bbox 582 1303 2176 1374">
     <span class='ocr_line' id='line_1_12' title="bbox 582 1303 2176 1374; baseline 0 -15"><span class='ocrx_word' id='word_1_76' title='bbox 582 1306 703 1371; x_wconf 90' lang='lat' dir='ltr'><strong>sibi,</strong></span> <span class='ocrx_word' id='word_1_77' title='bbox 733 1312 922 1361; x_wconf 87' lang='lat' dir='ltr'><strong>contra</strong></span> <span class='ocrx_word' id='word_1_78' title='bbox 950 1303 1088 1359; x_wconf 80' lang='lat' dir='ltr'><strong>sedis</strong></span> <span class='ocrx_word' id='word_1_79' title='bbox 1130 1303 1445 1373; x_wconf 63' lang='lat' dir='ltr'><strong>apostolica:</strong></span> <span class='ocrx_word' id='word_1_80' title='bbox 1472 1303 1774 1369; x_wconf 89' lang='lat' dir='ltr'><strong>decretum,</strong></span> <span class='ocrx_word' id='word_1_81' title='bbox 1820 1310 1882 1359; x_wconf 92' lang='lat' dir='ltr'><strong>ut</strong></span> <span class='ocrx_word' id='word_1_82' title='bbox 1908 1304 2023 1374; x_wconf 85' lang='lat' dir='ltr'><strong>regi</strong></span> <span class='ocrx_word' id='word_1_83' title='bbox 2050 1304 2176 1360; x_wconf 94' lang='lat' dir='ltr'><strong>obe-</strong></span> 
     </span>
    </p>
   </div>
   <div class='ocr_carea' id='block_1_13' title="bbox 583 1396 2173 1469">
    <p class='ocr_par' dir='ltr' id='par_1_13' title="bbox 583 1396 2173 1469">
     <span class='ocr_line' id='line_1_13' title="bbox 583 1396 2173 1469; baseline -0.001 -15"><span class='ocrx_word' id='word_1_84' title='bbox 583 1400 700 1454; x_wconf 86' lang='lat' dir='ltr'><strong>dire</strong></span> <span class='ocrx_word' id='word_1_85' title='bbox 742 1399 1057 1465; x_wconf 88' lang='lat' dir='ltr'><strong>noluerunt,</strong></span> <span class='ocrx_word' id='word_1_86' title='bbox 1083 1406 1137 1453; x_wconf 89' lang='lat' dir='ltr'><strong>et</strong></span> <span class='ocrx_word' id='word_1_87' title='bbox 1164 1398 1502 1469; x_wconf 89' lang='lat' dir='ltr'><strong>colloquium</strong></span> <span class='ocrx_word' id='word_1_88' title='bbox 1534 1396 1684 1468; x_wconf 91' lang='lat' dir='ltr'><strong>quod</strong></span> <span class='ocrx_word' id='word_1_89' title='bbox 1728 1413 1823 1452; x_wconf 89' lang='lat' dir='ltr'><strong>vos</strong></span> <span class='ocrx_word' id='word_1_90' title='bbox 1852 1413 1950 1467; x_wconf 91' lang='lat' dir='ltr'><strong>pro</strong></span> <span class='ocrx_word' id='word_1_91' title='bbox 1992 1398 2173 1468; x_wconf 90' lang='lat' dir='ltr'><strong>inqui-</strong></span> 
     </span>
    </p>
   </div>
   <div class='ocr_carea' id='block_1_14' title="bbox 584 1489 2173 1562">
    <p class='ocr_par' dir='ltr' id='par_1_14' title="bbox 584 1489 2173 1562">
     <span class='ocr_line' id='line_1_14' title="bbox 584 1489 2173 1562; baseline 0 -16"><span class='ocrx_word' id='word_1_92' title='bbox 584 1492 750 1548; x_wconf 91' lang='lat' dir='ltr'><strong>renda</strong></span> <span class='ocrx_word' id='word_1_93' title='bbox 773 1491 981 1562; x_wconf 88' lang='lat' dir='ltr'><strong>justitia</strong></span> <span class='ocrx_word' id='word_1_94' title='bbox 1009 1499 1063 1545; x_wconf 91' lang='lat' dir='ltr'><strong>et</strong></span> <span class='ocrx_word' id='word_1_95' title='bbox 1091 1506 1219 1561; x_wconf 89' lang='lat' dir='ltr'><strong>pace</strong></span> <span class='ocrx_word' id='word_1_96' title='bbox 1254 1490 1632 1559; x_wconf 89' lang='lat' dir='ltr'><strong>componenda</strong></span> <span class='ocrx_word' id='word_1_97' title='bbox 1676 1489 1795 1544; x_wconf 83' lang='lat' dir='ltr'><strong>ﬁeri</strong></span> <span class='ocrx_word' id='word_1_98' title='bbox 1837 1490 2173 1559; x_wconf 81' lang='lat' dir='ltr'><strong>decrevistis,</strong></span> 
     </span>
    </p>
   </div>
   <div class='ocr_carea' id='block_1_15' title="bbox 587 1583 2174 1654">
    <p class='ocr_par' dir='ltr' id='par_1_15' title="bbox 587 1583 2174 1654">
     <span class='ocr_line' id='line_1_15' title="bbox 587 1583 2174 1654; baseline 0 -14"><span class='ocrx_word' id='word_1_99' title='bbox 587 1602 647 1640; x_wconf 83' lang='lat' dir='ltr'><strong>ex</strong></span> <span class='ocrx_word' id='word_1_100' title='bbox 669 1584 828 1654; x_wconf 92' lang='lat' dir='ltr'><strong>culpa</strong></span> <span class='ocrx_word' id='word_1_101' title='bbox 847 1584 1073 1638; x_wconf 85' lang='lat' dir='ltr'><strong>Henrici</strong></span> <span class='ocrx_word' id='word_1_102' title='bbox 1095 1592 1150 1638; x_wconf 87' lang='lat' dir='ltr'><strong>et</strong></span> <span class='ocrx_word' id='word_1_103' title='bbox 1165 1583 1444 1638; x_wconf 83' lang='lat' dir='ltr'><strong>fautorum</strong></span> <span class='ocrx_word' id='word_1_104' title='bbox 1466 1585 1583 1653; x_wconf 78' lang='lat' dir='ltr'><strong>ejus</strong></span> <span class='ocrx_word' id='word_1_105' title='bbox 1610 1590 1624 1631; x_wconf 62' lang='grc' dir='ltr'><strong><em>ί</em></strong></span> <span class='ocrx_word' id='word_1_106' title='bbox 1630 1585 1868 1649; x_wconf 89' lang='lat' dir='ltr'><strong>irritum)</strong></span> <span class='ocrx_word' id='word_1_107' title='bbox 1887 1586 2174 1640; x_wconf 86' lang='lat' dir='ltr'><strong>remansit.</strong></span> 
     </span>
    </p>
   </div>
   <div class='ocr_carea' id='block_1_16' title="bbox 658 1678 2178 1748">
    <p class='ocr_par' dir='ltr' id='par_1_16' title="bbox 658 1678 2178 1748">
     <span class='ocr_line' id='line_1_16' title="bbox 658 1678 2178 1748; baseline 0.001 -16"><span class='ocrx_word' id='word_1_108' title='bbox 658 1685 706 1733; x_wconf 84' lang='lat'><strong>3.</strong></span> <span class='ocrx_word' id='word_1_109' title='bbox 771 1679 1117 1747; x_wconf 85' lang='lat' dir='ltr'><strong>Quapropter</strong></span> <span class='ocrx_word' id='word_1_110' title='bbox 1179 1683 1415 1733; x_wconf 86' lang='lat' dir='ltr'><strong>vestram</strong></span> <span class='ocrx_word' id='word_1_111' title='bbox 1478 1678 1758 1732; x_wconf 88' lang='lat' dir='ltr'><strong>humiliter</strong></span> <span class='ocrx_word' id='word_1_112' title='bbox 1816 1678 2178 1748; x_wconf 88' lang='lat' dir='ltr'><strong>imploramus</strong></span> 
     </span>
    </p>
   </div>
   <div class='ocr_carea' id='block_1_17' title="bbox 583 1770 2179 1837">
    <p class='ocr_par' dir='ltr' id='par_1_17' title="bbox 583 1770 2179 1837">
     <span class='ocr_line' id='line_1_17' title="bbox 583 1770 2179 1837; baseline 0.001 -11"><span class='ocrx_word' id='word_1_113' title='bbox 583 1771 949 1837; x_wconf 86' lang='lat' dir='ltr'><strong>clementiam,</strong></span> <span class='ocrx_word' id='word_1_114' title='bbox 980 1778 1041 1825; x_wconf 90' lang='lat' dir='ltr'><strong>ut</strong></span> <span class='ocrx_word' id='word_1_115' title='bbox 1075 1770 1253 1836; x_wconf 90' lang='lat' dir='ltr'><strong>nobis,</strong></span> <span class='ocrx_word' id='word_1_116' title='bbox 1287 1770 1400 1825; x_wconf 89' lang='lat' dir='ltr'><strong>imo</strong></span> <span class='ocrx_word' id='word_1_117' title='bbox 1428 1780 1631 1825; x_wconf 59' lang='lat' dir='ltr'><strong>sancta}</strong></span> <span class='ocrx_word' id='word_1_118' title='bbox 1660 1772 1755 1825; x_wconf 92' lang='lat' dir='ltr'><strong>Dei</strong></span> <span class='ocrx_word' id='word_1_119' title='bbox 1784 1772 2036 1828; x_wconf 69' lang='lat' dir='ltr'><strong>Ecclesiae</strong></span> <span class='ocrx_word' id='word_1_120' title='bbox 2078 1773 2179 1827; x_wconf 80' lang='lat' dir='ltr'><strong>de-</strong></span> 
     </span>
    </p>
   </div>
   <div class='ocr_carea' id='block_1_18' title="bbox 584 1863 2261 1936">
    <p class='ocr_par' dir='ltr' id='par_1_18' title="bbox 584 1863 2261 1936">
     <span class='ocr_line' id='line_1_18' title="bbox 584 1863 2261 1936; baseline 0.002 -18"><span class='ocrx_word' id='word_1_121' title='bbox 584 1872 793 1919; x_wconf 83' lang='lat' dir='ltr'><strong>cretam</strong></span> <span class='ocrx_word' id='word_1_122' title='bbox 850 1863 1113 1934; x_wconf 85' lang='lat' dir='ltr'><strong>sacrilego</strong></span> <span class='ocrx_word' id='word_1_123' title='bbox 1168 1864 1443 1934; x_wconf 89' lang='lat' dir='ltr'><strong>pervasori</strong></span> <span class='ocrx_word' id='word_1_124' title='bbox 1502 1864 1867 1921; x_wconf 87' lang='lat' dir='ltr'><strong>Ecclesiarum</strong></span> <span class='ocrx_word' id='word_1_125' title='bbox 1913 1864 2181 1936; x_wconf 87' lang='lat' dir='ltr'><strong>justitiam</strong></span> <span class='ocrx_word' id='word_1_126' title='bbox 2216 1874 2261 1934; x_wconf 85' lang='grc' dir='ltr'>Β</span> 
     </span>
    </p>
   </div>
   <div class='ocr_carea' id='block_1_19' title="bbox 589 1957 815 2013">
    <p class='ocr_par' dir='ltr' id='par_1_19' title="bbox 589 1957 815 2013">
     <span class='ocr_line' id='line_1_19' title="bbox 589 1957 815 2013; baseline 0 -2"><span class='ocrx_word' id='word_1_127' title='bbox 589 1957 815 2013; x_wconf 82' lang='lat' dir='ltr'><strong>faciatis.</strong></span> 
     </span>
    </p>
   </div>
   <div class='ocr_carea' id='block_1_20' title="bbox 2281 548 3793 626">
    <p class='ocr_par' dir='ltr' id='par_1_20' title="bbox 2281 548 3793 626">
     <span class='ocr_line' id='line_1_20' title="bbox 2281 548 3793 626; baseline -0.004 -16"><span class='ocrx_word' id='word_1_128' title='bbox 2281 554 2628 626; x_wconf 83' lang='lat' dir='ltr'><strong>pontiﬁcatus</strong></span> <span class='ocrx_word' id='word_1_129' title='bbox 2656 567 2787 608; x_wconf 92' lang='lat' dir='ltr'><strong>vero</strong></span> <span class='ocrx_word' id='word_1_130' title='bbox 2804 550 3015 607; x_wconf 90' lang='lat' dir='ltr'><strong>domini</strong></span> <span class='ocrx_word' id='word_1_131' title='bbox 3036 549 3288 620; x_wconf 83' lang='lat' dir='ltr'><strong>Gregorii</strong></span> <span class='ocrx_word' id='word_1_132' title='bbox 3312 561 3466 619; x_wconf 59' lang='lat' dir='ltr'><strong>papae</strong></span> <span class='ocrx_word' id='word_1_133' title='bbox 3487 548 3675 619; x_wconf 82' lang='lat' dir='ltr'><strong>septimi</strong></span> <span class='ocrx_word' id='word_1_134' title='bbox 3691 563 3793 604; x_wconf 86' lang='lat' dir='ltr'><strong>anno</strong></span> 
     </span>
    </p>
   </div>
   <div class='ocr_carea' id='block_1_21' title="bbox 2281 648 2833 704">
    <p class='ocr_par' dir='ltr' id='par_1_21' title="bbox 2281 648 2833 704">
     <span class='ocr_line' id='line_1_21' title="bbox 2281 648 2833 704; baseline -0.007 -1"><span class='ocrx_word' id='word_1_135' title='bbox 2281 664 2371 704; x_wconf 84' lang='lat' dir='ltr'><strong>vn</strong></span> <span class='ocrx_word' id='word_1_136' title='bbox 2406 648 2708 704; x_wconf 88' lang='lat' dir='ltr'><strong>indictione</strong></span> <span class='ocrx_word' id='word_1_137' title='bbox 2738 659 2833 701; x_wconf 83' lang='lat' dir='ltr'><strong>nt.</strong></span> 
     </span>
    </p>
   </div>
   <div class='ocr_carea' id='block_1_22' title="bbox 2729 767 3419 812">
    <p class='ocr_par' dir='ltr' id='par_1_22' title="bbox 2729 767 3419 812">
     <span class='ocr_line' id='line_1_22' title="bbox 2729 767 3419 812; baseline -0.007 0"><span class='ocrx_word' id='word_1_138' title='bbox 2729 771 2901 812; x_wconf 68' lang='lat' dir='ltr'><strong>NOTIF.</strong></span> <span class='ocrx_word' id='word_1_139' title='bbox 2928 769 3213 810; x_wconf 77' lang='lat' dir='ltr'><strong>SBVEBINI</strong></span> <span class='ocrx_word' id='word_1_140' title='bbox 3243 767 3419 808; x_wconf 81' lang='grc' dir='ltr'><strong>ΒῙΝῙῙ.</strong></span> 
     </span>
    </p>
   </div>
   <div class='ocr_carea' id='block_1_23' title="bbox 2354 864 3792 939">
    <p class='ocr_par' dir='ltr' id='par_1_23' title="bbox 2354 864 3792 939">
     <span class='ocr_line' id='line_1_23' title="bbox 2354 864 3792 939; baseline -0.005 -12"><span class='ocrx_word' id='word_1_141' title='bbox 2354 873 2645 927; x_wconf 66' lang='grc' dir='ltr'><strong>(ιοησίιτῗιιηῑ</strong></span> <span class='ocrx_word' id='word_1_142' title='bbox 2688 872 2946 934; x_wconf 68' lang='lat' dir='ltr'><strong>Coronae,</strong></span> <span class='ocrx_word' id='word_1_143' title='bbox 2972 883 3163 939; x_wconf 85' lang='lat' dir='ltr'><strong>quam</strong></span> <span class='ocrx_word' id='word_1_144' title='bbox 3197 883 3273 939; x_wconf 12' lang='lat' dir='ltr'><strong>rex</strong></span> <span class='ocrx_word' id='word_1_145' title='bbox 3318 866 3423 920; x_wconf 90' lang='lat' dir='ltr'><strong>hoc</strong></span> <span class='ocrx_word' id='word_1_146' title='bbox 3463 864 3669 939; x_wconf 90' lang='lat' dir='ltr'><strong>concilio</strong></span> <span class='ocrx_word' id='word_1_147' title='bbox 3692 867 3792 921; x_wconf 80' lang='lat' dir='ltr'><strong>Gre-</strong></span> 
     </span>
    </p>
   </div>
   <div class='ocr_carea' id='block_1_24' title="bbox 2283 938 3793 1069">
    <p class='ocr_par' dir='ltr' id='par_1_24' title="bbox 2283 938 3793 1069">
     <span class='ocr_line' id='line_1_24' title="bbox 2283 938 3793 1069; baseline -0.005 -71"><span class='ocrx_word' id='word_1_148' title='bbox 2283 945 2466 1069; x_wconf 58' lang='lat' dir='ltr'><strong>goriufs</strong></span> <span class='ocrx_word' id='word_1_149' title='bbox 2497 960 2635 1025; x_wconf 84' lang='lat' dir='ltr'><strong>papa</strong></span> <span class='ocrx_word' id='word_1_150' title='bbox 2662 942 2727 997; x_wconf 91' lang='lat' dir='ltr'><strong>ad</strong></span> <span class='ocrx_word' id='word_1_151' title='bbox 2752 938 3103 1011; x_wconf 84' lang='lat' dir='ltr'><strong>Rodulphum</strong></span> <span class='ocrx_word' id='word_1_152' title='bbox 3132 938 3300 1005; x_wconf 84' lang='lat' dir='ltr'><strong>misit,</strong></span> <span class='ocrx_word' id='word_1_153' title='bbox 3328 939 3428 993; x_wconf 92' lang='lat' dir='ltr'><strong>iste</strong></span> <span class='ocrx_word' id='word_1_154' title='bbox 3455 952 3625 992; x_wconf 88' lang='lat' dir='ltr'><strong>versus</strong></span> <span class='ocrx_word' id='word_1_155' title='bbox 3650 938 3793 992; x_wconf 87' lang='lat' dir='ltr'><strong>inscri-</strong></span> 
     </span>
     <span class='ocr_line' id='line_1_25' title="bbox 2284 1024 2592 1069; baseline -0.016 0"><span class='ocrx_word' id='word_1_156' title='bbox 2284 1025 2408 1069; x_wconf 87' lang='lat' dir='ltr'><strong>ntus</strong></span> <span class='ocrx_word' id='word_1_157' title='bbox 2456 1024 2533 1069; x_wconf 71' lang='lat' dir='ltr'><strong>urt</strong></span> <span class='ocrx_word' id='word_1_158' title='bbox 2578 1034 2592 1064; x_wconf 90' lang='lat'><strong><em>:</em></strong></span> 
     </span>
    </p>
   </div>
   <div class='ocr_carea' id='block_1_25' title="bbox 2284 1025 2592 1086">
    <p class='ocr_par' dir='ltr' id='par_1_25' title="bbox 2284 1025 2592 1086">
     <span class='ocr_line' id='line_1_26' title="bbox 2284 1025 2592 1086; baseline -0.016 -17"><span class='ocrx_word' id='word_1_159' title='bbox 2284 1025 2408 1086; x_wconf 89' lang='lat' dir='ltr'><strong>ptus</strong></span> <span class='ocrx_word' id='word_1_160' title='bbox 2434 1025 2533 1070; x_wconf 75' lang='lat' dir='ltr'><strong>l&#39;uxt</strong></span> <span class='ocrx_word' id='word_1_161' title='bbox 2578 1034 2592 1064; x_wconf 90' lang='lat'><strong><em>:</em></strong></span> 
     </span>
    </p>
   </div>
   <div class='ocr_carea' id='block_1_26' title="bbox 2396 1104 3723 1195">
    <p class='ocr_par' dir='ltr' id='par_1_26' title="bbox 2396 1104 3723 1195">
     <span class='ocr_line' id='line_1_27' title="bbox 2396 1104 3723 1195; baseline -0.006 -10"><span class='ocrx_word' id='word_1_162' title='bbox 2396 1135 2549 1185; x_wconf 80' lang='lat' dir='ltr'><strong>Petra</strong></span> <span class='ocrx_word' id='word_1_163' title='bbox 2581 1130 2734 1184; x_wconf 79' lang='lat' dir='ltr'><strong>dedit</strong></span> <span class='ocrx_word' id='word_1_164' title='bbox 2758 1132 2931 1191; x_wconf 82' lang='lat' dir='ltr'><strong>Petro,</strong></span> <span class='ocrx_word' id='word_1_165' title='bbox 2968 1132 3162 1181; x_wconf 77' lang='lat' dir='ltr'><strong>Petrus</strong></span> <span class='ocrx_word' id='word_1_166' title='bbox 3183 1104 3723 1195; x_wconf 19' lang='lat' dir='ltr'><strong>diademaVRodulplw.</strong></span> 
     </span>
    </p>
   </div>
   <div class='ocr_carea' id='block_1_27' title="bbox 2356 1242 3800 1317">
    <p class='ocr_par' dir='ltr' id='par_1_27' title="bbox 2356 1242 3800 1317">
     <span class='ocr_line' id='line_1_28' title="bbox 2356 1242 3800 1317; baseline -0.006 -16"><span class='ocrx_word' id='word_1_167' title='bbox 2356 1250 2413 1301; x_wconf 86' lang='lat' dir='ltr'><strong>In</strong></span> <span class='ocrx_word' id='word_1_168' title='bbox 2454 1246 2553 1300; x_wconf 90' lang='lat' dir='ltr'><strong>hac</strong></span> <span class='ocrx_word' id='word_1_169' title='bbox 2595 1244 2808 1317; x_wconf 83' lang='lat' dir='ltr'><strong>synodo</strong></span> <span class='ocrx_word' id='word_1_170' title='bbox 2833 1244 3144 1317; x_wconf 82' lang='lat' dir='ltr'><strong>ventilatam</strong></span> <span class='ocrx_word' id='word_1_171' title='bbox 3183 1256 3400 1314; x_wconf 90' lang='lat' dir='ltr'><strong>quoque</strong></span> <span class='ocrx_word' id='word_1_172' title='bbox 3440 1256 3551 1295; x_wconf 90' lang='lat' dir='ltr'><strong>esse</strong></span> <span class='ocrx_word' id='word_1_173' title='bbox 3572 1242 3800 1317; x_wconf 69' lang='lat' dir='ltr'><strong>antiquam</strong></span> 
     </span>
    </p>
   </div>
   <div class='ocr_carea' id='block_1_28' title="bbox 2286 1312 3801 1386">
    <p class='ocr_par' dir='ltr' id='par_1_28' title="bbox 2286 1312 3801 1386">
     <span class='ocr_line' id='line_1_29' title="bbox 2286 1312 3801 1386; baseline -0.006 -13"><span class='ocrx_word' id='word_1_174' title='bbox 2286 1318 2436 1373; x_wconf 91' lang='lat' dir='ltr'><strong>illam</strong></span> <span class='ocrx_word' id='word_1_175' title='bbox 2467 1312 2887 1372; x_wconf 80' lang='lat' dir='ltr'><strong>controversiam</strong></span> <span class='ocrx_word' id='word_1_176' title='bbox 2917 1315 3058 1369; x_wconf 91' lang='lat' dir='ltr'><strong>inter</strong></span> <span class='ocrx_word' id='word_1_177' title='bbox 3084 1312 3467 1386; x_wconf 80' lang='lat' dir='ltr'><strong>Turonensem</strong></span> <span class='ocrx_word' id='word_1_178' title='bbox 3495 1322 3547 1366; x_wconf 91' lang='lat' dir='ltr'><strong>et</strong></span> <span class='ocrx_word' id='word_1_179' title='bbox 3572 1312 3801 1386; x_wconf 84' lang='lat' dir='ltr'><strong>Dolensem</strong></span> 
     </span>
    </p>
   </div>
   <div class='ocr_carea' id='block_1_29' title="bbox 2285 1384 3803 1457">
    <p class='ocr_par' dir='ltr' id='par_1_29' title="bbox 2285 1384 3803 1457">
     <span class='ocr_line' id='line_1_30' title="bbox 2285 1384 3803 1457; baseline -0.006 -14"><span class='ocrx_word' id='word_1_180' title='bbox 2285 1390 2582 1445; x_wconf 72' lang='lat' dir='ltr'><strong>Britanniae</strong></span> <span class='ocrx_word' id='word_1_181' title='bbox 2610 1388 2913 1443; x_wconf 89' lang='lat' dir='ltr'><strong>Ecclesiam</strong></span> <span class='ocrx_word' id='word_1_182' title='bbox 2957 1386 3202 1457; x_wconf 90' lang='lat' dir='ltr'><strong>ejusdem</strong></span> <span class='ocrx_word' id='word_1_183' title='bbox 3226 1384 3468 1457; x_wconf 81' lang='lat' dir='ltr'><strong>Gregorii</strong></span> <span class='ocrx_word' id='word_1_184' title='bbox 3498 1398 3633 1457; x_wconf 60' lang='lat' dir='ltr'><strong>papa;</strong></span> <span class='ocrx_word' id='word_1_185' title='bbox 3657 1384 3803 1457; x_wconf 71' lang='lat' dir='ltr'><strong>iitterze</strong></span> 
     </span>
    </p>
   </div>
   <div class='ocr_carea' id='block_1_30' title="bbox 2284 1453 3802 1582">
    <p class='ocr_par' dir='ltr' id='par_1_30' title="bbox 2284 1453 3802 1582">
     <span class='ocr_line' id='line_1_31' title="bbox 2284 1453 3802 1582; baseline -0.006 -69"><span class='ocrx_word' id='word_1_186' title='bbox 2284 1461 2354 1516; x_wconf 90' lang='lat' dir='ltr'><strong>ad</strong></span> <span class='ocrx_word' id='word_1_187' title='bbox 2396 1460 2683 1530; x_wconf 90' lang='lat' dir='ltr'><strong>episcopos</strong></span> <span class='ocrx_word' id='word_1_188' title='bbox 2714 1453 3007 1513; x_wconf 76' lang='lat' dir='ltr'><strong>Britanniae</strong></span> <span class='ocrx_word' id='word_1_189' title='bbox 3036 1458 3175 1512; x_wconf 67' lang='lat' dir='ltr'><strong>datae</strong></span> <span class='ocrx_word' id='word_1_190' title='bbox 3205 1454 3530 1582; x_wconf 55' lang='lat' dir='ltr'><strong>significant.</strong></span> <span class='ocrx_word' id='word_1_191' title='bbox 3561 1453 3687 1509; x_wconf 82' lang='lat' dir='ltr'><strong>Nihil</strong></span> <span class='ocrx_word' id='word_1_192' title='bbox 3710 1454 3802 1532; x_wconf 75' lang='lat' dir='ltr'><strong>certi</strong></span> 
     </span>
     <span class='ocr_line' id='line_1_32' title="bbox 2284 1525 3802 1582; baseline -0.004 0"><span class='ocrx_word' id='word_1_193' title='bbox 2284 1531 2338 1582; x_wconf 93' lang='lat' dir='ltr'><strong>in</strong></span> <span class='ocrx_word' id='word_1_194' title='bbox 2381 1547 2442 1582; x_wconf 88' lang='lat' dir='ltr'><strong>ea</strong></span> <span class='ocrx_word' id='word_1_195' title='bbox 2481 1530 2789 1582; x_wconf 87' lang='lat' dir='ltr'><strong>deﬁnitum.</strong></span> <span class='ocrx_word' id='word_1_196' title='bbox 2822 1530 2916 1582; x_wconf 91' lang='lat' dir='ltr'><strong>sed</strong></span> <span class='ocrx_word' id='word_1_197' title='bbox 2946 1528 3015 1582; x_wconf 91' lang='lat' dir='ltr'><strong>de</strong></span> <span class='ocrx_word' id='word_1_198' title='bbox 3044 1529 3243 1582; x_wconf 88' lang='lat' dir='ltr'><strong>mitten</strong></span> <span class='ocrx_word' id='word_1_199' title='bbox 3286 1542 3315 1581; x_wconf 84' lang='lat' dir='ltr'><strong>a</strong></span> <span class='ocrx_word' id='word_1_200' title='bbox 3362 1527 3614 1582; x_wconf 64' lang='lat' dir='ltr'><strong>legatione</strong></span> <span class='ocrx_word' id='word_1_201' title='bbox 3651 1525 3695 1578; x_wconf 88' lang='lat' dir='ltr'><strong>in</strong></span> <span class='ocrx_word' id='word_1_202' title='bbox 3720 1526 3802 1577; x_wconf 88' lang='lat' dir='ltr'><strong>Bn-</strong></span> 
     </span>
    </p>
   </div>
   <div class='ocr_carea' id='block_1_31' title="bbox 2282 1525 3804 1597">
    <p class='ocr_par' dir='ltr' id='par_1_31' title="bbox 2282 1525 3804 1597">
     <span class='ocr_line' id='line_1_33' title="bbox 2282 1525 3804 1597; baseline -0.007 -11"><span class='ocrx_word' id='word_1_203' title='bbox 2282 1531 2339 1586; x_wconf 91' lang='lat' dir='ltr'><strong>in</strong></span> <span class='ocrx_word' id='word_1_204' title='bbox 2381 1525 2445 1586; x_wconf 80' lang='lat' dir='ltr'><strong>ea</strong></span> <span class='ocrx_word' id='word_1_205' title='bbox 2481 1525 2789 1595; x_wconf 79' lang='lat' dir='ltr'><strong>deﬁnitum,</strong></span> <span class='ocrx_word' id='word_1_206' title='bbox 2822 1530 2917 1585; x_wconf 90' lang='lat' dir='ltr'><strong>sed</strong></span> <span class='ocrx_word' id='word_1_207' title='bbox 2946 1528 3015 1583; x_wconf 92' lang='lat' dir='ltr'><strong>de</strong></span> <span class='ocrx_word' id='word_1_208' title='bbox 3044 1525 3315 1583; x_wconf 88' lang='lat' dir='ltr'><strong>mittenda</strong></span> <span class='ocrx_word' id='word_1_209' title='bbox 3362 1527 3614 1597; x_wconf 85' lang='lat' dir='ltr'><strong>legatione</strong></span> <span class='ocrx_word' id='word_1_210' title='bbox 3651 1525 3695 1578; x_wconf 88' lang='lat' dir='ltr'><strong>in</strong></span> <span class='ocrx_word' id='word_1_211' title='bbox 3720 1525 3804 1597; x_wconf 81' lang='lat' dir='ltr'><strong>Bri-</strong></span> 
     </span>
    </p>
   </div>
   <div class='ocr_carea' id='block_1_32' title="bbox 2282 1595 3806 1671">
    <p class='ocr_par' dir='ltr' id='par_1_32' title="bbox 2282 1595 3806 1671">
     <span class='ocr_line' id='line_1_34' title="bbox 2282 1595 3806 1671; baseline -0.007 -13"><span class='ocrx_word' id='word_1_212' title='bbox 2282 1604 2531 1658; x_wconf 89' lang='lat' dir='ltr'><strong>tanniam</strong></span> <span class='ocrx_word' id='word_1_213' title='bbox 2562 1602 2631 1657; x_wconf 90' lang='lat' dir='ltr'><strong>ad</strong></span> <span class='ocrx_word' id='word_1_214' title='bbox 2671 1616 2892 1657; x_wconf 88' lang='lat' dir='ltr'><strong>causam</strong></span> <span class='ocrx_word' id='word_1_215' title='bbox 2922 1600 3358 1671; x_wconf 83' lang='lat' dir='ltr'><strong>cognoscendam</strong></span> <span class='ocrx_word' id='word_1_216' title='bbox 3388 1595 3725 1659; x_wconf 81' lang='lat' dir='ltr'><strong>deliberatum;</strong></span> <span class='ocrx_word' id='word_1_217' title='bbox 3744 1595 3806 1647; x_wconf 80' lang='lat' dir='ltr'><strong>de-</strong></span> 
     </span>
    </p>
   </div>
   <div class='ocr_carea' id='block_1_33' title="bbox 2284 1670 3807 1745">
    <p class='ocr_par' dir='ltr' id='par_1_33' title="bbox 2284 1670 3807 1745">
     <span class='ocr_line' id='line_1_35' title="bbox 2284 1670 3807 1745; baseline -0.009 -15"><span class='ocrx_word' id='word_1_218' title='bbox 2284 1690 2389 1745; x_wconf 91' lang='lat' dir='ltr'><strong>que</strong></span> <span class='ocrx_word' id='word_1_219' title='bbox 2432 1674 2641 1745; x_wconf 86' lang='lat' dir='ltr'><strong>juribus</strong></span> <span class='ocrx_word' id='word_1_220' title='bbox 2661 1670 3067 1745; x_wconf 79' lang='lat' dir='ltr'><strong>Lcmovicensis</strong></span> <span class='ocrx_word' id='word_1_221' title='bbox 3097 1670 3368 1745; x_wconf 71' lang='lat' dir='ltr'><strong>Ecclesia:</strong></span> <span class='ocrx_word' id='word_1_222' title='bbox 3414 1684 3566 1738; x_wconf 88' lang='lat' dir='ltr'><strong>super</strong></span> <span class='ocrx_word' id='word_1_223' title='bbox 3603 1673 3807 1745; x_wconf 64' lang='lat' dir='ltr'><strong>monaste-</strong></span> 
     </span>
    </p>
   </div>
   <div class='ocr_carea' id='block_1_34' title="bbox 2287 1736 3803 1811">
    <p class='ocr_par' dir='ltr' id='par_1_34' title="bbox 2287 1736 3803 1811">
     <span class='ocr_line' id='line_1_36' title="bbox 2287 1736 3803 1811; baseline -0.008 -10"><span class='ocrx_word' id='word_1_224' title='bbox 2287 1736 2364 1800; x_wconf 67' lang='lat' dir='ltr'><strong>ria</strong></span> <span class='ocrx_word' id='word_1_225' title='bbox 2410 1736 2444 1800; x_wconf 68' lang='grc' dir='ltr'><strong>εἰ</strong></span> <span class='ocrx_word' id='word_1_226' title='bbox 2483 1744 2811 1800; x_wconf 88' lang='lat' dir='ltr'><strong>Dolensibus</strong></span> <span class='ocrx_word' id='word_1_227' title='bbox 2855 1742 3139 1798; x_wconf 87' lang='lat' dir='ltr'><strong>monachis</strong></span> <span class='ocrx_word' id='word_1_228' title='bbox 3169 1748 3449 1811; x_wconf 82' lang='lat' dir='ltr'><strong>usurpata,</strong></span> <span class='ocrx_word' id='word_1_229' title='bbox 3480 1736 3644 1811; x_wconf 74' lang='lat' dir='ltr'><strong>atque</strong></span> <span class='ocrx_word' id='word_1_230' title='bbox 3680 1736 3803 1792; x_wconf 88' lang='lat' dir='ltr'><strong>aliisa</strong></span> 
     </span>
    </p>
   </div>
   <div class='ocr_carea' id='block_1_35' title="bbox 2292 1810 3805 1885">
    <p class='ocr_par' dir='ltr' id='par_1_35' title="bbox 2292 1810 3805 1885">
     <span class='ocr_line' id='line_1_37' title="bbox 2292 1810 3805 1885; baseline -0.008 -13"><span class='ocrx_word' id='word_1_231' title='bbox 2292 1818 2555 1873; x_wconf 82' lang='lat' dir='ltr'><strong>Remensi</strong></span> <span class='ocrx_word' id='word_1_232' title='bbox 2605 1815 3012 1885; x_wconf 89' lang='lat' dir='ltr'><strong>archiepiscopo</strong></span> <span class='ocrx_word' id='word_1_233' title='bbox 3041 1810 3323 1884; x_wconf 82' lang='lat' dir='ltr'><strong>occupatis</strong></span> <span class='ocrx_word' id='word_1_234' title='bbox 3370 1813 3426 1867; x_wconf 91' lang='lat' dir='ltr'><strong>in</strong></span> <span class='ocrx_word' id='word_1_235' title='bbox 3475 1810 3647 1885; x_wconf 83' lang='lat' dir='ltr'><strong>eadem</strong></span> <span class='ocrx_word' id='word_1_236' title='bbox 3670 1816 3805 1862; x_wconf 85' lang='lat' dir='ltr'><strong>actum</strong></span> 
     </span>
    </p>
   </div>
   <div class='ocr_carea' id='block_1_36' title="bbox 2293 1883 3804 1957">
    <p class='ocr_par' dir='ltr' id='par_1_36' title="bbox 2293 1883 3804 1957">
     <span class='ocr_line' id='line_1_38' title="bbox 2293 1883 3804 1957; baseline -0.008 -14"><span class='ocrx_word' id='word_1_237' title='bbox 2293 1905 2432 1954; x_wconf 90' lang='lat' dir='ltr'><strong>esse,</strong></span> <span class='ocrx_word' id='word_1_238' title='bbox 2488 1887 2699 1943; x_wconf 58' lang='lat' dir='ltr'><strong>eaedem</strong></span> <span class='ocrx_word' id='word_1_239' title='bbox 2753 1883 3001 1957; x_wconf 41' lang='lat' dir='ltr'><strong>epistol—a3</strong></span> <span class='ocrx_word' id='word_1_240' title='bbox 3045 1883 3338 1941; x_wconf 88' lang='lat' dir='ltr'><strong>testantur.</strong></span> <span class='ocrx_word' id='word_1_241' title='bbox 3394 1883 3658 1947; x_wconf 88' lang='lat' dir='ltr'><strong>Baronius,</strong></span> <span class='ocrx_word' id='word_1_242' title='bbox 3699 1893 3804 1933; x_wconf 88' lang='lat' dir='ltr'><strong>anno</strong></span> 
     </span>
    </p>
   </div>
   <div class='ocr_carea' id='block_1_37' title="bbox 2298 1958 3163 2025">
    <p class='ocr_par' dir='ltr' id='par_1_37' title="bbox 2298 1958 3163 2025">
     <span class='ocr_line' id='line_1_39' title="bbox 2298 1958 3163 2025; baseline -0.005 -11"><span class='ocrx_word' id='word_1_243' title='bbox 2298 1966 2454 2025; x_wconf 78' lang='lat'><strong>1080,</strong></span> <span class='ocrx_word' id='word_1_244' title='bbox 2484 1975 2717 2014; x_wconf 91' lang='lat' dir='ltr'><strong>numero</strong></span> <span class='ocrx_word' id='word_1_245' title='bbox 2739 1958 2957 2014; x_wconf 84' lang='lat' dir='ltr'><strong>decimo</strong></span> <span class='ocrx_word' id='word_1_246' title='bbox 2989 1966 3163 2013; x_wconf 86' lang='lat' dir='ltr'><strong>sexto.</strong></span> 
     </span>
    </p>
   </div>
   <div class='ocr_carea' id='block_1_38' title="bbox 598 2069 3784 2096">
    <p class='ocr_par' dir='ltr' id='par_1_38' title="bbox 598 2069 3784 2096">
     <span class='ocr_line' id='line_1_40' title="bbox 598 2069 3784 2096; baseline -0.002 -1"><span class='ocrx_word' id='word_1_247' title='bbox 598 2069 3784 2096; x_wconf 57' lang='lat' dir='ltr'><em>W</em></span> 
     </span>
    </p>
   </div>
   <div class='ocr_carea' id='block_1_39' title="bbox 1476 2148 3009 2210">
    <p class='ocr_par' dir='ltr' id='par_1_39' title="bbox 1476 2148 3009 2210">
     <span class='ocr_line' id='line_1_41' title="bbox 1476 2148 3009 2210; baseline 0 -3"><span class='ocrx_word' id='word_1_248' title='bbox 1476 2148 1791 2207; x_wconf 87' lang='lat' dir='ltr'><strong>ADDITlO</strong></span> <span class='ocrx_word' id='word_1_249' title='bbox 1834 2150 1940 2209; x_wconf 82' lang='lat' dir='ltr'><strong>AD</strong></span> <span class='ocrx_word' id='word_1_250' title='bbox 1985 2149 2376 2210; x_wconf 84' lang='lat' dir='ltr'><strong>ROMANUM</strong></span> <span class='ocrx_word' id='word_1_251' title='bbox 2420 2152 2521 2210; x_wconf 86' lang='lat' dir='ltr'><strong>VII</strong></span> <span class='ocrx_word' id='word_1_252' title='bbox 2568 2148 3009 2209; x_wconf 84' lang='lat' dir='ltr'><strong>CONCILIUM.</strong></span> 
     </span>
    </p>
   </div>
   <div class='ocr_carea' id='block_1_40' title="bbox 2046 2263 2426 2325">
    <p class='ocr_par' dir='ltr' id='par_1_40' title="bbox 2046 2263 2426 2325">
     <span class='ocr_line' id='line_1_42' title="bbox 2046 2263 2426 2325; baseline -0.005 -1"><span class='ocrx_word' id='word_1_253' title='bbox 2046 2263 2207 2324; x_wconf 83' lang='lat' dir='ltr'><strong>Anni</strong></span> <span class='ocrx_word' id='word_1_254' title='bbox 2253 2266 2426 2325; x_wconf 80' lang='grc'><strong>1080.</strong></span> 
     </span>
    </p>
   </div>
   <div class='ocr_carea' id='block_1_41' title="bbox 1262 2370 3217 2450">
    <p class='ocr_par' dir='ltr' id='par_1_41' title="bbox 1262 2370 3217 2450">
     <span class='ocr_line' id='line_1_43' title="bbox 1262 2370 3217 2450; baseline 0 -19"><span class='ocrx_word' id='word_1_255' title='bbox 1262 2372 1336 2431; x_wconf 82' lang='lat' dir='ltr'><strong>In</strong></span> <span class='ocrx_word' id='word_1_256' title='bbox 1366 2388 1479 2450; x_wconf 87' lang='lat' dir='ltr'><strong>quo</strong></span> <span class='ocrx_word' id='word_1_257' title='bbox 1517 2370 1806 2431; x_wconf 81' lang='lat' dir='ltr'><strong>Henricus</strong></span> <span class='ocrx_word' id='word_1_258' title='bbox 1833 2389 2015 2450; x_wconf 85' lang='lat' dir='ltr'><strong>regno</strong></span> <span class='ocrx_word' id='word_1_259' title='bbox 2056 2372 2447 2450; x_wconf 75' lang='lat' dir='ltr'><strong>exspatiatur,</strong></span> <span class='ocrx_word' id='word_1_260' title='bbox 2505 2370 2857 2449; x_wconf 82' lang='lat' dir='ltr'><strong>Rodulphus</strong></span> <span class='ocrx_word' id='word_1_261' title='bbox 2884 2372 3217 2431; x_wconf 80' lang='lat' dir='ltr'><strong>investitur.</strong></span> 
     </span>
    </p>
   </div>
   <div class='ocr_carea' id='block_1_42' title="bbox 1838 2487 2647 2556">
    <p class='ocr_par' dir='ltr' id='par_1_42' title="bbox 1838 2487 2647 2556">
     <span class='ocr_line' id='line_1_44' title="bbox 1838 2487 2647 2556; baseline -0.004 -14"><span class='ocrx_word' id='word_1_262' title='bbox 1838 2487 2132 2556; x_wconf 83' lang='lat' dir='ltr'><strong>(Supplem.</strong></span> <span class='ocrx_word' id='word_1_263' title='bbox 2164 2489 2389 2548; x_wconf 74' lang='lat' dir='ltr'><strong>MANSI,</strong></span> <span class='ocrx_word' id='word_1_264' title='bbox 2426 2488 2499 2554; x_wconf 88' lang='lat' dir='ltr'><strong>Il,</strong></span> <span class='ocrx_word' id='word_1_265' title='bbox 2535 2491 2647 2551; x_wconf 82' lang='lat'><strong>46.)</strong></span> 
     </span>
    </p>
   </div>
   <div class='ocr_carea' id='block_1_43' title="bbox 666 2679 3815 2763">
    <p class='ocr_par' dir='ltr' id='par_1_43' title="bbox 666 2679 3815 2763">
     <span class='ocr_line' id='line_1_45' title="bbox 666 2679 3815 2763; baseline -0.003 -16"><span class='ocrx_word' id='word_1_266' title='bbox 666 2695 761 2747; x_wconf 79' lang='lat' dir='ltr'><strong>Ea:</strong></span> <span class='ocrx_word' id='word_1_267' title='bbox 809 2691 906 2745; x_wconf 83' lang='lat' dir='ltr'><strong>hac</strong></span> <span class='ocrx_word' id='word_1_268' title='bbox 942 2690 1144 2759; x_wconf 83' lang='lat' dir='ltr'><strong>synodo</strong></span> <span class='ocrx_word' id='word_1_269' title='bbox 1186 2693 1424 2761; x_wconf 80' lang='lat' dir='ltr'><strong>scriptas</strong></span> <span class='ocrx_word' id='word_1_270' title='bbox 1469 2696 1697 2746; x_wconf 74' lang='lat' dir='ltr'><strong>testatur</strong></span> <span class='ocrx_word' id='word_1_271' title='bbox 1726 2693 2023 2747; x_wconf 79' lang='lat' dir='ltr'><strong>Annalista</strong></span> <span class='ocrx_word' id='word_1_272' title='bbox 2047 2694 2191 2748; x_wconf 72' lang='lat' dir='ltr'><strong>Samo</strong></span> <span class='ocrx_word' id='word_1_273' title='bbox 2225 2698 2268 2758; x_wconf 83' lang='lat' dir='ltr'><strong>C</strong></span> <span class='ocrx_word' id='word_1_274' title='bbox 2299 2694 2468 2747; x_wconf 89' lang='lat' dir='ltr'><strong>etiam</strong></span> <span class='ocrx_word' id='word_1_275' title='bbox 2501 2692 2647 2763; x_wconf 90' lang='lat' dir='ltr'><strong>pacis</strong></span> <span class='ocrx_word' id='word_1_276' title='bbox 2676 2699 2731 2746; x_wconf 91' lang='lat' dir='ltr'><strong>et</strong></span> <span class='ocrx_word' id='word_1_277' title='bbox 2746 2692 2978 2763; x_wconf 67' lang='lat' dir='ltr'><strong>justitiaa</strong></span> <span class='ocrx_word' id='word_1_278' title='bbox 3001 2698 3305 2758; x_wconf 90' lang='lat' dir='ltr'><strong>amatores,</strong></span> <span class='ocrx_word' id='word_1_279' title='bbox 3337 2691 3391 2746; x_wconf 92' lang='lat' dir='ltr'><strong>in</strong></span> <span class='ocrx_word' id='word_1_280' title='bbox 3420 2686 3640 2761; x_wconf 84' lang='lat' dir='ltr'><strong>partibus</strong></span> <span class='ocrx_word' id='word_1_281' title='bbox 3664 2679 3815 2737; x_wconf 78' lang='lat' dir='ltr'><strong>vestris</strong></span> 
     </span>
    </p>
   </div>
   <div class='ocr_carea' id='block_1_44' title="bbox 594 2785 2181 2855">
    <p class='ocr_par' dir='ltr' id='par_1_44' title="bbox 594 2785 2181 2855">
     <span class='ocr_line' id='line_1_46' title="bbox 594 2785 2181 2855; baseline 0 -14"><span class='ocrx_word' id='word_1_282' title='bbox 594 2785 828 2841; x_wconf 87' lang='lat' dir='ltr'><strong>Eccardi</strong></span> <span class='ocrx_word' id='word_1_283' title='bbox 857 2786 1087 2851; x_wconf 78' lang='lat' dir='ltr'><strong>litteras,</strong></span> <span class='ocrx_word' id='word_1_284' title='bbox 1124 2800 1262 2854; x_wconf 89' lang='lat' dir='ltr'><strong>quas</strong></span> <span class='ocrx_word' id='word_1_285' title='bbox 1313 2802 1378 2839; x_wconf 76' lang='lat' dir='ltr'><strong>ea:</strong></span> <span class='ocrx_word' id='word_1_286' title='bbox 1423 2787 1517 2839; x_wconf 85' lang='lat' dir='ltr'><strong>illo</strong></span> <span class='ocrx_word' id='word_1_287' title='bbox 1566 2790 1804 2854; x_wconf 86' lang='lat' dir='ltr'><strong>acceptas</strong></span> <span class='ocrx_word' id='word_1_288' title='bbox 1851 2787 1936 2839; x_wconf 83' lang='lat' dir='ltr'><strong>hic</strong></span> <span class='ocrx_word' id='word_1_289' title='bbox 1985 2791 2181 2855; x_wconf 84' lang='lat' dir='ltr'><strong>repeto.</strong></span> 
     </span>
    </p>
   </div>
   <div class='ocr_carea' id='block_1_45' title="bbox 595 2878 2185 2948">
    <p class='ocr_par' dir='ltr' id='par_1_45' title="bbox 595 2878 2185 2948">
     <span class='ocr_line' id='line_1_47' title="bbox 595 2878 2185 2948; baseline -0.001 -15"><span class='ocrx_word' id='word_1_290' title='bbox 595 2882 747 2933; x_wconf 82' lang='lat' dir='ltr'><strong>Forte</strong></span> <span class='ocrx_word' id='word_1_291' title='bbox 798 2882 977 2932; x_wconf 87' lang='lat' dir='ltr'><strong>tamen</strong></span> <span class='ocrx_word' id='word_1_292' title='bbox 1006 2879 1089 2932; x_wconf 73' lang='lat' dir='ltr'><strong>ha:</strong></span> <span class='ocrx_word' id='word_1_293' title='bbox 1118 2878 1313 2933; x_wconf 71' lang='lat' dir='ltr'><strong>littera:</strong></span> <span class='ocrx_word' id='word_1_294' title='bbox 1346 2883 1729 2948; x_wconf 66' lang='lat' dir='ltr'><strong>praeesserunt</strong></span> <span class='ocrx_word' id='word_1_295' title='bbox 1770 2882 2088 2935; x_wconf 84' lang='lat' dir='ltr'><strong>sententiam</strong></span> <span class='ocrx_word' id='word_1_296' title='bbox 2131 2883 2185 2932; x_wconf 85' lang='lat' dir='ltr'><strong>in</strong></span> 
     </span>
    </p>
   </div>
   <div class='ocr_carea' id='block_1_46' title="bbox 597 2973 2187 3041">
    <p class='ocr_par' dir='ltr' id='par_1_46' title="bbox 597 2973 2187 3041">
     <span class='ocr_line' id='line_1_48' title="bbox 597 2973 2187 3041; baseline -0.001 -14"><span class='ocrx_word' id='word_1_297' title='bbox 597 2974 885 3027; x_wconf 84' lang='lat' dir='ltr'><strong>Henricum</strong></span> <span class='ocrx_word' id='word_1_298' title='bbox 916 2986 1094 3039; x_wconf 83' lang='lat' dir='ltr'><strong>regem</strong></span> <span class='ocrx_word' id='word_1_299' title='bbox 1108 2974 1169 3026; x_wconf 81' lang='lat' dir='ltr'><strong>in</strong></span> <span class='ocrx_word' id='word_1_300' title='bbox 1182 2973 1341 3027; x_wconf 85' lang='lat' dir='ltr'><strong>conci</strong></span> <span class='ocrx_word' id='word_1_301' title='bbox 1344 2973 1414 3026; x_wconf 78' lang='lat' dir='ltr'><strong>lio</strong></span> <span class='ocrx_word' id='word_1_302' title='bbox 1438 2975 1869 3041; x_wconf 81' lang='lat' dir='ltr'><strong>pronuntiatam.</strong></span> <span class='ocrx_word' id='word_1_303' title='bbox 1893 2975 2043 3026; x_wconf 85' lang='lat' dir='ltr'><strong>Hanc</strong></span> <span class='ocrx_word' id='word_1_304' title='bbox 2066 2987 2187 3026; x_wconf 80' lang='lat' dir='ltr'><strong>vero</strong></span> 
     </span>
    </p>
   </div>
   <div class='ocr_carea' id='block_1_47' title="bbox 598 3066 2189 3127">
    <p class='ocr_par' dir='ltr' id='par_1_47' title="bbox 598 3066 2189 3127">
     <span class='ocr_line' id='line_1_49' title="bbox 598 3066 2189 3127; baseline -0.001 -7"><span class='ocrx_word' id='word_1_305' title='bbox 598 3068 915 3121; x_wconf 84' lang='lat' dir='ltr'><strong>sententiam</strong></span> <span class='ocrx_word' id='word_1_306' title='bbox 962 3080 1100 3119; x_wconf 84' lang='lat' dir='ltr'><strong>anno</strong></span> <span class='ocrx_word' id='word_1_307' title='bbox 1157 3068 1294 3120; x_wconf 84' lang='lat'><strong>1080</strong></span> <span class='ocrx_word' id='word_1_308' title='bbox 1353 3070 1478 3118; x_wconf 88' lang='lat' dir='ltr'><strong>tunc</strong></span> <span class='ocrx_word' id='word_1_309' title='bbox 1518 3066 1759 3118; x_wconf 80' lang='lat' dir='ltr'><strong>arbitror</strong></span> <span class='ocrx_word' id='word_1_310' title='bbox 1806 3066 2027 3127; x_wconf 79' lang='lat' dir='ltr'><strong>dictam,</strong></span> <span class='ocrx_word' id='word_1_311' title='bbox 2074 3082 2189 3119; x_wconf 83' lang='lat' dir='ltr'><strong>cum</strong></span> 
     </span>
    </p>
   </div>
   <div class='ocr_carea' id='block_1_48' title="bbox 600 3159 2189 3224">
    <p class='ocr_par' dir='ltr' id='par_1_48' title="bbox 600 3159 2189 3224">
     <span class='ocr_line' id='line_1_50' title="bbox 600 3159 2189 3224; baseline -0.001 -11"><span class='ocrx_word' id='word_1_312' title='bbox 600 3161 862 3213; x_wconf 81' lang='lat' dir='ltr'><strong>Henricus</strong></span> <span class='ocrx_word' id='word_1_313' title='bbox 877 3160 1099 3213; x_wconf 78' lang='lat' dir='ltr'><strong>victoria</strong></span> <span class='ocrx_word' id='word_1_314' title='bbox 1124 3159 1189 3212; x_wconf 85' lang='lat' dir='ltr'><strong>de</strong></span> <span class='ocrx_word' id='word_1_315' title='bbox 1209 3159 1515 3213; x_wconf 76' lang='lat' dir='ltr'><strong>Samonibus</strong></span> <span class='ocrx_word' id='word_1_316' title='bbox 1537 3160 1711 3212; x_wconf 81' lang='lat' dir='ltr'><strong>relata</strong></span> <span class='ocrx_word' id='word_1_317' title='bbox 1746 3160 1965 3224; x_wconf 81' lang='lat' dir='ltr'><strong>inﬂatus</strong></span> <span class='ocrx_word' id='word_1_318' title='bbox 1984 3174 2189 3212; x_wconf 85' lang='lat' dir='ltr'><strong>omnem</strong></span> 
     </span>
    </p>
   </div>
   <div class='ocr_carea' id='block_1_49' title="bbox 597 3252 2191 3322">
    <p class='ocr_par' dir='ltr' id='par_1_49' title="bbox 597 3252 2191 3322">
     <span class='ocr_line' id='line_1_51' title="bbox 597 3252 2191 3322; baseline -0.001 -16"><span class='ocrx_word' id='word_1_319' title='bbox 597 3256 653 3308; x_wconf 90' lang='lat' dir='ltr'><strong>in</strong></span> <span class='ocrx_word' id='word_1_320' title='bbox 678 3254 1025 3322; x_wconf 81' lang='lat' dir='ltr'><strong>apostolicam</strong></span> <span class='ocrx_word' id='word_1_321' title='bbox 1052 3253 1231 3307; x_wconf 87' lang='lat' dir='ltr'><strong>sedem</strong></span> <span class='ocrx_word' id='word_1_322' title='bbox 1258 3254 1647 3307; x_wconf 77' lang='lat' dir='ltr'><strong>obseruantiam</strong></span> <span class='ocrx_word' id='word_1_323' title='bbox 1676 3252 1888 3320; x_wconf 81' lang='lat' dir='ltr'><strong>abjecit.</strong></span> <span class='ocrx_word' id='word_1_324' title='bbox 1935 3254 2191 3307; x_wconf 74' lang='lat' dir='ltr'><strong>Prtelium</strong></span> 
     </span>
    </p>
   </div>
   <div class='ocr_carea' id='block_1_50' title="bbox 600 3346 2191 3402">
    <p class='ocr_par' dir='ltr' id='par_1_50' title="bbox 600 3346 2191 3402">
     <span class='ocr_line' id='line_1_52' title="bbox 600 3346 2191 3402; baseline -0.001 -2"><span class='ocrx_word' id='word_1_325' title='bbox 600 3363 719 3401; x_wconf 78' lang='lat' dir='ltr'><strong>vero</strong></span> <span class='ocrx_word' id='word_1_326' title='bbox 744 3346 884 3400; x_wconf 87' lang='lat' dir='ltr'><strong>illud</strong></span> <span class='ocrx_word' id='word_1_327' title='bbox 910 3346 999 3400; x_wconf 88' lang='lat' dir='ltr'><strong>die</strong></span> <span class='ocrx_word' id='word_1_328' title='bbox 1028 3361 1091 3401; x_wconf 79' lang='lat' dir='ltr'><strong>v1</strong></span> <span class='ocrx_word' id='word_1_329' title='bbox 1116 3348 1235 3402; x_wconf 85' lang='lat' dir='ltr'><strong>Kal.</strong></span> <span class='ocrx_word' id='word_1_330' title='bbox 1264 3348 1549 3401; x_wconf 78' lang='lat' dir='ltr'><strong>Februarii</strong></span> <span class='ocrx_word' id='word_1_331' title='bbox 1571 3347 1869 3402; x_wconf 83' lang='lat' dir='ltr'><strong>Annalista</strong></span> <span class='ocrx_word' id='word_1_332' title='bbox 1898 3348 2042 3401; x_wconf 70' lang='lat' dir='ltr'><strong>Samo</strong></span> <span class='ocrx_word' id='word_1_333' title='bbox 2072 3362 2191 3399; x_wconf 88' lang='lat' dir='ltr'><strong>con-</strong></span> 
     </span>
    </p>
   </div>
   <div class='ocr_carea' id='block_1_51' title="bbox 600 3442 2195 3509">
    <p class='ocr_par' dir='ltr' id='par_1_51' title="bbox 600 3442 2195 3509">
     <span class='ocr_line' id='line_1_53' title="bbox 600 3442 2195 3509; baseline -0.003 -14"><span class='ocrx_word' id='word_1_334' title='bbox 600 3444 803 3507; x_wconf 86' lang='lat' dir='ltr'><strong>signat.</strong></span> <span class='ocrx_word' id='word_1_335' title='bbox 832 3443 923 3496; x_wconf 74' lang='lat' dir='ltr'><strong>Ea:</strong></span> <span class='ocrx_word' id='word_1_336' title='bbox 964 3456 1068 3509; x_wconf 85' lang='lat' dir='ltr'><strong>quo</strong></span> <span class='ocrx_word' id='word_1_337' title='bbox 1097 3443 1245 3509; x_wconf 83' lang='lat' dir='ltr'><strong>ﬁeret</strong></span> <span class='ocrx_word' id='word_1_338' title='bbox 1272 3442 1550 3495; x_wconf 77' lang='lat' dir='ltr'><strong>concilium</strong></span> <span class='ocrx_word' id='word_1_339' title='bbox 1596 3442 1688 3494; x_wconf 82' lang='lat' dir='ltr'><strong>hoc</strong></span> <span class='ocrx_word' id='word_1_340' title='bbox 1731 3442 1990 3494; x_wconf 83' lang='lat' dir='ltr'><strong>Januario</strong></span> <span class='ocrx_word' id='word_1_341' title='bbox 2022 3456 2195 3495; x_wconf 85' lang='lat' dir='ltr'><strong>mense</strong></span> 
     </span>
    </p>
   </div>
   <div class='ocr_carea' id='block_1_52' title="bbox 603 3534 2193 3601">
    <p class='ocr_par' dir='ltr' id='par_1_52' title="bbox 603 3534 2193 3601">
     <span class='ocr_line' id='line_1_54' title="bbox 603 3534 2193 3601; baseline -0.001 -15"><span class='ocrx_word' id='word_1_342' title='bbox 603 3536 917 3589; x_wconf 82' lang='lat' dir='ltr'><strong>conuenisse.</strong></span> <span class='ocrx_word' id='word_1_343' title='bbox 965 3534 1167 3600; x_wconf 80' lang='lat' dir='ltr'><strong>Quibus</strong></span> <span class='ocrx_word' id='word_1_344' title='bbox 1211 3537 1535 3601; x_wconf 84' lang='lat' dir='ltr'><strong>constitutis,</strong></span> <span class='ocrx_word' id='word_1_345' title='bbox 1584 3535 1677 3588; x_wconf 85' lang='lat' dir='ltr'><strong>hoc</strong></span> <span class='ocrx_word' id='word_1_346' title='bbox 1722 3537 2020 3590; x_wconf 85' lang='lat' dir='ltr'><strong>Romanum</strong></span> <span class='ocrx_word' id='word_1_347' title='bbox 2050 3534 2115 3586; x_wconf 81' lang='lat' dir='ltr'><strong>ab</strong></span> <span class='ocrx_word' id='word_1_348' title='bbox 2138 3550 2193 3586; x_wconf 79' lang='lat' dir='ltr'><strong>eo</strong></span> 
     </span>
    </p>
   </div>
   <div class='ocr_carea' id='block_1_53' title="bbox 604 3627 2194 3697">
    <p class='ocr_par' dir='ltr' id='par_1_53' title="bbox 604 3627 2194 3697">
     <span class='ocr_line' id='line_1_55' title="bbox 604 3627 2194 3697; baseline -0.001 -17"><span class='ocrx_word' id='word_1_349' title='bbox 604 3631 661 3681; x_wconf 85' lang='lat' dir='ltr'><strong>in</strong></span> <span class='ocrx_word' id='word_1_350' title='bbox 702 3643 805 3697; x_wconf 85' lang='lat' dir='ltr'><strong>quo</strong></span> <span class='ocrx_word' id='word_1_351' title='bbox 827 3630 1090 3683; x_wconf 77' lang='lat' dir='ltr'><strong>sententia</strong></span> <span class='ocrx_word' id='word_1_352' title='bbox 1137 3630 1595 3682; x_wconf 66' lang='lat' dir='ltr'><strong>exauctorationis</strong></span> <span class='ocrx_word' id='word_1_353' title='bbox 1643 3630 1703 3680; x_wconf 80' lang='lat' dir='ltr'><strong>in</strong></span> <span class='ocrx_word' id='word_1_354' title='bbox 1731 3629 2021 3681; x_wconf 83' lang='lat' dir='ltr'><strong>Henricum</strong></span> <span class='ocrx_word' id='word_1_355' title='bbox 2049 3627 2194 3680; x_wconf 83' lang='lat' dir='ltr'><strong>dicta</strong></span> 
     </span>
    </p>
   </div>
   <div class='ocr_carea' id='block_1_54' title="bbox 603 3720 2193 3789">
    <p class='ocr_par' dir='ltr' id='par_1_54' title="bbox 603 3720 2193 3789">
     <span class='ocr_line' id='line_1_56' title="bbox 603 3720 2193 3789; baseline 0 -16"><span class='ocrx_word' id='word_1_356' title='bbox 603 3726 699 3785; x_wconf 89' lang='lat' dir='ltr'><strong>est,</strong></span> <span class='ocrx_word' id='word_1_357' title='bbox 725 3722 1171 3788; x_wconf 36' lang='lat' dir='ltr'><strong>co‘nsignaturque</strong></span> <span class='ocrx_word' id='word_1_358' title='bbox 1191 3722 1393 3774; x_wconf 82' lang='lat' dir='ltr'><strong>Martio</strong></span> <span class='ocrx_word' id='word_1_359' title='bbox 1411 3735 1609 3785; x_wconf 83' lang='lat' dir='ltr'><strong>mense,</strong></span> <span class='ocrx_word' id='word_1_360' title='bbox 1636 3720 1799 3788; x_wconf 86' lang='lat' dir='ltr'><strong>plane</strong></span> <span class='ocrx_word' id='word_1_361' title='bbox 1818 3721 2193 3789; x_wconf 81' lang='lat' dir='ltr'><strong>distinguitur.</strong></span> 
     </span>
    </p>
   </div>
   <div class='ocr_carea' id='block_1_55' title="bbox 675 3811 2197 3883">
    <p class='ocr_par' dir='ltr' id='par_1_55' title="bbox 675 3811 2197 3883">
     <span class='ocr_line' id='line_1_57' title="bbox 675 3811 2197 3883; baseline 0.003 -16"><span class='ocrx_word' id='word_1_362' title='bbox 675 3814 740 3867; x_wconf 90' lang='lat' dir='ltr'><strong>In</strong></span> <span class='ocrx_word' id='word_1_363' title='bbox 785 3813 904 3882; x_wconf 91' lang='lat' dir='ltr'><strong>ipso</strong></span> <span class='ocrx_word' id='word_1_364' title='bbox 934 3827 1082 3867; x_wconf 90' lang='lat' dir='ltr'><strong>anno</strong></span> <span class='ocrx_word' id='word_1_365' title='bbox 1112 3811 1353 3868; x_wconf 90' lang='lat' dir='ltr'><strong>domnus</strong></span> <span class='ocrx_word' id='word_1_366' title='bbox 1397 3813 1731 3883; x_wconf 85' lang='lat' dir='ltr'><strong>apostolicus</strong></span> <span class='ocrx_word' id='word_1_367' title='bbox 1762 3814 1817 3867; x_wconf 92' lang='lat' dir='ltr'><strong>in</strong></span> <span class='ocrx_word' id='word_1_368' title='bbox 1867 3816 2197 3872; x_wconf 90' lang='lat' dir='ltr'><strong>Teutonicas</strong></span> 
     </span>
    </p>
   </div>
   <div class='ocr_carea' id='block_1_56' title="bbox 608 3903 1839 3977">
    <p class='ocr_par' dir='ltr' id='par_1_56' title="bbox 608 3903 1839 3977">
     <span class='ocr_line' id='line_1_58' title="bbox 608 3903 1839 3977; baseline -0.002 -16"><span class='ocrx_word' id='word_1_369' title='bbox 608 3912 788 3977; x_wconf 85' lang='lat' dir='ltr'><strong>partes</strong></span> <span class='ocrx_word' id='word_1_370' title='bbox 816 3918 844 3957; x_wconf 89' lang='lat' dir='ltr'><strong>a</strong></span> <span class='ocrx_word' id='word_1_371' title='bbox 874 3903 1088 3975; x_wconf 90' lang='lat' dir='ltr'><strong>synodo</strong></span> <span class='ocrx_word' id='word_1_372' title='bbox 1116 3903 1416 3974; x_wconf 89' lang='lat' dir='ltr'><strong>subjectam</strong></span> <span class='ocrx_word' id='word_1_373' title='bbox 1447 3904 1597 3961; x_wconf 90' lang='lat' dir='ltr'><strong>misit</strong></span> <span class='ocrx_word' id='word_1_374' title='bbox 1624 3905 1839 3974; x_wconf 91' lang='lat' dir='ltr'><strong>epistol.</strong></span> 
     </span>
    </p>
   </div>
   <div class='ocr_carea' id='block_1_57' title="bbox 683 3978 2198 4063">
    <p class='ocr_par' dir='ltr' id='par_1_57' title="bbox 683 3978 2198 4063">
     <span class='ocr_line' id='line_1_59' title="bbox 683 3978 2198 4063; baseline 0.003 -10"><span class='ocrx_word' id='word_1_375' title='bbox 683 4021 707 4045; x_wconf 76' lang='grc' dir='ltr'><strong>σι</strong></span> <span class='ocrx_word' id='word_1_376' title='bbox 732 3999 1097 4060; x_wconf 78' lang='lat' dir='ltr'><strong>Gnsnonlus,</strong></span> <span class='ocrx_word' id='word_1_377' title='bbox 1111 4012 1298 4051; x_wconf 88' lang='lat' dir='ltr'><strong>servus</strong></span> <span class='ocrx_word' id='word_1_378' title='bbox 1308 4012 1592 4052; x_wconf 89' lang='lat' dir='ltr'><strong>servorum</strong></span> <span class='ocrx_word' id='word_1_379' title='bbox 1606 3998 1730 4063; x_wconf 90' lang='lat' dir='ltr'><strong>Dei,</strong></span> <span class='ocrx_word' id='word_1_380' title='bbox 1744 3978 2002 4053; x_wconf 73' lang='lat' dir='ltr'><strong>omnibus</strong></span> <span class='ocrx_word' id='word_1_381' title='bbox 2017 4001 2198 4057; x_wconf 89' lang='lat' dir='ltr'><strong>archi-</strong></span> 
     </span>
    </p>
   </div>
   <div class='ocr_carea' id='block_1_58' title="bbox 2296 2781 3815 2854">
    <p class='ocr_par' dir='ltr' id='par_1_58' title="bbox 2296 2781 3815 2854">
     <span class='ocr_line' id='line_1_60' title="bbox 2296 2781 3815 2854; baseline -0.005 -13"><span class='ocrx_word' id='word_1_382' title='bbox 2296 2794 2729 2853; x_wconf 89' lang='lat' dir='ltr'><strong>commorantes,</strong></span> <span class='ocrx_word' id='word_1_383' title='bbox 2766 2784 2835 2840; x_wconf 88' lang='lat' dir='ltr'><strong>ad</strong></span> <span class='ocrx_word' id='word_1_384' title='bbox 2877 2784 2982 2840; x_wconf 91' lang='lat' dir='ltr'><strong>hoc</strong></span> <span class='ocrx_word' id='word_1_385' title='bbox 3030 2799 3171 2854; x_wconf 91' lang='lat' dir='ltr'><strong>opus</strong></span> <span class='ocrx_word' id='word_1_386' title='bbox 3200 2783 3433 2839; x_wconf 91' lang='lat' dir='ltr'><strong>idoneos</strong></span> <span class='ocrx_word' id='word_1_387' title='bbox 3479 2781 3815 2851; x_wconf 75' lang='lat' dir='ltr'><strong>congregarent;</strong></span> 
     </span>
    </p>
   </div>
   <div class='ocr_carea' id='block_1_59' title="bbox 2298 2870 3817 2951">
    <p class='ocr_par' dir='ltr' id='par_1_59' title="bbox 2298 2870 3817 2951">
     <span class='ocr_line' id='line_1_61' title="bbox 2298 2870 3817 2951; baseline -0.011 -15"><span class='ocrx_word' id='word_1_388' title='bbox 2298 2880 2390 2951; x_wconf 91' lang='lat' dir='ltr'><strong>qui</strong></span> <span class='ocrx_word' id='word_1_389' title='bbox 2419 2880 2611 2935; x_wconf 88' lang='lat' dir='ltr'><strong>domni</strong></span> <span class='ocrx_word' id='word_1_390' title='bbox 2635 2880 2807 2949; x_wconf 84' lang='lat' dir='ltr'><strong>gratia</strong></span> <span class='ocrx_word' id='word_1_391' title='bbox 2851 2886 3151 2949; x_wconf 60' lang='lat' dir='ltr'><strong>praeeunte,</strong></span> <span class='ocrx_word' id='word_1_392' title='bbox 3179 2877 3271 2933; x_wconf 90' lang='lat' dir='ltr'><strong>die</strong></span> <span class='ocrx_word' id='word_1_393' title='bbox 3303 2886 3359 2933; x_wconf 89' lang='lat' dir='ltr'><strong>et</strong></span> <span class='ocrx_word' id='word_1_394' title='bbox 3405 2877 3517 2932; x_wconf 90' lang='lat' dir='ltr'><strong>loco</strong></span> <span class='ocrx_word' id='word_1_395' title='bbox 3547 2874 3607 2929; x_wconf 87' lang='lat' dir='ltr'><strong>ab</strong></span> <span class='ocrx_word' id='word_1_396' title='bbox 3630 2870 3715 2926; x_wconf 85' lang='lat' dir='ltr'><strong>illis</strong></span> <span class='ocrx_word' id='word_1_397' title='bbox 3732 2874 3817 2923; x_wconf 86' lang='lat' dir='ltr'><strong>sta-</strong></span> 
     </span>
    </p>
   </div>
   <div class='ocr_carea' id='block_1_60' title="bbox 2298 2959 3818 3045">
    <p class='ocr_par' dir='ltr' id='par_1_60' title="bbox 2298 2959 3818 3045">
     <span class='ocr_line' id='line_1_62' title="bbox 2298 2959 3818 3045; baseline -0.01 -18"><span class='ocrx_word' id='word_1_398' title='bbox 2298 2982 2437 3041; x_wconf 88' lang='lat' dir='ltr'><strong>tuto,</strong></span> <span class='ocrx_word' id='word_1_399' title='bbox 2467 2981 2582 3029; x_wconf 89' lang='lat' dir='ltr'><strong>tam</strong></span> <span class='ocrx_word' id='word_1_400' title='bbox 2602 2974 2702 3045; x_wconf 89' lang='lat' dir='ltr'><strong>ipsi</strong></span> <span class='ocrx_word' id='word_1_401' title='bbox 2731 2988 2897 3044; x_wconf 89' lang='lat' dir='ltr'><strong>quam</strong></span> <span class='ocrx_word' id='word_1_402' title='bbox 2930 2987 3068 3044; x_wconf 90' lang='lat' dir='ltr'><strong>quos</strong></span> <span class='ocrx_word' id='word_1_403' title='bbox 3110 2972 3215 3041; x_wconf 88' lang='lat' dir='ltr'><strong>ipsi</strong></span> <span class='ocrx_word' id='word_1_404' title='bbox 3254 2970 3548 3043; x_wconf 87' lang='lat' dir='ltr'><strong>adjungere</strong></span> <span class='ocrx_word' id='word_1_405' title='bbox 3584 2964 3730 3022; x_wconf 91' lang='lat' dir='ltr'><strong>adhuc</strong></span> <span class='ocrx_word' id='word_1_406' title='bbox 3756 2959 3818 3014; x_wconf 84' lang='lat' dir='ltr'><strong>de-</strong></span> 
     </span>
    </p>
   </div>
   <div class='ocr_carea' id='block_1_61' title="bbox 2298 3063 3818 3137">
    <p class='ocr_par' dir='ltr' id='par_1_61' title="bbox 2298 3063 3818 3137">
     <span class='ocr_line' id='line_1_63' title="bbox 2298 3063 3818 3137; baseline -0.008 -14"><span class='ocrx_word' id='word_1_407' title='bbox 2298 3068 2512 3135; x_wconf 88' lang='lat' dir='ltr'><strong>bemus,</strong></span> <span class='ocrx_word' id='word_1_408' title='bbox 2541 3074 2638 3122; x_wconf 88' lang='lat' dir='ltr'><strong>aut</strong></span> <span class='ocrx_word' id='word_1_409' title='bbox 2662 3081 2852 3137; x_wconf 89' lang='lat' dir='ltr'><strong>pacem</strong></span> <span class='ocrx_word' id='word_1_410' title='bbox 2880 3073 3245 3137; x_wconf 89' lang='lat' dir='ltr'><strong>componant,</strong></span> <span class='ocrx_word' id='word_1_411' title='bbox 3290 3073 3406 3132; x_wconf 86' lang='lat' dir='ltr'><strong>aut,</strong></span> <span class='ocrx_word' id='word_1_412' title='bbox 3438 3063 3641 3118; x_wconf 84' lang='lat' dir='ltr'><strong>veritate</strong></span> <span class='ocrx_word' id='word_1_413' title='bbox 3665 3068 3818 3128; x_wconf 64' lang='lat' dir='ltr'><strong>praco-</strong></span> 
     </span>
    </p>
   </div>
   <div class='ocr_carea' id='block_1_62' title="bbox 2300 3153 3819 3233">
    <p class='ocr_par' dir='ltr' id='par_1_62' title="bbox 2300 3153 3819 3233">
     <span class='ocr_line' id='line_1_64' title="bbox 2300 3153 3819 3233; baseline -0.011 -17"><span class='ocrx_word' id='word_1_414' title='bbox 2300 3162 2471 3233; x_wconf 88' lang='lat' dir='ltr'><strong>gnita,</strong></span> <span class='ocrx_word' id='word_1_415' title='bbox 2518 3175 2685 3230; x_wconf 84' lang='lat' dir='ltr'><strong>super</strong></span> <span class='ocrx_word' id='word_1_416' title='bbox 2728 3160 2852 3213; x_wconf 93' lang='lat' dir='ltr'><strong>illos</strong></span> <span class='ocrx_word' id='word_1_417' title='bbox 2906 3160 2996 3230; x_wconf 88' lang='lat' dir='ltr'><strong>qui</strong></span> <span class='ocrx_word' id='word_1_418' title='bbox 3048 3168 3176 3214; x_wconf 89' lang='lat' dir='ltr'><strong>sunt</strong></span> <span class='ocrx_word' id='word_1_419' title='bbox 3226 3159 3427 3224; x_wconf 83' lang='lat' dir='ltr'><strong>sancti,</strong></span> <span class='ocrx_word' id='word_1_420' title='bbox 3477 3153 3660 3211; x_wconf 89' lang='lat' dir='ltr'><strong>dissidii</strong></span> <span class='ocrx_word' id='word_1_421' title='bbox 3703 3160 3819 3203; x_wconf 83' lang='lat' dir='ltr'><strong>causa</strong></span> 
     </span>
    </p>
   </div>
   <div class='ocr_carea' id='block_1_63' title="bbox 2301 3239 3820 3316">
    <p class='ocr_par' dir='ltr' id='par_1_63' title="bbox 2301 3239 3820 3316">
     <span class='ocr_line' id='line_1_65' title="bbox 2301 3239 3820 3316; baseline -0.01 -7"><span class='ocrx_word' id='word_1_422' title='bbox 2301 3253 2621 3309; x_wconf 88' lang='lat' dir='ltr'><strong>canonicam</strong></span> <span class='ocrx_word' id='word_1_423' title='bbox 2672 3268 2965 3307; x_wconf 90' lang='lat' dir='ltr'><strong>censuram</strong></span> <span class='ocrx_word' id='word_1_424' title='bbox 3015 3260 3330 3307; x_wconf 83' lang='lat' dir='ltr'><strong>exerceant.</strong></span> <span class='ocrx_word' id='word_1_425' title='bbox 3369 3255 3564 3306; x_wconf 88' lang='lat' dir='ltr'><strong>Verum</strong></span> <span class='ocrx_word' id='word_1_426' title='bbox 3605 3239 3820 3316; x_wconf 89' lang='lat' dir='ltr'><strong>quomodo</strong></span> 
     </span>
    </p>
   </div>
   <div class='ocr_carea' id='block_1_64' title="bbox 2302 3331 3820 3407">
    <p class='ocr_par' dir='ltr' id='par_1_64' title="bbox 2302 3331 3820 3407">
     <span class='ocr_line' id='line_1_66' title="bbox 2302 3331 3820 3407; baseline -0.007 -7"><span class='ocrx_word' id='word_1_427' title='bbox 2302 3346 2595 3403; x_wconf 91' lang='lat' dir='ltr'><strong>nonnullos</strong></span> <span class='ocrx_word' id='word_1_428' title='bbox 2638 3345 2910 3401; x_wconf 86' lang='lat' dir='ltr'><strong>diabolico</strong></span> <span class='ocrx_word' id='word_1_429' title='bbox 2956 3345 3220 3400; x_wconf 90' lang='lat' dir='ltr'><strong>instinctu</strong></span> <span class='ocrx_word' id='word_1_430' title='bbox 3248 3344 3548 3407; x_wconf 85' lang='lat' dir='ltr'><strong>confectos,</strong></span> <span class='ocrx_word' id='word_1_431' title='bbox 3583 3331 3820 3406; x_wconf 79' lang='lat' dir='ltr'><strong>iniquitatis</strong></span> 
     </span>
    </p>
   </div>
   <div class='ocr_carea' id='block_1_65' title="bbox 2304 3427 3820 3511">
    <p class='ocr_par' dir='ltr' id='par_1_65' title="bbox 2304 3427 3820 3511">
     <span class='ocr_line' id='line_1_67' title="bbox 2304 3427 3820 3511; baseline -0.013 -15"><span class='ocrx_word' id='word_1_432' title='bbox 2304 3456 2419 3496; x_wconf 75' lang='lat' dir='ltr'><strong>suae</strong></span> <span class='ocrx_word' id='word_1_433' title='bbox 2446 3440 2660 3495; x_wconf 85' lang='lat' dir='ltr'><strong>facibus</strong></span> <span class='ocrx_word' id='word_1_434' title='bbox 2687 3440 2910 3511; x_wconf 88' lang='lat' dir='ltr'><strong>ignitos,</strong></span> <span class='ocrx_word' id='word_1_435' title='bbox 2934 3438 3230 3509; x_wconf 89' lang='lat' dir='ltr'><strong>cupiditate</strong></span> <span class='ocrx_word' id='word_1_436' title='bbox 3261 3438 3531 3502; x_wconf 88' lang='lat' dir='ltr'><strong>inductos,</strong></span> <span class='ocrx_word' id='word_1_437' title='bbox 3558 3427 3820 3490; x_wconf 86' lang='lat' dir='ltr'><strong>discordiam</strong></span> 
     </span>
    </p>
   </div>
   <div class='ocr_carea' id='block_1_66' title="bbox 2306 3518 3820 3605">
    <p class='ocr_par' dir='ltr' id='par_1_66' title="bbox 2306 3518 3820 3605">
     <span class='ocr_line' id='line_1_68' title="bbox 2306 3518 3820 3605; baseline -0.012 -17"><span class='ocrx_word' id='word_1_438' title='bbox 2306 3535 2486 3605; x_wconf 90' lang='lat' dir='ltr'><strong>potius</strong></span> <span class='ocrx_word' id='word_1_439' title='bbox 2516 3549 2678 3603; x_wconf 91' lang='lat' dir='ltr'><strong>quam</strong></span> <span class='ocrx_word' id='word_1_440' title='bbox 2706 3548 2893 3604; x_wconf 90' lang='lat' dir='ltr'><strong>pacem</strong></span> <span class='ocrx_word' id='word_1_441' title='bbox 2925 3532 3039 3586; x_wconf 84' lang='lat' dir='ltr'><strong>ﬁeri</strong></span> <span class='ocrx_word' id='word_1_442' title='bbox 3071 3540 3125 3587; x_wconf 89' lang='lat' dir='ltr'><strong>et</strong></span> <span class='ocrx_word' id='word_1_443' title='bbox 3154 3530 3341 3586; x_wconf 89' lang='lat' dir='ltr'><strong>videre</strong></span> <span class='ocrx_word' id='word_1_444' title='bbox 3386 3530 3719 3585; x_wconf 85' lang='lat' dir='ltr'><strong>desiderantes</strong></span> <span class='ocrx_word' id='word_1_445' title='bbox 3738 3518 3820 3574; x_wconf 83' lang='lat' dir='ltr'><strong>fore</strong></span> 
     </span>
    </p>
   </div>
   <div class='ocr_carea' id='block_1_67' title="bbox 2307 3611 3821 3698">
    <p class='ocr_par' dir='ltr' id='par_1_67' title="bbox 2307 3611 3821 3698">
     <span class='ocr_line' id='line_1_69' title="bbox 2307 3611 3821 3698; baseline -0.005 -17"><span class='ocrx_word' id='word_1_446' title='bbox 2307 3643 2421 3682; x_wconf 86' lang='lat' dir='ltr'><strong>non</strong></span> <span class='ocrx_word' id='word_1_447' title='bbox 2448 3628 2788 3698; x_wconf 81' lang='lat' dir='ltr'><strong>ignoramus;</strong></span> <span class='ocrx_word' id='word_1_448' title='bbox 2813 3627 3110 3681; x_wconf 89' lang='lat' dir='ltr'><strong>statuimus</strong></span> <span class='ocrx_word' id='word_1_449' title='bbox 3133 3626 3187 3679; x_wconf 92' lang='lat' dir='ltr'><strong>in</strong></span> <span class='ocrx_word' id='word_1_450' title='bbox 3214 3624 3321 3680; x_wconf 89' lang='lat' dir='ltr'><strong>hac</strong></span> <span class='ocrx_word' id='word_1_451' title='bbox 3343 3625 3561 3695; x_wconf 85' lang='lat' dir='ltr'><strong>synodo,</strong></span> <span class='ocrx_word' id='word_1_452' title='bbox 3586 3620 3703 3673; x_wconf 79' lang='lat' dir='ltr'><strong>sicut</strong></span> <span class='ocrx_word' id='word_1_453' title='bbox 3727 3619 3765 3667; x_wconf 75' lang='lat' dir='ltr'><strong>el</strong></span> <span class='ocrx_word' id='word_1_454' title='bbox 3782 3611 3821 3663; x_wconf 79' lang='grc' dir='ltr'><strong>ἱῐι</strong></span> 
     </span>
    </p>
   </div>
   <div class='ocr_carea' id='block_1_68' title="bbox 2308 3702 3823 3790">
    <p class='ocr_par' dir='ltr' id='par_1_68' title="bbox 2308 3702 3823 3790">
     <span class='ocr_line' id='line_1_70' title="bbox 2308 3702 3823 3790; baseline -0.012 -16"><span class='ocrx_word' id='word_1_455' title='bbox 2308 3719 2606 3790; x_wconf 69' lang='lat' dir='ltr'><strong>praeterita,</strong></span> <span class='ocrx_word' id='word_1_456' title='bbox 2632 3728 2693 3773; x_wconf 90' lang='lat' dir='ltr'><strong>ut</strong></span> <span class='ocrx_word' id='word_1_457' title='bbox 2720 3718 2865 3773; x_wconf 88' lang='lat' dir='ltr'><strong>nulla</strong></span> <span class='ocrx_word' id='word_1_458' title='bbox 2899 3732 3131 3787; x_wconf 86' lang='lat' dir='ltr'><strong>persona</strong></span> <span class='ocrx_word' id='word_1_459' title='bbox 3162 3717 3395 3789; x_wconf 86' lang='lat' dir='ltr'><strong>alicujus</strong></span> <span class='ocrx_word' id='word_1_460' title='bbox 3426 3712 3664 3787; x_wconf 70' lang='lat' dir='ltr'><strong>potentiae</strong></span> <span class='ocrx_word' id='word_1_461' title='bbox 3687 3704 3747 3760; x_wconf 91' lang='lat' dir='ltr'><strong>vel</strong></span> <span class='ocrx_word' id='word_1_462' title='bbox 3766 3702 3823 3757; x_wconf 89' lang='lat' dir='ltr'><strong>di-</strong></span> 
     </span>
    </p>
   </div>
   <div class='ocr_carea' id='block_1_69' title="bbox 2310 3797 3823 3883">
    <p class='ocr_par' dir='ltr' id='par_1_69' title="bbox 2310 3797 3823 3883">
     <span class='ocr_line' id='line_1_71' title="bbox 2310 3797 3823 3883; baseline -0.011 -16"><span class='ocrx_word' id='word_1_463' title='bbox 2310 3814 2540 3883; x_wconf 84' lang='lat' dir='ltr'><strong>gnitatis</strong></span> <span class='ocrx_word' id='word_1_464' title='bbox 2567 3814 2679 3867; x_wconf 84' lang='lat' dir='ltr'><strong>sive</strong></span> <span class='ocrx_word' id='word_1_465' title='bbox 2724 3828 2888 3882; x_wconf 88' lang='lat' dir='ltr'><strong>parva</strong></span> <span class='ocrx_word' id='word_1_466' title='bbox 2918 3812 3030 3866; x_wconf 91' lang='lat' dir='ltr'><strong>sive</strong></span> <span class='ocrx_word' id='word_1_467' title='bbox 3079 3826 3299 3881; x_wconf 82' lang='lat' dir='ltr'><strong>magna,</strong></span> <span class='ocrx_word' id='word_1_468' title='bbox 3347 3812 3456 3865; x_wconf 83' lang='lat' dir='ltr'><strong>sive</strong></span> <span class='ocrx_word' id='word_1_469' title='bbox 3494 3808 3709 3879; x_wconf 86' lang='lat' dir='ltr'><strong>princeps</strong></span> <span class='ocrx_word' id='word_1_470' title='bbox 3745 3797 3823 3850; x_wconf 85' lang='lat' dir='ltr'><strong>sive</strong></span> 
     </span>
    </p>
   </div>
   <div class='ocr_carea' id='block_1_70' title="bbox 2310 3887 3824 3977">
    <p class='ocr_par' dir='ltr' id='par_1_70' title="bbox 2310 3887 3824 3977">
     <span class='ocr_line' id='line_1_72' title="bbox 2310 3887 3824 3977; baseline -0.009 -18"><span class='ocrx_word' id='word_1_471' title='bbox 2310 3906 2584 3977; x_wconf 88' lang='lat' dir='ltr'><strong>subjectus</strong></span> <span class='ocrx_word' id='word_1_472' title='bbox 2606 3906 2784 3976; x_wconf 89' lang='lat' dir='ltr'><strong>aliqua</strong></span> <span class='ocrx_word' id='word_1_473' title='bbox 2808 3905 3236 3975; x_wconf 69' lang='lat' dir='ltr'><strong>praesumptione</strong></span> <span class='ocrx_word' id='word_1_474' title='bbox 3267 3904 3468 3960; x_wconf 90' lang='lat' dir='ltr'><strong>audeat</strong></span> <span class='ocrx_word' id='word_1_475' title='bbox 3488 3899 3657 3971; x_wconf 80' lang='lat' dir='ltr'><strong>legatis</strong></span> <span class='ocrx_word' id='word_1_476' title='bbox 3673 3887 3824 3950; x_wconf 67' lang='lat' dir='ltr'><strong>nostris</strong></span> 
     </span>
    </p>
   </div>
   <div class='ocr_carea' id='block_1_71' title="bbox 2312 3980 3821 4069">
    <p class='ocr_par' dir='ltr' id='par_1_71' title="bbox 2312 3980 3821 4069">
     <span class='ocr_line' id='line_1_73' title="bbox 2312 3980 3821 4069; baseline -0.005 -16"><span class='ocrx_word' id='word_1_477' title='bbox 2312 3998 2594 4066; x_wconf 89' lang='lat' dir='ltr'><strong>obsistere,</strong></span> <span class='ocrx_word' id='word_1_478' title='bbox 2623 4006 2825 4053; x_wconf 91' lang='lat' dir='ltr'><strong>etcum</strong></span> <span class='ocrx_word' id='word_1_479' title='bbox 2849 3998 2922 4053; x_wconf 87' lang='lat' dir='ltr'><strong>ad</strong></span> <span class='ocrx_word' id='word_1_480' title='bbox 2946 4013 3042 4053; x_wconf 90' lang='lat' dir='ltr'><strong>vos</strong></span> <span class='ocrx_word' id='word_1_481' title='bbox 3065 3999 3411 4069; x_wconf 86' lang='lat' dir='ltr'><strong>pervenerint</strong></span> <span class='ocrx_word' id='word_1_482' title='bbox 3426 3996 3495 4051; x_wconf 89' lang='lat' dir='ltr'><strong>de</strong></span> <span class='ocrx_word' id='word_1_483' title='bbox 3516 3980 3821 4060; x_wconf 77' lang='lat' dir='ltr'><strong>componellda</strong></span> 
     </span>
    </p>
   </div>
   <div class='ocr_carea' id='block_1_72' title="bbox 494 4076 3828 4177">
    <p class='ocr_par' dir='ltr' id='par_1_72' title="bbox 494 4076 3828 4177">
     <span class='ocr_line' id='line_1_74' title="bbox 494 4076 3828 4177; baseline -0.004 -29"><span class='ocrx_word' id='word_1_484' title='bbox 494 4172 513 4177; x_wconf 77' lang='lat'>_</span> <span class='ocrx_word' id='word_1_485' title='bbox 608 4092 875 4163; x_wconf 90' lang='lat' dir='ltr'><strong>episcopis</strong></span> <span class='ocrx_word' id='word_1_486' title='bbox 902 4099 957 4147; x_wconf 92' lang='lat' dir='ltr'><strong>et</strong></span> <span class='ocrx_word' id='word_1_487' title='bbox 980 4089 1246 4160; x_wconf 90' lang='lat' dir='ltr'><strong>episcopis</strong></span> <span class='ocrx_word' id='word_1_488' title='bbox 1274 4091 1331 4144; x_wconf 93' lang='lat' dir='ltr'><strong>in</strong></span> <span class='ocrx_word' id='word_1_489' title='bbox 1368 4090 1699 4157; x_wconf 89' lang='lat' dir='ltr'><strong>Teutonico,</strong></span> <span class='ocrx_word' id='word_1_490' title='bbox 1727 4098 1894 4162; x_wconf 89' lang='lat' dir='ltr'><strong>atque</strong></span> <span class='ocrx_word' id='word_1_491' title='bbox 1943 4092 1998 4147; x_wconf 91' lang='lat' dir='ltr'><strong>in</strong></span> <span class='ocrx_word' id='word_1_492' title='bbox 2027 4094 2201 4150; x_wconf 90' lang='lat' dir='ltr'><strong>Saxo-</strong></span> <span class='ocrx_word' id='word_1_493' title='bbox 2231 4088 2280 4149; x_wconf 92' lang='lat' dir='ltr'><strong>D</strong></span> <span class='ocrx_word' id='word_1_494' title='bbox 2312 4108 2444 4163; x_wconf 89' lang='lat' dir='ltr'><strong>pace</strong></span> <span class='ocrx_word' id='word_1_495' title='bbox 2491 4092 2791 4159; x_wconf 90' lang='lat' dir='ltr'><strong>contraire,</strong></span> <span class='ocrx_word' id='word_1_496' title='bbox 2839 4107 2941 4147; x_wconf 90' lang='lat' dir='ltr'><strong>nec</strong></span> <span class='ocrx_word' id='word_1_497' title='bbox 2970 4099 3161 4161; x_wconf 89' lang='lat' dir='ltr'><strong>postea</strong></span> <span class='ocrx_word' id='word_1_498' title='bbox 3189 4099 3381 4146; x_wconf 90' lang='lat' dir='ltr'><strong>contra</strong></span> <span class='ocrx_word' id='word_1_499' title='bbox 3411 4088 3725 4144; x_wconf 86' lang='lat' dir='ltr'><strong>interdictum</strong></span> <span class='ocrx_word' id='word_1_500' title='bbox 3746 4076 3828 4131; x_wconf 74' lang='lat' dir='ltr'><strong>i||0°</strong></span> 
     </span>
    </p>
   </div>
   <div class='ocr_carea' id='block_1_73' title="bbox 606 4182 2199 4259">
    <p class='ocr_par' dir='ltr' id='par_1_73' title="bbox 606 4182 2199 4259">
     <span class='ocr_line' id='line_1_75' title="bbox 606 4182 2199 4259; baseline 0.002 -19"><span class='ocrx_word' id='word_1_501' title='bbox 606 4186 733 4240; x_wconf 90' lang='lat' dir='ltr'><strong>nico</strong></span> <span class='ocrx_word' id='word_1_502' title='bbox 774 4198 942 4255; x_wconf 83' lang='lat' dir='ltr'><strong>regno</strong></span> <span class='ocrx_word' id='word_1_503' title='bbox 987 4183 1490 4250; x_wconf 89' lang='lat' dir='ltr'><strong>commanentibus,</strong></span> <span class='ocrx_word' id='word_1_504' title='bbox 1522 4182 1892 4256; x_wconf 90' lang='lat' dir='ltr'><strong>omnibusque</strong></span> <span class='ocrx_word' id='word_1_505' title='bbox 1937 4186 2199 4259; x_wconf 89' lang='lat' dir='ltr'><strong>principi-</strong></span> 
     </span>
    </p>
   </div>
   <div class='ocr_carea' id='block_1_74' title="bbox 606 4272 2198 4350">
    <p class='ocr_par' dir='ltr' id='par_1_74' title="bbox 606 4272 2198 4350">
     <span class='ocr_line' id='line_1_76' title="bbox 606 4272 2198 4350; baseline 0.004 -18"><span class='ocrx_word' id='word_1_506' title='bbox 606 4279 730 4343; x_wconf 85' lang='lat' dir='ltr'><strong>bus,</strong></span> <span class='ocrx_word' id='word_1_507' title='bbox 771 4276 1089 4347; x_wconf 89' lang='lat' dir='ltr'><strong>cunctisque</strong></span> <span class='ocrx_word' id='word_1_508' title='bbox 1132 4272 1434 4348; x_wconf 86' lang='lat' dir='ltr'><strong>majoribus</strong></span> <span class='ocrx_word' id='word_1_509' title='bbox 1483 4285 1537 4332; x_wconf 92' lang='lat' dir='ltr'><strong>et</strong></span> <span class='ocrx_word' id='word_1_510' title='bbox 1566 4276 1897 4346; x_wconf 90' lang='lat' dir='ltr'><strong>minoribus,</strong></span> <span class='ocrx_word' id='word_1_511' title='bbox 1951 4279 2041 4350; x_wconf 91' lang='lat' dir='ltr'><strong>qui</strong></span> <span class='ocrx_word' id='word_1_512' title='bbox 2087 4298 2198 4338; x_wconf 90' lang='lat' dir='ltr'><strong>non</strong></span> 
     </span>
    </p>
   </div>
   <div class='ocr_carea' id='block_1_75' title="bbox 606 4370 2196 4442">
    <p class='ocr_par' dir='ltr' id='par_1_75' title="bbox 606 4370 2196 4442">
     <span class='ocr_line' id='line_1_77' title="bbox 606 4370 2196 4442; baseline 0.004 -16"><span class='ocrx_word' id='word_1_513' title='bbox 606 4380 737 4427; x_wconf 91' lang='lat' dir='ltr'><strong>sunt</strong></span> <span class='ocrx_word' id='word_1_514' title='bbox 762 4370 1245 4438; x_wconf 87' lang='lat' dir='ltr'><strong>excommunicati,</strong></span> <span class='ocrx_word' id='word_1_515' title='bbox 1290 4379 1345 4426; x_wconf 90' lang='lat' dir='ltr'><strong>et</strong></span> <span class='ocrx_word' id='word_1_516' title='bbox 1372 4371 1599 4428; x_wconf 87' lang='lat' dir='ltr'><strong>obedire</strong></span> <span class='ocrx_word' id='word_1_517' title='bbox 1628 4371 1933 4442; x_wconf 90' lang='lat' dir='ltr'><strong>voluerunt,</strong></span> <span class='ocrx_word' id='word_1_518' title='bbox 1967 4376 2196 4433; x_wconf 90' lang='lat' dir='ltr'><strong>salutem</strong></span> 
     </span>
    </p>
   </div>
   <div class='ocr_carea' id='block_1_76' title="bbox 608 4463 1605 4537">
    <p class='ocr_par' dir='ltr' id='par_1_76' title="bbox 608 4463 1605 4537">
     <span class='ocr_line' id='line_1_78' title="bbox 608 4463 1605 4537; baseline -0.006 -17"><span class='ocrx_word' id='word_1_519' title='bbox 608 4473 662 4520; x_wconf 90' lang='lat' dir='ltr'><strong>et</strong></span> <span class='ocrx_word' id='word_1_520' title='bbox 688 4465 1048 4537; x_wconf 89' lang='lat' dir='ltr'><strong>apostolicam</strong></span> <span class='ocrx_word' id='word_1_521' title='bbox 1078 4463 1537 4521; x_wconf 89' lang='lat' dir='ltr'><strong>benedictionem.</strong></span> <span class='ocrx_word' id='word_1_522' title='bbox 1581 4489 1605 4514; x_wconf 69' lang='grc' dir='ltr'><strong>υ</strong></span> 
     </span>
    </p>
   </div>
   <div class='ocr_carea' id='block_1_77' title="bbox 679 4558 2195 4628">
    <p class='ocr_par' dir='ltr' id='par_1_77' title="bbox 679 4558 2195 4628">
     <span class='ocr_line' id='line_1_79' title="bbox 679 4558 2195 4628; baseline 0.003 -15"><span class='ocrx_word' id='word_1_523' title='bbox 679 4559 969 4628; x_wconf 87' lang='lat' dir='ltr'><strong>Quomodo</strong></span> <span class='ocrx_word' id='word_1_524' title='bbox 1000 4574 1065 4614; x_wconf 82' lang='lat' dir='ltr'><strong>ex</strong></span> <span class='ocrx_word' id='word_1_525' title='bbox 1097 4559 1186 4614; x_wconf 90' lang='lat' dir='ltr'><strong>lite</strong></span> <span class='ocrx_word' id='word_1_526' title='bbox 1234 4567 1289 4614; x_wconf 89' lang='lat' dir='ltr'><strong>et</strong></span> <span class='ocrx_word' id='word_1_527' title='bbox 1317 4558 1658 4615; x_wconf 88' lang='lat' dir='ltr'><strong>dissensione</strong></span> <span class='ocrx_word' id='word_1_528' title='bbox 1687 4568 1863 4616; x_wconf 89' lang='lat' dir='ltr'><strong>vestra</strong></span> <span class='ocrx_word' id='word_1_529' title='bbox 1895 4561 2195 4618; x_wconf 85' lang='lat' dir='ltr'><strong>maximum</strong></span> 
     </span>
    </p>
   </div>
   <div class='ocr_carea' id='block_1_78' title="bbox 608 4652 2200 4725">
    <p class='ocr_par' dir='ltr' id='par_1_78' title="bbox 608 4652 2200 4725">
     <span class='ocr_line' id='line_1_80' title="bbox 608 4652 2200 4725; baseline 0.001 -18"><span class='ocrx_word' id='word_1_530' title='bbox 608 4655 666 4708; x_wconf 90' lang='lat' dir='ltr'><strong>in</strong></span> <span class='ocrx_word' id='word_1_531' title='bbox 688 4662 875 4708; x_wconf 85' lang='lat' dir='ltr'><strong>sancta</strong></span> <span class='ocrx_word' id='word_1_532' title='bbox 905 4652 1145 4708; x_wconf 84' lang='lat' dir='ltr'><strong>Ecclesia</strong></span> <span class='ocrx_word' id='word_1_533' title='bbox 1176 4653 1476 4723; x_wconf 89' lang='lat' dir='ltr'><strong>periculum</strong></span> <span class='ocrx_word' id='word_1_534' title='bbox 1501 4654 1611 4708; x_wconf 87' lang='lat' dir='ltr'><strong>lieri</strong></span> <span class='ocrx_word' id='word_1_535' title='bbox 1638 4654 1888 4725; x_wconf 90' lang='lat' dir='ltr'><strong>quotidie</strong></span> <span class='ocrx_word' id='word_1_536' title='bbox 1918 4656 2200 4725; x_wconf 84' lang='lat' dir='ltr'><strong>cognosci-</strong></span> 
     </span>
    </p>
   </div>
   <div class='ocr_carea' id='block_1_79' title="bbox 610 4745 2200 4815">
    <p class='ocr_par' dir='ltr' id='par_1_79' title="bbox 610 4745 2200 4815">
     <span class='ocr_line' id='line_1_81' title="bbox 610 4745 2200 4815; baseline 0.003 -15"><span class='ocrx_word' id='word_1_537' title='bbox 610 4760 755 4815; x_wconf 89' lang='lat' dir='ltr'><strong>mus,</strong></span> <span class='ocrx_word' id='word_1_538' title='bbox 780 4746 958 4800; x_wconf 84' lang='lat' dir='ltr'><strong>visum</strong></span> <span class='ocrx_word' id='word_1_539' title='bbox 980 4753 1072 4807; x_wconf 69' lang='lat' dir='ltr'><strong>ost</strong></span> <span class='ocrx_word' id='word_1_540' title='bbox 1111 4745 1289 4813; x_wconf 93' lang='lat' dir='ltr'><strong>nobis,</strong></span> <span class='ocrx_word' id='word_1_541' title='bbox 1323 4747 1493 4801; x_wconf 85' lang='lat' dir='ltr'><strong>visum</strong></span> <span class='ocrx_word' id='word_1_542' title='bbox 1523 4756 1602 4801; x_wconf 88' lang='lat' dir='ltr'><strong>est</strong></span> <span class='ocrx_word' id='word_1_543' title='bbox 1632 4756 1685 4801; x_wconf 90' lang='lat' dir='ltr'><strong>et</strong></span> <span class='ocrx_word' id='word_1_544' title='bbox 1713 4747 1967 4802; x_wconf 84' lang='lat' dir='ltr'><strong>fratribus</strong></span> <span class='ocrx_word' id='word_1_545' title='bbox 1996 4750 2200 4804; x_wconf 85' lang='lat' dir='ltr'><strong>nostris</strong></span> 
     </span>
    </p>
   </div>
   <div class='ocr_carea' id='block_1_80' title="bbox 606 4838 2196 4913">
    <p class='ocr_par' dir='ltr' id='par_1_80' title="bbox 606 4838 2196 4913">
     <span class='ocr_line' id='line_1_82' title="bbox 606 4838 2196 4913; baseline 0.003 -20"><span class='ocrx_word' id='word_1_546' title='bbox 606 4840 665 4893; x_wconf 91' lang='lat' dir='ltr'><strong>in</strong></span> <span class='ocrx_word' id='word_1_547' title='bbox 713 4838 945 4894; x_wconf 91' lang='lat' dir='ltr'><strong>concilio</strong></span> <span class='ocrx_word' id='word_1_548' title='bbox 991 4840 1331 4909; x_wconf 80' lang='lat' dir='ltr'><strong>congregatis</strong></span> <span class='ocrx_word' id='word_1_549' title='bbox 1377 4857 1595 4896; x_wconf 88' lang='lat' dir='ltr'><strong>summa</strong></span> <span class='ocrx_word' id='word_1_550' title='bbox 1646 4856 1747 4912; x_wconf 84' lang='lat' dir='ltr'><strong>cpe</strong></span> <span class='ocrx_word' id='word_1_551' title='bbox 1792 4841 2068 4897; x_wconf 91' lang='lat' dir='ltr'><strong>elaborare</strong></span> <span class='ocrx_word' id='word_1_552' title='bbox 2098 4859 2196 4913; x_wconf 90' lang='lat' dir='ltr'><strong>pro</strong></span> 
     </span>
    </p>
   </div>
   <div class='ocr_carea' id='block_1_81' title="bbox 607 4931 2196 5006">
    <p class='ocr_par' dir='ltr' id='par_1_81' title="bbox 607 4931 2196 5006">
     <span class='ocr_line' id='line_1_83' title="bbox 607 4931 2196 5006; baseline 0.003 -21"><span class='ocrx_word' id='word_1_553' title='bbox 607 4931 832 4999; x_wconf 89' lang='lat' dir='ltr'><strong>viribus,</strong></span> <span class='ocrx_word' id='word_1_554' title='bbox 864 4938 1136 5001; x_wconf 88' lang='lat' dir='ltr'><strong>quatenus</strong></span> <span class='ocrx_word' id='word_1_555' title='bbox 1166 4931 1346 4987; x_wconf 90' lang='lat' dir='ltr'><strong>idonei</strong></span> <span class='ocrx_word' id='word_1_556' title='bbox 1377 4934 1577 4999; x_wconf 92' lang='lat' dir='ltr'><strong>nuntii,</strong></span> <span class='ocrx_word' id='word_1_557' title='bbox 1608 4942 1723 4988; x_wconf 90' lang='lat' dir='ltr'><strong>tam</strong></span> <span class='ocrx_word' id='word_1_558' title='bbox 1750 4935 2009 5006; x_wconf 85' lang='lat' dir='ltr'><strong>religione</strong></span> <span class='ocrx_word' id='word_1_559' title='bbox 2030 4951 2196 5005; x_wconf 89' lang='lat' dir='ltr'><strong>quam</strong></span> 
     </span>
    </p>
   </div>
   <div class='ocr_carea' id='block_1_82' title="bbox 607 5023 2197 5099">
    <p class='ocr_par' dir='ltr' id='par_1_82' title="bbox 607 5023 2197 5099">
     <span class='ocr_line' id='line_1_84' title="bbox 607 5023 2197 5099; baseline 0.002 -19"><span class='ocrx_word' id='word_1_560' title='bbox 607 5024 834 5080; x_wconf 88' lang='lat' dir='ltr'><strong>scientia</strong></span> <span class='ocrx_word' id='word_1_561' title='bbox 865 5023 1150 5094; x_wconf 89' lang='lat' dir='ltr'><strong>pollentes,</strong></span> <span class='ocrx_word' id='word_1_562' title='bbox 1171 5040 1200 5079; x_wconf 91' lang='lat' dir='ltr'><strong>e</strong></span> <span class='ocrx_word' id='word_1_563' title='bbox 1227 5025 1394 5080; x_wconf 87' lang='lat' dir='ltr'><strong>latere</strong></span> <span class='ocrx_word' id='word_1_564' title='bbox 1422 5027 1736 5097; x_wconf 68' lang='lat' dir='ltr'><strong>apostolicae</strong></span> <span class='ocrx_word' id='word_1_565' title='bbox 1756 5028 1900 5083; x_wconf 91' lang='lat' dir='ltr'><strong>sedis</strong></span> <span class='ocrx_word' id='word_1_566' title='bbox 1922 5028 1991 5084; x_wconf 90' lang='lat' dir='ltr'><strong>ad</strong></span> <span class='ocrx_word' id='word_1_567' title='bbox 2017 5037 2197 5099; x_wconf 89' lang='lat' dir='ltr'><strong>partes</strong></span> 
     </span>
    </p>
   </div>
   <div class='ocr_carea' id='block_1_83' title="bbox 605 5118 2195 5192">
    <p class='ocr_par' dir='ltr' id='par_1_83' title="bbox 605 5118 2195 5192">
     <span class='ocr_line' id='line_1_85' title="bbox 605 5118 2195 5192; baseline 0.003 -20"><span class='ocrx_word' id='word_1_568' title='bbox 605 5126 815 5173; x_wconf 82' lang='lat' dir='ltr'><strong>vestras</strong></span> <span class='ocrx_word' id='word_1_569' title='bbox 842 5118 1213 5181; x_wconf 84' lang='lat' dir='ltr'><strong>mitterentur,</strong></span> <span class='ocrx_word' id='word_1_570' title='bbox 1243 5119 1336 5188; x_wconf 90' lang='lat' dir='ltr'><strong>qui</strong></span> <span class='ocrx_word' id='word_1_571' title='bbox 1373 5119 1661 5191; x_wconf 87' lang='lat' dir='ltr'><strong>religiosos</strong></span> <span class='ocrx_word' id='word_1_572' title='bbox 1690 5121 1997 5192; x_wconf 89' lang='lat' dir='ltr'><strong>episcopos,</strong></span> <span class='ocrx_word' id='word_1_573' title='bbox 2027 5122 2195 5177; x_wconf 91' lang='lat' dir='ltr'><strong>laicos</strong></span> 
     </span>
    </p>
   </div>
   <div class='ocr_carea' id='block_1_84' title="bbox 2312 4176 3827 4253">
    <p class='ocr_par' dir='ltr' id='par_1_84' title="bbox 2312 4176 3827 4253">
     <span class='ocr_line' id='line_1_86' title="bbox 2312 4176 3827 4253; baseline -0.002 -12"><span class='ocrx_word' id='word_1_574' title='bbox 2312 4202 2435 4241; x_wconf 92' lang='lat' dir='ltr'><strong>rum</strong></span> <span class='ocrx_word' id='word_1_575' title='bbox 2466 4187 2606 4241; x_wconf 88' lang='lat' dir='ltr'><strong>alter</strong></span> <span class='ocrx_word' id='word_1_576' title='bbox 2650 4187 2705 4240; x_wconf 93' lang='lat' dir='ltr'><strong>in</strong></span> <span class='ocrx_word' id='word_1_577' title='bbox 2744 4186 2977 4241; x_wconf 90' lang='lat' dir='ltr'><strong>alterum</strong></span> <span class='ocrx_word' id='word_1_578' title='bbox 3030 4184 3225 4240; x_wconf 86' lang='lat' dir='ltr'><strong>audeat</strong></span> <span class='ocrx_word' id='word_1_579' title='bbox 3256 4186 3555 4253; x_wconf 82' lang='lat' dir='ltr'><strong>insurgere,</strong></span> <span class='ocrx_word' id='word_1_580' title='bbox 3582 4176 3666 4234; x_wconf 83' lang='lat' dir='ltr'><strong>sed</strong></span> <span class='ocrx_word' id='word_1_581' title='bbox 3702 4180 3827 4239; x_wconf 65' lang='lat' dir='ltr'><strong>usque</strong></span> 
     </span>
    </p>
   </div>
   <div class='ocr_carea' id='block_1_85' title="bbox 2313 4262 3826 4348">
    <p class='ocr_par' dir='ltr' id='par_1_85' title="bbox 2313 4262 3826 4348">
     <span class='ocr_line' id='line_1_87' title="bbox 2313 4262 3826 4348; baseline -0.01 -12"><span class='ocrx_word' id='word_1_582' title='bbox 2313 4280 2384 4335; x_wconf 89' lang='lat' dir='ltr'><strong>ad</strong></span> <span class='ocrx_word' id='word_1_583' title='bbox 2414 4280 2559 4336; x_wconf 92' lang='lat' dir='ltr'><strong>diem</strong></span> <span class='ocrx_word' id='word_1_584' title='bbox 2581 4279 2651 4334; x_wconf 90' lang='lat' dir='ltr'><strong>ab</strong></span> <span class='ocrx_word' id='word_1_585' title='bbox 2682 4278 2790 4333; x_wconf 91' lang='lat' dir='ltr'><strong>illis</strong></span> <span class='ocrx_word' id='word_1_586' title='bbox 2804 4286 3071 4334; x_wconf 87' lang='lat' dir='ltr'><strong>statutum</strong></span> <span class='ocrx_word' id='word_1_587' title='bbox 3096 4278 3319 4334; x_wconf 83' lang='lat' dir='ltr'><strong>firmam</strong></span> <span class='ocrx_word' id='word_1_588' title='bbox 3352 4292 3534 4348; x_wconf 90' lang='lat' dir='ltr'><strong>pacem</strong></span> <span class='ocrx_word' id='word_1_589' title='bbox 3555 4282 3718 4329; x_wconf 88' lang='lat' dir='ltr'><strong>omnes</strong></span> <span class='ocrx_word' id='word_1_590' title='bbox 3739 4262 3826 4317; x_wconf 75' lang='lat' dir='ltr'><strong>sine</strong></span> 
     </span>
    </p>
   </div>
   <div class='ocr_carea' id='block_1_86' title="bbox 2311 4363 3826 4439">
    <p class='ocr_par' dir='ltr' id='par_1_86' title="bbox 2311 4363 3826 4439">
     <span class='ocr_line' id='line_1_88' title="bbox 2311 4363 3826 4439; baseline -0.011 -12"><span class='ocrx_word' id='word_1_591' title='bbox 2311 4374 2419 4427; x_wconf 90' lang='lat' dir='ltr'><strong>ulla</strong></span> <span class='ocrx_word' id='word_1_592' title='bbox 2448 4374 2736 4428; x_wconf 91' lang='lat' dir='ltr'><strong>occasione</strong></span> <span class='ocrx_word' id='word_1_593' title='bbox 2751 4380 2804 4427; x_wconf 89' lang='lat' dir='ltr'><strong>et</strong></span> <span class='ocrx_word' id='word_1_594' title='bbox 2821 4371 3008 4427; x_wconf 81' lang='lat' dir='ltr'><strong>fraude</strong></span> <span class='ocrx_word' id='word_1_595' title='bbox 3028 4372 3340 4427; x_wconf 88' lang='lat' dir='ltr'><strong>observent.</strong></span> <span class='ocrx_word' id='word_1_596' title='bbox 3371 4371 3669 4439; x_wconf 89' lang='lat' dir='ltr'><strong>Quicunque</strong></span> <span class='ocrx_word' id='word_1_597' title='bbox 3689 4363 3826 4415; x_wconf 81' lang='lat' dir='ltr'><strong>autem</strong></span> 
     </span>
    </p>
   </div>
   <div class='ocr_carea' id='block_1_87' title="bbox 2312 4458 3823 4535">
    <p class='ocr_par' dir='ltr' id='par_1_87' title="bbox 2312 4458 3823 4535">
     <span class='ocr_line' id='line_1_89' title="bbox 2312 4458 3823 4535; baseline -0.014 -14"><span class='ocrx_word' id='word_1_598' title='bbox 2312 4467 2427 4522; x_wconf 75' lang='lat' dir='ltr'><strong>haec</strong></span> <span class='ocrx_word' id='word_1_599' title='bbox 2451 4475 2625 4521; x_wconf 89' lang='lat' dir='ltr'><strong>vestra</strong></span> <span class='ocrx_word' id='word_1_600' title='bbox 2657 4466 2905 4521; x_wconf 89' lang='lat' dir='ltr'><strong>instituta</strong></span> <span class='ocrx_word' id='word_1_601' title='bbox 2937 4466 3041 4520; x_wconf 89' lang='lat' dir='ltr'><strong>ulla</strong></span> <span class='ocrx_word' id='word_1_602' title='bbox 3074 4466 3499 4535; x_wconf 67' lang='lat' dir='ltr'><strong>praésumptione</strong></span> <span class='ocrx_word' id='word_1_603' title='bbox 3526 4458 3701 4514; x_wconf 87' lang='lat' dir='ltr'><strong>violare</strong></span> <span class='ocrx_word' id='word_1_604' title='bbox 3734 4458 3823 4503; x_wconf 86' lang='lat' dir='ltr'><strong>ten-</strong></span> 
     </span>
    </p>
   </div>
   <div class='ocr_carea' id='block_1_88' title="bbox 2310 4553 3825 4638">
    <p class='ocr_par' dir='ltr' id='par_1_88' title="bbox 2310 4553 3825 4638">
     <span class='ocr_line' id='line_1_90' title="bbox 2310 4553 3825 4638; baseline -0.011 -23"><span class='ocrx_word' id='word_1_605' title='bbox 2310 4561 2523 4627; x_wconf 87' lang='lat' dir='ltr'><strong>taverit,</strong></span> <span class='ocrx_word' id='word_1_606' title='bbox 2559 4560 2930 4615; x_wconf 90' lang='lat' dir='ltr'><strong>anathematis</strong></span> <span class='ocrx_word' id='word_1_607' title='bbox 2964 4559 3179 4613; x_wconf 91' lang='lat' dir='ltr'><strong>vinculo</strong></span> <span class='ocrx_word' id='word_1_608' title='bbox 3222 4574 3351 4613; x_wconf 88' lang='lat' dir='ltr'><strong>eum</strong></span> <span class='ocrx_word' id='word_1_609' title='bbox 3400 4558 3633 4627; x_wconf 88' lang='lat' dir='ltr'><strong>ligamus,</strong></span> <span class='ocrx_word' id='word_1_610' title='bbox 3666 4554 3713 4601; x_wconf 89' lang='lat' dir='ltr'><strong>et</strong></span> <span class='ocrx_word' id='word_1_611' title='bbox 3742 4553 3825 4638; x_wconf 63' lang='lat' dir='ltr'><strong>nou</strong></span> 
     </span>
    </p>
   </div>
   <div class='ocr_carea' id='block_1_89' title="bbox 2310 4643 3825 4724">
    <p class='ocr_par' dir='ltr' id='par_1_89' title="bbox 2310 4643 3825 4724">
     <span class='ocr_line' id='line_1_91' title="bbox 2310 4643 3825 4724; baseline -0.012 -16"><span class='ocrx_word' id='word_1_612' title='bbox 2310 4654 2487 4708; x_wconf 91' lang='lat' dir='ltr'><strong>solum</strong></span> <span class='ocrx_word' id='word_1_613' title='bbox 2514 4654 2568 4708; x_wconf 91' lang='lat' dir='ltr'><strong>in</strong></span> <span class='ocrx_word' id='word_1_614' title='bbox 2594 4653 2813 4724; x_wconf 89' lang='lat' dir='ltr'><strong>spiritu,</strong></span> <span class='ocrx_word' id='word_1_615' title='bbox 2846 4667 3035 4708; x_wconf 89' lang='lat' dir='ltr'><strong>verum</strong></span> <span class='ocrx_word' id='word_1_616' title='bbox 3065 4652 3231 4707; x_wconf 89' lang='lat' dir='ltr'><strong>etiam</strong></span> <span class='ocrx_word' id='word_1_617' title='bbox 3253 4652 3313 4706; x_wconf 91' lang='lat' dir='ltr'><strong>in</strong></span> <span class='ocrx_word' id='word_1_618' title='bbox 3341 4664 3561 4720; x_wconf 88' lang='lat' dir='ltr'><strong>corpore</strong></span> <span class='ocrx_word' id='word_1_619' title='bbox 3583 4653 3631 4699; x_wconf 89' lang='lat' dir='ltr'><strong>et</strong></span> <span class='ocrx_word' id='word_1_620' title='bbox 3647 4643 3693 4696; x_wconf 83' lang='lat' dir='ltr'><strong>in</strong></span> <span class='ocrx_word' id='word_1_621' title='bbox 3715 4647 3825 4692; x_wconf 75' lang='lat' dir='ltr'><strong>omni</strong></span> 
     </span>
    </p>
   </div>
   <div class='ocr_carea' id='block_1_90' title="bbox 2312 4733 3825 4819">
    <p class='ocr_par' dir='ltr' id='par_1_90' title="bbox 2312 4733 3825 4819">
     <span class='ocr_line' id='line_1_92' title="bbox 2312 4733 3825 4819; baseline -0.015 -16"><span class='ocrx_word' id='word_1_622' title='bbox 2312 4749 2666 4819; x_wconf 89' lang='lat' dir='ltr'><strong>prosperitate</strong></span> <span class='ocrx_word' id='word_1_623' title='bbox 2696 4746 2858 4817; x_wconf 86' lang='lat' dir='ltr'><strong>hujus</strong></span> <span class='ocrx_word' id='word_1_624' title='bbox 2886 4748 3014 4803; x_wconf 70' lang='lat' dir='ltr'><strong>vita:</strong></span> <span class='ocrx_word' id='word_1_625' title='bbox 3053 4746 3350 4816; x_wconf 90' lang='lat' dir='ltr'><strong>apostolica</strong></span> <span class='ocrx_word' id='word_1_626' title='bbox 3380 4741 3674 4800; x_wconf 91' lang='lat' dir='ltr'><strong>auctoritate</strong></span> <span class='ocrx_word' id='word_1_627' title='bbox 3706 4733 3825 4819; x_wconf 77' lang='lat' dir='ltr'><strong>inno-</strong></span> 
     </span>
    </p>
   </div>
   <div class='ocr_carea' id='block_1_91' title="bbox 2308 4817 3823 4908">
    <p class='ocr_par' dir='ltr' id='par_1_91' title="bbox 2308 4817 3823 4908">
     <span class='ocr_line' id='line_1_93' title="bbox 2308 4817 3823 4908; baseline -0.012 -12"><span class='ocrx_word' id='word_1_628' title='bbox 2308 4842 2523 4908; x_wconf 90' lang='lat' dir='ltr'><strong>damus,</strong></span> <span class='ocrx_word' id='word_1_629' title='bbox 2555 4850 2609 4896; x_wconf 95' lang='lat' dir='ltr'><strong>et</strong></span> <span class='ocrx_word' id='word_1_630' title='bbox 2638 4840 2921 4896; x_wconf 89' lang='lat' dir='ltr'><strong>victoriam</strong></span> <span class='ocrx_word' id='word_1_631' title='bbox 2951 4840 3006 4894; x_wconf 91' lang='lat' dir='ltr'><strong>in</strong></span> <span class='ocrx_word' id='word_1_632' title='bbox 3035 4839 3205 4893; x_wconf 85' lang='lat' dir='ltr'><strong>armis</strong></span> <span class='ocrx_word' id='word_1_633' title='bbox 3230 4837 3541 4899; x_wconf 86' lang='lat' dir='ltr'><strong>auferimus,</strong></span> <span class='ocrx_word' id='word_1_634' title='bbox 3567 4840 3621 4888; x_wconf 88' lang='lat' dir='ltr'><strong>ut</strong></span> <span class='ocrx_word' id='word_1_635' title='bbox 3656 4828 3719 4882; x_wconf 91' lang='lat' dir='ltr'><strong>sic</strong></span> <span class='ocrx_word' id='word_1_636' title='bbox 3746 4817 3823 4873; x_wconf 79' lang='lat' dir='ltr'><strong>sal-</strong></span> 
     </span>
    </p>
   </div>
   <div class='ocr_carea' id='block_1_92' title="bbox 2310 4921 3824 5003">
    <p class='ocr_par' dir='ltr' id='par_1_92' title="bbox 2310 4921 3824 5003">
     <span class='ocr_line' id='line_1_94' title="bbox 2310 4921 3824 5003; baseline -0.016 -13"><span class='ocrx_word' id='word_1_637' title='bbox 2310 4944 2421 4990; x_wconf 92' lang='lat' dir='ltr'><strong>tem</strong></span> <span class='ocrx_word' id='word_1_638' title='bbox 2474 4934 2883 4991; x_wconf 84' lang='lat' dir='ltr'><strong>confundantur</strong></span> <span class='ocrx_word' id='word_1_639' title='bbox 2947 4942 3012 4989; x_wconf 82' lang='lat' dir='ltr'><strong>et-</strong></span> <span class='ocrx_word' id='word_1_640' title='bbox 3056 4932 3259 5003; x_wconf 92' lang='lat' dir='ltr'><strong>duplici</strong></span> <span class='ocrx_word' id='word_1_641' title='bbox 3323 4930 3634 4987; x_wconf 83' lang='lat' dir='ltr'><strong>contritione</strong></span> <span class='ocrx_word' id='word_1_642' title='bbox 3681 4921 3824 4973; x_wconf 51' lang='lat' dir='ltr'><strong>conte-</strong></span> 
     </span>
    </p>
   </div>
   <div class='ocr_carea' id='block_1_93' title="bbox 2309 5036 2525 5085">
    <p class='ocr_par' dir='ltr' id='par_1_93' title="bbox 2309 5036 2525 5085">
     <span class='ocr_line' id='line_1_95' title="bbox 2309 5036 2525 5085; baseline 0.009 -2"><span class='ocrx_word' id='word_1_643' title='bbox 2309 5036 2525 5085; x_wconf 86' lang='lat' dir='ltr'><strong>rantur.</strong></span> 
     </span>
    </p>
   </div>
   <div class='ocr_carea' id='block_1_94' title="bbox 618 5219 3818 5256">
    <p class='ocr_par' dir='ltr' id='par_1_94' title="bbox 618 5219 3818 5256">
     <span class='ocr_line' id='line_1_96' title="bbox 618 5219 3818 5256; baseline -0.001 -19"><span class='ocrx_word' id='word_1_644' title='bbox 618 5219 3818 5256; x_wconf 77' lang='lat'><strong>_________________________________________________________.....</strong></span> 
     </span>
    </p>
   </div>
   <div class='ocr_carea' id='block_1_95' title="bbox 1428 5322 3087 5435">
    <p class='ocr_par' dir='ltr' id='par_1_95' title="bbox 1428 5322 3087 5435">
     <span class='ocr_line' id='line_1_97' title="bbox 1428 5322 3087 5435; baseline 0 -22"><span class='ocrx_word' id='word_1_645' title='bbox 1428 5322 2085 5414; x_wconf 85' lang='lat' dir='ltr'><strong>CONCILIUM</strong></span> <span class='ocrx_word' id='word_1_646' title='bbox 2154 5327 2747 5416; x_wconf 84' lang='lat' dir='ltr'><strong>ROMANUM</strong></span> <span class='ocrx_word' id='word_1_647' title='bbox 2817 5328 3087 5435; x_wconf 83' lang='lat' dir='ltr'><strong>VIII,</strong></span> 
     </span>
    </p>
   </div>
   <div class='ocr_carea' id='block_1_96' title="bbox 870 5455 3609 5539">
    <p class='ocr_par' dir='ltr' id='par_1_96' title="bbox 870 5455 3609 5539">
     <span class='ocr_line' id='line_1_98' title="bbox 870 5455 3609 5539; baseline -0.001 -23"><span class='ocrx_word' id='word_1_648' title='bbox 870 5456 943 5516; x_wconf 85' lang='lat' dir='ltr'><strong>In</strong></span> <span class='ocrx_word' id='word_1_649' title='bbox 973 5475 1151 5517; x_wconf 85' lang='lat' dir='ltr'><strong>causa</strong></span> <span class='ocrx_word' id='word_1_650' title='bbox 1191 5456 1449 5519; x_wconf 81' lang='lat' dir='ltr'><strong>Henrici</strong></span> <span class='ocrx_word' id='word_1_651' title='bbox 1481 5460 1631 5537; x_wconf 80' lang='lat' dir='ltr'><strong>regis</strong></span> <span class='ocrx_word' id='word_1_652' title='bbox 1654 5465 1711 5520; x_wconf 90' lang='lat' dir='ltr'><strong>et</strong></span> <span class='ocrx_word' id='word_1_653' title='bbox 1739 5464 2145 5539; x_wconf 82' lang='lat' dir='ltr'><strong>episcoporum</strong></span> <span class='ocrx_word' id='word_1_654' title='bbox 2168 5462 2586 5539; x_wconf 81' lang='lat' dir='ltr'><strong>quorumdam,</strong></span> <span class='ocrx_word' id='word_1_655' title='bbox 2620 5461 2969 5521; x_wconf 80' lang='lat' dir='ltr'><strong>celebratum</strong></span> <span class='ocrx_word' id='word_1_656' title='bbox 2998 5480 3154 5521; x_wconf 80' lang='lat' dir='ltr'><strong>anno</strong></span> <span class='ocrx_word' id='word_1_657' title='bbox 3189 5458 3428 5521; x_wconf 80' lang='lat' dir='ltr'><strong>Domini</strong></span> <span class='ocrx_word' id='word_1_658' title='bbox 3450 5455 3609 5517; x_wconf 80' lang='grc'><strong>1081.</strong></span> 
     </span>
    </p>
   </div>
   <div class='ocr_carea' id='block_1_97' title="bbox 1851 5577 2654 5647">
    <p class='ocr_par' dir='ltr' id='par_1_97' title="bbox 1851 5577 2654 5647">
     <span class='ocr_line' id='line_1_99' title="bbox 1851 5577 2654 5647; baseline -0.001 -17"><span class='ocrx_word' id='word_1_659' title='bbox 1851 5578 2099 5646; x_wconf 75' lang='grc' dir='ltr'><strong>(ΜΔΝεῐ,</strong></span> <span class='ocrx_word' id='word_1_660' title='bbox 2124 5578 2315 5632; x_wconf 84' lang='lat' dir='ltr'><strong>Concil.</strong></span> <span class='ocrx_word' id='word_1_661' title='bbox 2342 5577 2478 5643; x_wconf 81' lang='lat' dir='ltr'><strong>xx,</strong></span> <span class='ocrx_word' id='word_1_662' title='bbox 2504 5577 2654 5647; x_wconf 78' lang='lat'><strong>571.)</strong></span> 
     </span>
    </p>
   </div>
   <div class='ocr_carea' id='block_1_98' title="bbox 676 5781 2198 5857">
    <p class='ocr_par' dir='ltr' id='par_1_98' title="bbox 676 5781 2198 5857">
     <span class='ocr_line' id='line_1_100' title="bbox 676 5781 2198 5857; baseline 0.003 -22"><span class='ocrx_word' id='word_1_663' title='bbox 676 5782 841 5837; x_wconf 77' lang='lat' dir='ltr'><strong>Anno</strong></span> <span class='ocrx_word' id='word_1_664' title='bbox 866 5781 937 5838; x_wconf 88' lang='lat' dir='ltr'><strong>ab</strong></span> <span class='ocrx_word' id='word_1_665' title='bbox 956 5782 1346 5838; x_wconf 87' lang='lat' dir='ltr'><strong>lncarnatione</strong></span> <span class='ocrx_word' id='word_1_666' title='bbox 1378 5783 1601 5839; x_wconf 91' lang='lat' dir='ltr'><strong>Domini</strong></span> <span class='ocrx_word' id='word_1_667' title='bbox 1620 5784 1917 5840; x_wconf 90' lang='lat' dir='ltr'><strong>millesimo</strong></span> <span class='ocrx_word' id='word_1_668' title='bbox 1942 5794 2198 5857; x_wconf 84' lang='lat' dir='ltr'><strong>octuage-</strong></span> 
     </span>
    </p>
   </div>
   <div class='ocr_carea' id='block_1_99' title="bbox 603 5875 2201 5948">
    <p class='ocr_par' dir='ltr' id='par_1_99' title="bbox 603 5875 2201 5948">
     <span class='ocr_line' id='line_1_101' title="bbox 603 5875 2201 5948; baseline 0.005 -21"><span class='ocrx_word' id='word_1_669' title='bbox 603 5875 745 5931; x_wconf 88' lang='lat' dir='ltr'><strong>simo</strong></span> <span class='ocrx_word' id='word_1_670' title='bbox 775 5877 976 5947; x_wconf 88' lang='lat' dir='ltr'><strong>primo,</strong></span> <span class='ocrx_word' id='word_1_671' title='bbox 1007 5875 1358 5948; x_wconf 72' lang='lat' dir='ltr'><strong>pontificatus</strong></span> <span class='ocrx_word' id='word_1_672' title='bbox 1377 5892 1507 5933; x_wconf 88' lang='lat' dir='ltr'><strong>vero</strong></span> <span class='ocrx_word' id='word_1_673' title='bbox 1524 5876 1771 5947; x_wconf 79' lang='lat' dir='ltr'><strong>Gregorii</strong></span> <span class='ocrx_word' id='word_1_674' title='bbox 1801 5878 2026 5947; x_wconf 86' lang='lat' dir='ltr'><strong>septimi</strong></span> <span class='ocrx_word' id='word_1_675' title='bbox 2052 5894 2201 5935; x_wconf 89' lang='lat' dir='ltr'><strong>anno</strong></span> 
     </span>
    </p>
   </div>
   <div class='ocr_carea' id='block_1_100' title="bbox 2308 5760 3818 5857">
    <p class='ocr_par' dir='ltr' id='par_1_100' title="bbox 2308 5760 3818 5857">
     <span class='ocr_line' id='line_1_102' title="bbox 2308 5760 3818 5857; baseline 0.003 -17"><span class='ocrx_word' id='word_1_676' title='bbox 2308 5794 2502 5841; x_wconf 88' lang='lat' dir='ltr'><strong>octavo</strong></span> <span class='ocrx_word' id='word_1_677' title='bbox 2524 5786 2770 5841; x_wconf 91' lang='lat' dir='ltr'><strong>nondum</strong></span> <span class='ocrx_word' id='word_1_678' title='bbox 2796 5794 3004 5853; x_wconf 77' lang='lat' dir='ltr'><strong>exacto,</strong></span> <span class='ocrx_word' id='word_1_679' title='bbox 3030 5785 3351 5857; x_wconf 67' lang='lat' dir='ltr'><strong>praesidente</strong></span> <span class='ocrx_word' id='word_1_680' title='bbox 3369 5781 3551 5839; x_wconf 89' lang='lat' dir='ltr'><strong>eodem</strong></span> <span class='ocrx_word' id='word_1_681' title='bbox 3577 5760 3818 5857; x_wconf 55' lang='lat' dir='ltr'><strong>@0st</strong></span> 
     </span>
    </p>
   </div>
   <div class='ocr_carea' id='block_1_101' title="bbox 2306 5850 3817 5945">
    <p class='ocr_par' dir='ltr' id='par_1_101' title="bbox 2306 5850 3817 5945">
     <span class='ocr_line' id='line_1_103' title="bbox 2306 5850 3817 5945; baseline -0.011 -10"><span class='ocrx_word' id='word_1_682' title='bbox 2306 5880 2579 5937; x_wconf 87' lang='lat' dir='ltr'><strong>celebrata</strong></span> <span class='ocrx_word' id='word_1_683' title='bbox 2605 5888 2689 5936; x_wconf 85' lang='lat' dir='ltr'><strong>est</strong></span> <span class='ocrx_word' id='word_1_684' title='bbox 2712 5880 2957 5945; x_wconf 78' lang='lat' dir='ltr'><strong>synodus</strong></span> <span class='ocrx_word' id='word_1_685' title='bbox 2975 5850 3174 5936; x_wconf 61' lang='lat' dir='ltr'><strong>Romae</strong></span> <span class='ocrx_word' id='word_1_686' title='bbox 3197 5881 3255 5936; x_wconf 88' lang='lat' dir='ltr'><strong>in</strong></span> <span class='ocrx_word' id='word_1_687' title='bbox 3272 5876 3489 5936; x_wconf 80' lang='lat' dir='ltr'><strong>basilica</strong></span> <span class='ocrx_word' id='word_1_688' title='bbox 3505 5863 3720 5941; x_wconf 77' lang='lat' dir='ltr'><strong>ejusdem</strong></span> <span class='ocrx_word' id='word_1_689' title='bbox 3732 5850 3817 5909; x_wconf 69' lang='grc'><strong>8⁸⁸·</strong></span> 
     </span>
    </p>
   </div>
  </div>
