4024 6170
223 253 324 306 821

1451 261 1806 322 CONCILIUM
1845 267 2178 324 ROMANUM
2217 270 2299 324 ΙΧ.

3424 284 3525 337 822

221 376 436 432 vatoris
477 384 532 432 et
561 377 942 450 Redemptoris
986 383 1159 438 nostri
1187 387 1318 439 Jesu
1361 383 1584 453 Christi,
1615 388 1669 443 in
1709 406 1817 462 qua
1847 398 1901 460 Α
1929 393 2092 448 miter
2133 393 2496 450 laudaverunt
2529 410 2712 452 sacras
2758 414 2844 454 res
2890 401 3258 457 Ecclesiarum
3289 403 3525 460 nullate-

220 469 369 526 inter
397 478 597 528 cetera
634 473 963 530 sententiam
992 475 1355 548 depositionis
1381 479 1820 554 archiepiscOpo-

223 579 350 619 rum
381 564 720 624 Arelatensis
755 575 811 622 et
849 568 1221 626 Narbonensis
1248 579 1409 643 atque
1435 579 1816 632 excommuni-

220 658 455 714 cationis
482 673 579 731 per
607 660 810 731 legatos
852 663 1167 734 apostolica:
1207 666 1352 721 sedis
1389 670 1817 741 promulgatam,

220 751 490 808 dominus
517 768 679 826 papa,
709 753 793 812 bis
821 755 913 828 qui
961 756 1189 814 aderant
1229 759 1689 832 collaudantibus,
1721 764 1815 819 lir-

219 845 414 902 mavit.

293 939 596 998 Henricum
640 956 859 1014 quoque
901 942 1112 1000 dictum
1155 961 1360 1018 regem,
1390 955 1446 1003 et
1473 963 1664 1006 omnes
1693 949 1815 1006 fau-

217 1041 368 1088 tores
397 1034 534 1107 ejus,
557 1035 650 1106 qui
695 1037 752 1091 in
781 1037 1057 1109 praeterita
1087 1041 1662 1098 excommunicatione
1695 1045 1815 1099 ani-

215 1142 377 1183 mum
399 1127 812 1199 induraverunt,
838 1130 1038 1187 iterum
1064 1135 1576 1190 excommunicavit.

285 1222 796 1280 Anathematizavit
849 1225 985 1280 item
1030 1225 1398 1283 lldimundum
1447 1237 1502 1284 et
1558 1230 1813 1287 Landum

213 1314 588 1387 Campaninos
615 1325 895 1389 tyrannos,
925 1334 1230 1391 omnesque
1271 1321 1551 1393 adjutores
1594 1339 1808 1380 eorum.

285 1410 561 1466 Praeterea
585 1411 870 1483 suspendit
899 1413 970 1467 ab
994 1412 1176 1470 ofﬁcio
1203 1415 1475 1486 quosdam
1500 1417 1808 1490 episcopos,

209 1504 324 1576 qui,
355 1502 430 1559 ad
456 1505 748 1562 concilium
787 1505 1020 1578 invitati,
1058 1523 1235 1578 neque
1279 1508 1380 1580 ipsi
1420 1525 1596 1582 neque
1633 1512 1811 1568 nuntii

209 1612 408 1653 eorum
434 1613 532 1670 pro
555 1598 688 1670 ipsis
711 1609 990 1655 venerunt.

319 1705 661 1749 CONCILIUI!
688 1707 998 1750 ΒΟΜΔΝΠΜ
1027 1708 1317 1752 ΗΔΒῘΤΠΜ
1350 1711 1514 1754 ANNO
1537 1703 1699 1754 1081.

1928 502 2032 543 nus
2057 488 2114 542 in
2143 487 2331 544 militia
2356 489 2603 546 saeculari
2638 493 3006 563 exponendas,
3040 494 3145 549 nisi
3181 496 3233 551 in
3262 496 3519 553 alimonia

1928 599 2249 655 pauperum,
2298 584 2353 639 in
2379 594 2572 641 sancto
2616 602 2715 641 usu
2775 603 2960 643 rerum
3009 589 3341 659 divinarum,
3385 601 3440 648 et
3469 593 3522 648 in

1928 675 2306 748 redemptione
2348 679 2713 750 captivorum.
2759 684 2839 736 Ita
2869 683 3066 754 quippe
3115 684 3220 740 sub
3261 701 3519 757 procura-

1924 770 2074 826 tione
2099 772 2300 844 Joseph
2343 772 2557 828 fuerant
2597 774 2861 831 immunia
2891 793 2920 830 a
2951 777 3156 833 tributo
3195 779 3396 850 praedia
3433 796 3519 835 sa-

1925 863 2231 933 cerdotum,
2263 881 2366 922 nec
2409 868 2780 938 exponebatur
2807 877 2903 924 aut
2942 869 3266 928 mittebatur
3293 872 3349 928 in
3392 889 3518 929 cor-

1923 957 2131 1014 bonam
2146 961 2384 1030 pretium
2407 963 2688 1035 sanguinis
2710 966 2926 1028 (Matth.
2960 972 3180 1034 xxv"),
3205 983 3309 1023 nec
3335 969 3520 1024 Helio-

1922 1051 2090 1108 dorus
2126 1062 2313 1125 raptor
2353 1071 2632 1111 sacrarum
2675 1073 2862 1113 rerum
2923 1059 3025 1114 sub
3067 1061 3208 1116 Onia
3260 1063 3517 1133 pontiﬁce

1924 1144 2028 1200 fuit
2053 1145 2358 1218 impunitus
2404 1152 2484 1217 (II
2517 1153 2651 1206 Μαί).
2697 1159 2818 1217 In).
2852 1152 3063 1221 Quibus
3093 1154 3228 1209 actis
3256 1154 3515 1211 interfue-

1922 1248 2052 1295 runt
2075 1241 2317 1296 Joannes
2339 1242 2626 1315 episc0pus
2653 1247 3027 1314 Portunensis,
3051 1249 3299 1304 Joannes
3320 1249 3519 1319 episco-

1921 1349 2024 1404 pus
2057 1336 2499 1402 Tnsculanensis,
2550 1338 2855 1394 Umbertus
2889 1340 3183 1412 episcopus.
3217 1343 3516 1398 Praenesti-

1919 1443 2045 1496 nus,
2091 1429 2309 1484 Brunus
2373 1430 2660 1502 episcopus
2695 1432 2974 1504 Signinus,
3021 1436 3170 1489 Beno
3221 1435 3518 1492 cardinalis

1919 1521 2097 1576 Sancti
2114 1521 2356 1590 Martini,
2378 1526 2599 1579 Ber.....
2630 1524 2920 1580 cardinalis
2948 1526 3309 1598 Chrysogoni,
3336 1531 3512 1584 Bene-

1917 1613 2096 1669 dictus
2141 1615 2426 1672 cardinalis
2469 1619 2686 1674 Sanctae
2725 1619 3100 1687 Pudentianaa,
3145 1621 3298 1676 Cono
3340 1621 3515 1676 cardi-

1916 1708 2059 1763 nalis
2125 1711 2337 1765 Sanctae
2394 1712 2718 1777 Anastasiaz,
2795 1717 2907 1766 Azo
2971 1713 3262 1768 cardinalis
3332 1714 3514 1769 Sancti

283 1789 448 1840 Anno
486 1785 739 1858 Gregorii
771 1789 870 1843 Vll
910 1803 1066 1860 papa:
1108 1805 1281 1855 nono,
1313 1805 1376 1846 tv
1417 1793 1604 1848 Nonas
1652 1792 1808 1861 Maii,
1843 1778 1891 1840 Β
1924 1801 2112 1878 Marci,
2144 1805 2430 1858 Romanus
2454 1803 2744 1858 cardinalis
2774 1806 2993 1860 Sanctae
3014 1808 3296 1874 Susanuae,
3327 1809 3515 1862 Bonus

205 1879 660 1936 convenientibus
695 1880 858 1937 simul
886 1881 1175 1956 episcopis,
1212 1883 1593 1951 cardinalibus,
1640 1885 1806 1942 abba-

206 1973 377 2041 tibus,
429 1973 916 2048 arcln'presbyteris
960 1985 1022 2031 ut
1083 1975 1357 2033 discerent
1406 1988 1592 2035 utrum
1660 1979 1803 2036 bona

209 2065 585 2123 Ecclesiarum
631 2077 855 2139 possent
881 2069 1008 2140 poni
1051 2069 1107 2124 in
1163 2071 1388 2142 pignore
1435 2089 1533 2144 pro
1577 2075 1800 2146 pecunia

204 2159 515 2233 colligenda
554 2160 622 2217 ad
663 2161 1026 2218 resistendum
1069 2163 1358 2234 Guiberto,
1400 2166 1804 2239 archiepiscopo

1914 1895 2095 1950 senior
2155 1895 2446 1951 cardinalis
2502 1898 2714 1973 Sanctae
2798 1897 3014 1966 Mariae,
3057 1900 3283 1955 Maurus
3347 1899 3514 1956 abbas

1914 1989 2098 2043 Sancti
2137 1987 2352 2058 Sabbae,
2382 1990 2713 2046 Laurentius
2754 2000 2970 2059 cantor,
2999 1993 3189 2047 Petrus
3232 1990 3511 2064 archipre—

1913 2081 2103 2152 sbyter
2131 2082 2197 2138 de
2226 2091 2383 2154 porta
2436 2083 2652 2149 Latina,
2690 2086 2930 2139 Joannes
2974 2083 3414 2157 archipresbyter
3440 2085 3510 2140 de

1914 2175 2112 2230 Sancto
2135 2175 2480 2243 Sebastiano,
2511 2178 2751 2232 Joannes
2773 2177 3210 2249 archipresbyter
3228 2177 3295 2233 de
3315 2179 3510 2234 Sancta

203 2256 511 2312 Ravennati
533 2257 845 2311 Romanam
863 2255 1051 2313 sedem
1079 2256 1245 2313 invad
1268 2273 1360 2314 ere
1384 2261 1631 2328 conanti,
1658 2277 1803 2332 quae-
1911 2267 2290 2338 Cmcilia,......
2320 2269 2755 2343 archipresbyter
2775 2271 3085 2337 Salvatoris,
3114 2277 3167 2326 et
3195 2271 3280 2326 alii
3304 2272 3508 2344 plures.

203 2349 327 2405 sitis
352 2349 772 2406 auctoritatibus
808 2349 1176 2423 exemplisque
1215 2361 1558 2420 sanctorum,
1605 2356 1801 2410 unani-

1070 2595 1730 2694 CONCILIUM
1802 2602 2398 2693 ROMANUM
2466 2605 2652 2702 IX;

1342 2752 1511 2810 Anno
1540 2753 1786 2812 Domini
1816 2756 1970 2815 1083
2001 2756 2379 2816 celebratum.

1209 2865 1388 2937 (Apud
1421 2868 1646 2934 Mmsr,
1678 2867 1872 2925 Concil.
1901 2878 2039 2925 tom.
2073 2872 2212 2937 XX,
2242 2869 2344 2925 col.
2376 2875 2518 2934 587).

1655 2993 2068 3010 u—-———-

274 3071 1085 3136 (450)Annoablncarnatione
1106 3073 1642 3129 Dominimillesimo
1661 3080 1802 3140 (451)
1911 3074 2113 3129 biennii
2144 3073 2284 3127 bello
2310 3071 2626 3144 fatigatum,
2669 3073 2777 3127 acri
2809 3071 2984 3128 inedia
3011 3071 3293 3128 laborabat
3325 3092 3336 3129 :
3383 3089 3507 3128 cum

201 3164 574 3237 octuagesimo
608 3173 824 3237 quarto,
863 3166 1214 3237 pontiﬁcatus
1241 3149 1366 3223 verb
1406 3166 1614 3222 domini
1659 3169 1804 3224 Gre—

199 3259 337 3332 gorii
369 3273 526 3331 papae
551 3259 764 3330 septimi
789 3275 933 3315 anno
964 3259 1804 3329 undecimo,duodecimo[x1v]

200 3352 489 3408 Kalendas
515 3352 852 3421 Decembris,
899 3353 1229 3424 praesidente
1251 3353 1446 3410 eodem
1474 3355 1798 3425 apostolico,

202 3445 476 3502 celebrata
509 3455 593 3501 est
634 3446 815 3502 tribus
860 3446 1053 3502 diebus
1081 3447 1135 3502 in
1182 3449 1538 3502 Lateranensi
1577 3447 1796 3502 basilica

203 3537 472 3612 synodus,
513 3539 566 3594 in
626 3555 732 3611 qua
795 3538 1015 3595 fuerunt
1077 3540 1492 3612 archiepiscopi,
1543 3540 1798 3611 episcopi,

202 3641 253 3688 et
280 3633 450 3701 [deest
481 3636 556 3700 et]
603 3632 832 3689 abbates
868 3635 1152 3705 Campani,
1197 3643 1251 3689 et
1291 3634 1359 3688 de
1410 3634 1829 3705 principatibus.

202 3735 369 3799 atque
413 3728 628 3798 Apulia,
669 3728 824 3799 pauci
863 3743 1083 3798 quoque
1113 3727 1408 3790 Gallicani;
1452 3743 1581 3782 nam
1627 3727 1799 3798 pluri-

201 3835 323 3876 mos
361 3819 584 3878 Henrici
616 3821 831 3893 tyranni
863 3818 1090 3892 perﬁdia
1113 3820 1216 3878 iter
1246 3830 1393 3877 retro
1419 3830 1628 3877 vertere
1652 3837 1802 3876 com-

203 3914 365 3985 pulit,
401 3913 490 3984 qui
521 3914 830 3969 Ostiensem
860 3913 1178 3985 episwpum
1205 3913 1275 3970 de
1305 3914 1604 3986 apostolica
1651 3915 1799 3985 lega-

201 4008 354 4063 tione
385 4007 706 4063 redeuntem
749 4014 938 4062 contra
971 4005 1058 4062 fas
1090 4015 1145 4062 et
1163 4007 1464 4078 juramenti
1493 4007 1656 4063 ﬁdem
1684 4008 1799 4079 capi

197 4101 362 4172 jussit
391 4099 508 4155 sive
533 4099 803 4171 permisit.
835 4103 972 4156 Tres
1014 4108 1196 4155 autem
1226 4099 1466 4172 synodos
1495 4099 1801 4172 quadrage-

201 4193 426 4250 simales
453 4195 700 4265 ejusdem
731 4195 943 4250 Henrici
971 4195 1276 4266 persecutio
1327 4195 1606 4266 impedivit
1640 4195 1799 4265 [prte-

201 4287 450 4359 pedivit].
497 4287 600 4358 Qui
629 4289 800 4344 semel
818 4288 1034 4344 beatum
1063 4290 1314 4355 Paulum,
1340 4289 1428 4344 bis
1456 4287 1676 4344 beatum
1706 4290 1804 4344 Pe-

199 4392 348 4439 trum
402 4397 710 4456 aggressus,
737 4383 960 4439 demum
993 4393 1116 4456 post
1144 4385 1383 4440 multum
1427 4384 1534 4440 fusi
1583 4383 1801 4455 sangui-

1911 3183 2014 3222 nec
2039 3167 2172 3237 ipsis
2199 3166 2268 3221 ad
2300 3167 2474 3222 vicina
2504 3165 2705 3238 oppida
2754 3167 2834 3222 vel
2882 3175 3057 3222 castra
3100 3167 3249 3224 exire
3299 3167 3506 3233 liceret,

1915 3276 2012 3314 nec
2040 3259 2296 3328 illijurati
2325 3259 2545 3314 Henrici
2586 3261 2639 3314 in
2671 3259 2880 3315 Urbem
2914 3261 3118 3316 vellent
3160 3259 3507 3330 negotiatum

1912 3353 2124 3420 venire;
2148 3352 2304 3408 multi
2319 3368 2535 3424 quoque
2563 3351 2704 3407 fame
2723 3353 2902 3408 abacti
2918 3354 3127 3409 Urbem
3151 3353 3501 3424 reliquerant.

1913 3447 2146 3502 Proinde
2168 3445 2354 3500 cmteri
2383 3445 2523 3500 bello
2553 3447 2835 3501 remissius
2865 3447 3052 3501 attenti
3084 3463 3198 3502 rem
3226 3462 3290 3502 ex
3318 3447 3505 3501 animo

1914 3541 2094 3596 minus
2122 3538 2400 3611 gerebant,
2433 3547 2484 3594 et
2512 3555 2540 3592 a
2569 3539 2858 3610 custodiis,
2891 3549 3051 3610 prout
3071 3542 3268 3612 cuique
3290 3540 3504 3606 licebat,

1911 3635 2029 3690 sine
2053 3632 2251 3688 timore
2287 3631 2624 3703 negligentes
2652 3633 2898 3688 aberant.
2931 3634 3064 3688 Hazc
3095 3649 3259 3704 super
3283 3632 3509 3687 Henrici

1913 3724 2225 3799 tyrannide,
2279 3726 2406 3795 quia
2451 3741 2509 3781 se
2559 3726 2773 3781 occasio
2804 3726 3057 3796 praebuit,
3107 3726 3507 3797 praestrinxisse

1912 3821 2169 3877 sufﬁciat.

1983 3915 2536 3972 Cmterum'dominus
2564 3915 2898 3985 apostolicus
2921 3915 2974 3969 in
3000 3914 3190 3969 eadem
3207 3916 3419 3986 synodo
3440 3914 3507 3970 de

1913 4009 2034 4064 ﬁdei
2067 4009 2244 4066 forma
2297 4019 2353 4065 et
2393 4009 2718 4065 Christianae
2747 4009 3025 4080 religionis
3072 4009 3504 4075 conversatione,

1911 4103 2008 4158 sed
2059 4111 2112 4158 et
2156 4103 2356 4158 robore
2385 4102 2664 4172 animique
2705 4101 3013 4156 constantia
3057 4100 3128 4155 ad
3177 4111 3504 4172 praesentem

1911 4211 2221 4267 pressuram
2250 4195 2576 4260 necessaria,
2627 4209 2722 4248 ore
2768 4211 2880 4249 non
2913 4175 3162 4249 humano
3197 4196 3290 4249 sed
3337 4210 3504 4267 ange-

1911 4289 2018 4343 lico
2039 4295 2285 4359 patenter
2308 4287 2640 4351 edisserens,
2658 4287 2746 4340 die
2772 4289 2922 4340 tertia
2946 4295 3122 4343 totum
3143 4287 3257 4344 fere
3271 4304 3508 4343 conven-

1911 4389 2029 4436 tum
2057 4381 2110 4436 in
2133 4381 2372 4452 gemitus
2400 4388 2455 4435 et
2491 4380 2759 4451 Iacrymas
2798 4380 3084 4450 compulit,
3109 4381 3291 4452 sicque
3319 4383 3504 4437 conci-

198 4479 307 4545 nis,
340 4494 457 4533 non
501 4488 613 4534 tam
643 4495 872 4535 suorum
905 4480 1225 4536 fortitudine
1254 4496 1418 4550 quam
1470 4480 1794 4553 negligentia
1828 4458 1876 4520 D
1911 4476 2043 4530 lium
2093 4474 2386 4547 apostolica
2443 4471 2824 4530 benedictione
2878 4471 3214 4530 laetiﬁcatum
3278 4476 3333 4529 in
3373 4491 3506 4548 pace

197 4573 429 4641 civium,
447 4573 932 4644 porticu[porticae]
959 4589 1148 4630 muros
1171 4574 1457 4645 subripuit.
1485 4577 1800 4628 Romanum

206 4666 489 4739 siquidem
529 4665 746 4738 vulgus,
785 4683 912 4739 pars
963 4667 1213 4724 videlicet
1242 4667 1516 4738 copiosior
1544 4667 1801 4735 civitatis,

271 4807 425 4869 (450)
447 4805 665 4859 Dantur
692 4804 958 4860 variantes
988 4822 1053 4862 ex
1079 4805 1200 4860 cod.
1238 4804 1436 4860 Mutin.

271 4881 395 4942 (451
444 4876 763 4947 Legendum
802 4883 960 4943 1083,
1006 4886 1063 4932 ut
1104 4893 1286 4932 annus
1333 4892 1398 4933 χι
1441 4875 1797 4932 Pontiﬁcatus

198 4947 454 5018 Gregorii
488 4947 592 5002 hoc
617 4963 759 5003 anno
780 4947 1076 5004 inchoatus
1100 4958 1248 5004 certo
1269 4947 1626 5004 demonstrat.
1650 4951 1796 5004 Prat-

1913 4569 2141 4625 dimisit.

1905 4811 2156 4873 terquam
2173 4800 2320 4872 quod
2340 4816 2431 4856 an.
2458 4807 2614 4864 1084,
2638 4815 2716 4855 m.
2742 4801 3059 4876 Novembri,
3077 4804 3378 4876 Gregorius
3402 4806 3505 4862 νη

1904 4877 2105 4930 Romae
2135 4889 2251 4928 non
2274 4881 2407 4929 erat.
2443 4877 2670 4930 PAGIUS
2695 4873 2772 4928 ad
2796 4874 2907 4929 An.
2940 4881 3093 4942 1083,
3127 4892 3178 4929 η.
3198 4873 3262 4931 ’5.

1102 5187 1761 5280 CONCILIUM
1835 5187 2424 5278 ROMANUM
2489 5189 2620 5300 X,

311 5339 443 5414 Quo
491 5338 804 5402 Guibertus
849 5346 1140 5422 antipapa
1169 5349 1223 5404 et
1251 5341 1644 5402 haeresiarcha
1691 5351 1868 5420 atque
1895 5340 2196 5402 Henricus
2225 5343 2785 5421 pseudoz'mperator
2821 5363 2951 5404 cum
2984 5344 3253 5406 omnibus
3283 5349 3408 5404 suis

1009 5423 1376 5502 fautoribus,
1413 5427 1988 5500 cxcommum‘catur,
2039 5441 2192 5482 anno
2243 5423 2492 5485 Domini
2528 5427 2703 5487 1084.

1447 5531 1691 5595 (ΜΔΝΒῙ,
1723 5529 1920 5585 Concil.
1950 5529 2086 5594 XX,
2111 5533 2259 5592 589).

277 5730 357 5783 De
404 5725 499 5780 hoc
529 5727 746 5782 concilio
781 5729 889 5782 ista
917 5727 1230 5785 Bertholdus
1259 5750 1273 5784 :
1316 5727 1590 5787 Dominus
1616 5736 1802 5784 autem

206 5834 375 5892 papa,
404 5818 632 5876 collecta
655 5819 886 5892 synodo,
909 5821 1108 5877 iterum
1133 5826 1466 5884 sententiam
1484 5821 1806 5880 anathema-

1913 5727 1978 5782 tis
2029 5728 2086 5783 in
2115 5725 2446 5785 Guibertnm
2495 5725 2940 5792 hmresiarcham,
2989 5737 3045 5782 et
3093 5727 3416 5796 Henricum,
3460 5737 3514 5783 et

1913 5837 2106 5882 omnes
2120 5835 2327 5879 eorum
2344 5825 2616 5890 fautores,
2631 5819 3033 5894 promulgavit;
3055 5819 3200 5892 quod
3221 5826 3276 5874 et
3302 5820 3362 5878 in
3380 5820 3518 5879 festo
