4048 6174
508 317 610 370 82³7

790 530 1009 586 Boberti
1034 525 1184 582 card.
1212 527 1394 596 presb.
1428 528 1522 598 (1),

790 623 1028 678 Bermm'i
1049 622 1156 674 m‘ce
1191 621 1496 675 camellam
1530 620 1543 689 ί
1547 628 1622 688 7),

792 724 1040 780 Bernert’z'
1063 725 1174 776 vice
1202 724 1351 777 Petri
1367 723 1678 777 cancellar-z‘i
1703 725 1798 789 (8),

792 818 1011 875 Roberti
1031 819 1313 873 Sanentz'm'
1328 818 1394 884 [Ι.
1421 818 1725 883 Faventi-ni]
1749 818 1983 887 episcopi

1511 310 1600 365 AD
1641 305 1866 367 OPERA
1905 309 1961 367 S.
2001 307 2324 365 GREGORII
2361 309 2793 366 APPENDICES.

586 443 740 495 Datin
766 445 895 494 sunt
921 451 974 507 p.
996 449 1071 490 m.
2121 439 2173 503 Α
2213 459 2216 462 -

3694 314 3795 368 828

2556 438 2668 488 utTce
2687 433 2992 489 senectia-rit
3009 437 3162 490 Petri
3187 433 3280 503 (9),

2501 530 2732 584 Titio-1170i
2756 528 3076 584 Albanensis
3098 528 3386 601 epsiscopiﬂ
3405 530 3469 600 1).

2286 628 2349 681 In
2381 623 2526 680 bulla
2555 628 2587 677 2
2615 623 2811 694 legitur
2844 641 2856 678 :
2891 625 2993 678 Per
3013 639 3243 678 manum
3283 627 3503 680 Joannis
3527 627 3809 680 scrinium

2213 725 2264 775 et
2320 721 2528 774 notarii
2580 720 2750 773 nostri
2785 717 3006 793 palatii,
3072 718 3164 794 qui
3211 718 3489 792 scripsisse
3549 732 3676 775 eam
3728 719 3804 774 vi-

2213 813 2392 872 detur.

503 1023 2442 1054 Μ

1431 1226 2039 1342 WlBERTI
2143 1223 2884 1342 ANTIPAPIE

1321 1491 1941 1583 EPISTOLZE
2011 1491 2157 1581 ET
2224 1488 2974 1581 PRIVILEGIA.

1287 1854 1326 1904 l.
2131 1850 2178 1911 Β
2208 1856 2442 1904 vestram
2477 1847 2765 1903 ecclesiam
2803 1863 3083 1919 nunquam
3119 1847 3410 1904 carituram
3457 1846 3670 1904 clericis
3721 1848 3814 1920 qui

502 1937 877 2010 Cdnonicormn
914 1957 1291 2012 Veronensium
1315 1957 1661 2080 postsessz‘ones
1705 1961 1763 2011 et
1790 1955 2090 2026 privilegia

1145 2031 1398 2080 confirma
1431 2071 1442 2080 .

1145 2031 1442 2095 conﬁrmat.

1095 2123 1281 2185 (Anno
1320 2121 1495 2189 1084.)

791 2218 1112 2285 fUGHBLLI,
1145 2219 1308 2272 Italia
1345 2220 1536 2280 Sacra,
1564 2220 1634 2284 V,
1657 2218 1808 2289 769.]

578 2321 856 2376 CLsuans
897 2321 1207 2392 episcopus,
1266 2335 1458 2376 servus
1501 2334 1786 2376 servorum
1813 2321 1934 2386 Dei,
1968 2320 2096 2376 dile-

506 2413 763 2469 ctissimis
799 2414 855 2469 iu
885 2412 1105 2469 Christo
1133 2412 1262 2468 ﬁliis
1291 2417 1494 2470 PAULO
1533 2413 2018 2487 archipresbytero,
2045 2423 2099 2470 et

504 2509 740 2564 TOTONI
755 2505 1157 2575 archidiacono,
1179 2515 1233 2562 et
1246 2509 1472 2564 Torom
1493 2508 1810 2580 praeposito,
1825 2508 2100 2564 omnibus-

507 2616 612 2672 que
641 2601 917 2657 cauonicis
952 2601 1010 2656 S.
1051 2601 1384 2657 Veronensis
1415 2601 1690 2672 Ecclesiaa,
1722 2611 1833 2656 tam
1863 2617 2099 2673 praesen-

507 2694 655 2749 tibus
696 2708 866 2766 quam
899 2702 954 2750 et
994 2693 1215 2761 futuris,
1283 2705 1608 2767 perpetuam
1643 2696 1697 2750 in
1740 2695 1978 2750 Domino
2017 2711 2097 2751 sa-

508 2786 702 2843 lutem.

578 2882 840 2937 Convenit
905 2883 1204 2954 apostolico
1276 2882 1636 2939 moderamini
1691 2885 1779 2956 pia
1836 2885 2100 2957 religione

507 2975 838 3046 pollentibus
873 2975 1122 3032 benivola
1152 2977 1538 3050 compassione
1579 2978 1877 3058 incurrere,
1917 2985 1971 3038 et
2015 2993 2099 3050 pe-

507 3068 741 3124 tentium
770 3068 1052 3125 desideriis
1088 3083 1390 3141 congruum
1421 3069 1712 3141 impertire
1754 3061 2098 3142 suffragium.

509 3163 853 3233 Quapropter
890 3178 954 3218 ex
995 3170 1150 3233 parte
1189 3163 1584 3233 omnipotentis
1633 3165 1737 3219 Dei
1793 3163 2000 3230 Patris,
2049 3172 2101 3218 et

2204 1941 2271 1998 ad
2314 1942 2414 1997 hos
2451 1941 2692 1996 honores
2723 1940 2835 1996 sint
2859 1940 3036 1997 utiles.
3093 1940 3147 1996 Si
3198 1955 3328 1997 vero
3363 1939 3816 2013 archipresbyter

2207 2043 2261 2090 et
2289 2033 2708 2090 archidiaconus
2728 2050 2839 2090 uno
2876 2042 3127 2108 tempore
3158 2033 3361 2091 mortui
3389 2031 3615 2101 fuerint,
3647 2034 3817 2092 liceat

2208 2128 2496 2200 praeposito
2531 2127 2640 2183 frui
2671 2127 2858 2185 ofﬁcio
2898 2129 3123 2185 illorum
3150 2127 3220 2184 de
3247 2127 3578 2184 investituris
3615 2125 3810 2185 donec

2207 2221 2638 2294 archipresbyter
2679 2222 2763 2277 vel
2815 2220 3232 2278 archidiaconus
3272 2220 3557 2278 ordinatus
3609 2219 3812 2279 fuerit.

2207 2315 2263 2370 Si
2303 2317 2450 2371 enim
2495 2314 2564 2370 ab
2605 2313 2788 2388 aliquo
2822 2315 3023 2388 aliquid
3055 2313 3384 2371 inventionis
3411 2314 3684 2387 scriptum
3723 2331 3812 2372 re-

2208 2417 2420 2480 pertum
2469 2408 2630 2465 fuerit
2673 2408 2744 2465 ad
2785 2409 3176 2466 destruendam
3218 2407 3608 2474 rectitudinem
3656 2408 3814 2466 ordi-

2208 2519 2364 2570 num,
2411 2510 2505 2558 aut
2547 2503 2924 2560 haereditatem
2967 2512 3231 2570 vestram,
3260 2503 3340 2558 vel
3370 2518 3431 2559 ea
3468 2516 3596 2576 qua
3637 2517 3817 2576 supra

2207 2595 2478 2664 diximus,
2525 2596 2874 2670 praecipimus
2903 2605 2964 2652 ut
2991 2597 3140 2652 omni
3173 2597 3338 2653 modo
3381 2597 3711 2664 destruatur,
3755 2605 3813 2652 et

2206 2704 2486 2762 nunquam
2515 2698 2848 2762 compareat,
2878 2690 2922 2746 si
2996 2706 3123 2748 vero
3167 2689 3334 2764 (quod
3372 2690 3512 2748 absit
3541 2694 3577 2756 !)
3605 2689 3816 2761 aliquis

2209 2794 2403 2840 contra
2431 2783 2536 2839 hoc
2567 2792 2774 2840 nostrae
2804 2784 3138 2840 auctoritatis
3166 2784 3435 2856 scriptum
3479 2798 3638 2857 agere
3674 2791 3813 2840 ten-

2209 2878 2419 2940 taverit,
2448 2879 2531 2933 vel
2559 2894 2655 2932 vos
2688 2879 2742 2932 in
2775 2878 2857 2932 his
2881 2892 3005 2949 quae
3034 2892 3198 2949 supra
3223 2877 3462 2933 diximus
3489 2874 3815 2946 offenderit,

2212 2980 2265 3026 et
2291 2971 2441 3058 infra
2461 2986 2690 3044 _annuln
2725 2986 2848 3030 non
2873 2970 3265 3058 emendaverit,
3299 2971 3440 3026 illiu
3481 2969 3671 3026 irritus
3716 2971 3820 3026 ﬁat

2213 3076 2464 3132 conatus,
2531 3074 2587 3121 et
2648 3065 2803 3126 illum
2865 3063 3046 3128 vivum
3087 3067 3237 3128 terra
3295 3063 3577 3134 deglutiat,
3659 3064 3814 3122 sicut

2215 3158 2427 3213 Datban
2454 3167 2506 3214 et
2538 3158 2743 3213 Abiron
2783 3157 2837 3213 in
2864 3157 3132 3213 seditione
3178 3159 3347 3222 Core;
3380 3157 3524 3228 lepra
3558 3158 3816 3214 Naaman

507 3255 648 3321 Filii,
680 3263 734 3310 et
761 3254 998 3326 Spiritus
1022 3255 1216 3322 sancti,
1249 3265 1301 3310 et
1342 3255 1510 3312 beataa
1541 3257 1731 3312 Maria:
1760 3272 1975 3328 semper
1997 3257 2096 3312 vir-
2125 3251 2178 3320 ο
2212 3252 2329 3324 Syri
2359 3267 2523 3323 super
2555 3267 2682 3307 eum
2707 3251 2910 3328 veniat,
2955 3259 3008 3306 et
3032 3250 3346 3307 maledictio
3390 3266 3517 3323 quae
3546 3249 3648 3305 fuit
3675 3250 3815 3308 data

507 3348 669 3419 ginis,
703 3349 842 3404 'BB.
901 3349 1279 3419 apostolorum
1349 3349 1492 3407 Petri
1548 3358 1602 3406 et
1657 3351 1826 3418 Pauli,
1881 3361 2144 3422 caetero-_

509 3457 741 3515 rumque
785 3443 1103 3498 sanctorum
1150 3457 1385 3515 quorum
1423 3427 1657 3499 nomine
1699 3443 1751 3499 in
1796 3435 1934 3500 libro
1982 3443 2103 3502 vitae
2141 3433 2150 3442 ’

507 3537 737 3607 ascripta
799 3545 949 3601 sunt,
1007 3551 1224 3593 necnon
1274 3553 1336 3592 ΘΧ
1407 3538 1726 3594 auctoritate
1788 3547 2102 3595 83110120111111

508 3644 789 3685 canonum
877 3630 1134 3685 omnibus
1224 3630 1568 3700 patriarcbis,
1662 3631 2099 3704 archiepiscopis,

509 3723 802 3793 episcopis,
857 3721 1112 3790 ducibus,
1151 3721 1588 3790 marchionihus‘,
1652 3725 1966 3793 comitibus,
2008 3739 2124 3792 seu:

508 3815 717 3869 cunctis
761 3814 972 3886 magnis
1009 3815 1295 3886 parvisque
1330 3817 1592 3885 personis,
1646 3818 1993 3887 pracipimus
2042 3829 2104 3874 ut

511 3915 716 3964 vestras
755 3921 1033 3978 personas,
1073 3923 1167 3962 seu
1205 3905 1413 3978 praedia
1454 3923 1515 3962 ac
1545 3908 1821 3976 beneﬁcia,
1853 3927 2102 3966 omnem-

509 4016 615 4072 que
661 4007 897 4055 vestram
935 4000 1140 4071 justam
1189 3999 1598 4070 possessionem
1637 4010 1690 4055 et
1725 4002 2102 4058 investituram

514 4093 908 4150 beneﬁciorum
944 4092 1222 4165 praedictae
1251 4093 1527 4149 canonica:
1557 4110 1720 4166 quam
1751 4111 1922 4168 usque
1961 4113 2104 4153 nunc

511 4188 788 4254 tenuistis,
823 4186 958 4242 nulli
993 4186 1151 4242 liceat
1184 4186 1402 4253 laedere,
1449 4187 1754 4260 disvestire,
1785 4189 2103 4262 inquietare,

511 4279 840 4336 abstrahere.
883 4280 1142 4336 Similiter
1179 4281 1526 4352 prazcipimus
1566 4290 1626 4338 ut
1653 4284 1831 4340 nullus
1860 4292 2104 4341 vestrum

509 4374 688 4447 aliquo
744 4374 964 4446 ingenio
1007 4374 1074 4429 ab
1111 4375 1363 4446 episcopo
1416 4384 1599 4432 vestro
1638 4376 1924 4449 beneﬁcia,
1979 4394 2105 4451 quae

511 4467 650 4524 soliti
707 4468 834 4526 estis
899 4467 1176 4534 investire,
1246 4468 1509 4540 requirat,
1578 4469 1662 4524 vel
1733 4470 2101 4528 investituram

511 4578 573 4617 ex
623 4562 761 4619 illius
808 4562 1068 4618 manibus
1125 4563 1376 4632 accipiat.
1436 4562 1700 4618 Similiter
1757 4565 2105 4635 praecipimus

512 4655 580 4708 de
608 4655 868 4710 omnibus
906 4655 1070 4711 rebus
1102 4665 1296 4711 vestra:
1348 4655 1656 4724 canonica,
1684 4663 1796 4711 tam
1844 4655 1913 4711 de
1976 4674 2106 4712 cur—

512 4746 602 4813 tis,
671 4763 837 4819 quam
900 4744 967 4802 de
1040 4749 1293 4815 castellis,
1347 4764 1443 4804 seu
1516 4749 1672 4816 villis,
1727 4749 2102 4817 xenodochiis,

514 4839 752 4905 factitiis,
837 4840 1132 4904 incensitis,
1230 4841 1530 4910 libellariis,
1611 4843 1858 4911 decimis,
1939 4845 2104 4901 servis

513 4941 567 4987 et
619 4931 853 4998 ancillis,
918 4933 1097 5000 terris,
1158 4933 1354 5005 vineis,
1413 4936 1606 5005 pratis,
1665 4937 1885 5005 salictis,
1942 4954 2101 4993 mon-

513 5025 683 5092 tibus,
725 5025 983 5096 plauitiis,
1038 5034 1152 5081 tam
1202 5025 1339 5082 infra
1395 5028 1667 5084 civitatem
1720 5045 1883 5100 quam
1949 5041 2103 5086 extra

513 5119 809 5186 civitatem,
897 5133 1020 5191 quae
1082 5133 1113 5173 a
1182 5119 1431 5174 ﬁdelibus
1501 5120 1654 5177 vobis
1717 5129 1846 5176 sunt
1908 5123 2102 5178 collata

514 5213 593 5267 vel
661 5210 887 5279 fuerint,
953 5219 1014 5267 ut
1071 5211 1216 5266 nulla
1279 5228 1475 5284 magna
1539 5228 1808 5288 parvaque
1872 5231 2104 5286 persona

514 5321 573 5360 se
609 5305 967 5372 intromittat;
1017 5304 1113 5360 sed
1161 5304 1318 5360 liceat
1353 5306 1505 5361 vobis
1550 5306 1734 5377 quieto
1781 5323 1871 5363 eas
1921 5317 2105 5366 tenere

514 5396 731 5466 ordine,
772 5397 912 5453 sicut
940 5413 1036 5470 per
1073 5398 1378 5454 mercedem
1409 5413 1660 5455 meorum
1697 5410 2105 5460 antecessorum

517 5490 858 5563 pontiﬁcum,
900 5507 998 5547 seu
1048 5491 1438 5562 imperatorum
1490 5501 1545 5548 et
1605 5509 1796 5565 regum
1846 5496 2105 5554 hactenus

515 5584 782 5650 tenuistis,
821 5599 886 5640 eo
918 5583 1166 5644 videlicet
1184 5585 1375 5641 ordine
1397 5586 1490 5658 qui
1520 5587 1573 5642 in
1603 5597 1908 5645 vestrarum
1948 5590 2104 5646 char-

517 5679 754 5734 tularum
804 5678 1092 5749 paginibus
1149 5680 1461 5735 continetur
1519 5699 1532 5736 :
1595 5689 1650 5736 et
1693 5681 1759 5737 de
1810 5685 1954 5739 nulla
2003 5685 2104 5740 alia

519 5771 741 5828 ecclesia
801 5786 964 5842 super
1022 5787 1116 5827 vos
1198 5771 1626 5846 archipresbyter
1692 5776 1770 5830 vel
1835 5776 2106 5834 archidia-

519 5881 692 5923 conus
737 5865 1072 5938 praeferatur.
1122 5869 1281 5940 Quod
1331 5869 1402 5924 ob
1451 5867 1555 5925 hoc
1595 5868 1718 5926 dico
1765 5869 1889 5940 quia
1947 5885 2106 5941 spero

2136 4627 2186 4692 η
2217 4605 2429 4692 Littera:
2483 4599 2769 4681 Clementis
2936 4595 3568 4692 aittipoﬁnadmonrnn‘es

2211 3347 2264 3402 in
2297 3353 2484 3408 monte
2510 3345 2702 3413 Nebal,
2745 3354 2800 3400 et
2827 3325 3119 3404 anathema
3147 3344 3488 3420 maranatha,
3519 3353 3573 3400 et
3611 3360 3818 3402 omnes

2210 3440 2330 3494 illic
2347 3438 2520 3511 plagas
2543 3445 2598 3493 et
2617 3433 3028 3493 maledictionos
3051 3437 3249 3510 quibus
3274 3419 3430 3494 Deus
3449 3419 3814 3494 i’haraonem

2209 3541 2264 3588 et
2289 3535 2578 3606 Egyptum
2604 3533 2888 3604 percussit,
2920 3546 3040 3603 qua:
3068 3539 3198 3586 sunt
3235 3531 3455 3604 scripta:
3479 3532 3534 3586 in
3559 3531 3816 3604 quinque

2210 3626 2359 3680 libris
2405 3626 2606 3697 Moysi;
2647 3635 2700 3680 et
2723 3624 2878 3682 Judze
2904 3625 3150 3680 tradituri
3176 3625 3412 3681 sociatus
3435 3640 3565 3680 cum
3589 3626 3814 3681 Anania

2211 3728 2264 3773 et
2301 3717 2532 3789 Saphira
2568 3733 2786 3790 pinnam
2845 3718 2958 3774 luat
3015 3725 3295 3786 aeternam,
3339 3726 3394 3774 et
3447 3726 3659 3786 nostro,
3707 3735 3816 3776 seu

2210 3820 2529 3866 nostrorum
2556 3826 2933 3867 successorum
2961 3811 3239 3883 subjaceat
3251 3809 3462 3883 judicio
3491 3830 3504 3865 :
3536 3811 3662 3867 haec
3690 3828 3816 3868 om-

2208 3905 2292 3959 nia
2329 3904 2482 3981 juxta
2513 3904 2856 3979 privilegium
2891 3903 3214 3959 sanctissimi
3245 3905 3450 3959 Leonis
3477 3904 3624 3960 Noni
3655 3921 3814 3978 papa

2211 4008 2277 4063 ita
2301 4001 2510 4060 ﬁrmari
2543 4017 2605 4057 ac
2627 3998 2966 4056 corroborari
2996 3997 3354 4054 decrevimus.

2281 4105 2482 4156 Actum
2533 4101 2849 4162 Ravennae,
2901 4107 3044 4146 anno
3093 4091 3403 4149 Dominicae
3466 4093 3809 4148 Incarnatio-

2208 4194 2287 4250 nis
2317 4198 2472 4258 1084,
2505 4190 2687 4246 indict.
2737 4203 2847 4242 vn.
2893 4188 3096 4239 Datum
3155 4200 3249 4256 per
3293 4201 3518 4241 manum
3564 4185 3810 4242 Roberti

2212 4286 2361 4344 card.
2411 4281 2631 4357 presb,
2671 4296 2814 4337 anno
2861 4295 2933 4334 m
2971 4277 3218 4336 Ordinat.
3262 4281 3332 4336 D.
3383 4278 3683 4335 Clementis
3730 4294 3818 4338 In

2213 4384 2340 4448 PR,
2375 4395 2431 4434 γι
2461 4381 2606 4434 Non.
2638 4377 2803 4430 Mart.
2842 4375 3086 4430 feliciter.

2975 4489 3042 4540 Il.

3629 4597 3826 4666 ﬁdeles

2286 4672 2527 4726 ordinem
2553 4672 2796 4726 sessionis
2828 4672 2972 4724 inter
3008 4670 3272 4738 episcopos
3310 4668 3529 4722 concilio
3554 4668 3826 4724 assidcn~

2287 4749 2360 4798 tes
2378 4744 2592 4797 statuit.

2837 4833 3022 4904 (Anno
3059 4838 3236 4898 1085.)

2351 4933 2728 4999 [Μυκη-θαι,
2761 4932 2887 4984 Ber.
2931 4929 3053 4982 Ital.
3081 4929 3290 4998 Script.
3329 4930 3372 4995 1,
3403 4942 3471 4995 ιι,
3505 4930 3664 4997 583.]

2284 5036 2565 5091 CLEMBNS
2597 5032 2900 5103 episcopus,
2936 5047 3126 5087 servus
3151 5046 3434 5087 servorum
3473 5032 3598 5099 Dei,
3634 5034 3829 5091 omni-

2213 5129 2316 5184 bus
2353 5135 2554 5183 sanctae
2593 5125 2843 5181 Ecclesiae
2871 5123 2993 5181 ﬁliis
3021 5132 3340 5197 perpetuam
3387 5123 3441 5180 in
3468 5124 3690 5182 Christo
3722 5142 3826 5184 sa-

2215 5223 2406 5278 lutem.
3065 5218 3072 5234 '

2286 5313 2442 5385 Quod
2479 5299 2751 5384 prepulsis
2779 5311 2846 5367 de
2873 5311 3164 5382 apostolica
3189 5310 3316 5368 sede
3345 5311 3410 5367 iis
3452 5313 3547 5384 qui
3576 5312 3636 5369 in
3665 5315 3828 5370 ovile

2211 5406 2559 5466 sanctissimo
2603 5405 2985 5475 apostolorum
3031 5405 3257 5476 principi
3303 5406 3465 5460 Petro
3513 5420 3545 5460 a
3582 5405 3828 5465 Christo

2213 5501 2453 5558 Domino
2505 5497 2955 5554 commendatum
3015 5513 3131 5554 non
3196 5498 3420 5571 ingressi
3487 5497 3642 5555 fuere
3713 5515 3833 5572 per

2215 5595 2437 5661 ostium,
2477 5592 2574 5648 sed
2618 5591 2835 5648 aliunde
2885 5591 3195 5664 subrepere,
3246 5600 3437 5664 utpote
3478 5591 3625 5648 fures
3651 5599 3708 5648 et
3741 5593 3834 5651 la—

2213 5695 2420 5754 trones,
2472 5686 2862 5756 prospicientes
2911 5686 3022 5742 suis
3060 5683 3368 5741 commodis
3419 5684 3604 5756 potius
3638 5699 3828 5758 quam

2214 5780 2394 5853 gregis
2421 5779 2660 5846 utilitati,
2687 5794 2797 5836 non
2833 5787 2917 5834 est
2941 5779 3146 5835 nostris
3168 5778 3380 5835 meritis
3403 5776 3830 5849 ascribendnln,

2214 5873 2308 5931 sed
2330 5871 2535 5930 divinae
2570 5872 2916 5946 benignitati,
2962 5872 3235 5945 quielegit
3278 5887 3344 5930 ea
3379 5886 3510 5945 qua
3539 5883 3654 5930 non
3677 5881 3838 5931 IIII
