4048 6174
1598 94 1610 121 1

251 326 351 379 829

820 326 1105 380 APPEND.
1148 327 1210 379 ll.
1256 355 1316 365 --
1358 322 1647 381 WIBERTI
1682 325 1843 384 ΑΝΤῘ

1957 330 2041 385 Ἐ
2079 330 2418 388 ΕΡΙΞΤΟΙμΕ
2456 331 2541 385 ΕΤ
2580 330 2981 386 PRIVILEGIA.

3437 335 3542 387 830

251 461 512 522 tanquam
541 450 670 518 sint,
700 458 764 507 ut
789 465 851 506 ea
879 465 1003 522 qua
1030 458 1159 506 sunt
1192 460 1543 508 evaeuentur.
1579 455 1659 507 De
1700 454 1840 509 mul-
1874 459 1922 522 Α
1953 455 2156 527 placuit
2196 456 2403 512 nostris
2449 454 2644 511 litteris
2673 453 2987 525 apostolicis
3029 455 3299 527 adnotari,
3330 463 3386 513 et
3423 465 3537 512 tam

250 544 319 601 tis
345 553 533 599 autem
570 560 692 616 qua
728 545 784 599 in
812 545 932 614 ipso
956 544 1132 600 nostri
1164 544 1510 616 pontiﬁcatus
1538 546 1867 617 primordiO'

251 646 367 694 acta
399 646 531 693 sunt
578 638 633 693 in
658 638 908 709 (synodo,
938 653 1103 710 quam
1150 654 1249 710 pro
1298 639 1580 694 communi
1614 640 1843 697 utilitate

251 731 670 797 maturavimus,
709 746 831 787 eam
862 732 1004 787 circa
1044 733 1231 787 Nonas
1264 733 1509 787 Januarii
1556 732 1844 789 celebran-

250 836 354 893 tes,
392 842 586 892 unum,
630 824 957 897 propitiante
988 827 1253 894 Domino,
1302 826 1462 881 nobis
1520 840 1841 883 concessum

250 929 349 985 est,
381 919 515 975 illud
540 918 928 987 determinare,
958 919 1128 990 quod,
1158 920 1440 975 multoties
1467 920 1786 977 ventilatum
1812 937 1842 976 a

248 1024 396 1071 retro
446 1012 794 1084 pontiﬁcibus
824 1012 1315 1084 pradecessoribus
1343 1014 1568 1081 nostris,
1617 1023 1711 1070 aut
1752 1015 1843 1070 vix

249 1115 342 1162 aut
368 1106 523 1162 nullo
555 1104 663 1161 ﬁne
680 1106 920 1176 sopitum
950 1112 1032 1161 est
1059 1126 1074 1160 :
1104 1106 1249 1162 istud
1278 1106 1527 1162 videlicet
1554 1107 1612 1161 in
1630 1106 1842 1178 synodo

246 1200 457 1256 sedenti
493 1200 737 1271 jurgium
777 1199 925 1271 quod
956 1209 1256 1255 emerserat
1280 1200 1438 1269 ;inter
1468 1204 1841 1256 Ravennatem

242 1304 296 1350 et
346 1293 813 1349 Mediolaneusem
863 1293 1331 1364 archiepiscopos,
1380 1293 1524 1349 unde
1574 1295 1746 1350 etiam
1789 1294 1843 1349 in

243 1390 359 1459 ipsa
400 1395 589 1442 nostra
625 1385 841 1458 synodo
878 1386 1277 1457 Aquilegiensis
1304 1387 1612 1458 patriarcha
1636 1388 1840 1444 mussi-

244 1482 431 1545 tabat;
477 1481 713 1552 qnisque
740 1482 892 1536 enim
924 1480 1079 1552 juxta
1110 1496 1213 1537 nos
1240 1480 1415 1537 dextri
1446 1481 1628 1537 lateris
1657 1482 1838 1537 locum

242 1575 584 1643 vindicabat,
630 1584 683 1631 et
716 1576 801 1631 cui
843 1576 968 1647 jure
998 1574 1312 1641 deberetur,
1356 1576 1518 1631 nobis
1568 1578 1838 1633 incertum

239 1679 378 1726 erat.
411 1670 653 1741 Contigit
681 1678 865 1724 autem
907 1670 1080 1740 primo
1105 1668 1189 1725 die
1228 1668 1420 1741 synodi
1450 1685 1562 1725 non
1591 1670 1845 1726 interesse

244 1763 711 1819 Mediolanensem
733 1762 1207 1834 archiepiscopum
1228 1778 1256 1818 a
1277 1762 1599 1834 primordio,
1617 1764 1713 1819 sed
1727 1764 1842 1836 jam

239 1858 335 1912 die
381 1858 629 1913 inclinata
676 1872 807 1912 cum
849 1833 1155 1928 patriarcha
1202 1872 1232 1911 a
1275 1833 1480 1913 dextris
1507 1833 1842 1914 nostris—se-
1875 1833 1922 1895 B

238 1952 419 2017 deret,
462 1950 778 2021 interposita
809 1958 995 2005 tamen
1021 1949 1151 2006 sella
1192 1950 1494 2006 charissimi
1528 1950 1621 2005 ﬁlii
1662 1953 1836 2007 nostri

237 2046 591 2116 imperatoris
632 2044 879 2110 Henrici,
926 2044 1017 2115 qui
1057 2044 1176 2115 jam
1219 2044 1476 2101 advenire
1525 2045 1835 2116 putabatur,

235 2138 369 2211 quia
397 2154 467 2195 eo
504 2138 606 2193 loci
643 2146 761 2194 erat
790 2140 984 2206 elatus,
1015 2139 1167 2209 quasi
1196 2138 1538 2194 Ravennatis
1580 2140 1841 2197 Ecclesia

230 2249 261 2288 a
292 2232 533 2288 sinistris
566 2232 769 2288 nostris
796 2231 1080 2287 assideret.
1103 2232 1227 2301 Quo
1256 2231 1463 2287 Mediol
1506 2248 1708 2289 anense
1750 2249 1840 2288 ar-

235 2327 593 2398 chiepiscOpo
617 2325 673 2380 in
696 2324 940 2381 medium
962 2326 1232 2393 veniente,
1262 2325 1628 2398 dextrumque
1656 2326 1840 2382 locum

237 2428 491 2492 petente,
523 2419 668 2475 hunc
694 2419 1058 2475 acclamatum
1089 2427 1173 2475 est
1210 2418 1278 2474 ab
1318 2419 1495 2475 electo
1523 2422 1842 2476 Ravennate

236 2514 349 2569 sibi
392 2512 599 2570 deberi.
644 2512 801 2568 lllino
826 2512 994 2568 simili
1023 2512 1193 2568 modo
1224 2528 1255 2567 a
1286 2512 1593 2583 patriarcha
1622 2515 1843 2585 Aquile-

237 2610 469 2680 giense;
515 2616 570 2662 et
618 2606 693 2661 ita
723 2606 884 2661 unius
910 2606 986 2661 rei
1022 2606 1296 2662 altercatio
1339 2606 1479 2661 inter
1507 2614 1618 2661 tres
1653 2615 1841 2662 exorta

234 2710 342 2757 est.
372 2700 584 2756 Placuit
609 2708 797 2755 autem
834 2700 1105 2756 universa
1145 2698 1361 2772 synodo
1391 2700 1559 2754 trium
1604 2700 1840 2769 partium

236 2793 650 2851 dissensionem
686 2808 874 2848 coram
902 2793 1123 2848 deferri.
1157 2793 1460 2863 Statimque
1488 2793 1736 2863 prolatus
1764 2802 1845 2848 est

235 2888 475 2960 quidam
509 2887 795 2957 catalogus
832 2886 1121 2942 nominum
1155 2900 1354 2942 eorum
1402 2885 1845 2958 archiepiscopo-

236 2997 402 3047 rum,
435 2990 491 3035 et
513 2981 762 3050 ipsorum
786 2980 880 3051 qui
905 2978 1271 3035 interfuerunt
1289 2977 1501 3052 synodo
1523 2980 1844 3050 Symmachi

234 3090 423 3147 papa,
457 3073 549 3128 ubi
595 3073 942 3145 prascriptus
982 3080 1101 3128 erat
1132 3071 1552 3128 Mediolanensis
1575 3073 1844 3144 archiepi-

1952 550 2313 621 prasentibus
2334 564 2499 620 quam
2525 547 2726 603 futuris
2750 549 3017 615 intimari,
3051 557 3110 604 ut
3145 557 3301 606 tanto
3328 550 3542 607 ﬁrmius

1952 645 2163 698 valeant
2194 643 2366 710 credi,
2391 650 2599 713 quanto
2642 650 2859 697 constat
2886 641 2955 696 de
2984 651 3174 698 nostro
3214 659 3309 700 ore
3338 644 3540 701 audiri.

1952 740 2157 792 Verum
2185 752 2254 792 ne
2296 735 2517 807 posthac
2546 736 2748 790 iterum
2779 736 2858 791 vel
2884 735 3294 809 archiepiscopo
3319 736 3541 794 Medio-

1954 829 2183 900 lanensi,
2237 831 2317 884 vel
2376 830 2697 900 patriarcha
2742 829 3112 901 Aquilegiensi
3183 830 3252 886 de
3301 832 3539 887 sessione

1952 922 2125 978 dextri
2160 924 2343 978 lateris
2390 921 2563 977 nostri
2592 922 2751 977 liceat
2799 937 3020 978 exerere
3068 924 3369 995 quamlibet
3412 930 3545 989 con-3

1952 1016 2302 1083 troversiam,
2334 1013 2717 1073 interdicimus
2749 1024 2935 1071 nostra
2971 1018 3273 1088 apostolica
3301 1020 3540 1074 auctori-

1954 1119 2064 1166 tate
2110 1109 2215 1165 hoc
2251 1112 2331 1165 eis
2358 1109 2429 1165 de
2455 1117 2654 1165 catero
2704 1109 2881 1164 licere.
2927 1109 3085 1179 Quod
3116 1111 3159 1165 si
3202 1110 3348 1167 forte
3378 1112 3536 1167 fuerit

1955 1211 2280 1276 perruptum
2313 1220 2411 1274 per
2444 1203 2861 1258 temerationem
2888 1202 3238 1259 interdictum
3262 1212 3540 1271 nostrum,

1950 1314 2062 1353 non
2091 1296 2258 1353 modo
2298 1296 2465 1351 sancti
2494 1296 2640 1351 Petri
2676 1305 2990 1368 nostraque
3025 1296 3172 1352 sedis
3212 1296 3537 1368 indignatio-

1951 1408 2109 1459 nem,
2152 1405 2338 1446 verum
2370 1398 2575 1445 nostra
2615 1404 2833 1461 quoque
2872 1390 3451 1445 excommunicationis
3486 1397 3541 1445 et

1951 1486 2322 1541 anathematis
2354 1484 2580 1554 laqueos
2608 1483 2875 1539 incurrat.
2905 1483 3103 1539 Sedem
3134 1486 3281 1539 enim
3324 1487 3543 1540 Raven-

1951 1579 2096 1633 natis
2134 1576 2523 1647 archiepiscopi
2558 1576 2817 1648 jnbemus
2845 1591 3062 1647 semper
3108 1592 3292 1632 esse~a
3334 1576 3541 1632 dextris

1953 1672 2155 1728 nostris
2184 1679 2613 1742 nostrorumque
2655 1685 3032 1725 successorum
3077 1670 3378 1725 secundum
3409 1670 3548 1725 anti-

1953 1780 2079 1838 qua
2105 1764 2523 1820 constitutionis
2551 1764 2958 1830 auctoritatem,
2990 1763 3094 1818 nisi
3137 1762 3278 1819 forte
3310 1765 3543 1833 impera-

1947 1868 2034 1915 tor
2052 1857 2323 1926 adfuerit;
2349 1866 2404 1912 et
2428 1865 2561 1912 tunc
2580 1859 2747 1912 etiam
2776 1858 2957 1928 ipsum
2986 1857 3264 1912 sinistram
3293 1864 3541 1911 nostram

1947 1962 2131 2009 tenere
2165 1968 2261 2023 per
2286 1951 2429 2007 hanc
2459 1959 2660 2007 nostra
2697 1951 3041 2005 auctoritatis
3064 1949 3382 2005 ﬁrmitatem
3413 1948 3541 2005 huic

1949 2056 2154 2103 nostra
2209 2044 2507 2101 narrationi
2554 2043 2852 2115 ubjectam
2895 2058 2990 2115 per
3037 2058 3265 2098 manum
3312 2042 3541 2097 Joannis

1949 2138 2217 2195 scriniarii
2265 2145 2321 2193 et
2356 2137 2555 2193 notarii
2597 2138 2735 2193 sacri
2779 2136 2950 2192 nostri
2997 2135 3205 2206 palatii.
3257 2136 3401 2190 Bene
3450 2150 3539 2188 va-
3596 2162 3601 2173 α

1950 2235 2073 2289 lete.

2022 2329 2139 2399 Ego
2195 2324 2446 2383 Ubaldus
2522 2327 2814 2380 Ravennas
2880 2321 3117 2389 tabellio,
3180 2330 3235 2377 et
3283 2323 3532 2378 notarius

1950 2430 2151 2477 sancta
2188 2420 2521 2476 Ravennatis
2564 2418 2836 2485 Ecclesia,
2885 2424 2947 2471 ut
2991 2415 3047 2471 in
3078 2415 3393 2471 authentico
3424 2416 3528 2472 vidi

1950 2523 2004 2571 et
2024 2515 2144 2584 legi,
2176 2515 2250 2568 ita
2282 2512 2495 2583 scripsi.

2019 2611 2136 2679 Ego
2164 2605 2473 2672 Artuﬁnus,
2516 2612 2571 2659 et
2595 2605 2934 2671 Bartolinus,
2968 2612 3020 2659 et
3045 2604 3305 2661 Cannlius
3332 2603 3402 2660 de
3435 2608 3539 2660 Ar-

1950 2701 2148 2757 tusinis
2186 2700 2420 2755 vidimus
2445 2694 2819 2753 authenticum
2867 2697 3213 2769 privilegium
3262 2697 3537 2753 bullarum

1950 2810 2076 2851 cum
2108 2793 2251 2848 bulla
2282 2791 2491 2847 domini
2534 2791 2834 2845 Clementis
2870 2804 3042 2861 papa.

2024 2891 2092 2942 Et
2129 2902 2229 2958 ego
2271 2885 2472 2941 Paulus
2501 2882 2729 2938 Scordili
2773 2882 2841 2938 de
2870 2882 3077 2938 Candia
3129 2882 3323 2938 doctor
3362 2882 3545 2937 decre-

1952 2991 2154 3049 torum,
2206 2979 2532 3049 prapositus
2576 2986 2631 3033 et
2671 2977 2970 3032 canonicns
3004 2974 3297 3031 cardinalis
3336 2984 3537 3033 sancta

1953 3074 2280 3132 Ravennatis
2302 3072 2577 3138 Ecclesia,
2615 3070 2749 3125 illud
2777 3070 3116 3141 privilegium
3140 3069 3195 3123 in
3221 3068 3537 3124 authentico

233 3182 463 3239 scopus.
511 3167 631 3236 Quo
685 3174 872 3221 contra
904 3175 1187 3221 ostensum
1230 3174 1314 3221 est
1356 3166 1703 3238 privilegium
1734 3169 1843 3222 Ra-
1872 3193 1916 3256 ρ
1948 3170 2079 3236 vidi,
2105 3178 2160 3223 et
2188 3168 2293 3238 legi
2327 3166 2597 3221 bullatum
2627 3164 2771 3219 bulla
2811 3163 3065 3234 plumbea
3104 3162 3398 3233 apostolica
3440 3162 3537 3217 sed

234 3262 502 3317 vennatis
530 3260 803 3325 Ecclesia,
832 3260 1120 3315 continens
1154 3274 1261 3331 qua
1291 3259 1455 3315 habet
1501 3260 1589 3315 illa
1628 3260 1683 3314 in
1709 3262 1844 3316 scri-

235 3357 351 3426 ptis
428 3354 748 3417 nominum,
801 3369 909 3408 non
958 3353 1140 3423 aliquo
1181 3353 1327 3424 jure,
1382 3368 1497 3407 non
1538 3354 1718 3425 aliqua
1766 3370 1850 3409 re—

232 3447 544 3514 ctitudine,
601 3446 695 3501 sed
760 3446 943 3517 potius
1008 3462 1167 3501 causa
1233 3446 1559 3501 humilitatis
1605 3448 1847 3502 evenerit

229 3540 393 3613 quod
452 3540 661 3594 scilicet
722 3539 1169 3609 archiepiscopus
1210 3542 1496 3594 Ravennas
1544 3540 1849 3611 permiserit

232 3634 532 3708 prascribi
584 3634 687 3689 sibi
738 3633 831 3688 illo
886 3634 1126 3688 termino
1178 3648 1310 3688 casu
1370 3631 1847 3705 archiepiscopum

230 3726 745 3791 Mediolanensem,
768 3735 908 3783 etne
931 3741 1027 3797 pro
1053 3768 1067 3782 .
1113 3766 1127 3779 .
1173 3768 1186 3780 .
1226 3768 1239 3782 .
1287 3768 1300 3782 .
1348 3768 1361 3781 .
1383 3727 1563 3797 quivis
1586 3736 1728 3783 esset
1748 3728 1849 3783 im-

230 3832 538 3895 posterum
572 3822 902 3893 gigneretur,
953 3820 1220 3890 placuisse
1263 3834 1418 3892 papa
1447 3822 1676 3890 Joanni,
1719 3837 1848 3877 suc-

230 3914 452 3972 cessori
500 3914 645 3970 illius
688 3912 1028 3986 Symmachi,
1076 3914 1258 3985 ipsum
1309 3914 1650 3987 privilegium
1704 3914 1843 3970 ﬁeri.

234 4011 362 4066 Hoc
403 4015 596 4064 autem
626 4009 927 4080 pr0posito,
957 4016 1019 4063 ut
1043 4008 1166 4078 quis
1200 4023 1394 4063 eorum
1424 4007 1698 4064 videretur
1728 4024 1846 4064 esse

231 4105 458 4176 major,
499 4103 755 4173 quamvis
785 4117 912 4157 vero
962 4101 1154 4157 dextra
1186 4116 1341 4172 papa
1370 4102 1602 4155 Romani
1633 4117 1849 4172 semper

224 4200 357 4269 jure
394 4196 699 4251 deberetur
725 4194 1132 4267 archiepiscopo
1166 4196 1500 4261 Ravennati,
1531 4193 1847 4250 addendum

231 4300 439 4347 tamen
468 4289 519 4344 ei
549 4289 651 4343 soli
688 4289 1036 4360 imperatori,
1066 4290 1111 4343 si
1148 4304 1383 4359 prasens
1414 4286 1650 4354 adesset,
1682 4296 1743 4341 ut
1771 4288 1849 4343 sic

230 4384 301 4439 ad
334 4382 634 4439 sinistram
668 4397 794 4437 eum
816 4382 1202 4457 trausmigrare
1228 4382 1442 4437 debere.
1475 4380 1691 4450 Quibus
1710 4380 1847 4437 dno-

228 4494 360 4533 rum
413 4477 806 4531 altercatorum
864 4476 1120 4542 ostensis,
1192 4476 1341 4531 tertii
1388 4491 1515 4531 vero
1558 4476 1848 4531 altercato-

1952 3280 2062 3319 non
2111 3277 2263 3317 more
2308 3261 2541 3315 aliarum
2586 3258 3009 3328 apostolicarum
3056 3258 3331 3312 bullarum
3392 3272 3537 3311 anno

1958 3356 2179 3412 Domini
2198 3358 2267 3410 N.
2290 3357 2342 3410 J.
2367 3355 2425 3409 C.
2456 3358 2612 3419 1413,
2636 3351 2931 3409 indictione
2956 3366 3042 3419 vr,
3064 3350 3150 3408 die
3170 3350 3351 3423 primo
3377 3350 3534 3416 Maii,

1956 3455 2149 3507 Amen.

2708 3566 2805 3617 Ill.

1956 3657 2277 3751 Ravennatis
2293 3692 2514 3745 ecclesia
2524 3690 2813 3760 privilegia
2831 3704 2866 3742 α
2892 3688 3127 3749 Wiberto
3142 3689 3431 3759 antipapa,
3451 3687 3555 3757 qui

2135 3764 2369 3818 ('lemens
2398 3763 2667 3832 appellari
2686 3761 2917 3822 volebat,
2957 3761 3362 3829 conﬁrmantur.

2546 3877 2726 3938 (Anno
2777 3874 2958 3937 1086.)

2311 3993 2559 4058 [MANSI,
2606 3990 2801 4043 ('onm‘l.
2850 3988 2985 4053 XX,
3035 3986 3185 4059 615.]

2024 4106 2304 4163 CLBMBNS
2349 4106 2637 4175 episcopus
2683 4118 2872 4158 servus
2912 4117 3199 4157 servorum
3244 4101 3372 4171 Dei,
3422 4116 3543 4157 san-

1954 4208 2056 4256 ctae
2086 4200 2391 4255 Ravennati
2429 4198 2707 4261 Ecclesia,
2739 4196 3103 4267 omnibusque
3130 4194 3326 4252 futuris
3354 4195 3413 4250 in
3444 4194 3537 4249 illa

1954 4291 2370 4363 archiepiscopis
2391 4307 2485 4361 per
2508 4305 2628 4344 eam
2656 4291 2710 4343 in
2736 4298 3080 4359 perpetuum.

2028 4387 2163 4439 Cum
2186 4383 2253 4439 ad
2286 4399 2389 4438 nos
2411 4382 2781 4437 Ecclesiarum
2811 4398 2938 4436 cura
2971 4381 3241 4451 respiciat,
3273 4380 3409 4436 etde
3427 4382 3548 4437 sin-

1957 4478 2093 4550 gulis
2116 4478 2354 4549 cogitare
2386 4475 2695 4541 conveniat,
2728 4483 2781 4529 et
2818 4490 2882 4529 ex
2912 4473 3097 4528 debito
3126 4474 3359 4543 suscepti
3390 4476 3541 4544 regi-

226 4588 391 4636 rum,
432 4569 489 4624 id
516 4578 601 4625 est
631 4568 973 4641 patriarcha,
1006 4577 1288 4625 ostensum
1319 4578 1402 4624 est
1430 4568 1783 4642 privilegium
1814 4586 1843 4624 a
1877 4545 1926 4607 D
1959 4545 2124 4628 minis
2152 4545 2407 4625 omnibus
2444 4585 2547 4625 nos
2580 4567 2862 4641 providere
2892 4574 3143 4637 oporteat
3186 4584 3199 4621 :
3232 4566 3538 4637 specialiter

222 4669 463 4721 Joanne
496 4678 642 4718 nono
683 4662 897 4718 decimo
928 4680 1061 4734 papa
1106 4662 1311 4718 factum
1355 4664 1601 4718 similiter
1637 4664 1703 4718 de
1733 4679 1846 4718 ses-

222 4760 393 4815 sione
429 4756 503 4812 ad
532 4755 811 4812 dexteram
843 4764 1070 4827 partem.
1111 4759 1209 4810 His
1244 4756 1442 4811 auditis
1477 4756 1728 4811 universa
1757 4773 1843 4828 sy-

222 4854 427 4909 nodus
475 4850 813 4921 interrogata
854 4858 937 4904 est
964 4865 993 4903 a
1036 4849 1195 4904 nobis
1228 4867 1241 4903 ε
1277 4849 1451 4920 primo
1495 4858 1679 4903 autem
1725 4864 1843 4904 om-

221 4948 399 5002 nium
448 4944 688 4998 Romani
714 4943 953 5013 episcopi
986 4942 1274 5014 clerusque
1303 4944 1605 5011 Romanus,
1646 4943 1846 5013 quibus

220 5050 275 5095 et
327 5038 650 5096 auctoritas
696 5044 774 5091 est
819 5036 1013 5107 major,
1068 5045 1123 5091 et
1164 5036 1277 5108 ipsa
1324 5052 1414 5091 res
1460 5044 1578 5090 erat
1625 5038 1842 5105 notior;

220 5131 447 5190 deinde
493 5130 675 5186 cateri
722 5144 932 5185 omnes.
980 5131 1227 5201 Cumque
1277 5146 1340 5185 ex
1380 5129 1570 5185 ordine
1610 5132 1847 5186 Joannes

221 5227 541 5299 episcopus
582 5224 932 5291 Portnensis,
982 5231 1038 5278 et
1078 5227 1272 5280 Petrus
1322 5223 1585 5279 diaconus
1640 5232 1846 5281 nostra

220 5317 566 5392 apostolica
608 5317 755 5373 sedis
794 5317 1183 5385 cancellarius,
1234 5318 1577 5389 privilegium
1629 5321 1842 5375 Raven-

222 5414 386 5471 natis
436 5412 693 5467 Ecclesia
737 5410 849 5467 vice
887 5428 983 5468 sua
1016 5412 1283 5467 universa
1328 5421 1507 5483 partes
1539 5413 1841 5478 laudarent,

222 5512 444 5580 Poppo
480 5521 697 5577 quoque
728 5505 1061 5577 Brisegensis
1089 5507 1371 5577 episcopus
1416 5507 1522 5563 hoc
1570 5506 1715 5561 idem
1758 5505 1843 5561 fe-

224 5601 336 5669 cit,
361 5600 596 5671 ejusque
616 5613 804 5655 vocem
834 5606 950 5654 tota
974 5598 1217 5670 synodus
1255 5609 1549 5655 consecuta
1577 5608 1676 5655 est.
1719 5600 1842 5669 Quo

221 5696 419 5768 igitur
469 5692 523 5745 in
552 5708 721 5747 unum
758 5693 1021 5764 placitum
1068 5707 1170 5746 vox
1203 5693 1449 5747 omnium
1489 5702 1840 5762 convenerat,

219 5794 445 5845 noster
482 5798 697 5855 quoque
745 5800 995 5842 assensus
1056 5786 1175 5857 pari
1227 5786 1430 5840 ratione
1467 5786 1843 5842 accommoda-

223 5892 330 5937 tus
362 5883 482 5933 est.
504 5878 580 5933 Ut
606 5893 732 5934 vero
754 5879 899 5950 quod
925 5886 1114 5935 actum
1133 5886 1216 5935 est
1241 5878 1497 5935 omnibus
1516 5878 1838 5946 innotescat,

1952 4674 2141 4721 tamen
2183 4673 2237 4718 et
2275 4664 2514 4719 maxime
2561 4661 2871 4719 Ravennati
2913 4660 3225 4731 prospicere
3276 4659 3542 4715 debemus

1956 4759 2228 4825 Ecclesia,
2254 4759 2339 4813 cui
2370 4771 2695 4829 prasnmus,
2730 4760 2845 4811 Deo
2876 4754 3126 4826 propitio,
3157 4762 3217 4809 ut
3240 4769 3460 4826 sponsa
3489 4762 3548 4809 et

1953 4852 2092 4908 ﬁlia.
2121 4851 2301 4922 Hujus
2342 4851 2508 4922 igitur
2542 4848 2792 4905 miserias
2824 4847 2985 4904 nimis
3014 4863 3156 4917 agre
3179 4847 3437 4913 ferentes,
3468 4858 3544 4914 et,

1952 4954 2222 5017 quantum
2245 4945 2301 4999 in
2324 4944 2482 4998 nobis
2517 4951 2617 5006 est,
2639 4952 2930 5013 amputare
2951 4942 3213 5009 volentes,
3236 4940 3343 4997 hoc
3363 4956 3541 4997 reme-

1953 5039 2029 5095 dii
2071 5054 2289 5110 genere,
2342 5039 2445 5092 hoc
2472 5036 2682 5092 concilii
2711 5035 2956 5091 antidoto
3002 5036 3223 5091 tandem
3251 5034 3541 5091 subvenire

1953 5134 2281 5198 curavimus,
2337 5139 2417 5198 ut,
2462 5130 2819 5187 consideratis
2859 5130 3152 5202 privilegiis
3189 5128 3543 5185 decessurum

1954 5235 2271 5282 nostrorum
2331 5228 2713 5281 Romanorum
2772 5223 3090 5294 pontiﬁcum
3147 5230 3203 5277 et
3264 5220 3548 5293 praceptis

1954 5322 2350 5393 imperatorum
2394 5334 2516 5390 qua
2568 5320 2625 5374 in
2685 5318 2907 5374 archivo
2957 5326 3162 5373 nostra
3208 5314 3545 5371 Ravennatis

1952 5415 2209 5469 Ecclesia
2248 5413 2627 5480 continentur,
2672 5426 3008 5483 quacunque
3053 5410 3107 5464 in
3156 5410 3260 5465 illis
3293 5411 3547 5481 leguntur

1953 5506 2212 5578 privilegii
2300 5506 2685 5577 astipulatione
2749 5506 3067 5569 ﬁrmentur,
3160 5510 3241 5569 ut,
3313 5502 3545 5558 sublatis

1928 5600 2018 5655 ade
2056 5608 2255 5655 catero
2301 5600 2605 5655 seminariis
2643 5599 2843 5665 litium,
2886 5613 2988 5652 nec
3023 5601 3272 5652 Romana
3304 5594 3541 5650 Ecclesia

1950 5692 2252 5749 Ravennati
2278 5694 2555 5759 Ecclesia,
2578 5701 2754 5747 mater
2774 5691 2896 5746 ﬁlia
2918 5705 3053 5756 sua,
3078 5689 3331 5759 injuriam
3359 5686 3539 5749 faciat,

1948 5804 2049 5843 nec
2099 5787 2259 5843 matri
2300 5786 2409 5841 ﬁlia
2470 5784 2827 5850 contradicat,
2882 5784 2977 5839 sed
3022 5782 3337 5853 dignitatem
3385 5791 3546 5833 suam

1949 5890 2181 5954 utraque
2212 5881 2508 5952 possideat.
2542 5880 2611 5934 Et
2627 5874 2833 5931 deinde
2858 5874 2989 5946 quid
3019 5872 3237 5937 melius,
3267 5870 3399 5943 quid
3427 5874 3551 5930 Deo
