4048 6174
484 328 578 382 831

1490 326 1579 379 AD
1618 325 1841 381 OPERA
1878 325 1935 380 S.
1979 325 2299 381 GREGORII
2334 320 2765 381 APPENDICES.

3662 321 3757 373 832

476 451 799 523 jucundius,
818 466 819 475 ‘
839 464 1002 522 quam
1039 447 1295 504 scandala
1337 448 1550 515 tollere,
1600 449 1723 505 lites
1752 450 2067 531 reprimere,
2100 454 2154 515 Α
2182 450 2509 516 offensione,
2532 449 2771 506 debitam
2792 446 2937 502 beati
2957 446 3122 513 Petri,
3144 451 3335 500 contra
3354 444 3602 499 omnium
3630 458 3764 513 prae-

488 559 679 616 pacem
698 556 1048 613 componere,
1082 541 1454 597 Ecclesiarum
1480 541 1834 598 concordiam
1860 544 2073 599 videre?

487 638 561 693 Iis
610 642 757 693 Deus
787 636 997 690 letatur
1038 642 1093 689 et
1120 634 1341 706 gaudet,
1387 643 1440 689 et
1479 636 1676 692 talibus
1709 652 1871 708 super
1910 653 2074 693 omne

487 729 815 786 sacriﬁcium
874 729 1121 799 placatur
1184 729 1524 784 muneribus.
1593 731 2073 787 Consentientibus

487 824 651 895 igitur
677 829 732 877 et
758 820 1191 878 collaudantibus
1231 822 1410 894 primo
1441 823 1810 879 cardinalibus
1848 826 2075 892 nostris,

486 916 734 972 Ruberto
759 915 943 970 Sancti
966 915 1163 984 Marci,
1192 923 1247 971 et
1275 917 1566 972 Anastasio
1596 919 1811 973 Sancta:
1840 923 2076 974 Anasta-

486 1010 608 1076 εἰῶ,
653 1007 1027 1064 confratribus
1078 1018 1132 1063 et
1162 1010 1495 1080 coepiscopis
1548 1012 1769 1079 nostris,
1824 1011 2074 1067 Rolando

487 1102 800 1167 Tarvisino,
855 1103 1059 1157 Milone
1103 1102 1393 1169 Paduano,
1447 1104 1709 1160 Hecelino
1758 1105 2071 1172 Vicentino,

488 1195 728 1253 Fulcone
782 1197 1367 1267 Forosemproniense,
1417 1196 1697 1253 Thebaldo
1737 1200 2072 1265 Castellano,

486 1290 716 1360 aliisque
746 1289 1170 1359 ‘quampluribus
1202 1291 1294 1360 qui
1340 1290 1493 1346 fuere
1533 1302 1829 1362 praesentes
1864 1312 1876 1346 :
1913 1292 2076 1364 hujus

489 1383 664 1438 nostri
686 1382 947 1453 privilegii
975 1384 1302 1439 auctoritate
1340 1384 1631 1440 ﬁrmamus
1658 1401 1994 1458 quaecunque
2023 1387 2076 1440 in

491 1475 785 1547 privilegiis
812 1479 1193 1533 Romanorum
1232 1477 1556 1547 pontiﬁcum
1595 1479 1874 1550 leguntur,
1902 1480 2071 1543 Pauli,

490 1569 680 1641 Sergii,
729 1571 1022 1637 Anastasii,
1067 1572 1289 1637 Leonis,
1323 1572 1574 1638 Adriani,
1602 1574 1852 1644 Eugenii,
1894 1573 2075 1629 Theo-

490 1662 652 1729 dosii,
719 1662 1117 1729 Valentiniani,
1188 1664 1484 1732 Ludovici,
1566 1667 1765 1733 Caroli,
1825 1667 2077 1733 Othonis,

493 1754 790 1821 Chunradi,
838 1757 1081 1824 Henrici,
1111 1766 1167 1813 et
1210 1758 1445 1815 aliorum
1488 1780 1499 1814 :
1534 1775 1727 1815 omnes
1756 1760 2079 1816 donationes

491 1854 567 1905 et.
600 1850 977 1906 concessiones
1037 1851 1274 1917 illorum,
1338 1868 1474 1924 quas
1522 1855 1829 1909 Ravennati
1886 1854 2080 1910 fecisse

491 1942 846 2014 perhibentur
884 1944 1135 2000 Ecclesia
1160 1953 1279 2001 tam
1307 1947 1361 2000 in
1400 1947 1799 2017 episcopatibus
1830 1965 1997 2020 quam
2028 1950 2078 2003 in

490 2036 741 2104 abbatiis,
758 2037 1131 2105 comitatibus,
1149 2040 1443 2095 exarchatu
1458 2041 1780 2111 caeterisque
1793 2042 2077 2102 similibus,

328 2112 332 2117 ’
424 2152 425 2155 η
492 2144 615 2201 qua
658 2130 715 2184 in
758 2130 1047 2201 privilegiis
1100 2140 1154 2187 et
1202 2134 1485 2203 praeceptis
1529 2134 1733 2203 plenius
1790 2134 2079 2201 habentur,

491 2220 652 2292 hujus
701 2223 981 2293 scriptura:
1020 2232 1222 2280 nostra:
1267 2226 1562 2281 assertione
1600 2227 1905 2283 munimus.
1956 2233 2065 2283 De-

495 2322 800 2383 cernentes,
830 2324 888 2370 et
922 2317 1245 2374 auctoritate
1273 2319 1570 2389 apostolica
1602 2328 1905 2377 statuentes
1928 2330 2011 2387 ut,
2039 2322 2081 2376 si

493 2409 615 2481 quis
637 2417 829 2465 contra
853 2409 961 2465 hoc
1007 2418 1257 2467 nostrum
1286 2412 1631 2485 privilegium
1682 2415 1863 2469 venire
1904 2424 2080 2470 tenta-

496 2501 652 2568 verit,
696 2502 739 2557 si
786 2503 908 2574 quis
951 2503 1327 2561 contradictor
1372 2507 1658 2575 exstiterit,
1690 2508 1761 2562 sit
1789 2509 2077 2563 anathema

497 2595 840 2662 maranatha,
874 2597 1052 2668 sitque
1074 2614 1199 2670 pars
1230 2598 1349 2670 ejus
1376 2615 1503 2655 cum
1528 2601 1729 2666 Pilato,
1762 2610 1816 2656 et
1842 2602 2082 2668 Herode,

497 2696 553 2744 et
587 2688 728 2745 Juda
758 2689 1042 2747 traditore.
1070 2692 1231 2763 Quod
1260 2701 1323 2747 ut
1356 2694 1558 2749 certius
1601 2694 1871 2762 credatur,
1926 2704 1980 2750 et.
2016 2695 2084 2751 ab

495 2782 755 2840 omnibus
786 2783 1100 2856 diligentius
1132 2786 1473 2855 observetur,
1505 2788 1680 2859 sigillo
1726 2797 1915 2844 nostro
1944 2796 2082 2859 prae.—

496 2883 674 2931 sentes
702 2875 910 2932 litteras
944 2878 1238 2935 statuimus
1280 2880 1544 2936 roborari.

559 2973 699 3024 Acta
737 2979 866 3026 sunt
894 2970 1009 3027 haec
1051 2974 1348 3043 Ravennae,
1376 2974 1429 3028 in
1474 2975 1718 3045 plenaria
1770 2976 2004 3047 synodo,
2032 2977 2086 3031 in

495 3062 721 3119 matrice
740 3064 986 3134 ecclesia,
1011 3080 1133 3137 quae
1154 3065 1353 3122 dicitur
1387 3069 1537 3138 Agiaz
1560 3072 1909 3135 Anastaseos,
1940 3084 2085 3124 anno

2184 546 2534 601 decessorum
2582 550 2901 597 nostrorum
2953 540 3413 610 religiosissimam
3463 538 3764 593 institutio-

2184 656 2330 705 nem,
2358 648 2412 694 et
2433 637 2823 693 exhibitionem
2843 642 2993 689 tanto
3005 641 3255 704 tempore
3278 631 3652 696 detinueritis,
3684 640 3763 693 et,

2184 733 2465 787 multoties
2490 730 2618 785 inde
2651 746 2679 784 a
2701 728 2857 783 nobis
2878 736 3101 798 paterna
3122 724 3421 782 affectione
3455 724 3769 780 admonitus

2184 826 2262 881 vel
2295 841 2416 892 nos,
2460 824 2540 879 vel
2583 832 2771 879 nostra
2807 821 3063 877 mandata
3096 820 3243 889 parvi
3275 818 3515 891 pendens
3544 834 3771 889 prorsus

2180 921 2505 991 neglexeris.
2532 917 2639 973 Sed
2657 916 2784 971 talia
2808 916 2905 969 tibi
2930 914 3113 970 forsan
3136 921 3265 968 sunt
3282 913 3467 968 relata.
3496 915 3593 966 Est
3620 913 3769 966 enim

2184 1012 2349 1068 hodie
2390 1022 2558 1077 terra,
2602 1010 2869 1082 perversis
2896 1007 3229 1063 delatoribus
3267 1007 3447 1079 plena,
3478 1020 3618 1076 quin
3665 1014 3774 1060 tua:

2182 1107 2352 1161 menti
2371 1106 2664 1171 sinistram,
2700 1112 2759 1157 ut
2792 1101 3025 1165 videtur,
3052 1100 3119 1157 de
3147 1099 3305 1155 nobis
3340 1100 3564 1171 injecere
3592 1100 3772 1169 suspi-

2184 1201 2424 1267 cionem,
2462 1208 2534 1265 et,
2569 1197 2783 1252 falsitati
2827 1195 3098 1259 credulus,
3130 1202 3247 1249 tam
3276 1193 3457 1249 illicite
3497 1192 3774 1249 retinendi

2184 1295 2376 1350 illicita
2406 1292 2854 1364 qualitercunqne
2884 1289 3109 1359 adeptus
3151 1304 3209 1343 es
3249 1287 3617 1342 occasionem.
3664 1285 3776 1341 Sed

2187 1392 2331 1442 Deus
2380 1386 2549 1450 novit,
2603 1384 3052 1457 qualitercunque
3100 1390 3154 1436 te
3193 1396 3318 1451 erga
3347 1396 3449 1435 nos
3489 1380 3774 1445 habueris,

2184 1497 2283 1536 nos
2313 1495 2531 1551 semper
2559 1488 2613 1533 te
2645 1477 2810 1533 corde
2852 1492 2987 1545 puro
3031 1474 3298 1541 dilexisse,
3340 1482 3391 1528 et
3415 1482 3565 1529 tuam
3594 1472 3779 1529 modis

2185 1575 2438 1631 omnibus
2467 1573 2881 1644 prosperitatem
2910 1577 3216 1639 exoptasse.
3244 1567 3413 1623 Aufer
3446 1568 3647 1637 itaque,
3690 1566 3779 1621 di-

2188 1669 2482 1724 lectissime
2502 1667 2603 1733 ﬁli,
2627 1680 2847 1720 omnem
2874 1664 2941 1719 de
2970 1664 3155 1718 animo
3178 1670 3293 1729 tuo,
3309 1662 3352 1715 si
3378 1677 3483 1732 qua
3500 1670 3601 1728 est,
3631 1677 3775 1716 con-

2191 1761 2487 1816 trarietatis
2514 1760 2841 1828 rubiginem,
2882 1765 2937 1812 et
2960 1772 3102 1817 eam,
3133 1771 3299 1827 quam
3328 1771 3429 1810 nos
3453 1770 3580 1827 erga
3612 1762 3687 1819 te,
3722 1764 3783 1808 tu

2193 1871 2410 1926 quoque
2455 1869 2582 1925 erga
2616 1868 2741 1919 nos,
2786 1851 2990 1907 habeas
3016 1850 3327 1905 dilectionis
3377 1849 3779 1903 sinceritatem.

2188 1948 2324 2019 Quia
2346 1963 2480 2003 vero
2510 1947 2577 2002 de
2596 1954 2798 2001 sanctze
2824 1948 3094 2000 Romana:
3124 1943 3374 1997 Ecclesia:
3405 1942 3604 2013 injuria
3636 1958 3777 1997 cum

2192 2044 2366 2098 salute
2393 2042 2596 2096 anima:
2619 2048 2820 2095 nostra:
2845 2037 3000 2093 silere
3024 2053 3136 2091 non
3169 2050 3477 2107 possumus,
3503 2034 3682 2090 adhuc
3726 2044 3781 2089 te

2193 2144 2415 2206 paterne
2438 2134 2830 2202 admonemus,
2856 2147 3114 2203 rogamus
3133 2131 3304 2185 etiam
3327 2138 3382 2185 et
3398 2129 3781 2194 obsecramus,

2192 2228 2509 2285 charitative
2552 2242 2766 2298 quoque
2794 2225 3154 2289 consulimus,
3196 2240 3263 2279 ne
3302 2223 3441 2278 beati
3483 2224 3628 2277 Petri
3683 2223 3783 2277 de-

2190 2323 2363 2378 bitam
2402 2321 2739 2376 oblationem
2768 2320 2995 2375 ulterius
3036 2318 3290 2383 retineas,
3322 2333 3389 2372 ne
3412 2315 3663 2371 videlicet
3692 2318 3785 2387 ip-

2192 2432 2310 2471 sam
2352 2414 2633 2471 retinendo
2661 2415 2778 2485 ejus
2804 2413 2942 2467 iram
2974 2412 3027 2467 in
3075 2421 3130 2467 te
3168 2426 3478 2482 exasperes,
3510 2410 3628 2465 sine
3670 2427 3783 2481 quo

2193 2509 2468 2581 aperiente
2495 2523 2659 2563 nemo
2684 2522 2915 2579 regnum
2936 2506 3076 2560 valet
3102 2506 3303 2560 intrare
3331 2503 3618 2560 caelorum.
3646 2505 3781 2567 Sed,

2192 2604 2332 2657 sicut
2367 2602 2541 2667 decet,
2580 2600 2757 2656 debita
2787 2615 2909 2655 eam
2941 2599 3235 2655 reverentia
3269 2598 3461 2669 dirige,
3489 2606 3545 2651 ut
3589 2597 3777 2666 ipsum

2192 2697 2290 2752 tibi
2330 2703 2585 2767 pacatum
2606 2695 2787 2749 valeas
2818 2692 3075 2747 invenire.

2263 2794 2531 2845 Praeterea
2560 2804 2672 2844 non
2701 2785 2986 2843 credimus
3012 2802 3041 2840 a
3071 2793 3163 2841 tua
3189 2785 3454 2841 excidisse
3490 2785 3785 2849 memoria,

2194 2883 2342 2956 quod
2375 2883 2720 2938 dilectionem
2749 2890 2902 2936 tuam
2936 2888 2991 2935 et
3042 2895 3138 2950 per
3175 2879 3382 2934 litteras
3417 2887 3473 2933 et
3517 2893 3613 2949 per
3641 2894 3786 2933 nun-

2194 2977 2335 3032 tium
2363 2985 2521 3032 tuum
2561 2976 2859 3045 plurimum
2888 2973 3307 3043 postulavimus.
3340 2971 3551 3027 Obnixe
3578 2974 3793 3042 rogavi-

2197 3087 2317 3126 mus
2340 3085 2500 3140 super
2522 3067 2761 3139 quodam
2790 3067 3138 3123 dilectissimo
3170 3066 3278 3121 ﬁlio
3306 3073 3492 3121 nostro
3534 3066 3790 3133 [Felice],

498 3157 803 3213 Dominicm
878 3159 1280 3215 lncarnationis
1358 3161 1651 3216 millesimo
1704 3163 2081 3233 octuagesimo
2119 3187 2165 3249 ρ
2193 3164 2291 3219 tibi
2322 3162 2581 3234 equidem
2607 3160 2926 3217 ﬁdelissimo
2956 3170 3011 3216 et
3045 3161 3178 3216 satis
3206 3162 3370 3226 noto',
3402 3158 3789 3214 celsitudinem

494 3258 671 3317 sexto,
694 3250 994 3322 imperante
1024 3254 1267 3309 Henrico
1292 3255 1452 3310 tertio
1484 3258 1861 3311 Romanorum
1890 3261 2081 3327 Augu-

493 3350 598 3411 sto,
642 3358 786 3399 anno
818 3345 1027 3418 imperii
1059 3346 1179 3418 ejus
1208 3347 1469 3416 secundo,
1490 3384 1495 3393 ι
1518 3348 1685 3405 indic.
1714 3365 1879 3418 nona,
1929 3349 2089 3405 tertio

496 3436 620 3493 Kal.
677 3438 845 3494 Mart.

1258 3532 1351 3586 ιν.

501 3619 776 3675 Clementis
832 3624 917 3675 III
970 3625 1246 3693 antipapw
1284 3626 1509 3692 epistola
1565 3628 1637 3678 ml
1700 3628 2090 3680 Wratrizlaum

499 3715 515 3759 ξ
564 3694 803 3760 primum
837 3693 1043 3757 ducem,
1067 3700 1251 3761 postea
1283 3711 1459 3762 regem
1506 3697 1783 3751 Bohemc'm.
1834 3700 2093 3751 Hortatur

570 3763 643 3816 ad
683 3762 991 3816 solvendam
1045 3765 1164 3818 sedi
1208 3768 1457 3819 Romanae
1504 3768 1841 3829 oblationem,
1912 3775 1962 3821 et
2017 3770 2089 3821 ad

570 3833 851 3901 cujusdam
874 3834 947 3889 ad
974 3836 1336 3905 episcopatum
1375 3840 1773 3906 promotionem.

1104 3932 1288 3994 (Anno
1334 3934 1521 3997 1086.)

502 4018 699 4087 [PBIz,
725 4020 979 4075 Thesaur.
1001 4022 1181 4075 aneed.
1208 4024 1302 4087 Vl,
1319 4036 1365 4086 t,
1394 4027 1521 4087 286,
1540 4038 1606 4075 em
1630 4023 1866 4076 biblioth.
1890 4026 1948 4079 S.
1970 4027 2089 4079 Em-

1059 4108 1190 4147 mer.
1224 4093 1527 4165 Ratisbon.]

572 4186 634 4240 C.
680 4184 988 4255 episcopus,
1030 4199 1218 4241 servus
1254 4202 1539 4243 servorum
1564 4188 1685 4253 Dei,
1719 4189 1809 4242 W.
1849 4187 2089 4259 glorioso

502 4276 735 4349 principi
778 4278 1158 4346 Boemiorum,
1201 4294 1265 4335 ac
1287 4279 1645 4337 dilectissimo
1688 4279 1822 4349 ﬁlio,
1861 4282 2089 4338 salutem

503 4378 558 4427 et
595 4371 959 4443 apostolicam
988 4372 1445 4431 benedictionem.

574 4467 772 4533 Tuam,
791 4464 1142 4524 dilectissime
1154 4467 1249 4535 ﬁli,
1270 4468 1618 4539 prudentiam
1637 4468 1916 4525 credimus
1929 4484 2091 4524 nosse

2194 3268 2346 3312 tuam
2378 3255 2801 3326 interpellantes,
2847 3263 2911 3310 ut
2948 3255 3001 3308 in
3049 3254 3136 3309 illa
3165 3269 3222 3308 re
3260 3268 3423 3323 quam
3465 3252 3790 3323 postulaba-

2195 3367 2319 3406 mus
2342 3358 2547 3405 nostra:
2578 3348 2843 3403 voluntati
2872 3362 3163 3403 assensum
3188 3346 3481 3418 praaberes.
3511 3344 3620 3400 Sed
3652 3347 3790 3402 nihil

2197 3445 2355 3501 nobis
2380 3443 2449 3499 de
2475 3443 2575 3498 hac
2605 3444 2720 3513 ipsa
2750 3458 2808 3497 re
2839 3450 3047 3513 postea,
3085 3439 3229 3495 unde
3262 3439 3559 3509 plurimum
3609 3441 3792 3494 mira-

2198 3537 2707 3607 mur,remandasti.
2727 3538 2795 3590 Et
2811 3536 2921 3605 ipse
2939 3532 3165 3605 quidam
3174 3534 3291 3603 jam
3309 3532 3617 3604 magniﬁce,
3651 3533 3794 3588 sicut

2196 3633 2398 3703 dignus
2410 3640 2493 3686 est
2508 3673 2521 3697 ,
2536 3631 2680 3687 foret
2695 3630 2927 3695 locatus,
2950 3628 3048 3682 nisi
3074 3627 3177 3681 hac
3187 3625 3377 3682 fuisset
3387 3627 3794 3697 exspectatione

2199 3726 2485 3791 detentus;
2512 3740 2639 3795 quo,
2674 3726 2822 3777 Deus
2844 3720 3012 3788 novit,
3041 3720 3343 3776 ﬁdeliorem
3368 3719 3467 3774 tibi
3489 3735 3602 3775 non
3632 3728 3795 3790 pote-

2201 3818 2276 3873 ris
2324 3818 2586 3872 invenire.
2639 3819 2760 3870 Hoc
2807 3824 2989 3870 autem
3040 3822 3145 3870 tua:
3190 3815 3259 3868 sit
3304 3821 3493 3868 notum
3520 3813 3793 3885 dignitati,

2196 3911 2341 3983 quod
2366 3927 2493 3965 cum
2525 3910 2765 3965 Domino
2804 3910 3147 3980 imperatore,
3180 3907 3505 3962 charissimo
3536 3906 3651 3961 ﬁlio
3685 3923 3792 3961 no-

2200 4012 2336 4071 stro,
2363 4004 2430 4059 de
2455 4018 2513 4058 re
2540 4005 2639 4059 ista
2656 4002 2907 4059 nondum
2932 4001 3231 4073 quidquam
3259 4000 3499 4071 egimus,
3526 4000 3794 4070 quoniam

2200 4107 2308 4154 tuae
2326 4096 2708 4153 certitudinem
2731 4095 3025 4151 voluntatis
3043 4094 3313 4149 hactenus
3332 4093 3783 4163 exspectavimus.

2200 4195 2279 4247 De
2298 4192 2402 4247 hoc
2422 4207 2549 4246 vero
2566 4191 2900 4245 certissimus
2918 4189 3134 4253 existas,
3156 4186 3305 4259 quod
3321 4188 3364 4241 si
3384 4187 3489 4242 hoc
3509 4200 3793 4241 unumno—

2198 4286 2295 4341 stri
2332 4300 2514 4351 causa,
2550 4292 2740 4339 nostro
2780 4289 2974 4353 rogatu
3018 4279 3227 4348 feceris,
3263 4278 3534 4351 quidquid
3571 4295 3600 4333 a
3630 4278 3797 4334 nobis

2201 4380 2460 4449 deinceps
2518 4393 2605 4432 me
2668 4384 2721 4431 et
2771 4384 2823 4430 te
2878 4375 3104 4446 dignum
3153 4373 3393 4445 potieris,
3448 4372 3796 4444 impetrabis.

2202 4470 2479 4543 Quidquid
2523 4470 2689 4540 igitur
2718 4468 2786 4523 de
2817 4468 2918 4523 hac
2946 4484 3005 4522 re
3036 4466 3190 4523 sedet
3227 4475 3323 4521 tuo
3360 4466 3569 4532 animo,
3605 4473 3801 4521 utrum

504 4560 719 4631 quantis
760 4560 920 4626 dolis,
950 4561 1169 4632 quantis
1209 4559 1488 4618 fraudibus
1519 4561 1865 4619 adversarius
1902 4572 2091 4617 noster
2123 4553 2171 4613 Ι)
2203 4566 2453 4621 videlicet
2482 4563 2683 4618 nostris
2728 4570 2845 4617 tam
2884 4561 3085 4632 dignis,
3131 4559 3277 4630 quod
3306 4575 3418 4615 non
3462 4557 3804 4626 difﬁdimus,

505 4651 754 4708 diabolus
780 4653 1082 4710 humanum
1113 4670 1284 4726 genus
1318 4656 1575 4727 exagitet,
1601 4657 1819 4728 quantis
1842 4657 2095 4711 versutiis

505 4760 646 4812 eam,
676 4760 841 4816 quam
871 4747 1012 4803 inter
1031 4749 1272 4820 angelos,
1305 4758 1361 4803 et
1381 4750 1523 4805 inter
1545 4752 1746 4816 Deum,
1769 4760 1823 4806 et
1854 4750 2091 4821 primum

506 4838 787 4894 hominem
858 4840 1166 4903 seminavit,
1241 4841 1575 4899 discordiam
1642 4844 1886 4914 quotidie
1955 4845 2093 4899 inter

506 4930 839 4987 Christianos
863 4934 1132 4990 seminare
1153 4933 1381 4991 laboret.
1411 4939 1487 4992 Ut
1513 4936 1659 4992 enim
1683 4938 1778 4993 tibi
1806 4938 2093 4993 veritatem

505 5023 797 5089 fateamur,
830 5025 1062 5096 plurima
1080 5026 1199 5097 jam
1229 5028 1431 5100 saepius
1467 5030 1629 5085 nobis
1658 5030 1727 5086 de
1757 5039 1811 5085 te
1844 5038 1977 5085 sunt
2014 5046 2093 5085 re-

506 5119 637 5185 lata,
678 5133 801 5189 quae
826 5118 1115 5176 adversum
1139 5120 1486 5177 dilectionem
1527 5130 1681 5177 tuam
1710 5122 1957 5178 animum
2000 5140 2096 5178 no-

505 5218 705 5278 strum,
735 5211 885 5283 quod
926 5216 1071 5269 Deus
1097 5219 1330 5269 avertat!
1364 5216 1675 5271 incitarent.
1706 5216 1809 5271 Sed
1839 5218 1955 5287 ipse
1982 5232 2097 5272 cor-

505 5304 660 5361 dium
688 5305 1027 5377 inspector...
1060 5314 1145 5363 est
1174 5308 1345 5374 testis,
1391 5309 1537 5363 nolle
1574 5324 1676 5363 nos
1704 5324 1867 5379 super
1893 5319 1986 5365 tua
2012 5310 2095 5365 di-

506 5398 711 5471 gnitate
736 5398 885 5456 aliud
913 5416 1080 5472 quam
1098 5400 1308 5467 deceat,
1331 5402 1413 5457 vel
1437 5401 1683 5469 credere,
1704 5404 1784 5458 vel
1806 5403 2013 5471 audire,
2042 5413 2095 5459 et

505 5490 653 5564 quod
672 5492 727 5548 in
754 5493 1011 5549 omnibus
1036 5502 1089 5550 te
1107 5502 1162 5550 et
1181 5493 1614 5551 desideravimus
1648 5505 1700 5551 et
1718 5496 2093 5554 desideramus

506 5586 836 5658 prosperari.
854 5588 1004 5642 Tuus
1016 5595 1236 5644 tantum
1251 5588 1492 5657 animus,
1506 5588 1650 5645 unde
1661 5590 1932 5658 dolemus,
1950 5592 2093 5647 unde

507 5678 945 5751 ingemiscimus,
976 5696 1087 5736 non
1114 5696 1179 5737 ea
1203 5696 1261 5737 se
1281 5694 1407 5753 erga
1436 5698 1536 5738 nos
1573 5682 1836 5740 charitate
1854 5725 1869 5751 ,
1900 5701 1962 5740 ea
1986 5702 2093 5757 qua

506 5772 722 5830 deceret
766 5772 1057 5830 devotione
1088 5774 1285 5831 habere
1334 5774 1571 5842 videtur;
1623 5794 1772 5845 cum,
1812 5779 2095 5833 nescimus

508 5880 618 5935 quo
631 5874 823 5926 nostro
844 5876 1089 5941 peccato,
1105 5882 1213 5943 qua
1230 5878 1420 5930 nostra
1438 5886 1566 5943 erga
1582 5880 1734 5929 tuam
1744 5870 2093 5928 dilectionem

2204 4658 2517 4713 assentiaris
2562 4654 2936 4727 petitionibus,
2980 4669 3081 4708 nos
3129 4652 3457 4723 quantocius
3492 4650 3646 4707 efﬁce
3674 4666 3805 4708 cer-

2203 4762 2308 4807 tos.
2338 4751 2609 4806 Nolumus
2634 4748 2778 4804 enim
2808 4754 3022 4803 tantum
3048 4746 3245 4811 virum,
3269 4755 3381 4801 tam
3409 4746 3602 4800 utilem
3623 4746 3808 4802 eccle-

2206 4844 2419 4901 siastico
2476 4844 2749 4914 regimini,
2800 4841 2891 4895 tali
2943 4838 3144 4895 amodo
3191 4839 3484 4909 suspendio
3536 4837 3803 4894 detineri.

2207 4942 2360 4994 Novo
2392 4952 2611 5008 quoque
2641 4934 2840 5006 sigillo,
2870 4941 3060 5003 utpote
3086 4932 3428 4998 evidentiori,
3457 4931 3554 4986 has
3582 4932 3804 4988 litteras

2206 5032 2409 5087 idcirco
2444 5028 2687 5101 insigniri
2722 5026 3091 5098 praecipimus,
3142 5032 3204 5079 ut
3232 5034 3320 5080 tua
3347 5026 3513 5080 etiam
3560 5024 3807 5095 dignitas

2206 5124 2679 5181 evidentissimum
2716 5129 2824 5176 tua
2868 5120 3239 5175 concessionis
3275 5119 3519 5190 signum,
3575 5118 3807 5188 aliquod

2206 5219 2455 5275 videlicet
2494 5214 2871 5272 admirationis
2910 5228 3117 5269 novum
3164 5212 3217 5266 in
3245 5227 3409 5279 novo,
3463 5227 3629 5283 quem
3660 5213 3805 5283 peti-

2205 5328 2348 5379 mus,
2382 5311 2633 5381 episcopo
2677 5308 2987 5375 [Misnensi]
3035 5304 3287 5378 eligendo
3322 5313 3381 5360 et
3406 5305 3803 5362 constituendo

2205 5407 2424 5461 mittere
2470 5402 2745 5473 dignetur.

2964 5496 3029 5549 V.

2274 5599 2550 5656 Clementis
2589 5600 2863 5665 antipapie
2892 5600 2941 5649 et
2968 5596 3183 5648 concilii
3207 5596 3435 5650 Romani
3462 5596 3720 5664 synodica

2671 5668 2742 5722 ad
2765 5667 2965 5722 clerum
2984 5668 3305 5721 universum.

2790 5768 2973 5831 (Anno
3007 5759 3208 5831 |1089.)

2271 5872 2553 5928 Casurus
2577 5868 2883 5939 episcopus,
2910 5880 3101 5923 servus
3129 5879 3416 5923 servorum
3456 5866 3582 5931 Dei,
3613 5863 3795 5920 omni-
