4024 6170
257 277 347 327 833
800 276 1081 329 APPEND.
1126 275 1186 329 η.
1226 304 1297 315 -
1336 268 1623 333 WIBERTI
1663 264 2016 333 ANTIPAPE
2052 279 2399 337 EPISTOLJE
2438 284 2521 338 ET
2562 280 2963 344 PRlVlLEGlA.
3424 286 3527 353 sas

254 397 344 452 bus
385 397 707 454 orthodoxis
735 396 1019 465 fratribus,
1062 399 1501 472 archiepiscOpis,
1543 402 1831 473 episcopis,
1859 405 1913 469 Α
1942 410 2112 460 ctum.
2182 428 2205 454 η
2266 406 2333 461 Et
2400 415 2460 463 ut
2524 410 2971 469 manifestissimo
3021 414 3275 472 omnibus
3324 426 3532 490 pateret

251 490 550 558 abbatibus,
582 500 745 562 atque
775 492 1039 548 universis
1090 503 1292 550 sancta:
1320 495 1573 552 Ecclesia:
1615 497 1830 552 ordini-
1941 508 2035 548 eos
2113 495 2260 565 ipsos
2315 496 2559 567 ejusdem
2649 500 3233 559 excommunicationis
3309 515 3533 563 senten-

255 584 371 652 bus,
396 585 629 640 salutem
659 594 713 639 et
736 587 1095 656 apostolicam
1122 588 1576 644 benedictionem.
1942 586 2074 641 tiam
2135 586 2388 653 subiisse,
2469 590 2599 646 utile
2673 592 2850 647 visum
2914 591 3016 649 fuit
3080 594 3197 651 haec
3259 614 3321 653 ex
3374 599 3531 656 dictis

314 679 546 747 Quantae
575 687 629 733 et
656 695 819 750 quam
852 682 1124 750 pestiferae
1163 682 1641 739 schismaticorum
1673 684 1828 740 adin-
1938 679 2000 731 B.
2035 678 2326 749 Augustini
2380 680 2611 737 recitare
2662 684 2850 753 (Anu.
2881 700 3041 740 serm.
3076 692 3171 742 351
3223 689 3288 743 de
3332 692 3525 747 Pamit.

249 772 521 827 ventiones
566 774 772 827 nostris
826 775 1167 845 temporibus
1217 785 1465 832 sanctam
1526 778 1830 833 Ecclesiam

1940 779 1980 826 t.
2022 774 2089 839 V,
2142 788 2265 844 pag.
2300 779 2405 829 948
2450 791 2578 831 nov.
2624 777 2753 833 edit.
2811 782 3114 851 Antuerp.)
3170 796 3181 833 :
3217 805 3243 830 α
3287 784 3525 855 Quidam

250 866 699 936 perturbaverint,
732 874 785 921 et
811 878 1043 939 quantos
1072 870 1322 941 populos,
1353 871 1585 941 peccatis
1626 873 1831 928 nostris
1938 866 2212 922 intuentes
2262 878 2534 940 praecepta
2596 872 2922 939 severitatis,
3010 874 3208 945 quibus
3266 876 3528 948 jubemur

247 960 597 1031 exigentibus,
624 961 899 1017 erroribus
933 964 1047 1017 suis
1076 963 1396 1034 infecerint;
1425 963 1829 1021 fraternitatem
1940 976 2053 1015 non
2094 962 2221 1016 dare
2263 971 2515 1019 sanctum
2563 965 2809 1029 canibus.
2862 976 2921 1021 ut
2967 966 3286 1025 ethnichum
3330 970 3528 1027 habere

246 1062 474 1110 vestram
516 1053 787 1111 credimus
834 1072 943 1111 non
991 1057 1177 1113 latere.
1226 1061 1507 1113 Venenum
1556 1059 1829 1130 siquidem
1941 1054 2180 1110 ecclesiae
2207 1064 2665 1128 contemptorem,
2714 1074 2744 1113 a
2773 1074 3042 1133 compage
3070 1063 3316 1133 corporis
3353 1079 3526 1120 mem-

245 1162 453 1214 eorum,
506 1149 743 1218 arcapite
773 1156 977 1205 sanctae
1028 1151 1277 1207 Ecclesia:
1320 1168 1493 1220 usque
1537 1152 1605 1207 ad
1637 1154 1827 1207 ultima
1942 1148 2125 1215 brum,
2173 1149 2320 1219 quod
2375 1150 2719 1219 scandalizat,
2770 1154 3049 1223 evellere;
3090 1154 3162 1210 ita
3213 1158 3528 1226 perturbant

244 1241 485 1309 membra
517 1242 721 1312 passim
769 1241 1062 1311 diffusum,
1097 1244 1251 1299 vobis
1302 1254 1356 1299 et
1380 1245 1613 1301 subditis
1638 1246 1830 1301 vestris
1938 1242 2178 1297 ecclesiae
2208 1258 2419 1313 pacem,
2461 1253 2522 1299 ut
2562 1254 2829 1302 conentur
2868 1255 2995 1303 ante
3050 1256 3272 1319 tempus
3319 1251 3527 1308 zizania

243 1342 457 1390 constat
486 1350 599 1389 non
632 1335 910 1391 modicum
936 1345 1207 1393 certamen
1234 1354 1544 1408 generasse,
1571 1348 1627 1394 et
1650 1355 1827 1410 usque
1938 1351 2151 1401 eruere,
2181 1344 2343 1407 atque
2372 1337 2477 1393 hoc
2504 1346 2751 1409 tempore
2777 1341 2964 1396 caecati
2991 1342 3094 1412 ipsi
3125 1344 3307 1414 potius
3329 1360 3359 1398 a
3386 1344 3531 1400 Chri-

238 1426 302 1482 ad
330 1428 597 1484 medullas
625 1430 869 1499 corporis
895 1430 1056 1485 vestri
1086 1431 1333 1486 dolorem
1366 1440 1533 1487 tantae
1563 1448 1829 1503 praesum-
1938 1429 2007 1484 sti
2038 1430 2245 1485 unitate
2274 1439 2613 1501 separantur.
2650 1457 2675 1480 ν
2707 1435 2805 1489 His
2830 1434 3011 1505 itaque
3053 1434 3121 1491 ad
3150 1436 3395 1493 medium
3439 1453 3527 1493 re-

240 1522 441 1590 ptionis
483 1521 734 1577 intrasse.
788 1524 908 1577 Hac
948 1524 1125 1593 itaque
1168 1526 1492 1580 necessitate
1538 1527 1827 1596 compulsi,
1939 1522 2136 1590 citatis,
2178 1522 2526 1594 adjudicante
2575 1526 2830 1583 universa
2877 1528 3111 1599 synodo,
3142 1530 3529 1588 constituimus

234 1631 298 1669 ne
320 1618 381 1671 B.
416 1616 565 1671 Petri
590 1616 839 1671 navicula
868 1625 953 1671 tot
981 1618 1461 1687 perturbationum
1486 1618 1745 1675 ﬂuctibus
1774 1628 1828 1675 et
1938 1623 1998 1670 ut
2024 1616 2204 1672 nullus
2232 1616 2484 1689 deinceps
2514 1618 2586 1673 ad
2631 1620 2883 1691 injuriam
2935 1622 3155 1676 Domini
3188 1624 3530 1694 imperatoris

235 1724 370 1778 pene
391 1708 464 1763 ad
492 1708 763 1781 naufragii
791 1710 1081 1765 discrimen
1112 1712 1307 1765 inﬂexa
1341 1728 1581 1782 praeceps
1613 1714 1823 1768 labere-
1859 1772 1900 1784 ﬁ
1936 1718 2230 1779 praesumat
2270 1710 2338 1765 de
2366 1710 2465 1766 hac
2493 1714 2793 1782 quaestione
2847 1714 3139 1784 disputare,
3194 1724 3250 1771 et
3292 1718 3340 1771 ei
3395 1717 3529 1773 sub-

230 1810 338 1863 tur,
376 1802 451 1857 ad
480 1818 633 1857 arma
678 1804 878 1874 quibus
924 1808 1115 1860 Patres
1162 1806 1221 1859 in
1249 1804 1625 1861 defensionem
1670 1807 1825 1862 Chri-
1858 1772 1904 1833 B
1933 1803 2076 1858 ditos
2113 1818 2143 1857 a
2184 1804 2404 1859 servitio
2433 1813 2487 1859 et
2515 1808 2905 1862 communione
2936 1807 3107 1877 ipsius
3134 1807 3459 1866 subtrahere
3509 1829 3524 1865 :

226 1897 427 1952 stianae
452 1896 576 1952 ﬁdei
605 1897 687 1952 usi
716 1907 864 1963 sunt,
882 1913 984 1952 nos
1014 1900 1412 1966 convertimus,
1440 1908 1605 1969 atque
1624 1900 1827 1971 episco—
1936 1896 2022 1952 Ad
2052 1896 2158 1952 hoc
2177 1896 2341 1952 etiam
2369 1896 2519 1968 quod
2549 1914 2720 1970 genus
2750 1899 2979 1955 ultionis
3034 1910 3347 1957 mereantur
3393 1903 3526 1959 sub-
3598 1940 3605 1947 ι

226 2005 330 2061 pos
353 1998 409 2045 et
437 1990 662 2046 abbates
689 2000 744 2045 et
765 1992 1117 2062 quamplures
1140 1991 1401 2047 honestos
1416 1992 1563 2047 viros
1588 1993 1656 2049 ad
1676 2009 1827 2065 syno-
1936 1991 2010 2045 ire
2053 1991 2165 2061 qui,
2220 1991 2441 2047 hortatu
2490 1992 2990 2063 schismaticorum,
3045 1994 3359 2065 juramenta
3414 1997 3526 2070 regi

221 2084 364 2139 dum
382 2084 438 2138 in
451 2085 673 2139 ecclesia
693 2086 755 2139 B.
774 2085 914 2139 Petri
934 2085 1321 2140 celebrandam
1338 2101 1405 2140 ex
1419 2086 1648 2141 diversis
1666 2088 1828 2157 parti-
1936 2092 1988 2139 et
2040 2083 2375 2155 principibus
2404 2084 2545 2140 facta
2594 2102 2707 2141 non
2735 2087 2935 2142 timent
2963 2088 3196 2156 violare;
3219 2090 3382 2146 sicuti
3412 2096 3530 2146 Au-

220 2178 787 2233 busconvocavimus.
805 2178 1020 2246 Quibus
1035 2179 1269 2249 Spiritus
1284 2180 1825 2250 sanctiinspiratiouc
1934 2178 2137 2249 gustini
2180 2179 2563 2234 auctoritatem
2594 2179 2916 2237 induximus
2950 2198 2962 2235 :
3009 2202 3036 2230 ι
3086 2182 3140 2238 Si
3171 2182 3297 2254 quis
3327 2183 3527 2241 laicum

219 2272 602 2343 congregatis,
648 2272 791 2326 inter
832 2280 1027 2327 caetera
1075 2287 1197 2342 qua:
1226 2272 1501 2344 synodalis
1528 2283 1827 2328 conventus
1928 2272 2305 2342 juramentum
2329 2272 2579 2328 violando
2600 2274 2873 2343 profanat,
2900 2275 3045 2344 quod
3069 2276 3183 2347 regi
3211 2284 3265 2331 et
3287 2278 3527 2334 Domino

218 2365 520 2421 tractanda
568 2374 904 2435 susceperat,
953 2368 1321 2436 quaestionum
1354 2366 1515 2437 impia
1560 2366 1823 2439 dogmata
1934 2380 2033 2420 suo
2063 2366 2232 2436 jurat,
2282 2374 2335 2419 et
2366 2366 2720 2437 postmodum
2754 2383 3006 2439 perverse
3050 2368 3167 2442 ejus
3194 2385 3424 2442 regnum
3472 2379 3529 2427 et

212 2459 285 2514 ad
338 2458 637 2529 perniciem
683 2459 985 2514 multorum
1027 2460 1243 2515 noviter
1284 2468 1428 2526 orta,
1469 2477 1499 2515 a
1548 2461 1827 2517 nonnullis
1934 2458 2120 2514 dolose
2150 2460 2482 2529 tractaverit,
2522 2468 2577 2516 et
2606 2460 2660 2515 in
2691 2469 2936 2518 mortem
2980 2462 3151 2534 ipsius
3197 2463 3378 2536 aliquo
3408 2480 3523 2522 ma-

216 2552 521 2608 communi
545 2552 838 2609 audientiae
864 2552 1198 2619 inferuntur;
1228 2568 1351 2623 quae
1372 2552 1700 2609 fraternitati
1733 2568 1823 2608 ve-
1932 2551 2280 2608 chinamento
2332 2553 2640 2620 insidiatur,
2703 2556 2825 2624 quia
2874 2555 3215 2627 sacrilegium
3292 2560 3524 2631 peragit,

216 2655 359 2702 straa
382 2646 615 2717 dignum
640 2646 898 2701 duximus
928 2646 1232 2713 notiﬁcare,
1262 2655 1529 2718 quatenus
1549 2645 1617 2701 ad
1645 2662 1705 2701 ea
1738 2646 1831 2702 de-
1934 2661 2164 2701 manum
2212 2662 2369 2701 suam
2422 2647 2477 2701 in
2526 2646 2806 2703 Christum
2848 2649 3073 2705 Domini
3102 2651 3347 2716 mittens,
3388 2669 3524 2709 ana-

216 2738 472 2805 vitanda,
495 2740 606 2794 imo
626 2742 743 2795 Deo
771 2740 1067 2795 auxiliante
1090 2739 1439 2806 destruenda,
1464 2741 1830 2811 promptiores
1934 2739 2117 2795 thema
2168 2728 2258 2804 sit,
2289 2740 2391 2794 nisi
2442 2756 2537 2809 per
2568 2740 2791 2812 dignam
2832 2742 3169 2812 poenitentia:
3195 2744 3525 2803 satisfactio-

216 2850 322 2889 vos
350 2842 406 2888 et
432 2834 800 2904 vigilantiores
827 2832 1201 2890 redderemus.
1231 2834 1309 2889 lbi
1341 2849 1584 2906 namque
1604 2835 1674 2889 de
1698 2849 1825 2904 per-
1933 2849 2059 2888 nem
2106 2832 2502 2898 emendaverit,
2548 2832 2687 2889 sicut
2729 2836 3089 2892 constitutum
3143 2845 3223 2893 est
3270 2854 3299 2892 a
3341 2848 3525 2895 sancta

211 2929 385 2999 juriis
436 2944 561 2999 quae
597 2928 699 2999 ipsi
736 2930 804 2984 ad
852 2930 1155 3001 periculum
1212 2929 1508 3001 imperialis
1549 2928 1827 3000 dignitatis
1934 2926 2171 2999 synodo,
2203 2935 2257 2981 et
2305 2926 2575 2982 saeculum
2625 2927 2911 2999 relinquat,
2965 2943 3118 2984 arma
3164 2929 3424 3003 deponat,
3470 2933 3527 2988 in

218 3022 345 3077 ﬁeri
396 3021 709 3089 hortantur,
768 3038 881 3078 non
935 3036 1133 3092 parvus
1181 3022 1393 3077 clamor
1439 3024 1702 3078 exoritur.
1758 3024 1829 3077 Et
1936 3021 2332 3077 monasterium
2362 3029 2473 3087 eat,
2504 3028 2557 3075 et
2593 3021 2859 3091 poeniteat
2885 3021 3142 3078 omnibus
3164 3022 3357 3081 diebus
3404 3026 3526 3083 vita

217 3118 356 3189 quia
417 3118 701 3189 negotium
768 3117 898 3173 illud
961 3116 1113 3173 radix
1174 3126 1230 3172 et
1300 3117 1457 3187 origo
1500 3125 1827 3173 cancrorum
1861 3153 1909 3217 Ο
1936 3129 2079 3180 suae;
2131 3122 2504 3170 verumtamen
2536 3115 2989 3171 communionem
3043 3130 3171 3171 cum
3200 3116 3525 3175 eucharistia

222 3210 577 3282 ﬂagitiorum
634 3209 940 3276 videbatur,
982 3210 1181 3281 placuit
1224 3210 1292 3267 de
1331 3226 1396 3266 eo
1438 3211 1679 3282 primum
1719 3219 1825 3265 tra-
1867 3208 1909 3217 ν
1940 3209 1994 3263 in
2016 3208 2163 3263 exitu
2187 3224 2286 3264 suo
2316 3208 2565 3279 accipiat,
2587 3208 2881 3280 episcopus
2904 3224 3054 3277 vero,
3078 3208 3382 3284 presbyter,
3406 3212 3523 3269 dia-

217 3305 369 3359 ctari
397 3304 614 3370 debere,
647 3312 701 3359 et
742 3320 907 3375 quam
936 3306 1172 3375 pessima
1202 3314 1258 3359 et
1297 3304 1602 3375 periculosa
1628 3304 1699 3359 sit
1721 3304 1823 3360 hu-
1936 3316 2128 3368 conus,
2174 3302 2217 3356 si
2248 3302 2354 3356 hoc
2372 3301 2583 3356 crimen
2603 3302 2949 3372 perpetravit,
2982 3302 3333 3375 degradetur.
3370 3327 3395 3353 ιο
3428 3306 3526 3361 His

218 3396 479 3469 jusmodi
518 3396 832 3453 adhortatio
889 3398 1122 3453 ostendi.
1164 3397 1327 3454 Unde
1354 3398 1407 3452 in
1436 3398 1825 3468 imperatorem
1936 3410 2063 3450 vero
2116 3394 2403 3467 diligenter
2443 3394 2725 3465 expositis,
2796 3410 3013 3451 summa
3072 3412 3175 3453 nos
3229 3398 3527 3456 necessitas

214 3490 851 3547 excommunicationem
896 3493 1299 3562 promulgatam
1350 3492 1668 3547 necessariis
1723 3491 1827 3547 do-
1934 3488 2200 3559 compulit
2243 3488 2312 3543 ad
2365 3504 2426 3543 ea
2465 3504 2591 3559 qua:
2625 3488 2693 3544 de
2740 3490 3097 3545 sacramentis
3143 3491 3527 3549 ecclesiasticis

215 3587 506 3644 cumentis
556 3586 1011 3658 improbavimus,
1056 3587 1180 3658 quia
1230 3586 1378 3642 illius
1422 3602 1489 3641 ex
1538 3587 1826 3641 occasione
1934 3583 2144 3638 inimici
2200 3581 2508 3637 christiana
2559 3582 2839 3652 religionis
2890 3582 3151 3641 adversus
3200 3585 3525 3641 catholicam

216 3680 600 3752 perjuriorum
626 3688 679 3735 et
727 3680 974 3736 omnium
1014 3681 1377 3736 assertionum
1426 3695 1649 3735 suarum
1687 3681 1827 3735 vires
1936 3676 2098 3732 ﬁdem
2125 3675 2420 3743 oblatrant,
2454 3674 2712 3731 discretas
2750 3677 3105 3733 auctoritates
3140 3692 3445 3749 opponere;
3472 3688 3528 3736 et

216 3775 569 3830 contraxisse
626 3774 967 3830 videbantur.
1016 3774 1101 3829 Ad
1156 3773 1585 3829 convincendam
1632 3774 1821 3845 itaque
1934 3785 2055 3841 quae
2082 3768 2266 3825 dicere
2317 3778 2372 3825 et
2402 3769 2577 3825 audiri
2602 3768 2753 3824 nefas
2795 3777 2898 3837 est,
2953 3768 3331 3841 probabilibus
3368 3788 3527 3845 argu-

217 3883 425 3923 eorum
462 3869 852 3935 temeritatem,
884 3883 1011 3923 cum
1034 3868 1267 3939 plurima
1300 3875 1411 3923 tam
1441 3883 1508 3923 ex
1536 3867 1709 3924 sacris
1734 3882 1825 3921 ca-
1936 3864 2135 3919 mentis
2161 3862 2465 3919 confutare.
2490 3861 2696 3918 Dicunt
2711 3870 2955 3919 attamen
2975 3873 3389 3921 sacramentum
3413 3882 3529 3923 cor-

223 3962 470 4017 nonibus
494 3978 660 4033 quam
698 3962 867 4017 etiam
909 3970 965 4015 et
992 3961 1286 4016 mundanis
1316 3961 1533 4032 legibus
1576 3961 1827 4031 exempla
1937 3957 2084 4027 poris
2110 3964 2166 4012 et
2194 3958 2477 4028 sanguinis
2522 3956 2742 4012 Domini
2771 3958 2945 4012 nostri
2976 3959 3105 4014 Jesu
3135 3958 3359 4027 Christi,
3386 3976 3525 4016 con-

227 4064 611 4123 occurrerent,
636 4056 722 4111 illa
737 4064 920 4111 tamen
936 4054 1005 4110 ad
1023 4054 1287 4109 auxilium
1310 4053 1827 4110 nostrumsufﬁcere
1935 4050 2262 4107 secrationes
2309 4050 2635 4116 chrismatis,
2669 4050 2780 4106 imo
2824 4066 3164 4123 quascunque
3202 4052 3273 4109 ad
3312 4054 3525 4125 episco-

230 4146 564 4205 documenta
613 4148 721 4227 visa
763 4157 908 4213 sunt,
942 4148 1143 4203 scilicet
1178 4147 1323 4217 quod
1366 4148 1419 4201 in
1448 4162 1544 4203 eos
1577 4149 1667 4218 qui
1718 4163 1828 4203 non
1936 4146 2054 4216 pale
2084 4152 2139 4199 et
2187 4144 2517 4199 sacerdotale
2551 4142 2793 4198 ofﬁcium
2851 4144 3142 4214 pertinent,
3191 4145 3261 4201 ab
3309 4145 3393 4202 his
3434 4146 3528 4219 qui

240 4251 361 4296 sunt
392 4243 627 4314 legitime
664 4242 862 4308 vocati,
894 4250 948 4297 et
976 4240 1375 4296 rationabiliter
1416 4240 1669 4308 convicti,
1703 4242 1823 4310 qui-
1934 4245 2100 4293 secta:
2151 4252 2347 4292 eorum
2391 4252 2505 4291 non
2575 4237 2987 4293 communicant
3031 4238 3322 4306 celebrata,
3377 4241 3526 4297 nulla

243 4349 343 4403 que
370 4335 526 4390 bonis
550 4336 663 4390 suis
691 4334 994 4406 exspoliati,
1026 4333 1295 4389 sententia
1326 4333 1689 4389 damnationis
1713 4349 1823 4389 non
1936 4345 2162 4402 prorsus
2185 4345 2304 4386 esse
2345 4338 2709 4396 sacramenta,
2762 4339 2818 4385 et
2864 4330 2999 4386 nihil
3028 4330 3183 4387 aliud
3231 4333 3523 4406 suscipien-

244 4427 311 4480 sit
343 4428 691 4499 proferenda,
732 4429 959 4484 Nicaeno
998 4427 1224 4483 concilio
1256 4427 1593 4497 approbante
1622 4446 1635 4482 :
1670 4450 1695 4474 α
1730 4430 1826 4481 In-
1935 4424 2083 4480 tibus
2111 4423 2218 4478 nisi
2243 4422 2657 4479 damnationem
2683 4422 2953 4479 conferre.
2986 4426 3123 4479 Nam
3149 4440 3345 4495 panem
3374 4426 3525 4482 illum

244 4530 387 4577 certa
444 4538 607 4579 nemo
661 4523 981 4593 pontiﬁcum
1019 4521 1268 4593 judicare
1316 4531 1629 4594 prmsumat,
1670 4522 1823 4593 quia,
1861 4538 1910 4602 υ
1936 4518 2028 4589 qui
2049 4518 2116 4574 de
2143 4517 2283 4573 coelo
2308 4515 2608 4582 descendit,
2636 4516 2691 4570 in
2719 4530 2833 4587 quo
2862 4524 2977 4571 tota
3005 4516 3152 4571 salus
3182 4526 3238 4573 et
3279 4518 3387 4573 vita
3421 4535 3525 4575 no-

246 4620 487 4683 quamvis
519 4634 640 4673 vera
672 4618 807 4685 sint,
861 4633 973 4673 non
1016 4626 1200 4673 tamen
1241 4617 1515 4673 credenda
1556 4626 1685 4673 sunt
1722 4618 1825 4672 nisi
1938 4620 2050 4667 stra
2090 4610 2357 4675 consistit,
2423 4610 2591 4682 impio
2656 4608 3099 4680 blasphemantes
3179 4625 3298 4679 ore,
3354 4612 3523 4683 pollui

241 4722 360 4778 quae
382 4711 683 4768 manifestis
714 4710 929 4767 indiciis
969 4711 1414 4782 comprobantur,
1445 4712 1545 4765 nisi
1574 4727 1693 4782 quae
1722 4727 1827 4765 ma-
1940 4706 2117 4776 potius
2174 4720 2339 4776 quam
2387 4703 2692 4759 consecrari
2734 4710 3015 4769 astruunt;
3061 4718 3258 4775 aquam
3303 4721 3524 4779 quoque

239 4802 431 4861 nifesto
481 4804 692 4877 judicio
739 4805 1156 4872 convincuntur,
1199 4803 1299 4859 nisi
1338 4818 1459 4874 qua:
1498 4805 1821 4875 judicatorio
1940 4800 2303 4869 baptismatis,
2336 4813 2432 4870 per
2449 4796 2796 4853 sacerdotum
2816 4813 3006 4869 preces
3038 4813 3102 4854 ac
3125 4797 3527 4857 benedictiones

234 4899 425 4954 ordine
454 4898 830 4970 publicentur.
859 4921 884 4947 ιι
915 4900 973 4953 In
1005 4898 1203 4954 eodem
1236 4915 1250 4952 :
1288 4920 1312 4947 α
1346 4898 1586 4953 Caveant
1614 4897 1825 4969 judices
1942 4902 2000 4949 et
2042 4893 2406 4949 chrismatum
2446 4891 2813 4947 admistiones
2854 4890 2992 4947 nihil
3038 4892 3526 4951 sanctiﬁcationum

232 4991 494 5048 Ecclesia:
536 5008 605 5047 ne
644 4992 865 5048 absente
894 5007 958 5048 eo
987 4992 1142 5063 cujus
1184 5006 1344 5047 causa
1386 4991 1687 5059 ventilatur;
1704 5006 1821 5046 sen-
1939 4987 2346 5057 suscipientem,
2378 4985 2466 5041 his
2488 4985 2580 5057 qui
2612 4984 2970 5058 regenerandi
3010 4992 3140 5041 sunt
3185 4987 3370 5058 potius
3406 5003 3525 5043 sor-

226 5086 465 5141 tentiam
490 5084 953 5157 proferant,quod
972 5086 1125 5140 irrita
1148 5085 1266 5140 erit.
1298 5086 1405 5139 nln
1429 5084 1622 5140 eodem
1644 5088 1821 5152 (452):
1935 5080 2175 5137 diditatis
2224 5079 2468 5135 maculas
2514 5095 2684 5150 quam
2722 5079 2994 5151 spiritales
3039 5078 3335 5136 munditias
3374 5080 3529 5135 aiunt

229 5200 256 5225 ε
283 5182 408 5234 Non
436 5188 521 5234 est
549 5178 893 5250 privilegium
916 5195 1025 5250 quo
1053 5178 1275 5249 spoliari
1308 5179 1480 5249 possit
1498 5178 1618 5249 jam
1647 5178 1824 5233 nuda-
1935 5183 2211 5247 praestare.
2242 5175 2331 5230 Sic
2354 5174 2520 5229 etiam
2550 5174 2788 5244 pessime
2830 5173 3073 5229 sentiunt
3099 5172 3167 5229 de
3208 5172 3529 5229 reiterandis

224 5279 342 5330 tus.
401 5298 426 5322 ι»
490 5277 628 5329 Item
680 5275 743 5329 B.
775 5277 1010 5346 August.
1044 5274 1253 5345 plenius
1302 5274 1357 5328 in
1405 5274 1495 5329 lib.
1538 5275 1820 5345 poeniteat.
1934 5267 2305 5325 ecclesiasticis
2334 5266 2640 5331 ordinibus,
2669 5266 2739 5323 de
2774 5265 3217 5323 reconsecrandis
3264 5266 3524 5333 ecclesiis,

220 5374 501 5434 tractans,
534 5367 606 5423 ita
634 5368 776 5423 inter
817 5375 1013 5423 caetera
1039 5367 1227 5422 dicens
1259 5385 1272 5419 :
1311 5388 1336 5415 α
1363 5369 1475 5423 Nos
1512 5384 1539 5421 a
1568 5383 1826 5423 commu-
1934 5372 1989 5419 et
2014 5361 2656 5435 puerisreconsignandis
2679 5384 2691 5427 ;
2717 5370 2996 5433 postremo
3012 5359 3079 5416 de
3096 5359 3355 5416 omnibus
3373 5358 3527 5417 idem

210 5462 394 5518 mione
437 5477 772 5533 quemquam
793 5460 1081 5533 prohibere
1108 5476 1219 5517 non
1246 5476 1554 5533 possumus,
1591 5462 1694 5517 nisi
1733 5468 1827 5517 aut
1934 5464 2351 5527 testantur,quae
2364 5454 2806 5528 persacerdotale
2821 5451 3532 5510 ofﬁciumchristianiscon-

206 5565 427 5627 sponte
465 5554 801 5621 confessum,
848 5554 1025 5611 autin
1063 5555 1247 5627 aliquo
1276 5556 1385 5612 sive
1426 5556 1672 5612 saaculari
1715 5555 1827 5611 sive
1935 5551 2204 5615 feruntur.
2234 5554 2315 5605 De
2338 5550 2424 5605 his
2450 5549 2634 5621 itaque
2648 5546 3530 5615 diutiuslaborantibus(sic),sin-

213 5649 600 5707 ecclesiastico
665 5648 878 5722 judicio
956 5649 1303 5705 nominatum
1389 5657 1550 5721 atque
1634 5649 1823 5704 convi-
1934 5645 2075 5717 gulis
2093 5660 2284 5701 eorum
2308 5644 2589 5701 erroribus
2611 5640 2939 5714 opponenda
2965 5640 3301 5713 censuimus,
3327 5638 3528 5709 quibus

300 5768 456 5837 (452)
476 5767 614 5847 ‘Ijo‘c
623 5766 829 5847 pariter
855 5765 1489 5847 testimoniottanquam
1519 5780 1582 5847 ex
1611 5761 1826 5847 Gelasio
1934 5768 2048 5847 tres
2077 5759 2268 5847 synodi
2303 5756 2713 5847 Perestadensis
2739 5752 2862 5810 anni
2898 5756 3056 5820 1085,
3098 5768 3267 5824 quam
3295 5754 3441 5821 legas
3475 5752 3533 5811 in

214 5846 287 5893 et
310 5832 547 5911 'synodis
566 5832 787 5893 Nicaeus
815 5853 880 5893 ac
918 5835 1223 5893 Sardicensi
1250 5832 1442 5907 petito,
1473 5836 1552 5892 usi
1578 5842 1711 5893 sunt
1734 5838 1830 5891 Pa-
1934 5832 2163 5891 Collect.
2204 5832 2414 5890 Concil.
