  <div class='ocr_page' id='page_1' title='image "/cluster/home/n/w/nwhite01/storage/ocr_20150623/148/hvd.32044054760061/423.png"; bbox 0 0 4048 6174; ppageno 0'>
   <div class='ocr_carea' id='block_1_1' title="bbox 529 272 631 329">
    <p class='ocr_par' dir='ltr' id='par_1_1' title="bbox 529 272 631 329">
     <span class='ocr_line' id='line_1_1' title="bbox 529 272 631 329; baseline -0.02 0"><span class='ocrx_word' id='word_1_1' title='bbox 529 272 631 329; x_wconf 81' lang='lat'><strong>835</strong></span> 
     </span>
    </p>
   </div>
   <div class='ocr_carea' id='block_1_2' title="bbox 1530 252 2813 315">
    <p class='ocr_par' dir='ltr' id='par_1_2' title="bbox 1530 252 2813 315">
     <span class='ocr_line' id='line_1_2' title="bbox 1530 252 2813 315; baseline -0.008 0"><span class='ocrx_word' id='word_1_2' title='bbox 1530 259 1620 315; x_wconf 81' lang='lat' dir='ltr'><strong>AD</strong></span> <span class='ocrx_word' id='word_1_3' title='bbox 1658 259 1885 315; x_wconf 81' lang='lat' dir='ltr'><strong>OPERA</strong></span> <span class='ocrx_word' id='word_1_4' title='bbox 1922 258 1978 312; x_wconf 89' lang='lat' dir='ltr'><strong>S.</strong></span> <span class='ocrx_word' id='word_1_5' title='bbox 2020 253 2341 311; x_wconf 78' lang='lat' dir='ltr'><strong>GREGORII</strong></span> <span class='ocrx_word' id='word_1_6' title='bbox 2377 252 2813 307; x_wconf 85' lang='lat' dir='ltr'><strong>APPENDICES.</strong></span> 
     </span>
    </p>
   </div>
   <div class='ocr_carea' id='block_1_3' title="bbox 3716 256 3812 308">
    <p class='ocr_par' dir='ltr' id='par_1_3' title="bbox 3716 256 3812 308">
     <span class='ocr_line' id='line_1_3' title="bbox 3716 256 3812 308; baseline -0.01 0"><span class='ocrx_word' id='word_1_7' title='bbox 3716 256 3812 308; x_wconf 75' lang='lat'><strong>836</strong></span> 
     </span>
    </p>
   </div>
   <div class='ocr_carea' id='block_1_4' title="bbox 528 374 3815 455">
    <p class='ocr_par' dir='ltr' id='par_1_4' title="bbox 528 374 3815 455">
     <span class='ocr_line' id='line_1_4' title="bbox 528 374 3815 455; baseline -0.007 0"><span class='ocrx_word' id='word_1_8' title='bbox 528 388 815 455; x_wconf 77' lang='lat' dir='ltr'><strong>manifeste</strong></span> <span class='ocrx_word' id='word_1_9' title='bbox 838 392 1163 454; x_wconf 84' lang='lat' dir='ltr'><strong>declaratur,</strong></span> <span class='ocrx_word' id='word_1_10' title='bbox 1190 403 1297 443; x_wconf 91' lang='lat' dir='ltr'><strong>non</strong></span> <span class='ocrx_word' id='word_1_11' title='bbox 1322 386 1502 441; x_wconf 90' lang='lat' dir='ltr'><strong>solum</strong></span> <span class='ocrx_word' id='word_1_12' title='bbox 1522 384 1665 455; x_wconf 90' lang='lat' dir='ltr'><strong>apud</strong></span> <span class='ocrx_word' id='word_1_13' title='bbox 1688 399 1791 439; x_wconf 90' lang='lat' dir='ltr'><strong>nos</strong></span> <span class='ocrx_word' id='word_1_14' title='bbox 1813 383 1912 439; x_wconf 86' lang='lat' dir='ltr'><strong>Dei</strong></span> <span class='ocrx_word' id='word_1_15' title='bbox 1942 380 2116 455; x_wconf 89' lang='lat' dir='ltr'><strong>gratia</strong></span> <span class='ocrx_word' id='word_1_16' title='bbox 2145 384 2200 444; x_wconf 83' lang='grc' dir='ltr'>Α</span> <span class='ocrx_word' id='word_1_17' title='bbox 2227 386 2358 435; x_wconf 89' lang='lat' dir='ltr'><strong>eunt</strong></span> <span class='ocrx_word' id='word_1_18' title='bbox 2374 380 2552 434; x_wconf 90' lang='lat' dir='ltr'><strong>Deum</strong></span> <span class='ocrx_word' id='word_1_19' title='bbox 2571 377 2848 433; x_wconf 76' lang='lat' dir='ltr'><strong>tenebrae?</strong></span> <span class='ocrx_word' id='word_1_20' title='bbox 2863 375 2906 431; x_wconf 91' lang='lat' dir='ltr'><strong>si</strong></span> <span class='ocrx_word' id='word_1_21' title='bbox 2924 384 3106 433; x_wconf 89' lang='lat' dir='ltr'><strong>autem</strong></span> <span class='ocrx_word' id='word_1_22' title='bbox 3129 379 3282 432; x_wconf 90' lang='lat' dir='ltr'><strong>Deus</strong></span> <span class='ocrx_word' id='word_1_23' title='bbox 3294 374 3453 432; x_wconf 86' lang='lat' dir='ltr'><strong>adest</strong></span> <span class='ocrx_word' id='word_1_24' title='bbox 3467 377 3815 432; x_wconf 81' lang='lat' dir='ltr'><strong>sacramentis</strong></span> 
     </span>
    </p>
   </div>
   <div class='ocr_carea' id='block_1_5' title="bbox 525 476 2115 553">
    <p class='ocr_par' dir='ltr' id='par_1_5' title="bbox 525 476 2115 553">
     <span class='ocr_line' id='line_1_5' title="bbox 525 476 2115 553; baseline -0.012 -5"><span class='ocrx_word' id='word_1_25' title='bbox 525 490 836 553; x_wconf 86' lang='lat' dir='ltr'><strong>catholicos,</strong></span> <span class='ocrx_word' id='word_1_26' title='bbox 881 499 1069 542; x_wconf 91' lang='lat' dir='ltr'><strong>verum</strong></span> <span class='ocrx_word' id='word_1_27' title='bbox 1097 482 1267 537; x_wconf 90' lang='lat' dir='ltr'><strong>etiam</strong></span> <span class='ocrx_word' id='word_1_28' title='bbox 1295 477 1438 550; x_wconf 88' lang='lat' dir='ltr'><strong>apud</strong></span> <span class='ocrx_word' id='word_1_29' title='bbox 1479 477 1872 542; x_wconf 89' lang='lat' dir='ltr'><strong>sehismaticos,</strong></span> <span class='ocrx_word' id='word_1_30' title='bbox 1912 485 1967 531; x_wconf 89' lang='lat' dir='ltr'><strong>et</strong></span> <span class='ocrx_word' id='word_1_31' title='bbox 1996 476 2115 531; x_wconf 68' lang='lat' dir='ltr'><strong>hae-</strong></span> 
     </span>
    </p>
   </div>
   <div class='ocr_carea' id='block_1_6' title="bbox 527 571 2116 647">
    <p class='ocr_par' dir='ltr' id='par_1_6' title="bbox 527 571 2116 647">
     <span class='ocr_line' id='line_1_6' title="bbox 527 571 2116 647; baseline -0.01 -8"><span class='ocrx_word' id='word_1_32' title='bbox 527 586 747 647; x_wconf 89' lang='lat' dir='ltr'><strong>reticos,</strong></span> <span class='ocrx_word' id='word_1_33' title='bbox 779 581 895 636; x_wconf 70' lang='lat' dir='ltr'><strong>haec</strong></span> <span class='ocrx_word' id='word_1_34' title='bbox 942 577 1122 633; x_wconf 85' lang='lat' dir='ltr'><strong>omnia</strong></span> <span class='ocrx_word' id='word_1_35' title='bbox 1155 590 1271 630; x_wconf 89' lang='lat' dir='ltr'><strong>esse</strong></span> <span class='ocrx_word' id='word_1_36' title='bbox 1322 580 1443 628; x_wconf 89' lang='lat' dir='ltr'><strong>rata</strong></span> <span class='ocrx_word' id='word_1_37' title='bbox 1464 586 1566 627; x_wconf 89' lang='lat' dir='ltr'><strong>nec</strong></span> <span class='ocrx_word' id='word_1_38' title='bbox 1608 571 1717 626; x_wconf 90' lang='lat' dir='ltr'><strong>ulla</strong></span> <span class='ocrx_word' id='word_1_39' title='bbox 1749 586 1994 641; x_wconf 88' lang='lat' dir='ltr'><strong>unquam</strong></span> <span class='ocrx_word' id='word_1_40' title='bbox 2026 585 2116 624; x_wconf 91' lang='lat' dir='ltr'><strong>ra-</strong></span> 
     </span>
    </p>
   </div>
   <div class='ocr_carea' id='block_1_7' title="bbox 528 663 2117 741">
    <p class='ocr_par' dir='ltr' id='par_1_7' title="bbox 528 663 2117 741">
     <span class='ocr_line' id='line_1_7' title="bbox 528 663 2117 741; baseline -0.009 -8"><span class='ocrx_word' id='word_1_41' title='bbox 528 679 677 734; x_wconf 91' lang='lat' dir='ltr'><strong>tione</strong></span> <span class='ocrx_word' id='word_1_42' title='bbox 704 671 969 730; x_wconf 90' lang='lat' dir='ltr'><strong>iteranda.</strong></span> <span class='ocrx_word' id='word_1_43' title='bbox 1013 670 1347 741; x_wconf 82' lang='lat' dir='ltr'><strong>Augustinus</strong></span> <span class='ocrx_word' id='word_1_44' title='bbox 1385 680 1548 737; x_wconf 82' lang='lat' dir='ltr'><strong>super</strong></span> <span class='ocrx_word' id='word_1_45' title='bbox 1575 667 1841 720; x_wconf 88' lang='lat' dir='ltr'><strong>Joannem</strong></span> <span class='ocrx_word' id='word_1_46' title='bbox 1873 684 1885 720; x_wconf 88' lang='lat'>:</span> <span class='ocrx_word' id='word_1_47' title='bbox 1923 688 1948 713; x_wconf 73' lang='grc' dir='ltr'>α</span> <span class='ocrx_word' id='word_1_48' title='bbox 1998 663 2117 719; x_wconf 88' lang='lat' dir='ltr'><strong>Sive</strong></span> 
     </span>
    </p>
   </div>
   <div class='ocr_carea' id='block_1_8' title="bbox 528 758 2116 838">
    <p class='ocr_par' dir='ltr' id='par_1_8' title="bbox 528 758 2116 838">
     <span class='ocr_line' id='line_1_8' title="bbox 528 758 2116 838; baseline -0.009 -12"><span class='ocrx_word' id='word_1_49' title='bbox 528 778 622 825; x_wconf 89' lang='lat' dir='ltr'><strong>aut</strong></span> <span class='ocrx_word' id='word_1_50' title='bbox 651 768 885 838; x_wconf 88' lang='lat' dir='ltr'><strong>baptizet</strong></span> <span class='ocrx_word' id='word_1_51' title='bbox 908 779 1096 820; x_wconf 88' lang='lat' dir='ltr'><strong>servus</strong></span> <span class='ocrx_word' id='word_1_52' title='bbox 1142 763 1340 828; x_wconf 89' lang='lat' dir='ltr'><strong>bonus,</strong></span> <span class='ocrx_word' id='word_1_53' title='bbox 1371 760 1486 815; x_wconf 87' lang='lat' dir='ltr'><strong>sive</strong></span> <span class='ocrx_word' id='word_1_54' title='bbox 1534 774 1721 815; x_wconf 91' lang='lat' dir='ltr'><strong>servus</strong></span> <span class='ocrx_word' id='word_1_55' title='bbox 1750 758 1947 824; x_wconf 91' lang='lat' dir='ltr'><strong>malus,</strong></span> <span class='ocrx_word' id='word_1_56' title='bbox 2005 773 2116 812; x_wconf 92' lang='lat' dir='ltr'><strong>non</strong></span> 
     </span>
    </p>
   </div>
   <div class='ocr_carea' id='block_1_9' title="bbox 524 849 2116 930">
    <p class='ocr_par' dir='ltr' id='par_1_9' title="bbox 524 849 2116 930">
     <span class='ocr_line' id='line_1_9' title="bbox 524 849 2116 930; baseline -0.009 -11"><span class='ocrx_word' id='word_1_57' title='bbox 524 862 661 919; x_wconf 90' lang='lat' dir='ltr'><strong>sciat</strong></span> <span class='ocrx_word' id='word_1_58' title='bbox 688 876 747 916; x_wconf 92' lang='lat' dir='ltr'><strong>se</strong></span> <span class='ocrx_word' id='word_1_59' title='bbox 775 860 863 915; x_wconf 93' lang='lat' dir='ltr'><strong>ille</strong></span> <span class='ocrx_word' id='word_1_60' title='bbox 884 856 1145 930; x_wconf 85' lang='lat' dir='ltr'><strong>baptizari</strong></span> <span class='ocrx_word' id='word_1_61' title='bbox 1192 855 1281 925; x_wconf 91' lang='lat' dir='ltr'><strong>qui</strong></span> <span class='ocrx_word' id='word_1_62' title='bbox 1314 853 1646 925; x_wconf 86' lang='lat' dir='ltr'><strong>baptizatur,</strong></span> <span class='ocrx_word' id='word_1_63' title='bbox 1677 852 1779 906; x_wconf 84' lang='lat' dir='ltr'><strong>nisi</strong></span> <span class='ocrx_word' id='word_1_64' title='bbox 1810 852 1876 907; x_wconf 90' lang='lat' dir='ltr'><strong>ab</strong></span> <span class='ocrx_word' id='word_1_65' title='bbox 1928 866 1992 906; x_wconf 94' lang='lat' dir='ltr'><strong>eo</strong></span> <span class='ocrx_word' id='word_1_66' title='bbox 2022 849 2116 922; x_wconf 87' lang='lat' dir='ltr'><strong>qui</strong></span> 
     </span>
    </p>
   </div>
   <div class='ocr_carea' id='block_1_10' title="bbox 522 945 2111 1021">
    <p class='ocr_par' dir='ltr' id='par_1_10' title="bbox 522 945 2111 1021">
     <span class='ocr_line' id='line_1_10' title="bbox 522 945 2111 1021; baseline -0.008 -10"><span class='ocrx_word' id='word_1_67' title='bbox 522 953 626 1011; x_wconf 84' lang='lat' dir='ltr'><strong>sibi</strong></span> <span class='ocrx_word' id='word_1_68' title='bbox 656 954 831 1009; x_wconf 89' lang='lat' dir='ltr'><strong>tenuit</strong></span> <span class='ocrx_word' id='word_1_69' title='bbox 867 949 1179 1021; x_wconf 86' lang='lat' dir='ltr'><strong>baptizandi</strong></span> <span class='ocrx_word' id='word_1_70' title='bbox 1212 954 1562 1019; x_wconf 65' lang='lat' dir='ltr'><strong>pctestatem.</strong></span> <span class='ocrx_word' id='word_1_71' title='bbox 1600 969 1623 993; x_wconf 73' lang='grc' dir='ltr'><strong>υ</strong></span> <span class='ocrx_word' id='word_1_72' title='bbox 1660 946 1729 999; x_wconf 86' lang='lat' dir='ltr'><strong>Et</strong></span> <span class='ocrx_word' id='word_1_73' title='bbox 1754 945 1915 1016; x_wconf 86' lang='lat' dir='ltr'><strong>paulo</strong></span> <span class='ocrx_word' id='word_1_74' title='bbox 1948 951 2111 1016; x_wconf 88' lang='lat' dir='ltr'><strong>post:</strong></span> 
     </span>
    </p>
   </div>
   <div class='ocr_carea' id='block_1_11' title="bbox 528 1038 2113 1105">
    <p class='ocr_par' dir='ltr' id='par_1_11' title="bbox 528 1038 2113 1105">
     <span class='ocr_line' id='line_1_11' title="bbox 528 1038 2113 1105; baseline -0.008 0"><span class='ocrx_word' id='word_1_75' title='bbox 528 1072 553 1097; x_wconf 79' lang='grc' dir='ltr'>ιι</span> <span class='ocrx_word' id='word_1_76' title='bbox 601 1050 727 1104; x_wconf 90' lang='lat' dir='ltr'><strong>Non</strong></span> <span class='ocrx_word' id='word_1_77' title='bbox 772 1046 1059 1102; x_wconf 81' lang='lat' dir='ltr'><strong>exhorreat</strong></span> <span class='ocrx_word' id='word_1_78' title='bbox 1107 1040 1360 1099; x_wconf 80' lang='lat' dir='ltr'><strong>columba</strong></span> <span class='ocrx_word' id='word_1_79' title='bbox 1404 1040 1769 1095; x_wconf 88' lang='lat' dir='ltr'><strong>ministerium</strong></span> <span class='ocrx_word' id='word_1_80' title='bbox 1817 1038 2113 1105; x_wconf 88' lang='lat' dir='ltr'><strong>malorum,</strong></span> 
     </span>
    </p>
   </div>
   <div class='ocr_carea' id='block_1_12' title="bbox 523 1132 2116 1213">
    <p class='ocr_par' dir='ltr' id='par_1_12' title="bbox 523 1132 2116 1213">
     <span class='ocr_line' id='line_1_12' title="bbox 523 1132 2116 1213; baseline -0.007 -15"><span class='ocrx_word' id='word_1_81' title='bbox 523 1141 773 1213; x_wconf 82' lang='lat' dir='ltr'><strong>respiciat</strong></span> <span class='ocrx_word' id='word_1_82' title='bbox 796 1139 1022 1196; x_wconf 91' lang='lat' dir='ltr'><strong>Domini</strong></span> <span class='ocrx_word' id='word_1_83' title='bbox 1054 1143 1402 1207; x_wconf 87' lang='lat' dir='ltr'><strong>potestatem.</strong></span> <span class='ocrx_word' id='word_1_84' title='bbox 1432 1133 1577 1203; x_wconf 88' lang='lat' dir='ltr'><strong>Quid</strong></span> <span class='ocrx_word' id='word_1_85' title='bbox 1606 1133 1707 1189; x_wconf 92' lang='lat' dir='ltr'><strong>tibi</strong></span> <span class='ocrx_word' id='word_1_86' title='bbox 1751 1132 1916 1188; x_wconf 86' lang='lat' dir='ltr'><strong>faciat</strong></span> <span class='ocrx_word' id='word_1_87' title='bbox 1938 1132 2116 1187; x_wconf 90' lang='lat' dir='ltr'><strong>malus</strong></span> 
     </span>
    </p>
   </div>
   <div class='ocr_carea' id='block_1_13' title="bbox 525 1225 2114 1300">
    <p class='ocr_par' dir='ltr' id='par_1_13' title="bbox 525 1225 2114 1300">
     <span class='ocr_line' id='line_1_13' title="bbox 525 1225 2114 1300; baseline -0.007 -9"><span class='ocrx_word' id='word_1_88' title='bbox 525 1235 795 1300; x_wconf 81' lang='lat' dir='ltr'><strong>minister,</strong></span> <span class='ocrx_word' id='word_1_89' title='bbox 826 1233 921 1288; x_wconf 91' lang='lat' dir='ltr'><strong>ubi</strong></span> <span class='ocrx_word' id='word_1_90' title='bbox 965 1239 1049 1287; x_wconf 90' lang='lat' dir='ltr'><strong>est</strong></span> <span class='ocrx_word' id='word_1_91' title='bbox 1075 1230 1252 1287; x_wconf 89' lang='lat' dir='ltr'><strong>bonus</strong></span> <span class='ocrx_word' id='word_1_92' title='bbox 1293 1228 1598 1284; x_wconf 78' lang='lat' dir='ltr'><strong>dominus?</strong></span> <span class='ocrx_word' id='word_1_93' title='bbox 1636 1234 1691 1283; x_wconf 87' lang='lat' dir='ltr'><strong>et</strong></span> <span class='ocrx_word' id='word_1_94' title='bbox 1728 1234 1783 1281; x_wconf 89' lang='lat' dir='ltr'><strong>te</strong></span> <span class='ocrx_word' id='word_1_95' title='bbox 1811 1242 1924 1282; x_wconf 90' lang='lat' dir='ltr'><strong>non</strong></span> <span class='ocrx_word' id='word_1_96' title='bbox 1963 1225 2114 1282; x_wconf 88' lang='lat' dir='ltr'><strong>deci-</strong></span> 
     </span>
    </p>
   </div>
   <div class='ocr_carea' id='block_1_14' title="bbox 525 1319 2110 1401">
    <p class='ocr_par' dir='ltr' id='par_1_14' title="bbox 525 1319 2110 1401">
     <span class='ocr_line' id='line_1_14' title="bbox 525 1319 2110 1401; baseline -0.008 -16"><span class='ocrx_word' id='word_1_97' title='bbox 525 1330 676 1401; x_wconf 89' lang='lat' dir='ltr'><strong>piant</strong></span> <span class='ocrx_word' id='word_1_98' title='bbox 719 1327 1057 1383; x_wconf 89' lang='lat' dir='ltr'><strong>seductores.</strong></span> <span class='ocrx_word' id='word_1_99' title='bbox 1109 1327 1362 1394; x_wconf 83' lang='lat' dir='ltr'><strong>Agnosce</strong></span> <span class='ocrx_word' id='word_1_100' title='bbox 1414 1321 1561 1393; x_wconf 91' lang='lat' dir='ltr'><strong>quod</strong></span> <span class='ocrx_word' id='word_1_101' title='bbox 1604 1319 1789 1376; x_wconf 86' lang='lat' dir='ltr'><strong>docuit</strong></span> <span class='ocrx_word' id='word_1_102' title='bbox 1815 1320 2110 1375; x_wconf 91' lang='lat' dir='ltr'><strong>columba:</strong></span> 
     </span>
    </p>
   </div>
   <div class='ocr_carea' id='block_1_15' title="bbox 525 1412 2114 1493">
    <p class='ocr_par' dir='ltr' id='par_1_15' title="bbox 525 1412 2114 1493">
     <span class='ocr_line' id='line_1_15' title="bbox 525 1412 2114 1493; baseline -0.007 -15"><span class='ocrx_word' id='word_1_103' title='bbox 525 1423 631 1478; x_wconf 85' lang='lat' dir='ltr'><strong>Hie</strong></span> <span class='ocrx_word' id='word_1_104' title='bbox 658 1429 741 1476; x_wconf 91' lang='lat' dir='ltr'><strong>est</strong></span> <span class='ocrx_word' id='word_1_105' title='bbox 762 1420 857 1493; x_wconf 88' lang='lat' dir='ltr'><strong>qui</strong></span> <span class='ocrx_word' id='word_1_106' title='bbox 878 1417 1119 1489; x_wconf 85' lang='lat' dir='ltr'><strong>haptizat</strong></span> <span class='ocrx_word' id='word_1_107' title='bbox 1164 1417 1218 1471; x_wconf 91' lang='lat' dir='ltr'><strong>in</strong></span> <span class='ocrx_word' id='word_1_108' title='bbox 1268 1415 1469 1486; x_wconf 86' lang='lat' dir='ltr'><strong>Spiritu</strong></span> <span class='ocrx_word' id='word_1_109' title='bbox 1499 1424 1723 1481; x_wconf 89' lang='lat' dir='ltr'><strong>sancto;</strong></span> <span class='ocrx_word' id='word_1_110' title='bbox 1760 1438 1784 1461; x_wconf 79' lang='grc' dir='ltr'><strong>υ</strong></span> <span class='ocrx_word' id='word_1_111' title='bbox 1845 1412 1978 1468; x_wconf 89' lang='lat' dir='ltr'><strong>etin</strong></span> <span class='ocrx_word' id='word_1_112' title='bbox 2027 1428 2114 1468; x_wconf 89' lang='lat' dir='ltr'><strong>se-</strong></span> 
     </span>
    </p>
   </div>
   <div class='ocr_carea' id='block_1_16' title="bbox 526 1507 2113 1587">
    <p class='ocr_par' dir='ltr' id='par_1_16' title="bbox 526 1507 2113 1587">
     <span class='ocr_line' id='line_1_16' title="bbox 526 1507 2113 1587; baseline -0.007 -16"><span class='ocrx_word' id='word_1_113' title='bbox 526 1513 819 1587; x_wconf 86' lang='lat' dir='ltr'><strong>quentibus</strong></span> <span class='ocrx_word' id='word_1_114' title='bbox 842 1512 973 1568; x_wconf 89' lang='lat' dir='ltr'><strong>dicit</strong></span> <span class='ocrx_word' id='word_1_115' title='bbox 1000 1529 1013 1565; x_wconf 92' lang='lat'><strong>:</strong></span> <span class='ocrx_word' id='word_1_116' title='bbox 1044 1533 1069 1558; x_wconf 76' lang='grc' dir='ltr'><strong>α</strong></span> <span class='ocrx_word' id='word_1_117' title='bbox 1098 1510 1388 1573; x_wconf 88' lang='lat' dir='ltr'><strong>Seductor,</strong></span> <span class='ocrx_word' id='word_1_118' title='bbox 1417 1524 1531 1565; x_wconf 90' lang='lat' dir='ltr'><strong>non</strong></span> <span class='ocrx_word' id='word_1_119' title='bbox 1555 1507 1724 1564; x_wconf 87' lang='lat' dir='ltr'><strong>habes</strong></span> <span class='ocrx_word' id='word_1_120' title='bbox 1754 1507 2113 1577; x_wconf 81' lang='lat' dir='ltr'><strong>baptismum,</strong></span> 
     </span>
    </p>
   </div>
   <div class='ocr_carea' id='block_1_17' title="bbox 524 1599 2110 1673">
    <p class='ocr_par' dir='ltr' id='par_1_17' title="bbox 524 1599 2110 1673">
     <span class='ocr_line' id='line_1_17' title="bbox 524 1599 2110 1673; baseline -0.006 -9"><span class='ocrx_word' id='word_1_121' title='bbox 524 1608 703 1663; x_wconf 88' lang='lat' dir='ltr'><strong>malus</strong></span> <span class='ocrx_word' id='word_1_122' title='bbox 731 1606 830 1661; x_wconf 88' lang='lat' dir='ltr'><strong>tibi</strong></span> <span class='ocrx_word' id='word_1_123' title='bbox 855 1604 1024 1667; x_wconf 88' lang='lat' dir='ltr'><strong>dedit,</strong></span> <span class='ocrx_word' id='word_1_124' title='bbox 1060 1604 1298 1660; x_wconf 88' lang='lat' dir='ltr'><strong>traditor</strong></span> <span class='ocrx_word' id='word_1_125' title='bbox 1317 1602 1503 1659; x_wconf 90' lang='lat' dir='ltr'><strong>nescio</strong></span> <span class='ocrx_word' id='word_1_126' title='bbox 1528 1601 1647 1673; x_wconf 89' lang='lat' dir='ltr'><strong>quis</strong></span> <span class='ocrx_word' id='word_1_127' title='bbox 1670 1600 1842 1656; x_wconf 88' lang='lat' dir='ltr'><strong>dedit.</strong></span> <span class='ocrx_word' id='word_1_128' title='bbox 1878 1604 1957 1656; x_wconf 92' lang='lat' dir='ltr'><strong>De</strong></span> <span class='ocrx_word' id='word_1_129' title='bbox 1986 1599 2110 1655; x_wconf 84' lang='lat' dir='ltr'><strong>ofﬁ-</strong></span> 
     </span>
    </p>
   </div>
   <div class='ocr_carea' id='block_1_18' title="bbox 522 1692 2116 1769">
    <p class='ocr_par' dir='ltr' id='par_1_18' title="bbox 522 1692 2116 1769">
     <span class='ocr_line' id='line_1_18' title="bbox 522 1692 2116 1769; baseline -0.005 -13"><span class='ocrx_word' id='word_1_130' title='bbox 522 1700 643 1756; x_wconf 90' lang='lat' dir='ltr'><strong>ciali</strong></span> <span class='ocrx_word' id='word_1_131' title='bbox 686 1714 800 1754; x_wconf 90' lang='lat' dir='ltr'><strong>non</strong></span> <span class='ocrx_word' id='word_1_132' title='bbox 835 1698 1070 1769; x_wconf 82' lang='lat' dir='ltr'><strong>diSputo,</strong></span> <span class='ocrx_word' id='word_1_133' title='bbox 1104 1697 1349 1769; x_wconf 83' lang='lat' dir='ltr'><strong>judieem</strong></span> <span class='ocrx_word' id='word_1_134' title='bbox 1400 1696 1643 1762; x_wconf 91' lang='lat' dir='ltr'><strong>attendo,</strong></span> <span class='ocrx_word' id='word_1_135' title='bbox 1688 1711 1789 1765; x_wconf 93' lang='lat' dir='ltr'><strong>ego</strong></span> <span class='ocrx_word' id='word_1_136' title='bbox 1820 1710 1854 1749; x_wconf 88' lang='lat' dir='ltr'><strong>a</strong></span> <span class='ocrx_word' id='word_1_137' title='bbox 1894 1692 2116 1749; x_wconf 87' lang='lat' dir='ltr'><strong>Christo</strong></span> 
     </span>
    </p>
   </div>
   <div class='ocr_carea' id='block_1_19' title="bbox 522 1787 2115 1865">
    <p class='ocr_par' dir='ltr' id='par_1_19' title="bbox 522 1787 2115 1865">
     <span class='ocr_line' id='line_1_19' title="bbox 522 1787 2115 1865; baseline -0.004 -16"><span class='ocrx_word' id='word_1_138' title='bbox 522 1794 643 1865; x_wconf 92' lang='lat' dir='ltr'><strong>ipso</strong></span> <span class='ocrx_word' id='word_1_139' title='bbox 672 1792 978 1863; x_wconf 87' lang='lat' dir='ltr'><strong>baptizatus</strong></span> <span class='ocrx_word' id='word_1_140' title='bbox 1002 1806 1145 1846; x_wconf 90' lang='lat' dir='ltr'><strong>sum.</strong></span> <span class='ocrx_word' id='word_1_141' title='bbox 1181 1792 1323 1854; x_wconf 76' lang='lat' dir='ltr'><strong>Non,</strong></span> <span class='ocrx_word' id='word_1_142' title='bbox 1354 1789 1550 1859; x_wconf 88' lang='lat' dir='ltr'><strong>inquit,</strong></span> <span class='ocrx_word' id='word_1_143' title='bbox 1584 1787 1681 1844; x_wconf 90' lang='lat' dir='ltr'><strong>sed</strong></span> <span class='ocrx_word' id='word_1_144' title='bbox 1706 1788 1796 1843; x_wconf 90' lang='lat' dir='ltr'><strong>ille</strong></span> <span class='ocrx_word' id='word_1_145' title='bbox 1828 1787 2115 1858; x_wconf 90' lang='lat' dir='ltr'><strong>episcopus</strong></span> 
     </span>
    </p>
   </div>
   <div class='ocr_carea' id='block_1_20' title="bbox 522 1880 2109 1957">
    <p class='ocr_par' dir='ltr' id='par_1_20' title="bbox 522 1880 2109 1957">
     <span class='ocr_line' id='line_1_20' title="bbox 522 1880 2109 1957; baseline -0.004 -15"><span class='ocrx_word' id='word_1_146' title='bbox 522 1894 578 1942; x_wconf 91' lang='lat' dir='ltr'><strong>te</strong></span> <span class='ocrx_word' id='word_1_147' title='bbox 624 1885 948 1957; x_wconf 86' lang='lat' dir='ltr'><strong>baptizavit,</strong></span> <span class='ocrx_word' id='word_1_148' title='bbox 985 1893 1042 1939; x_wconf 89' lang='lat' dir='ltr'><strong>et</strong></span> <span class='ocrx_word' id='word_1_149' title='bbox 1077 1884 1166 1939; x_wconf 90' lang='lat' dir='ltr'><strong>ille</strong></span> <span class='ocrx_word' id='word_1_150' title='bbox 1212 1883 1499 1954; x_wconf 88' lang='lat' dir='ltr'><strong>episcopus</strong></span> <span class='ocrx_word' id='word_1_151' title='bbox 1519 1880 1624 1937; x_wconf 90' lang='lat' dir='ltr'><strong>illis</strong></span> <span class='ocrx_word' id='word_1_152' title='bbox 1655 1881 2109 1937; x_wconf 87' lang='lat' dir='ltr'><strong>communicavit.</strong></span> 
     </span>
    </p>
   </div>
   <div class='ocr_carea' id='block_1_21' title="bbox 524 1974 2114 2049">
    <p class='ocr_par' dir='ltr' id='par_1_21' title="bbox 524 1974 2114 2049">
     <span class='ocr_line' id='line_1_21' title="bbox 524 1974 2114 2049; baseline -0.004 -14"><span class='ocrx_word' id='word_1_153' title='bbox 524 1985 569 2035; x_wconf 89' lang='lat' dir='ltr'><strong>A</strong></span> <span class='ocrx_word' id='word_1_154' title='bbox 598 1978 816 2037; x_wconf 87' lang='lat' dir='ltr'><strong>Christo</strong></span> <span class='ocrx_word' id='word_1_155' title='bbox 848 1980 967 2049; x_wconf 89' lang='lat' dir='ltr'><strong>ipso</strong></span> <span class='ocrx_word' id='word_1_156' title='bbox 993 1993 1124 2035; x_wconf 89' lang='lat' dir='ltr'><strong>sum</strong></span> <span class='ocrx_word' id='word_1_157' title='bbox 1145 1976 1474 2047; x_wconf 87' lang='lat' dir='ltr'><strong>baptizatus,</strong></span> <span class='ocrx_word' id='word_1_158' title='bbox 1499 1991 1598 2048; x_wconf 91' lang='lat' dir='ltr'><strong>ego</strong></span> <span class='ocrx_word' id='word_1_159' title='bbox 1622 1974 1774 2031; x_wconf 91' lang='lat' dir='ltr'><strong>novi.</strong></span> <span class='ocrx_word' id='word_1_160' title='bbox 1802 1974 2004 2031; x_wconf 88' lang='lat' dir='ltr'><strong>Docuit</strong></span> <span class='ocrx_word' id='word_1_161' title='bbox 2026 1990 2114 2029; x_wconf 92' lang='lat' dir='ltr'><strong>me</strong></span> 
     </span>
    </p>
   </div>
   <div class='ocr_carea' id='block_1_22' title="bbox 520 2068 2113 2144">
    <p class='ocr_par' dir='ltr' id='par_1_22' title="bbox 520 2068 2113 2144">
     <span class='ocr_line' id='line_1_22' title="bbox 520 2068 2113 2144; baseline -0.005 -14"><span class='ocrx_word' id='word_1_162' title='bbox 520 2072 774 2130; x_wconf 88' lang='lat' dir='ltr'><strong>columba</strong></span> <span class='ocrx_word' id='word_1_163' title='bbox 802 2087 969 2144; x_wconf 89' lang='lat' dir='ltr'><strong>quam</strong></span> <span class='ocrx_word' id='word_1_164' title='bbox 998 2069 1129 2126; x_wconf 92' lang='lat' dir='ltr'><strong>vidit</strong></span> <span class='ocrx_word' id='word_1_165' title='bbox 1146 2072 1407 2125; x_wconf 81' lang='lat' dir='ltr'><strong>Joannes.</strong></span> <span class='ocrx_word' id='word_1_166' title='bbox 1440 2071 1488 2125; x_wconf 94' lang='grc' dir='ltr'>Ο</span> <span class='ocrx_word' id='word_1_167' title='bbox 1506 2068 1691 2134; x_wconf 91' lang='lat' dir='ltr'><strong>milve,</strong></span> <span class='ocrx_word' id='word_1_168' title='bbox 1724 2083 1834 2123; x_wconf 90' lang='lat' dir='ltr'><strong>non</strong></span> <span class='ocrx_word' id='word_1_169' title='bbox 1861 2084 1950 2122; x_wconf 89' lang='lat' dir='ltr'><strong>me</strong></span> <span class='ocrx_word' id='word_1_170' title='bbox 1974 2068 2113 2124; x_wconf 86' lang='lat' dir='ltr'><strong>dila-</strong></span> 
     </span>
    </p>
   </div>
   <div class='ocr_carea' id='block_1_23' title="bbox 519 2161 2111 2235">
    <p class='ocr_par' dir='ltr' id='par_1_23' title="bbox 519 2161 2111 2235">
     <span class='ocr_line' id='line_1_23' title="bbox 519 2161 2111 2235; baseline -0.004 -13"><span class='ocrx_word' id='word_1_171' title='bbox 519 2168 659 2235; x_wconf 88' lang='lat' dir='ltr'><strong>nias,</strong></span> <span class='ocrx_word' id='word_1_172' title='bbox 701 2165 866 2222; x_wconf 89' lang='lat' dir='ltr'><strong>male.</strong></span> <span class='ocrx_word' id='word_1_173' title='bbox 894 2166 1105 2230; x_wconf 87' lang='lat' dir='ltr'><strong>Justos,</strong></span> <span class='ocrx_word' id='word_1_174' title='bbox 1148 2162 1421 2234; x_wconf 89' lang='lat' dir='ltr'><strong>inquiunt,</strong></span> <span class='ocrx_word' id='word_1_175' title='bbox 1455 2169 1671 2233; x_wconf 89' lang='lat' dir='ltr'><strong>oportet</strong></span> <span class='ocrx_word' id='word_1_176' title='bbox 1698 2176 1815 2217; x_wconf 90' lang='lat' dir='ltr'><strong>esse</strong></span> <span class='ocrx_word' id='word_1_177' title='bbox 1845 2161 1983 2215; x_wconf 90' lang='lat' dir='ltr'><strong>tanti</strong></span> <span class='ocrx_word' id='word_1_178' title='bbox 2019 2161 2111 2232; x_wconf 89' lang='lat' dir='ltr'><strong>ju-</strong></span> 
     </span>
    </p>
   </div>
   <div class='ocr_carea' id='block_1_24' title="bbox 521 2254 2112 2326">
    <p class='ocr_par' dir='ltr' id='par_1_24' title="bbox 521 2254 2112 2326">
     <span class='ocr_line' id='line_1_24' title="bbox 521 2254 2112 2326; baseline -0.004 -11"><span class='ocrx_word' id='word_1_179' title='bbox 521 2260 659 2316; x_wconf 84' lang='lat' dir='ltr'><strong>dicis</strong></span> <span class='ocrx_word' id='word_1_180' title='bbox 697 2260 1005 2317; x_wconf 89' lang='lat' dir='ltr'><strong>ministros.</strong></span> <span class='ocrx_word' id='word_1_181' title='bbox 1074 2257 1193 2312; x_wconf 88' lang='lat' dir='ltr'><strong>Sint</strong></span> <span class='ocrx_word' id='word_1_182' title='bbox 1236 2256 1469 2310; x_wconf 90' lang='lat' dir='ltr'><strong>ministri</strong></span> <span class='ocrx_word' id='word_1_183' title='bbox 1511 2254 1665 2326; x_wconf 87' lang='lat' dir='ltr'><strong>justi,</strong></span> <span class='ocrx_word' id='word_1_184' title='bbox 1724 2254 1767 2309; x_wconf 87' lang='lat' dir='ltr'><strong>si</strong></span> <span class='ocrx_word' id='word_1_185' title='bbox 1816 2255 2012 2320; x_wconf 83' lang='lat' dir='ltr'><strong>velint;</strong></span> <span class='ocrx_word' id='word_1_186' title='bbox 2067 2254 2112 2309; x_wconf 91' lang='lat' dir='ltr'><strong>si</strong></span> 
     </span>
    </p>
   </div>
   <div class='ocr_carea' id='block_1_25' title="bbox 523 2348 2113 2424">
    <p class='ocr_par' dir='ltr' id='par_1_25' title="bbox 523 2348 2113 2424">
     <span class='ocr_line' id='line_1_25' title="bbox 523 2348 2113 2424; baseline -0.004 -14"><span class='ocrx_word' id='word_1_187' title='bbox 523 2364 707 2411; x_wconf 90' lang='lat' dir='ltr'><strong>autem</strong></span> <span class='ocrx_word' id='word_1_188' title='bbox 737 2353 1009 2424; x_wconf 89' lang='lat' dir='ltr'><strong>superbus</strong></span> <span class='ocrx_word' id='word_1_189' title='bbox 1032 2350 1199 2407; x_wconf 86' lang='lat' dir='ltr'><strong>fuerit</strong></span> <span class='ocrx_word' id='word_1_190' title='bbox 1229 2350 1497 2413; x_wconf 89' lang='lat' dir='ltr'><strong>minister,</strong></span> <span class='ocrx_word' id='word_1_191' title='bbox 1543 2364 1670 2405; x_wconf 91' lang='lat' dir='ltr'><strong>eum</strong></span> <span class='ocrx_word' id='word_1_192' title='bbox 1696 2348 1929 2404; x_wconf 92' lang='lat' dir='ltr'><strong>Diabolo</strong></span> <span class='ocrx_word' id='word_1_193' title='bbox 1959 2364 2113 2404; x_wconf 86' lang='lat' dir='ltr'><strong>eom-</strong></span> 
     </span>
    </p>
   </div>
   <div class='ocr_carea' id='block_1_26' title="bbox 520 2442 2111 2519">
    <p class='ocr_par' dir='ltr' id='par_1_26' title="bbox 520 2442 2111 2519">
     <span class='ocr_line' id='line_1_26' title="bbox 520 2442 2111 2519; baseline -0.005 -15"><span class='ocrx_word' id='word_1_194' title='bbox 520 2455 771 2519; x_wconf 83' lang='lat' dir='ltr'><strong>putatur;</strong></span> <span class='ocrx_word' id='word_1_195' title='bbox 802 2445 901 2502; x_wconf 90' lang='lat' dir='ltr'><strong>sed</strong></span> <span class='ocrx_word' id='word_1_196' title='bbox 932 2460 1030 2517; x_wconf 91' lang='lat' dir='ltr'><strong>per</strong></span> <span class='ocrx_word' id='word_1_197' title='bbox 1054 2445 1210 2499; x_wconf 92' lang='lat' dir='ltr'><strong>illum</strong></span> <span class='ocrx_word' id='word_1_198' title='bbox 1241 2443 1447 2500; x_wconf 89' lang='lat' dir='ltr'><strong>donum</strong></span> <span class='ocrx_word' id='word_1_199' title='bbox 1474 2443 1674 2499; x_wconf 88' lang='lat' dir='ltr'><strong>Christi</strong></span> <span class='ocrx_word' id='word_1_200' title='bbox 1699 2458 1814 2497; x_wconf 90' lang='lat' dir='ltr'><strong>non</strong></span> <span class='ocrx_word' id='word_1_201' title='bbox 1843 2442 2111 2497; x_wconf 89' lang='lat' dir='ltr'><strong>contami-</strong></span> 
     </span>
    </p>
   </div>
   <div class='ocr_carea' id='block_1_27' title="bbox 522 2535 2114 2610">
    <p class='ocr_par' dir='ltr' id='par_1_27' title="bbox 522 2535 2114 2610">
     <span class='ocr_line' id='line_1_27' title="bbox 522 2535 2114 2610; baseline -0.003 -14"><span class='ocrx_word' id='word_1_202' title='bbox 522 2549 701 2597; x_wconf 87' lang='lat' dir='ltr'><strong>natur.</strong></span> <span class='ocrx_word' id='word_1_203' title='bbox 751 2539 912 2610; x_wconf 87' lang='lat' dir='ltr'><strong>Quod</strong></span> <span class='ocrx_word' id='word_1_204' title='bbox 947 2553 1042 2609; x_wconf 89' lang='lat' dir='ltr'><strong>per</strong></span> <span class='ocrx_word' id='word_1_205' title='bbox 1078 2538 1235 2593; x_wconf 91' lang='lat' dir='ltr'><strong>illum</strong></span> <span class='ocrx_word' id='word_1_206' title='bbox 1276 2537 1419 2601; x_wconf 88' lang='lat' dir='ltr'><strong>lluit,</strong></span> <span class='ocrx_word' id='word_1_207' title='bbox 1462 2552 1662 2607; x_wconf 87' lang='lat' dir='ltr'><strong>purum</strong></span> <span class='ocrx_word' id='word_1_208' title='bbox 1689 2544 1807 2603; x_wconf 87' lang='lat' dir='ltr'><strong>est;</strong></span> <span class='ocrx_word' id='word_1_209' title='bbox 1837 2535 1985 2607; x_wconf 91' lang='lat' dir='ltr'><strong>quod</strong></span> <span class='ocrx_word' id='word_1_210' title='bbox 2020 2552 2114 2606; x_wconf 89' lang='lat' dir='ltr'><strong>per</strong></span> 
     </span>
    </p>
   </div>
   <div class='ocr_carea' id='block_1_28' title="bbox 522 2629 2114 2704">
    <p class='ocr_par' dir='ltr' id='par_1_28' title="bbox 522 2629 2114 2704">
     <span class='ocr_line' id='line_1_28' title="bbox 522 2629 2114 2704; baseline -0.003 -15"><span class='ocrx_word' id='word_1_211' title='bbox 522 2635 677 2690; x_wconf 89' lang='lat' dir='ltr'><strong>illum</strong></span> <span class='ocrx_word' id='word_1_212' title='bbox 700 2632 913 2701; x_wconf 88' lang='lat' dir='ltr'><strong>transit,</strong></span> <span class='ocrx_word' id='word_1_213' title='bbox 948 2631 1215 2704; x_wconf 89' lang='lat' dir='ltr'><strong>liquidum</strong></span> <span class='ocrx_word' id='word_1_214' title='bbox 1244 2638 1343 2687; x_wconf 89' lang='lat' dir='ltr'><strong>est.</strong></span> <span class='ocrx_word' id='word_1_215' title='bbox 1378 2632 1515 2685; x_wconf 85' lang='lat' dir='ltr'><strong>Puta</strong></span> <span class='ocrx_word' id='word_1_216' title='bbox 1557 2629 1707 2701; x_wconf 91' lang='lat' dir='ltr'><strong>quod</strong></span> <span class='ocrx_word' id='word_1_217' title='bbox 1734 2630 1845 2701; x_wconf 91' lang='lat' dir='ltr'><strong>ipse</strong></span> <span class='ocrx_word' id='word_1_218' title='bbox 1875 2629 2114 2701; x_wconf 92' lang='lat' dir='ltr'><strong>lapideus</strong></span> 
     </span>
    </p>
   </div>
   <div class='ocr_carea' id='block_1_29' title="bbox 525 2722 2111 2801">
    <p class='ocr_par' dir='ltr' id='par_1_29' title="bbox 525 2722 2111 2801">
     <span class='ocr_line' id='line_1_29' title="bbox 525 2722 2111 2801; baseline -0.004 -18"><span class='ocrx_word' id='word_1_219' title='bbox 525 2737 627 2797; x_wconf 90' lang='lat' dir='ltr'><strong>est,</strong></span> <span class='ocrx_word' id='word_1_220' title='bbox 658 2726 808 2801; x_wconf 90' lang='lat' dir='ltr'><strong>quod</strong></span> <span class='ocrx_word' id='word_1_221' title='bbox 837 2743 904 2783; x_wconf 85' lang='lat' dir='ltr'><strong>ex</strong></span> <span class='ocrx_word' id='word_1_222' title='bbox 926 2742 1065 2798; x_wconf 86' lang='lat' dir='ltr'><strong>aqua</strong></span> <span class='ocrx_word' id='word_1_223' title='bbox 1090 2724 1335 2781; x_wconf 86' lang='lat' dir='ltr'><strong>fructum</strong></span> <span class='ocrx_word' id='word_1_224' title='bbox 1378 2723 1523 2779; x_wconf 86' lang='lat' dir='ltr'><strong>ferre</strong></span> <span class='ocrx_word' id='word_1_225' title='bbox 1565 2739 1678 2779; x_wconf 91' lang='lat' dir='ltr'><strong>non</strong></span> <span class='ocrx_word' id='word_1_226' title='bbox 1724 2730 1926 2792; x_wconf 86' lang='lat' dir='ltr'><strong>potest,</strong></span> <span class='ocrx_word' id='word_1_227' title='bbox 1957 2730 2010 2777; x_wconf 85' lang='lat' dir='ltr'><strong>et</strong></span> <span class='ocrx_word' id='word_1_228' title='bbox 2054 2722 2111 2777; x_wconf 90' lang='lat' dir='ltr'><strong>in</strong></span> 
     </span>
    </p>
   </div>
   <div class='ocr_carea' id='block_1_30' title="bbox 522 2815 2114 2892">
    <p class='ocr_par' dir='ltr' id='par_1_30' title="bbox 522 2815 2114 2892">
     <span class='ocr_line' id='line_1_30' title="bbox 522 2815 2114 2892; baseline -0.006 -14"><span class='ocrx_word' id='word_1_229' title='bbox 522 2821 695 2878; x_wconf 87' lang='lat' dir='ltr'><strong>canali</strong></span> <span class='ocrx_word' id='word_1_230' title='bbox 717 2819 930 2892; x_wconf 89' lang='lat' dir='ltr'><strong>lapideo</strong></span> <span class='ocrx_word' id='word_1_231' title='bbox 960 2834 1099 2890; x_wconf 90' lang='lat' dir='ltr'><strong>aqua</strong></span> <span class='ocrx_word' id='word_1_232' title='bbox 1118 2818 1251 2873; x_wconf 88' lang='lat' dir='ltr'><strong>nihil</strong></span> <span class='ocrx_word' id='word_1_233' title='bbox 1277 2825 1521 2889; x_wconf 80' lang='lat' dir='ltr'><strong>generat,</strong></span> <span class='ocrx_word' id='word_1_234' title='bbox 1552 2816 1648 2872; x_wconf 88' lang='lat' dir='ltr'><strong>sed</strong></span> <span class='ocrx_word' id='word_1_235' title='bbox 1666 2816 1844 2872; x_wconf 87' lang='lat' dir='ltr'><strong>hortis</strong></span> <span class='ocrx_word' id='word_1_236' title='bbox 1876 2815 2114 2872; x_wconf 81' lang='lat' dir='ltr'><strong>fructum</strong></span> 
     </span>
    </p>
   </div>
   <div class='ocr_carea' id='block_1_31' title="bbox 522 2910 2116 2985">
    <p class='ocr_par' dir='ltr' id='par_1_31' title="bbox 522 2910 2116 2985">
     <span class='ocr_line' id='line_1_31' title="bbox 522 2910 2116 2985; baseline -0.004 -15"><span class='ocrx_word' id='word_1_237' title='bbox 522 2914 740 2973; x_wconf 83' lang='lat' dir='ltr'><strong>afferet.</strong></span> <span class='ocrx_word' id='word_1_238' title='bbox 767 2913 1074 2985; x_wconf 86' lang='lat' dir='ltr'><strong>Spiritualis</strong></span> <span class='ocrx_word' id='word_1_239' title='bbox 1119 2928 1246 2968; x_wconf 89' lang='lat' dir='ltr'><strong>vero</strong></span> <span class='ocrx_word' id='word_1_240' title='bbox 1274 2912 1445 2966; x_wconf 89' lang='lat' dir='ltr'><strong>virtus</strong></span> <span class='ocrx_word' id='word_1_241' title='bbox 1472 2910 1803 2966; x_wconf 88' lang='lat' dir='ltr'><strong>sacramenti</strong></span> <span class='ocrx_word' id='word_1_242' title='bbox 1828 2910 1903 2965; x_wconf 86' lang='lat' dir='ltr'><strong>ita</strong></span> <span class='ocrx_word' id='word_1_243' title='bbox 1932 2918 2016 2965; x_wconf 90' lang='lat' dir='ltr'><strong>est</strong></span> <span class='ocrx_word' id='word_1_244' title='bbox 2055 2917 2116 2964; x_wconf 91' lang='lat' dir='ltr'><strong>ut</strong></span> 
     </span>
    </p>
   </div>
   <div class='ocr_carea' id='block_1_32' title="bbox 521 3003 2115 3081">
    <p class='ocr_par' dir='ltr' id='par_1_32' title="bbox 521 3003 2115 3081">
     <span class='ocr_line' id='line_1_32' title="bbox 521 3003 2115 3081; baseline -0.005 -16"><span class='ocrx_word' id='word_1_245' title='bbox 521 3010 635 3077; x_wconf 85' lang='lat' dir='ltr'><strong>lux,</strong></span> <span class='ocrx_word' id='word_1_246' title='bbox 665 3022 790 3081; x_wconf 65' lang='lat' dir='ltr'><strong>qua:</strong></span> <span class='ocrx_word' id='word_1_247' title='bbox 813 3015 869 3063; x_wconf 91' lang='lat' dir='ltr'><strong>et</strong></span> <span class='ocrx_word' id='word_1_248' title='bbox 895 3007 965 3063; x_wconf 91' lang='lat' dir='ltr'><strong>ab</strong></span> <span class='ocrx_word' id='word_1_249' title='bbox 992 3004 1363 3062; x_wconf 90' lang='lat' dir='ltr'><strong>illuminandis</strong></span> <span class='ocrx_word' id='word_1_250' title='bbox 1392 3020 1524 3074; x_wconf 88' lang='lat' dir='ltr'><strong>pura</strong></span> <span class='ocrx_word' id='word_1_251' title='bbox 1552 3004 1833 3075; x_wconf 88' lang='lat' dir='ltr'><strong>excipitur,</strong></span> <span class='ocrx_word' id='word_1_252' title='bbox 1862 3013 1918 3058; x_wconf 89' lang='lat' dir='ltr'><strong>et</strong></span> <span class='ocrx_word' id='word_1_253' title='bbox 1945 3003 1989 3058; x_wconf 90' lang='lat' dir='ltr'><strong>si</strong></span> <span class='ocrx_word' id='word_1_254' title='bbox 2019 3018 2115 3072; x_wconf 91' lang='lat' dir='ltr'><strong>per</strong></span> 
     </span>
    </p>
   </div>
   <div class='ocr_carea' id='block_1_33' title="bbox 2223 470 3813 543">
    <p class='ocr_par' dir='ltr' id='par_1_33' title="bbox 2223 470 3813 543">
     <span class='ocr_line' id='line_1_33' title="bbox 2223 470 3813 543; baseline -0.002 -15"><span class='ocrx_word' id='word_1_255' title='bbox 2223 480 2279 528; x_wconf 91' lang='lat' dir='ltr'><strong>et</strong></span> <span class='ocrx_word' id='word_1_256' title='bbox 2305 471 2481 527; x_wconf 89' lang='lat' dir='ltr'><strong>verbis</strong></span> <span class='ocrx_word' id='word_1_257' title='bbox 2508 472 2639 538; x_wconf 91' lang='lat' dir='ltr'><strong>suis,</strong></span> <span class='ocrx_word' id='word_1_258' title='bbox 2671 486 2768 541; x_wconf 89' lang='lat' dir='ltr'><strong>per</strong></span> <span class='ocrx_word' id='word_1_259' title='bbox 2796 470 3123 543; x_wconf 86' lang='lat' dir='ltr'><strong>qualeslibet</strong></span> <span class='ocrx_word' id='word_1_260' title='bbox 3150 470 3634 536; x_wconf 86' lang='lat' dir='ltr'><strong>administrentur;</strong></span> <span class='ocrx_word' id='word_1_261' title='bbox 3662 479 3718 526; x_wconf 93' lang='lat' dir='ltr'><strong>et</strong></span> <span class='ocrx_word' id='word_1_262' title='bbox 3734 485 3813 525; x_wconf 89' lang='lat' dir='ltr'><strong>sa-</strong></span> 
     </span>
    </p>
   </div>
   <div class='ocr_carea' id='block_1_34' title="bbox 2224 563 3815 633">
    <p class='ocr_par' dir='ltr' id='par_1_34' title="bbox 2224 563 3815 633">
     <span class='ocr_line' id='line_1_34' title="bbox 2224 563 3815 633; baseline -0.001 -14"><span class='ocrx_word' id='word_1_263' title='bbox 2224 572 2505 620; x_wconf 84' lang='lat' dir='ltr'><strong>cramenta</strong></span> <span class='ocrx_word' id='word_1_264' title='bbox 2547 564 2646 621; x_wconf 92' lang='lat' dir='ltr'><strong>Dei</strong></span> <span class='ocrx_word' id='word_1_265' title='bbox 2686 564 2886 633; x_wconf 90' lang='lat' dir='ltr'><strong>ubique</strong></span> <span class='ocrx_word' id='word_1_266' title='bbox 2936 573 3084 620; x_wconf 86' lang='lat' dir='ltr'><strong>recta</strong></span> <span class='ocrx_word' id='word_1_267' title='bbox 3110 564 3239 631; x_wconf 91' lang='lat' dir='ltr'><strong>sint,</strong></span> <span class='ocrx_word' id='word_1_268' title='bbox 3272 572 3326 620; x_wconf 88' lang='lat' dir='ltr'><strong>et</strong></span> <span class='ocrx_word' id='word_1_269' title='bbox 3352 563 3486 619; x_wconf 91' lang='lat' dir='ltr'><strong>mali</strong></span> <span class='ocrx_word' id='word_1_270' title='bbox 3544 564 3815 631; x_wconf 88' lang='lat' dir='ltr'><strong>homines,</strong></span> 
     </span>
    </p>
   </div>
   <div class='ocr_carea' id='block_1_35' title="bbox 2224 657 3817 730">
    <p class='ocr_par' dir='ltr' id='par_1_35' title="bbox 2224 657 3817 730">
     <span class='ocr_line' id='line_1_35' title="bbox 2224 657 3817 730; baseline -0.002 -16"><span class='ocrx_word' id='word_1_271' title='bbox 2224 658 2420 730; x_wconf 89' lang='lat' dir='ltr'><strong>quibus</strong></span> <span class='ocrx_word' id='word_1_272' title='bbox 2467 657 2597 713; x_wconf 91' lang='lat' dir='ltr'><strong>nihil</strong></span> <span class='ocrx_word' id='word_1_273' title='bbox 2642 664 2890 729; x_wconf 89' lang='lat' dir='ltr'><strong>prosunt,</strong></span> <span class='ocrx_word' id='word_1_274' title='bbox 2936 658 3139 729; x_wconf 91' lang='lat' dir='ltr'><strong>ubique</strong></span> <span class='ocrx_word' id='word_1_275' title='bbox 3186 658 3450 713; x_wconf 86' lang='lat' dir='ltr'><strong>subversi.</strong></span> <span class='ocrx_word' id='word_1_276' title='bbox 3506 677 3528 707; x_wconf 77' lang='grc' dir='ltr'><strong>ι</strong></span> <span class='ocrx_word' id='word_1_277' title='bbox 3575 659 3717 713; x_wconf 90' lang='lat' dir='ltr'><strong>Item</strong></span> <span class='ocrx_word' id='word_1_278' title='bbox 3768 657 3817 711; x_wconf 91' lang='lat' dir='ltr'><strong>in</strong></span> 
     </span>
    </p>
   </div>
   <div class='ocr_carea' id='block_1_36' title="bbox 2222 749 3816 821">
    <p class='ocr_par' dir='ltr' id='par_1_36' title="bbox 2222 749 3816 821">
     <span class='ocr_line' id='line_1_36' title="bbox 2222 749 3816 821; baseline -0.001 -14"><span class='ocrx_word' id='word_1_279' title='bbox 2222 752 2417 808; x_wconf 91' lang='lat' dir='ltr'><strong>eodem</strong></span> <span class='ocrx_word' id='word_1_280' title='bbox 2453 771 2465 805; x_wconf 90' lang='lat'><strong>:</strong></span> <span class='ocrx_word' id='word_1_281' title='bbox 2500 775 2525 800; x_wconf 79' lang='grc' dir='ltr'>ι</span> <span class='ocrx_word' id='word_1_282' title='bbox 2560 750 2856 821; x_wconf 86' lang='lat' dir='ltr'><strong>Quomodo</strong></span> <span class='ocrx_word' id='word_1_283' title='bbox 2886 751 3135 807; x_wconf 84' lang='lat' dir='ltr'><strong>exaudiet</strong></span> <span class='ocrx_word' id='word_1_284' title='bbox 3163 754 3309 806; x_wconf 87' lang='lat' dir='ltr'><strong>Deus</strong></span> <span class='ocrx_word' id='word_1_285' title='bbox 3339 749 3689 806; x_wconf 91' lang='lat' dir='ltr'><strong>homicidam</strong></span> <span class='ocrx_word' id='word_1_286' title='bbox 3720 750 3816 806; x_wconf 82' lang='lat' dir='ltr'><strong>de-</strong></span> 
     </span>
    </p>
   </div>
   <div class='ocr_carea' id='block_1_37' title="bbox 2234 844 3818 917">
    <p class='ocr_par' dir='ltr' id='par_1_37' title="bbox 2234 844 3818 917">
     <span class='ocr_line' id='line_1_37' title="bbox 2234 844 3818 917; baseline 0 -18"><span class='ocrx_word' id='word_1_287' title='bbox 2234 854 2543 916; x_wconf 86' lang='lat' dir='ltr'><strong>precantem</strong></span> <span class='ocrx_word' id='word_1_288' title='bbox 2596 844 2681 900; x_wconf 86' lang='lat' dir='ltr'><strong>vel</strong></span> <span class='ocrx_word' id='word_1_289' title='bbox 2738 860 2902 910; x_wconf 88' lang='lat' dir='ltr'><strong>super</strong></span> <span class='ocrx_word' id='word_1_290' title='bbox 2948 861 3147 916; x_wconf 89' lang='lat' dir='ltr'><strong>aquam</strong></span> <span class='ocrx_word' id='word_1_291' title='bbox 3203 844 3482 916; x_wconf 83' lang='lat' dir='ltr'><strong>baptismi,</strong></span> <span class='ocrx_word' id='word_1_292' title='bbox 3528 844 3611 899; x_wconf 89' lang='lat' dir='ltr'><strong>vel</strong></span> <span class='ocrx_word' id='word_1_293' title='bbox 3661 860 3818 917; x_wconf 88' lang='lat' dir='ltr'><strong>super</strong></span> 
     </span>
    </p>
   </div>
   <div class='ocr_carea' id='block_1_38' title="bbox 2224 938 3818 1010">
    <p class='ocr_par' dir='ltr' id='par_1_38' title="bbox 2224 938 3818 1010">
     <span class='ocr_line' id='line_1_38' title="bbox 2224 938 3818 1010; baseline -0.001 -15"><span class='ocrx_word' id='word_1_294' title='bbox 2224 940 2431 1005; x_wconf 90' lang='lat' dir='ltr'><strong>oleum,</strong></span> <span class='ocrx_word' id='word_1_295' title='bbox 2480 938 2562 994; x_wconf 91' lang='lat' dir='ltr'><strong>vel</strong></span> <span class='ocrx_word' id='word_1_296' title='bbox 2611 954 2776 1009; x_wconf 89' lang='lat' dir='ltr'><strong>super</strong></span> <span class='ocrx_word' id='word_1_297' title='bbox 2826 938 3230 1003; x_wconf 88' lang='lat' dir='ltr'><strong>eucharistiam,</strong></span> <span class='ocrx_word' id='word_1_298' title='bbox 3277 939 3360 992; x_wconf 88' lang='lat' dir='ltr'><strong>vel</strong></span> <span class='ocrx_word' id='word_1_299' title='bbox 3410 953 3576 1008; x_wconf 91' lang='lat' dir='ltr'><strong>super</strong></span> <span class='ocrx_word' id='word_1_300' title='bbox 3639 940 3818 1010; x_wconf 88' lang='lat' dir='ltr'><strong>capita</strong></span> 
     </span>
    </p>
   </div>
   <div class='ocr_carea' id='block_1_39' title="bbox 2222 1032 3817 1105">
    <p class='ocr_par' dir='ltr' id='par_1_39' title="bbox 2222 1032 3817 1105">
     <span class='ocr_line' id='line_1_39' title="bbox 2222 1032 3817 1105; baseline -0.001 -17"><span class='ocrx_word' id='word_1_301' title='bbox 2222 1048 2414 1088; x_wconf 91' lang='lat' dir='ltr'><strong>eorum</strong></span> <span class='ocrx_word' id='word_1_302' title='bbox 2442 1032 2642 1105; x_wconf 91' lang='lat' dir='ltr'><strong>quibus</strong></span> <span class='ocrx_word' id='word_1_303' title='bbox 2673 1047 2868 1087; x_wconf 89' lang='lat' dir='ltr'><strong>manus</strong></span> <span class='ocrx_word' id='word_1_304' title='bbox 2916 1032 3248 1102; x_wconf 77' lang='lat' dir='ltr'><strong>imponitur?</strong></span> <span class='ocrx_word' id='word_1_305' title='bbox 3288 1033 3426 1101; x_wconf 69' lang='lat' dir='ltr'><strong>Quae</strong></span> <span class='ocrx_word' id='word_1_306' title='bbox 3481 1040 3668 1087; x_wconf 91' lang='lat' dir='ltr'><strong>tamen</strong></span> <span class='ocrx_word' id='word_1_307' title='bbox 3699 1047 3817 1087; x_wconf 89' lang='lat' dir='ltr'><strong>om-</strong></span> 
     </span>
    </p>
   </div>
   <div class='ocr_carea' id='block_1_40' title="bbox 2223 1124 3823 1197">
    <p class='ocr_par' dir='ltr' id='par_1_40' title="bbox 2223 1124 3823 1197">
     <span class='ocr_line' id='line_1_40' title="bbox 2223 1124 3823 1197; baseline -0.001 -16"><span class='ocrx_word' id='word_1_308' title='bbox 2223 1127 2310 1182; x_wconf 89' lang='lat' dir='ltr'><strong>nia</strong></span> <span class='ocrx_word' id='word_1_309' title='bbox 2350 1134 2404 1182; x_wconf 89' lang='lat' dir='ltr'><strong>et</strong></span> <span class='ocrx_word' id='word_1_310' title='bbox 2441 1126 2585 1182; x_wconf 92' lang='lat' dir='ltr'><strong>ﬁunt</strong></span> <span class='ocrx_word' id='word_1_311' title='bbox 2612 1134 2668 1183; x_wconf 92' lang='lat' dir='ltr'><strong>et</strong></span> <span class='ocrx_word' id='word_1_312' title='bbox 2694 1126 2897 1191; x_wconf 84' lang='lat' dir='ltr'><strong>valent,</strong></span> <span class='ocrx_word' id='word_1_313' title='bbox 2927 1125 3089 1181; x_wconf 90' lang='lat' dir='ltr'><strong>etiam</strong></span> <span class='ocrx_word' id='word_1_314' title='bbox 3138 1140 3233 1197; x_wconf 89' lang='lat' dir='ltr'><strong>per</strong></span> <span class='ocrx_word' id='word_1_315' title='bbox 3259 1124 3590 1193; x_wconf 87' lang='lat' dir='ltr'><strong>homicidas,</strong></span> <span class='ocrx_word' id='word_1_316' title='bbox 3637 1125 3695 1181; x_wconf 92' lang='lat' dir='ltr'><strong>id</strong></span> <span class='ocrx_word' id='word_1_317' title='bbox 3739 1133 3823 1180; x_wconf 88' lang='lat' dir='ltr'><strong>est</strong></span> 
     </span>
    </p>
   </div>
   <div class='ocr_carea' id='block_1_41' title="bbox 2222 1218 3817 1292">
    <p class='ocr_par' dir='ltr' id='par_1_41' title="bbox 2222 1218 3817 1292">
     <span class='ocr_line' id='line_1_41' title="bbox 2222 1218 3817 1292; baseline -0.004 -17"><span class='ocrx_word' id='word_1_318' title='bbox 2222 1220 2313 1292; x_wconf 91' lang='lat' dir='ltr'><strong>qui</strong></span> <span class='ocrx_word' id='word_1_319' title='bbox 2360 1220 2601 1276; x_wconf 87' lang='lat' dir='ltr'><strong>odorunt</strong></span> <span class='ocrx_word' id='word_1_320' title='bbox 2627 1218 2826 1275; x_wconf 86' lang='lat' dir='ltr'><strong>fratres</strong></span> <span class='ocrx_word' id='word_1_321' title='bbox 2869 1220 3039 1275; x_wconf 91' lang='lat' dir='ltr'><strong>etiam</strong></span> <span class='ocrx_word' id='word_1_322' title='bbox 3078 1219 3130 1274; x_wconf 91' lang='lat' dir='ltr'><strong>in</strong></span> <span class='ocrx_word' id='word_1_323' title='bbox 3175 1219 3289 1289; x_wconf 88' lang='lat' dir='ltr'><strong>ipsa</strong></span> <span class='ocrx_word' id='word_1_324' title='bbox 3319 1220 3463 1274; x_wconf 87' lang='lat' dir='ltr'><strong>intus</strong></span> <span class='ocrx_word' id='word_1_325' title='bbox 3508 1219 3760 1283; x_wconf 85' lang='lat' dir='ltr'><strong>ecclesia.</strong></span> <span class='ocrx_word' id='word_1_326' title='bbox 3796 1243 3817 1268; x_wconf 70' lang='grc' dir='ltr'><strong>ι</strong></span> 
     </span>
    </p>
   </div>
   <div class='ocr_carea' id='block_1_42' title="bbox 2223 1312 3824 1385">
    <p class='ocr_par' dir='ltr' id='par_1_42' title="bbox 2223 1312 3824 1385">
     <span class='ocr_line' id='line_1_42' title="bbox 2223 1312 3824 1385; baseline 0 -16"><span class='ocrx_word' id='word_1_327' title='bbox 2223 1317 2287 1369; x_wconf 90' lang='lat' dir='ltr'><strong>In</strong></span> <span class='ocrx_word' id='word_1_328' title='bbox 2316 1314 2516 1370; x_wconf 89' lang='lat' dir='ltr'><strong>eodem</strong></span> <span class='ocrx_word' id='word_1_329' title='bbox 2541 1334 2554 1371; x_wconf 86' lang='lat'><strong>:</strong></span> <span class='ocrx_word' id='word_1_330' title='bbox 2592 1339 2614 1362; x_wconf 83' lang='grc' dir='ltr'>ιι</span> <span class='ocrx_word' id='word_1_331' title='bbox 2648 1314 2805 1370; x_wconf 88' lang='lat' dir='ltr'><strong>Sicut</strong></span> <span class='ocrx_word' id='word_1_332' title='bbox 2826 1313 2940 1369; x_wconf 90' lang='lat' dir='ltr'><strong>ﬁcti</strong></span> <span class='ocrx_word' id='word_1_333' title='bbox 2967 1314 3229 1369; x_wconf 89' lang='lat' dir='ltr'><strong>veraciter</strong></span> <span class='ocrx_word' id='word_1_334' title='bbox 3252 1312 3530 1369; x_wconf 82' lang='lat' dir='ltr'><strong>conversis</strong></span> <span class='ocrx_word' id='word_1_335' title='bbox 3554 1314 3824 1385; x_wconf 84' lang='lat' dir='ltr'><strong>recipiun-</strong></span> 
     </span>
    </p>
   </div>
   <div class='ocr_carea' id='block_1_43' title="bbox 2222 1406 3823 1478">
    <p class='ocr_par' dir='ltr' id='par_1_43' title="bbox 2222 1406 3823 1478">
     <span class='ocr_line' id='line_1_43' title="bbox 2222 1406 3823 1478; baseline -0.001 -15"><span class='ocrx_word' id='word_1_336' title='bbox 2222 1417 2332 1477; x_wconf 91' lang='lat' dir='ltr'><strong>tur,</strong></span> <span class='ocrx_word' id='word_1_337' title='bbox 2373 1424 2475 1463; x_wconf 90' lang='lat' dir='ltr'><strong>nec</strong></span> <span class='ocrx_word' id='word_1_338' title='bbox 2504 1416 2690 1463; x_wconf 88' lang='lat' dir='ltr'><strong>tamen</strong></span> <span class='ocrx_word' id='word_1_339' title='bbox 2729 1422 2925 1463; x_wconf 90' lang='lat' dir='ltr'><strong>eorum</strong></span> <span class='ocrx_word' id='word_1_340' title='bbox 2954 1406 3221 1478; x_wconf 89' lang='lat' dir='ltr'><strong>baptisma</strong></span> <span class='ocrx_word' id='word_1_341' title='bbox 3266 1406 3627 1477; x_wconf 83' lang='lat' dir='ltr'><strong>reprobatur;</strong></span> <span class='ocrx_word' id='word_1_342' title='bbox 3657 1408 3737 1462; x_wconf 91' lang='lat' dir='ltr'><strong>sic</strong></span> <span class='ocrx_word' id='word_1_343' title='bbox 3773 1415 3823 1463; x_wconf 90' lang='lat' dir='ltr'><strong>et</strong></span> 
     </span>
    </p>
   </div>
   <div class='ocr_carea' id='block_1_44' title="bbox 2223 1499 3820 1573">
    <p class='ocr_par' dir='ltr' id='par_1_44' title="bbox 2223 1499 3820 1573">
     <span class='ocr_line' id='line_1_44' title="bbox 2223 1499 3820 1573; baseline 0 -17"><span class='ocrx_word' id='word_1_344' title='bbox 2223 1502 2309 1556; x_wconf 91' lang='lat' dir='ltr'><strong>illa</strong></span> <span class='ocrx_word' id='word_1_345' title='bbox 2362 1518 2530 1573; x_wconf 91' lang='lat' dir='ltr'><strong>quam</strong></span> <span class='ocrx_word' id='word_1_346' title='bbox 2589 1501 2920 1557; x_wconf 90' lang='lat' dir='ltr'><strong>schismatici</strong></span> <span class='ocrx_word' id='word_1_347' title='bbox 2962 1501 3041 1555; x_wconf 86' lang='lat' dir='ltr'><strong>vel</strong></span> <span class='ocrx_word' id='word_1_348' title='bbox 3085 1499 3327 1556; x_wconf 63' lang='lat' dir='ltr'><strong>haretici</strong></span> <span class='ocrx_word' id='word_1_349' title='bbox 3379 1500 3535 1555; x_wconf 89' lang='lat' dir='ltr'><strong>aliter</strong></span> <span class='ocrx_word' id='word_1_350' title='bbox 3593 1500 3820 1565; x_wconf 88' lang='lat' dir='ltr'><strong>habent,</strong></span> 
     </span>
    </p>
   </div>
   <div class='ocr_carea' id='block_1_45' title="bbox 2220 1593 3823 1666">
    <p class='ocr_par' dir='ltr' id='par_1_45' title="bbox 2220 1593 3823 1666">
     <span class='ocr_line' id='line_1_45' title="bbox 2220 1593 3823 1666; baseline 0 -17"><span class='ocrx_word' id='word_1_351' title='bbox 2220 1610 2323 1650; x_wconf 90' lang='lat' dir='ltr'><strong>nec</strong></span> <span class='ocrx_word' id='word_1_352' title='bbox 2352 1595 2507 1651; x_wconf 87' lang='lat' dir='ltr'><strong>aliter</strong></span> <span class='ocrx_word' id='word_1_353' title='bbox 2546 1602 2731 1666; x_wconf 86' lang='lat' dir='ltr'><strong>agunt,</strong></span> <span class='ocrx_word' id='word_1_354' title='bbox 2776 1609 2941 1665; x_wconf 89' lang='lat' dir='ltr'><strong>quam</strong></span> <span class='ocrx_word' id='word_1_355' title='bbox 2971 1609 3092 1648; x_wconf 90' lang='lat' dir='ltr'><strong>vera</strong></span> <span class='ocrx_word' id='word_1_356' title='bbox 3141 1593 3393 1659; x_wconf 86' lang='lat' dir='ltr'><strong>ecclesia,</strong></span> <span class='ocrx_word' id='word_1_357' title='bbox 3423 1608 3550 1649; x_wconf 90' lang='lat' dir='ltr'><strong>eum</strong></span> <span class='ocrx_word' id='word_1_358' title='bbox 3605 1593 3677 1649; x_wconf 90' lang='lat' dir='ltr'><strong>ad</strong></span> <span class='ocrx_word' id='word_1_359' title='bbox 3725 1610 3823 1650; x_wconf 87' lang='lat' dir='ltr'><strong>nos</strong></span> 
     </span>
    </p>
   </div>
   <div class='ocr_carea' id='block_1_46' title="bbox 2229 1685 3822 1758">
    <p class='ocr_par' dir='ltr' id='par_1_46' title="bbox 2229 1685 3822 1758">
     <span class='ocr_line' id='line_1_46' title="bbox 2229 1685 3822 1758; baseline -0.001 -17"><span class='ocrx_word' id='word_1_360' title='bbox 2229 1687 2491 1753; x_wconf 50' lang='lat' dir='ltr'><strong>veniunt,</strong></span> <span class='ocrx_word' id='word_1_361' title='bbox 2513 1702 2622 1743; x_wconf 89' lang='lat' dir='ltr'><strong>non</strong></span> <span class='ocrx_word' id='word_1_362' title='bbox 2651 1687 3030 1753; x_wconf 86' lang='lat' dir='ltr'><strong>emendamus,</strong></span> <span class='ocrx_word' id='word_1_363' title='bbox 3081 1685 3177 1742; x_wconf 90' lang='lat' dir='ltr'><strong>sed</strong></span> <span class='ocrx_word' id='word_1_364' title='bbox 3206 1687 3388 1758; x_wconf 86' lang='lat' dir='ltr'><strong>potius</strong></span> <span class='ocrx_word' id='word_1_365' title='bbox 3430 1686 3822 1757; x_wconf 77' lang='lat' dir='ltr'><strong>approbemus.</strong></span> 
     </span>
    </p>
   </div>
   <div class='ocr_carea' id='block_1_47' title="bbox 2231 1779 3821 1853">
    <p class='ocr_par' dir='ltr' id='par_1_47' title="bbox 2231 1779 3821 1853">
     <span class='ocr_line' id='line_1_47' title="bbox 2231 1779 3821 1853; baseline 0 -16"><span class='ocrx_word' id='word_1_366' title='bbox 2231 1782 2312 1837; x_wconf 92' lang='lat' dir='ltr'><strong>Ita</strong></span> <span class='ocrx_word' id='word_1_367' title='bbox 2334 1796 2464 1853; x_wconf 89' lang='lat' dir='ltr'><strong>ergo</strong></span> <span class='ocrx_word' id='word_1_368' title='bbox 2492 1797 2596 1837; x_wconf 84' lang='lat' dir='ltr'><strong>nec</strong></span> <span class='ocrx_word' id='word_1_369' title='bbox 2621 1779 2775 1845; x_wconf 88' lang='lat' dir='ltr'><strong>foris,</strong></span> <span class='ocrx_word' id='word_1_370' title='bbox 2801 1780 2941 1836; x_wconf 86' lang='lat' dir='ltr'><strong>sicut</strong></span> <span class='ocrx_word' id='word_1_371' title='bbox 2967 1796 3069 1836; x_wconf 91' lang='lat' dir='ltr'><strong>nec</strong></span> <span class='ocrx_word' id='word_1_372' title='bbox 3109 1780 3256 1837; x_wconf 88' lang='lat' dir='ltr'><strong>intus</strong></span> <span class='ocrx_word' id='word_1_373' title='bbox 3286 1780 3597 1852; x_wconf 88' lang='lat' dir='ltr'><strong>quisquam,</strong></span> <span class='ocrx_word' id='word_1_374' title='bbox 3629 1783 3730 1852; x_wconf 91' lang='lat' dir='ltr'><strong>qui</strong></span> <span class='ocrx_word' id='word_1_375' title='bbox 3761 1797 3821 1837; x_wconf 83' lang='lat' dir='ltr'><strong>ex</strong></span> 
     </span>
    </p>
   </div>
   <div class='ocr_carea' id='block_1_48' title="bbox 2224 1874 3820 1946">
    <p class='ocr_par' dir='ltr' id='par_1_48' title="bbox 2224 1874 3820 1946">
     <span class='ocr_line' id='line_1_48' title="bbox 2224 1874 3820 1946; baseline 0 -15"><span class='ocrx_word' id='word_1_376' title='bbox 2224 1884 2375 1946; x_wconf 88' lang='lat' dir='ltr'><strong>parte</strong></span> <span class='ocrx_word' id='word_1_377' title='bbox 2402 1875 2606 1932; x_wconf 93' lang='lat' dir='ltr'><strong>diaboli</strong></span> <span class='ocrx_word' id='word_1_378' title='bbox 2639 1883 2743 1940; x_wconf 89' lang='lat' dir='ltr'><strong>est,</strong></span> <span class='ocrx_word' id='word_1_379' title='bbox 2786 1882 2974 1946; x_wconf 84' lang='lat' dir='ltr'><strong>potest</strong></span> <span class='ocrx_word' id='word_1_380' title='bbox 3016 1874 3097 1930; x_wconf 86' lang='lat' dir='ltr'><strong>vel</strong></span> <span class='ocrx_word' id='word_1_381' title='bbox 3127 1874 3183 1929; x_wconf 91' lang='lat' dir='ltr'><strong>in</strong></span> <span class='ocrx_word' id='word_1_382' title='bbox 3220 1889 3300 1941; x_wconf 89' lang='lat' dir='ltr'><strong>se,</strong></span> <span class='ocrx_word' id='word_1_383' title='bbox 3344 1874 3426 1928; x_wconf 91' lang='lat' dir='ltr'><strong>vel</strong></span> <span class='ocrx_word' id='word_1_384' title='bbox 3455 1874 3509 1929; x_wconf 91' lang='lat' dir='ltr'><strong>in</strong></span> <span class='ocrx_word' id='word_1_385' title='bbox 3537 1890 3820 1946; x_wconf 88' lang='lat' dir='ltr'><strong>quoquam</strong></span> 
     </span>
    </p>
   </div>
   <div class='ocr_carea' id='block_1_49' title="bbox 2225 1966 3822 2038">
    <p class='ocr_par' dir='ltr' id='par_1_49' title="bbox 2225 1966 3822 2038">
     <span class='ocr_line' id='line_1_49' title="bbox 2225 1966 3822 2038; baseline 0 -14"><span class='ocrx_word' id='word_1_386' title='bbox 2225 1969 2510 2025; x_wconf 89' lang='lat' dir='ltr'><strong>maculare</strong></span> <span class='ocrx_word' id='word_1_387' title='bbox 2530 1978 2964 2035; x_wconf 85' lang='lat' dir='ltr'><strong>sacramentum,</strong></span> <span class='ocrx_word' id='word_1_388' title='bbox 2997 1967 3148 2038; x_wconf 92' lang='lat' dir='ltr'><strong>quod</strong></span> <span class='ocrx_word' id='word_1_389' title='bbox 3202 1966 3403 2023; x_wconf 89' lang='lat' dir='ltr'><strong>Christi</strong></span> <span class='ocrx_word' id='word_1_390' title='bbox 3435 1975 3539 2023; x_wconf 87' lang='lat' dir='ltr'><strong>est.</strong></span> <span class='ocrx_word' id='word_1_391' title='bbox 3564 1989 3594 2016; x_wconf 73' lang='grc' dir='ltr'><strong>ο</strong></span> <span class='ocrx_word' id='word_1_392' title='bbox 3628 1969 3822 2025; x_wconf 86' lang='lat' dir='ltr'><strong>Hiero-</strong></span> 
     </span>
    </p>
   </div>
   <div class='ocr_carea' id='block_1_50' title="bbox 2224 2060 3822 2136">
    <p class='ocr_par' dir='ltr' id='par_1_50' title="bbox 2224 2060 3822 2136">
     <span class='ocr_line' id='line_1_50' title="bbox 2224 2060 3822 2136; baseline 0.001 -19"><span class='ocrx_word' id='word_1_393' title='bbox 2224 2078 2423 2136; x_wconf 87' lang='lat' dir='ltr'><strong>nymus</strong></span> <span class='ocrx_word' id='word_1_394' title='bbox 2464 2062 2533 2118; x_wconf 87' lang='lat' dir='ltr'><strong>ad</strong></span> <span class='ocrx_word' id='word_1_395' title='bbox 2561 2062 3022 2118; x_wconf 88' lang='lat' dir='ltr'><strong>Lueiferianum:</strong></span> <span class='ocrx_word' id='word_1_396' title='bbox 3075 2083 3097 2109; x_wconf 76' lang='grc' dir='ltr'><strong>ε</strong></span> <span class='ocrx_word' id='word_1_397' title='bbox 3136 2061 3287 2118; x_wconf 88' lang='lat' dir='ltr'><strong>Sicut</strong></span> <span class='ocrx_word' id='word_1_398' title='bbox 3330 2060 3417 2117; x_wconf 92' lang='lat' dir='ltr'><strong>hic</strong></span> <span class='ocrx_word' id='word_1_399' title='bbox 3446 2070 3529 2116; x_wconf 89' lang='lat' dir='ltr'><strong>est</strong></span> <span class='ocrx_word' id='word_1_400' title='bbox 3574 2064 3673 2133; x_wconf 88' lang='lat' dir='ltr'><strong>qui</strong></span> <span class='ocrx_word' id='word_1_401' title='bbox 3722 2064 3822 2120; x_wconf 90' lang='lat' dir='ltr'><strong>ba-</strong></span> 
     </span>
    </p>
   </div>
   <div class='ocr_carea' id='block_1_51' title="bbox 2226 2154 3820 2235">
    <p class='ocr_par' dir='ltr' id='par_1_51' title="bbox 2226 2154 3820 2235">
     <span class='ocr_line' id='line_1_51' title="bbox 2226 2154 3820 2235; baseline 0.001 -25"><span class='ocrx_word' id='word_1_402' title='bbox 2226 2157 2416 2227; x_wconf 89' lang='lat' dir='ltr'><strong>ptizat,</strong></span> <span class='ocrx_word' id='word_1_403' title='bbox 2448 2156 2506 2212; x_wconf 91' lang='lat' dir='ltr'><strong>id</strong></span> <span class='ocrx_word' id='word_1_404' title='bbox 2546 2164 2629 2211; x_wconf 91' lang='lat' dir='ltr'><strong>est</strong></span> <span class='ocrx_word' id='word_1_405' title='bbox 2656 2154 2919 2223; x_wconf 84' lang='lat' dir='ltr'><strong>Christus,</strong></span> <span class='ocrx_word' id='word_1_406' title='bbox 2965 2154 3040 2210; x_wconf 91' lang='lat' dir='ltr'><strong>ita</strong></span> <span class='ocrx_word' id='word_1_407' title='bbox 3063 2154 3271 2235; x_wconf 85' lang='lat' dir='ltr'><strong>hie_est</strong></span> <span class='ocrx_word' id='word_1_408' title='bbox 3311 2154 3403 2226; x_wconf 93' lang='lat' dir='ltr'><strong>qui</strong></span> <span class='ocrx_word' id='word_1_409' title='bbox 3431 2156 3761 2212; x_wconf 83' lang='lat' dir='ltr'><strong>sanctiﬁcat.</strong></span> <span class='ocrx_word' id='word_1_410' title='bbox 3798 2182 3820 2204; x_wconf 77' lang='grc' dir='ltr'><strong>ν</strong></span> 
     </span>
    </p>
   </div>
   <div class='ocr_carea' id='block_1_52' title="bbox 2224 2247 3823 2321">
    <p class='ocr_par' dir='ltr' id='par_1_52' title="bbox 2224 2247 3823 2321">
     <span class='ocr_line' id='line_1_52' title="bbox 2224 2247 3823 2321; baseline 0.001 -17"><span class='ocrx_word' id='word_1_411' title='bbox 2224 2250 2376 2305; x_wconf 88' lang='lat' dir='ltr'><strong>Idem</strong></span> <span class='ocrx_word' id='word_1_412' title='bbox 2400 2268 2416 2303; x_wconf 92' lang='lat'><strong><em>:</em></strong></span> <span class='ocrx_word' id='word_1_413' title='bbox 2447 2271 2471 2297; x_wconf 76' lang='grc' dir='ltr'><strong>α</strong></span> <span class='ocrx_word' id='word_1_414' title='bbox 2500 2250 2634 2316; x_wconf 88' lang='lat' dir='ltr'><strong>Oro,</strong></span> <span class='ocrx_word' id='word_1_415' title='bbox 2668 2248 2863 2321; x_wconf 83' lang='lat' dir='ltr'><strong>inquit,</strong></span> <span class='ocrx_word' id='word_1_416' title='bbox 2891 2258 2946 2304; x_wconf 91' lang='lat' dir='ltr'><strong>te</strong></span> <span class='ocrx_word' id='word_1_417' title='bbox 2970 2256 3034 2304; x_wconf 90' lang='lat' dir='ltr'><strong>ut</strong></span> <span class='ocrx_word' id='word_1_418' title='bbox 3060 2256 3155 2303; x_wconf 90' lang='lat' dir='ltr'><strong>aut</strong></span> <span class='ocrx_word' id='word_1_419' title='bbox 3183 2247 3522 2304; x_wconf 85' lang='lat' dir='ltr'><strong>sacriﬁcandi</strong></span> <span class='ocrx_word' id='word_1_420' title='bbox 3543 2250 3823 2305; x_wconf 86' lang='lat' dir='ltr'><strong>licentiam</strong></span> 
     </span>
    </p>
   </div>
   <div class='ocr_carea' id='block_1_53' title="bbox 2224 2342 3823 2416">
    <p class='ocr_par' dir='ltr' id='par_1_53' title="bbox 2224 2342 3823 2416">
     <span class='ocr_line' id='line_1_53' title="bbox 2224 2342 3823 2416; baseline 0.001 -18"><span class='ocrx_word' id='word_1_421' title='bbox 2224 2344 2270 2398; x_wconf 91' lang='lat' dir='ltr'><strong>ei</strong></span> <span class='ocrx_word' id='word_1_422' title='bbox 2298 2344 2507 2399; x_wconf 90' lang='lat' dir='ltr'><strong>tribuas</strong></span> <span class='ocrx_word' id='word_1_423' title='bbox 2534 2342 2687 2415; x_wconf 86' lang='lat' dir='ltr'><strong>cujus</strong></span> <span class='ocrx_word' id='word_1_424' title='bbox 2715 2342 2982 2414; x_wconf 90' lang='lat' dir='ltr'><strong>baptisma</strong></span> <span class='ocrx_word' id='word_1_425' title='bbox 3010 2343 3245 2409; x_wconf 87' lang='lat' dir='ltr'><strong>probas;</strong></span> <span class='ocrx_word' id='word_1_426' title='bbox 3278 2349 3372 2398; x_wconf 90' lang='lat' dir='ltr'><strong>aut</strong></span> <span class='ocrx_word' id='word_1_427' title='bbox 3418 2343 3677 2413; x_wconf 89' lang='lat' dir='ltr'><strong>reprobes</strong></span> <span class='ocrx_word' id='word_1_428' title='bbox 3705 2346 3823 2416; x_wconf 87' lang='lat' dir='ltr'><strong>ejus</strong></span> 
     </span>
    </p>
   </div>
   <div class='ocr_carea' id='block_1_54' title="bbox 2223 2434 3824 2510">
    <p class='ocr_par' dir='ltr' id='par_1_54' title="bbox 2223 2434 3824 2510">
     <span class='ocr_line' id='line_1_54' title="bbox 2223 2434 3824 2510; baseline 0.001 -17"><span class='ocrx_word' id='word_1_429' title='bbox 2223 2438 2496 2509; x_wconf 84' lang='lat' dir='ltr'><strong>baptisma</strong></span> <span class='ocrx_word' id='word_1_430' title='bbox 2520 2452 2685 2508; x_wconf 87' lang='lat' dir='ltr'><strong>quem</strong></span> <span class='ocrx_word' id='word_1_431' title='bbox 2712 2452 2827 2493; x_wconf 89' lang='lat' dir='ltr'><strong>non</strong></span> <span class='ocrx_word' id='word_1_432' title='bbox 2856 2444 3016 2509; x_wconf 88' lang='lat' dir='ltr'><strong>putas</strong></span> <span class='ocrx_word' id='word_1_433' title='bbox 3042 2434 3403 2492; x_wconf 87' lang='lat' dir='ltr'><strong>sacerdotem.</strong></span> <span class='ocrx_word' id='word_1_434' title='bbox 3435 2437 3627 2507; x_wconf 88' lang='lat' dir='ltr'><strong>Neque</strong></span> <span class='ocrx_word' id='word_1_435' title='bbox 3654 2438 3824 2510; x_wconf 84' lang='lat' dir='ltr'><strong>igitur</strong></span> 
     </span>
    </p>
   </div>
   <div class='ocr_carea' id='block_1_55' title="bbox 2223 2531 3824 2617">
    <p class='ocr_par' dir='ltr' id='par_1_55' title="bbox 2223 2531 3824 2617">
     <span class='ocr_line' id='line_1_55' title="bbox 2223 2531 3824 2617; baseline 0.001 -29"><span class='ocrx_word' id='word_1_436' title='bbox 2223 2532 2341 2588; x_wconf 91' lang='lat' dir='ltr'><strong>ﬁeri</strong></span> <span class='ocrx_word' id='word_1_437' title='bbox 2373 2540 2558 2604; x_wconf 89' lang='lat' dir='ltr'><strong>potest</strong></span> <span class='ocrx_word' id='word_1_438' title='bbox 2599 2540 2660 2587; x_wconf 90' lang='lat' dir='ltr'><strong>ut</strong></span> <span class='ocrx_word' id='word_1_439' title='bbox 2687 2533 2781 2603; x_wconf 88' lang='lat' dir='ltr'><strong>qui</strong></span> <span class='ocrx_word' id='word_1_440' title='bbox 2826 2531 2882 2587; x_wconf 91' lang='lat' dir='ltr'><strong>in</strong></span> <span class='ocrx_word' id='word_1_441' title='bbox 2935 2532 3263 2603; x_wconf 89' lang='lat' dir='ltr'><strong>baptisterio</strong></span> <span class='ocrx_word' id='word_1_442' title='bbox 3310 2540 3531 2589; x_wconf 91' lang='lat' dir='ltr'><strong>sanctus</strong></span> <span class='ocrx_word' id='word_1_443' title='bbox 3580 2541 3683 2600; x_wconf 85' lang='lat' dir='ltr'><strong>est,</strong></span> <span class='ocrx_word' id='word_1_444' title='bbox 3750 2537 3824 2617; x_wconf 70' lang='lat' dir='ltr'><strong>sit</strong></span> 
     </span>
    </p>
   </div>
   <div class='ocr_carea' id='block_1_56' title="bbox 2223 2626 3812 2699">
    <p class='ocr_par' dir='ltr' id='par_1_56' title="bbox 2223 2626 3812 2699">
     <span class='ocr_line' id='line_1_56' title="bbox 2223 2626 3812 2699; baseline 0.001 -17"><span class='ocrx_word' id='word_1_445' title='bbox 2223 2626 2366 2699; x_wconf 91' lang='lat' dir='ltr'><strong>apud</strong></span> <span class='ocrx_word' id='word_1_446' title='bbox 2407 2628 2576 2683; x_wconf 87' lang='lat' dir='ltr'><strong>altare</strong></span> <span class='ocrx_word' id='word_1_447' title='bbox 2618 2635 2889 2698; x_wconf 90' lang='lat' dir='ltr'><strong>peccator.</strong></span> <span class='ocrx_word' id='word_1_448' title='bbox 2942 2650 2967 2677; x_wconf 69' lang='grc' dir='ltr'><strong>υ</strong></span> <span class='ocrx_word' id='word_1_449' title='bbox 3013 2629 3159 2698; x_wconf 89' lang='lat' dir='ltr'><strong>Papa</strong></span> <span class='ocrx_word' id='word_1_450' title='bbox 3206 2642 3425 2698; x_wconf 89' lang='lat' dir='ltr'><strong>quoque</strong></span> <span class='ocrx_word' id='word_1_451' title='bbox 3465 2627 3812 2695; x_wconf 79' lang='lat' dir='ltr'><strong>Anastasius,</strong></span> 
     </span>
    </p>
   </div>
   <div class='ocr_carea' id='block_1_57' title="bbox 2222 2720 3826 2793">
    <p class='ocr_par' dir='ltr' id='par_1_57' title="bbox 2222 2720 3826 2793">
     <span class='ocr_line' id='line_1_57' title="bbox 2222 2720 3826 2793; baseline 0.001 -16"><span class='ocrx_word' id='word_1_452' title='bbox 2222 2720 2465 2777; x_wconf 90' lang='lat' dir='ltr'><strong>scribens</strong></span> <span class='ocrx_word' id='word_1_453' title='bbox 2490 2720 2559 2777; x_wconf 89' lang='lat' dir='ltr'><strong>ad</strong></span> <span class='ocrx_word' id='word_1_454' title='bbox 2586 2721 2940 2777; x_wconf 88' lang='lat' dir='ltr'><strong>Anastasium</strong></span> <span class='ocrx_word' id='word_1_455' title='bbox 2961 2721 3377 2793; x_wconf 89' lang='lat' dir='ltr'><strong>imperatorem,</strong></span> <span class='ocrx_word' id='word_1_456' title='bbox 3407 2721 3601 2776; x_wconf 86' lang='lat' dir='ltr'><strong>asserit</strong></span> <span class='ocrx_word' id='word_1_457' title='bbox 3626 2736 3826 2778; x_wconf 87' lang='lat' dir='ltr'><strong>omnes</strong></span> 
     </span>
    </p>
   </div>
   <div class='ocr_carea' id='block_1_58' title="bbox 2224 2814 3826 2887">
    <p class='ocr_par' dir='ltr' id='par_1_58' title="bbox 2224 2814 3826 2887">
     <span class='ocr_line' id='line_1_58' title="bbox 2224 2814 3826 2887; baseline 0.002 -17"><span class='ocrx_word' id='word_1_458' title='bbox 2224 2830 2363 2886; x_wconf 90' lang='lat' dir='ltr'><strong>quos</strong></span> <span class='ocrx_word' id='word_1_459' title='bbox 2382 2814 2651 2873; x_wconf 85' lang='lat' dir='ltr'><strong>ordinavit</strong></span> <span class='ocrx_word' id='word_1_460' title='bbox 2678 2817 2933 2884; x_wconf 89' lang='lat' dir='ltr'><strong>Aeacius,</strong></span> <span class='ocrx_word' id='word_1_461' title='bbox 2958 2816 3086 2872; x_wconf 88' lang='lat' dir='ltr'><strong>licet</strong></span> <span class='ocrx_word' id='word_1_462' title='bbox 3108 2831 3139 2871; x_wconf 91' lang='lat' dir='ltr'><strong>a</strong></span> <span class='ocrx_word' id='word_1_463' title='bbox 3159 2818 3224 2871; x_wconf 92' lang='lat' dir='ltr'><strong>B.</strong></span> <span class='ocrx_word' id='word_1_464' title='bbox 3248 2816 3423 2872; x_wconf 85' lang='lat' dir='ltr'><strong>Felice</strong></span> <span class='ocrx_word' id='word_1_465' title='bbox 3443 2832 3573 2887; x_wconf 83' lang='lat' dir='ltr'><strong>papa</strong></span> <span class='ocrx_word' id='word_1_466' title='bbox 3606 2832 3826 2873; x_wconf 81' lang='lat' dir='ltr'><strong>excom-</strong></span> 
     </span>
    </p>
   </div>
   <div class='ocr_carea' id='block_1_59' title="bbox 2222 2908 3824 2980">
    <p class='ocr_par' dir='ltr' id='par_1_59' title="bbox 2222 2908 3824 2980">
     <span class='ocr_line' id='line_1_59' title="bbox 2222 2908 3824 2980; baseline 0.001 -17"><span class='ocrx_word' id='word_1_467' title='bbox 2222 2910 2537 2965; x_wconf 90' lang='lat' dir='ltr'><strong>municatus</strong></span> <span class='ocrx_word' id='word_1_468' title='bbox 2575 2916 2627 2965; x_wconf 92' lang='lat' dir='ltr'><strong>et</strong></span> <span class='ocrx_word' id='word_1_469' title='bbox 2663 2908 2919 2965; x_wconf 71' lang='lat' dir='ltr'><strong>haaretiea</strong></span> <span class='ocrx_word' id='word_1_470' title='bbox 2951 2908 3213 2980; x_wconf 90' lang='lat' dir='ltr'><strong>pravitate</strong></span> <span class='ocrx_word' id='word_1_471' title='bbox 3243 2909 3495 2973; x_wconf 82' lang='lat' dir='ltr'><strong>infectus,</strong></span> <span class='ocrx_word' id='word_1_472' title='bbox 3534 2909 3746 2966; x_wconf 86' lang='lat' dir='ltr'><strong>debere</strong></span> <span class='ocrx_word' id='word_1_473' title='bbox 3773 2910 3824 2965; x_wconf 91' lang='lat' dir='ltr'><strong>in</strong></span> 
     </span>
    </p>
   </div>
   <div class='ocr_carea' id='block_1_60' title="bbox 2221 3000 3824 3073">
    <p class='ocr_par' dir='ltr' id='par_1_60' title="bbox 2221 3000 3824 3073">
     <span class='ocr_line' id='line_1_60' title="bbox 2221 3000 3824 3073; baseline 0 -16"><span class='ocrx_word' id='word_1_474' title='bbox 2221 3002 2338 3057; x_wconf 93' lang='lat' dir='ltr'><strong>suis</strong></span> <span class='ocrx_word' id='word_1_475' title='bbox 2376 3000 2660 3058; x_wconf 87' lang='lat' dir='ltr'><strong>ordinibus</strong></span> <span class='ocrx_word' id='word_1_476' title='bbox 2698 3003 2903 3073; x_wconf 91' lang='lat' dir='ltr'><strong>absque</strong></span> <span class='ocrx_word' id='word_1_477' title='bbox 2943 3003 3095 3058; x_wconf 90' lang='lat' dir='ltr'><strong>omni</strong></span> <span class='ocrx_word' id='word_1_478' title='bbox 3144 3001 3556 3057; x_wconf 89' lang='lat' dir='ltr'><strong>reordinatione</strong></span> <span class='ocrx_word' id='word_1_479' title='bbox 3599 3018 3824 3073; x_wconf 88' lang='lat' dir='ltr'><strong>perma-</strong></span> 
     </span>
    </p>
   </div>
   <div class='ocr_carea' id='block_1_61' title="bbox 516 3095 3824 3170">
    <p class='ocr_par' dir='ltr' id='par_1_61' title="bbox 516 3095 3824 3170">
     <span class='ocr_line' id='line_1_61' title="bbox 516 3095 3824 3170; baseline -0.002 -13"><span class='ocrx_word' id='word_1_480' title='bbox 516 3101 835 3159; x_wconf 89' lang='lat' dir='ltr'><strong>immundos</strong></span> <span class='ocrx_word' id='word_1_481' title='bbox 858 3107 1098 3155; x_wconf 90' lang='lat' dir='ltr'><strong>transeat</strong></span> <span class='ocrx_word' id='word_1_482' title='bbox 1134 3113 1248 3154; x_wconf 91' lang='lat' dir='ltr'><strong>non</strong></span> <span class='ocrx_word' id='word_1_483' title='bbox 1294 3096 1630 3167; x_wconf 88' lang='lat' dir='ltr'><strong>inquinatur.</strong></span> <span class='ocrx_word' id='word_1_484' title='bbox 1679 3098 1830 3165; x_wconf 90' lang='lat' dir='ltr'><strong>Quos</strong></span> <span class='ocrx_word' id='word_1_485' title='bbox 1871 3095 2117 3167; x_wconf 86' lang='lat' dir='ltr'><strong>baptizat</strong></span> <span class='ocrx_word' id='word_1_486' title='bbox 2144 3106 2189 3170; x_wconf 67' lang='lat'><strong>(3</strong></span> <span class='ocrx_word' id='word_1_487' title='bbox 2222 3110 2378 3163; x_wconf 91' lang='lat' dir='ltr'><strong>nere,</strong></span> <span class='ocrx_word' id='word_1_488' title='bbox 2416 3096 2494 3151; x_wconf 88' lang='lat' dir='ltr'><strong>sic</strong></span> <span class='ocrx_word' id='word_1_489' title='bbox 2540 3095 2680 3151; x_wconf 91' lang='lat' dir='ltr'><strong>inter</strong></span> <span class='ocrx_word' id='word_1_490' title='bbox 2736 3104 2936 3152; x_wconf 61' lang='lat' dir='ltr'><strong>caetera</strong></span> <span class='ocrx_word' id='word_1_491' title='bbox 2972 3096 3158 3151; x_wconf 91' lang='lat' dir='ltr'><strong>dicens</strong></span> <span class='ocrx_word' id='word_1_492' title='bbox 3196 3114 3208 3149; x_wconf 88' lang='lat'><strong>:</strong></span> <span class='ocrx_word' id='word_1_493' title='bbox 3258 3116 3283 3143; x_wconf 82' lang='lat'><strong>«</strong></span> <span class='ocrx_word' id='word_1_494' title='bbox 3331 3096 3564 3151; x_wconf 91' lang='lat' dir='ltr'><strong>Aeacius</strong></span> <span class='ocrx_word' id='word_1_495' title='bbox 3609 3095 3824 3153; x_wconf 87' lang='lat' dir='ltr'><strong>bonum</strong></span> 
     </span>
    </p>
   </div>
   <div class='ocr_carea' id='block_1_62' title="bbox 517 3188 2107 3265">
    <p class='ocr_par' dir='ltr' id='par_1_62' title="bbox 517 3188 2107 3265">
     <span class='ocr_line' id='line_1_62' title="bbox 517 3188 2107 3265; baseline -0.007 -12"><span class='ocrx_word' id='word_1_496' title='bbox 517 3196 786 3263; x_wconf 88' lang='lat' dir='ltr'><strong>ebriosus,</strong></span> <span class='ocrx_word' id='word_1_497' title='bbox 833 3209 972 3265; x_wconf 89' lang='lat' dir='ltr'><strong>quos</strong></span> <span class='ocrx_word' id='word_1_498' title='bbox 1000 3192 1244 3263; x_wconf 83' lang='lat' dir='ltr'><strong>baptizat</strong></span> <span class='ocrx_word' id='word_1_499' title='bbox 1298 3188 1595 3254; x_wconf 85' lang='lat' dir='ltr'><strong>homicida,</strong></span> <span class='ocrx_word' id='word_1_500' title='bbox 1667 3204 1806 3260; x_wconf 90' lang='lat' dir='ltr'><strong>quos</strong></span> <span class='ocrx_word' id='word_1_501' title='bbox 1862 3188 2107 3260; x_wconf 85' lang='lat' dir='ltr'><strong>baptizat</strong></span> 
     </span>
    </p>
   </div>
   <div class='ocr_carea' id='block_1_63' title="bbox 518 3281 2108 3357">
    <p class='ocr_par' dir='ltr' id='par_1_63' title="bbox 518 3281 2108 3357">
     <span class='ocr_line' id='line_1_63' title="bbox 518 3281 2108 3357; baseline -0.006 -11"><span class='ocrx_word' id='word_1_502' title='bbox 518 3289 754 3355; x_wconf 88' lang='lat' dir='ltr'><strong>adulter,</strong></span> <span class='ocrx_word' id='word_1_503' title='bbox 784 3286 1037 3343; x_wconf 88' lang='lat' dir='ltr'><strong>Christus</strong></span> <span class='ocrx_word' id='word_1_504' title='bbox 1082 3284 1198 3357; x_wconf 88' lang='lat' dir='ltr'><strong>ipse</strong></span> <span class='ocrx_word' id='word_1_505' title='bbox 1223 3284 1477 3355; x_wconf 88' lang='lat' dir='ltr'><strong>baptizat.</strong></span> <span class='ocrx_word' id='word_1_506' title='bbox 1512 3303 1539 3333; x_wconf 72' lang='grc' dir='ltr'><strong>η</strong></span> <span class='ocrx_word' id='word_1_507' title='bbox 1590 3282 1744 3339; x_wconf 90' lang='lat' dir='ltr'><strong>Idem</strong></span> <span class='ocrx_word' id='word_1_508' title='bbox 1770 3281 1841 3339; x_wconf 86' lang='lat' dir='ltr'><strong>ad</strong></span> <span class='ocrx_word' id='word_1_509' title='bbox 1871 3282 2108 3338; x_wconf 86' lang='lat' dir='ltr'><strong>Vincen-</strong></span> 
     </span>
    </p>
   </div>
   <div class='ocr_carea' id='block_1_64' title="bbox 520 3375 2111 3439">
    <p class='ocr_par' dir='ltr' id='par_1_64' title="bbox 520 3375 2111 3439">
     <span class='ocr_line' id='line_1_64' title="bbox 520 3375 2111 3439; baseline -0.006 0"><span class='ocrx_word' id='word_1_510' title='bbox 520 3384 655 3439; x_wconf 92' lang='lat' dir='ltr'><strong>tiam</strong></span> <span class='ocrx_word' id='word_1_511' title='bbox 701 3380 1047 3438; x_wconf 89' lang='lat' dir='ltr'><strong>Donatistam</strong></span> <span class='ocrx_word' id='word_1_512' title='bbox 1076 3396 1091 3434; x_wconf 89' lang='lat'><strong>:</strong></span> <span class='ocrx_word' id='word_1_513' title='bbox 1122 3399 1149 3428; x_wconf 76' lang='grc' dir='ltr'>α</span> <span class='ocrx_word' id='word_1_514' title='bbox 1179 3380 1308 3434; x_wconf 86' lang='grc' dir='ltr'><strong>Νοιι</strong></span> <span class='ocrx_word' id='word_1_515' title='bbox 1333 3385 1676 3433; x_wconf 87' lang='lat' dir='ltr'><strong>sacramenta</strong></span> <span class='ocrx_word' id='word_1_516' title='bbox 1702 3376 2013 3433; x_wconf 87' lang='lat' dir='ltr'><strong>Christiana</strong></span> <span class='ocrx_word' id='word_1_517' title='bbox 2037 3375 2111 3430; x_wconf 85' lang='lat' dir='ltr'><strong>fa-</strong></span> 
     </span>
    </p>
   </div>
   <div class='ocr_carea' id='block_1_65' title="bbox 518 3470 2107 3543">
    <p class='ocr_par' dir='ltr' id='par_1_65' title="bbox 518 3470 2107 3543">
     <span class='ocr_line' id='line_1_65' title="bbox 518 3470 2107 3543; baseline -0.006 -10"><span class='ocrx_word' id='word_1_518' title='bbox 518 3477 672 3533; x_wconf 89' lang='lat' dir='ltr'><strong>ciunt</strong></span> <span class='ocrx_word' id='word_1_519' title='bbox 697 3484 753 3532; x_wconf 88' lang='lat' dir='ltr'><strong>te</strong></span> <span class='ocrx_word' id='word_1_520' title='bbox 781 3475 1124 3542; x_wconf 80' lang='lat' dir='ltr'><strong>haereticum,</strong></span> <span class='ocrx_word' id='word_1_521' title='bbox 1154 3471 1253 3528; x_wconf 90' lang='lat' dir='ltr'><strong>sed</strong></span> <span class='ocrx_word' id='word_1_522' title='bbox 1278 3482 1443 3543; x_wconf 89' lang='lat' dir='ltr'><strong>prava</strong></span> <span class='ocrx_word' id='word_1_523' title='bbox 1476 3470 1768 3529; x_wconf 88' lang='lat' dir='ltr'><strong>dissensio.</strong></span> <span class='ocrx_word' id='word_1_524' title='bbox 1822 3471 1946 3526; x_wconf 85' lang='lat' dir='ltr'><strong>Non</strong></span> <span class='ocrx_word' id='word_1_525' title='bbox 1979 3485 2107 3542; x_wconf 86' lang='lat' dir='ltr'><strong>pro-</strong></span> 
     </span>
    </p>
   </div>
   <div class='ocr_carea' id='block_1_66' title="bbox 518 3563 2110 3641">
    <p class='ocr_par' dir='ltr' id='par_1_66' title="bbox 518 3563 2110 3641">
     <span class='ocr_line' id='line_1_66' title="bbox 518 3563 2110 3641; baseline -0.006 -15"><span class='ocrx_word' id='word_1_526' title='bbox 518 3578 639 3641; x_wconf 89' lang='lat' dir='ltr'><strong>pter</strong></span> <span class='ocrx_word' id='word_1_527' title='bbox 682 3570 889 3624; x_wconf 91' lang='lat' dir='ltr'><strong>malum</strong></span> <span class='ocrx_word' id='word_1_528' title='bbox 933 3567 1079 3640; x_wconf 91' lang='lat' dir='ltr'><strong>quod</strong></span> <span class='ocrx_word' id='word_1_529' title='bbox 1130 3564 1390 3637; x_wconf 89' lang='lat' dir='ltr'><strong>processit</strong></span> <span class='ocrx_word' id='word_1_530' title='bbox 1430 3581 1460 3619; x_wconf 90' lang='lat' dir='ltr'><strong>a</strong></span> <span class='ocrx_word' id='word_1_531' title='bbox 1521 3573 1597 3633; x_wconf 88' lang='lat' dir='ltr'><strong>te,</strong></span> <span class='ocrx_word' id='word_1_532' title='bbox 1666 3563 1982 3636; x_wconf 86' lang='lat' dir='ltr'><strong>negandum</strong></span> <span class='ocrx_word' id='word_1_533' title='bbox 2028 3570 2110 3618; x_wconf 89' lang='lat' dir='ltr'><strong>est</strong></span> 
     </span>
    </p>
   </div>
   <div class='ocr_carea' id='block_1_67' title="bbox 517 3656 2106 3732">
    <p class='ocr_par' dir='ltr' id='par_1_67' title="bbox 517 3656 2106 3732">
     <span class='ocr_line' id='line_1_67' title="bbox 517 3656 2106 3732; baseline -0.004 -12"><span class='ocrx_word' id='word_1_534' title='bbox 517 3662 728 3720; x_wconf 91' lang='lat' dir='ltr'><strong>bonum</strong></span> <span class='ocrx_word' id='word_1_535' title='bbox 751 3661 902 3732; x_wconf 90' lang='lat' dir='ltr'><strong>quod</strong></span> <span class='ocrx_word' id='word_1_536' title='bbox 931 3660 1197 3716; x_wconf 78' lang='lat' dir='ltr'><strong>remansit</strong></span> <span class='ocrx_word' id='word_1_537' title='bbox 1220 3660 1274 3713; x_wconf 92' lang='lat' dir='ltr'><strong>in</strong></span> <span class='ocrx_word' id='word_1_538' title='bbox 1304 3668 1360 3713; x_wconf 90' lang='lat' dir='ltr'><strong>te</strong></span> <span class='ocrx_word' id='word_1_539' title='bbox 1383 3677 1399 3725; x_wconf 86' lang='lat'><strong>;</strong></span> <span class='ocrx_word' id='word_1_540' title='bbox 1422 3657 1567 3729; x_wconf 88' lang='lat' dir='ltr'><strong>quod</strong></span> <span class='ocrx_word' id='word_1_541' title='bbox 1599 3658 1746 3714; x_wconf 90' lang='lat' dir='ltr'><strong>malo</strong></span> <span class='ocrx_word' id='word_1_542' title='bbox 1772 3665 1872 3714; x_wconf 92' lang='lat' dir='ltr'><strong>tuo</strong></span> <span class='ocrx_word' id='word_1_543' title='bbox 1920 3656 2106 3723; x_wconf 86' lang='lat' dir='ltr'><strong>habes,</strong></span> 
     </span>
    </p>
   </div>
   <div class='ocr_carea' id='block_1_68' title="bbox 520 3750 2109 3821">
    <p class='ocr_par' dir='ltr' id='par_1_68' title="bbox 520 3750 2109 3821">
     <span class='ocr_line' id='line_1_68' title="bbox 520 3750 2109 3821; baseline -0.004 -11"><span class='ocrx_word' id='word_1_544' title='bbox 520 3755 563 3810; x_wconf 89' lang='lat' dir='ltr'><strong>si</strong></span> <span class='ocrx_word' id='word_1_545' title='bbox 598 3754 674 3810; x_wconf 94' lang='lat' dir='ltr'><strong>ibi</strong></span> <span class='ocrx_word' id='word_1_546' title='bbox 706 3769 820 3809; x_wconf 91' lang='lat' dir='ltr'><strong>non</strong></span> <span class='ocrx_word' id='word_1_547' title='bbox 862 3752 1034 3808; x_wconf 84' lang='lat' dir='ltr'><strong>habes</strong></span> <span class='ocrx_word' id='word_1_548' title='bbox 1059 3752 1205 3808; x_wconf 80' lang='lat' dir='ltr'><strong>unde</strong></span> <span class='ocrx_word' id='word_1_549' title='bbox 1235 3759 1321 3807; x_wconf 88' lang='lat' dir='ltr'><strong>est</strong></span> <span class='ocrx_word' id='word_1_550' title='bbox 1366 3750 1580 3806; x_wconf 92' lang='lat' dir='ltr'><strong>bonum</strong></span> <span class='ocrx_word' id='word_1_551' title='bbox 1622 3751 1772 3821; x_wconf 91' lang='lat' dir='ltr'><strong>quod</strong></span> <span class='ocrx_word' id='word_1_552' title='bbox 1810 3751 1996 3807; x_wconf 88' lang='lat' dir='ltr'><strong>habes.</strong></span> <span class='ocrx_word' id='word_1_553' title='bbox 2027 3754 2109 3806; x_wconf 82' lang='lat' dir='ltr'><strong>Ex</strong></span> 
     </span>
    </p>
   </div>
   <div class='ocr_carea' id='block_1_69' title="bbox 518 3843 2111 3917">
    <p class='ocr_par' dir='ltr' id='par_1_69' title="bbox 518 3843 2111 3917">
     <span class='ocr_line' id='line_1_69' title="bbox 518 3843 2111 3917; baseline -0.003 -14"><span class='ocrx_word' id='word_1_554' title='bbox 518 3846 783 3903; x_wconf 88' lang='lat' dir='ltr'><strong>catholica</strong></span> <span class='ocrx_word' id='word_1_555' title='bbox 804 3846 985 3917; x_wconf 89' lang='lat' dir='ltr'><strong>itaque</strong></span> <span class='ocrx_word' id='word_1_556' title='bbox 1012 3844 1254 3900; x_wconf 87' lang='lat' dir='ltr'><strong>Ecclesia</strong></span> <span class='ocrx_word' id='word_1_557' title='bbox 1283 3844 1394 3899; x_wconf 89' lang='lat' dir='ltr'><strong>sint</strong></span> <span class='ocrx_word' id='word_1_558' title='bbox 1420 3843 1609 3899; x_wconf 91' lang='lat' dir='ltr'><strong>omnia</strong></span> <span class='ocrx_word' id='word_1_559' title='bbox 1633 3851 1976 3899; x_wconf 87' lang='lat' dir='ltr'><strong>sacramenta</strong></span> <span class='ocrx_word' id='word_1_560' title='bbox 2000 3847 2111 3899; x_wconf 94' lang='lat' dir='ltr'><strong>Do-</strong></span> 
     </span>
    </p>
   </div>
   <div class='ocr_carea' id='block_1_70' title="bbox 521 3935 2109 4010">
    <p class='ocr_par' dir='ltr' id='par_1_70' title="bbox 521 3935 2109 4010">
     <span class='ocr_line' id='line_1_70' title="bbox 521 3935 2109 4010; baseline -0.003 -14"><span class='ocrx_word' id='word_1_561' title='bbox 521 3941 743 4007; x_wconf 92' lang='lat' dir='ltr'><strong>miniea,</strong></span> <span class='ocrx_word' id='word_1_562' title='bbox 773 3954 895 4010; x_wconf 62' lang='lat' dir='ltr'><strong>quae</strong></span> <span class='ocrx_word' id='word_1_563' title='bbox 938 3938 1082 3993; x_wconf 80' lang='lat' dir='ltr'><strong>sicut</strong></span> <span class='ocrx_word' id='word_1_564' title='bbox 1104 3936 1318 3992; x_wconf 86' lang='lat' dir='ltr'><strong>habetis</strong></span> <span class='ocrx_word' id='word_1_565' title='bbox 1344 3944 1398 3990; x_wconf 91' lang='lat' dir='ltr'><strong>et</strong></span> <span class='ocrx_word' id='word_1_566' title='bbox 1442 3935 1605 4003; x_wconf 87' lang='lat' dir='ltr'><strong>datis,</strong></span> <span class='ocrx_word' id='word_1_567' title='bbox 1636 3936 1916 4006; x_wconf 88' lang='lat' dir='ltr'><strong>quomodo</strong></span> <span class='ocrx_word' id='word_1_568' title='bbox 1941 3936 2109 3992; x_wconf 85' lang='lat' dir='ltr'><strong>habe-</strong></span> 
     </span>
    </p>
   </div>
   <div class='ocr_carea' id='block_1_71' title="bbox 522 4027 2111 4100">
    <p class='ocr_par' dir='ltr' id='par_1_71' title="bbox 522 4027 2111 4100">
     <span class='ocr_line' id='line_1_71' title="bbox 522 4027 2111 4100; baseline -0.004 -10"><span class='ocrx_word' id='word_1_569' title='bbox 522 4034 720 4089; x_wconf 89' lang='lat' dir='ltr'><strong>bantur</strong></span> <span class='ocrx_word' id='word_1_570' title='bbox 732 4040 789 4089; x_wconf 91' lang='lat' dir='ltr'><strong>et</strong></span> <span class='ocrx_word' id='word_1_571' title='bbox 801 4031 1072 4087; x_wconf 86' lang='lat' dir='ltr'><strong>dabantur</strong></span> <span class='ocrx_word' id='word_1_572' title='bbox 1083 4029 1249 4085; x_wconf 90' lang='lat' dir='ltr'><strong>etiam</strong></span> <span class='ocrx_word' id='word_1_573' title='bbox 1264 4029 1582 4100; x_wconf 88' lang='lat' dir='ltr'><strong>priusquam</strong></span> <span class='ocrx_word' id='word_1_574' title='bbox 1598 4027 1725 4084; x_wconf 90' lang='lat' dir='ltr'><strong>inde</strong></span> <span class='ocrx_word' id='word_1_575' title='bbox 1739 4028 1973 4085; x_wconf 87' lang='lat' dir='ltr'><strong>exiretis.</strong></span> <span class='ocrx_word' id='word_1_576' title='bbox 1988 4031 2111 4085; x_wconf 91' lang='lat' dir='ltr'><strong>Non</strong></span> 
     </span>
    </p>
   </div>
   <div class='ocr_carea' id='block_1_72' title="bbox 519 4120 2108 4193">
    <p class='ocr_par' dir='ltr' id='par_1_72' title="bbox 519 4120 2108 4193">
     <span class='ocr_line' id='line_1_72' title="bbox 519 4120 2108 4193; baseline -0.003 -10"><span class='ocrx_word' id='word_1_577' title='bbox 519 4134 705 4183; x_wconf 89' lang='lat' dir='ltr'><strong>tamen</strong></span> <span class='ocrx_word' id='word_1_578' title='bbox 761 4125 883 4182; x_wconf 89' lang='lat' dir='ltr'><strong>ideo</strong></span> <span class='ocrx_word' id='word_1_579' title='bbox 934 4138 1049 4179; x_wconf 85' lang='lat' dir='ltr'><strong>non</strong></span> <span class='ocrx_word' id='word_1_580' title='bbox 1086 4121 1317 4189; x_wconf 88' lang='lat' dir='ltr'><strong>habetis,</strong></span> <span class='ocrx_word' id='word_1_581' title='bbox 1358 4121 1484 4193; x_wconf 91' lang='lat' dir='ltr'><strong>quia</strong></span> <span class='ocrx_word' id='word_1_582' title='bbox 1516 4137 1624 4177; x_wconf 91' lang='lat' dir='ltr'><strong>non</strong></span> <span class='ocrx_word' id='word_1_583' title='bbox 1667 4120 1798 4178; x_wconf 80' lang='lat' dir='ltr'><strong>estis</strong></span> <span class='ocrx_word' id='word_1_584' title='bbox 1830 4121 1913 4178; x_wconf 91' lang='lat' dir='ltr'><strong>ibi</strong></span> <span class='ocrx_word' id='word_1_585' title='bbox 1958 4123 2108 4179; x_wconf 90' lang='lat' dir='ltr'><strong>unde</strong></span> 
     </span>
    </p>
   </div>
   <div class='ocr_carea' id='block_1_73' title="bbox 516 4215 2110 4290">
    <p class='ocr_par' dir='ltr' id='par_1_73' title="bbox 516 4215 2110 4290">
     <span class='ocr_line' id='line_1_73' title="bbox 516 4215 2110 4290; baseline -0.003 -15"><span class='ocrx_word' id='word_1_586' title='bbox 516 4220 627 4276; x_wconf 89' lang='lat' dir='ltr'><strong>sint</strong></span> <span class='ocrx_word' id='word_1_587' title='bbox 652 4234 775 4290; x_wconf 74' lang='lat' dir='ltr'><strong>quae</strong></span> <span class='ocrx_word' id='word_1_588' title='bbox 795 4217 1029 4273; x_wconf 87' lang='lat' dir='ltr'><strong>habetis.</strong></span> <span class='ocrx_word' id='word_1_589' title='bbox 1056 4218 1181 4273; x_wconf 88' lang='lat' dir='ltr'><strong>Non</strong></span> <span class='ocrx_word' id='word_1_590' title='bbox 1201 4216 1255 4269; x_wconf 91' lang='lat' dir='ltr'><strong>in</strong></span> <span class='ocrx_word' id='word_1_591' title='bbox 1279 4215 1443 4271; x_wconf 89' lang='lat' dir='ltr'><strong>nobis</strong></span> <span class='ocrx_word' id='word_1_592' title='bbox 1487 4223 1785 4283; x_wconf 89' lang='lat' dir='ltr'><strong>mutamus,</strong></span> <span class='ocrx_word' id='word_1_593' title='bbox 1819 4216 1874 4270; x_wconf 90' lang='lat' dir='ltr'><strong>in</strong></span> <span class='ocrx_word' id='word_1_594' title='bbox 1908 4216 2110 4287; x_wconf 89' lang='lat' dir='ltr'><strong>quibus</strong></span> 
     </span>
    </p>
   </div>
   <div class='ocr_carea' id='block_1_74' title="bbox 518 4307 2109 4383">
    <p class='ocr_par' dir='ltr' id='par_1_74' title="bbox 518 4307 2109 4383">
     <span class='ocr_line' id='line_1_74' title="bbox 518 4307 2109 4383; baseline -0.002 -13"><span class='ocrx_word' id='word_1_595' title='bbox 518 4312 649 4369; x_wconf 88' lang='lat' dir='ltr'><strong>estis</strong></span> <span class='ocrx_word' id='word_1_596' title='bbox 671 4312 979 4370; x_wconf 90' lang='lat' dir='ltr'><strong>nobiseum.</strong></span> <span class='ocrx_word' id='word_1_597' title='bbox 1021 4311 1163 4367; x_wconf 88' lang='lat' dir='ltr'><strong>Nam</strong></span> <span class='ocrx_word' id='word_1_598' title='bbox 1201 4318 1256 4364; x_wconf 91' lang='lat' dir='ltr'><strong>et</strong></span> <span class='ocrx_word' id='word_1_599' title='bbox 1281 4309 1348 4365; x_wconf 88' lang='lat' dir='ltr'><strong>de</strong></span> <span class='ocrx_word' id='word_1_600' title='bbox 1384 4307 1582 4364; x_wconf 88' lang='lat' dir='ltr'><strong>talibus</strong></span> <span class='ocrx_word' id='word_1_601' title='bbox 1603 4308 1815 4365; x_wconf 90' lang='lat' dir='ltr'><strong>dictum</strong></span> <span class='ocrx_word' id='word_1_602' title='bbox 1858 4317 1941 4365; x_wconf 91' lang='lat' dir='ltr'><strong>est</strong></span> <span class='ocrx_word' id='word_1_603' title='bbox 1966 4326 2109 4383; x_wconf 83' lang='lat' dir='ltr'><strong>quo-</strong></span> 
     </span>
    </p>
   </div>
   <div class='ocr_carea' id='block_1_75' title="bbox 520 4401 2107 4475">
    <p class='ocr_par' dir='ltr' id='par_1_75' title="bbox 520 4401 2107 4475">
     <span class='ocr_line' id='line_1_75' title="bbox 520 4401 2107 4475; baseline -0.003 -13"><span class='ocrx_word' id='word_1_604' title='bbox 520 4409 664 4462; x_wconf 89' lang='lat' dir='ltr'><strong>niam</strong></span> <span class='ocrx_word' id='word_1_605' title='bbox 694 4406 747 4461; x_wconf 93' lang='lat' dir='ltr'><strong>in</strong></span> <span class='ocrx_word' id='word_1_606' title='bbox 778 4405 965 4461; x_wconf 89' lang='lat' dir='ltr'><strong>multis</strong></span> <span class='ocrx_word' id='word_1_607' title='bbox 994 4411 1149 4459; x_wconf 89' lang='lat' dir='ltr'><strong>erant</strong></span> <span class='ocrx_word' id='word_1_608' title='bbox 1170 4417 1407 4458; x_wconf 89' lang='lat' dir='ltr'><strong>meeum.</strong></span> <span class='ocrx_word' id='word_1_609' title='bbox 1442 4401 1551 4459; x_wconf 89' lang='lat' dir='ltr'><strong>Sed</strong></span> <span class='ocrx_word' id='word_1_610' title='bbox 1584 4418 1646 4457; x_wconf 90' lang='lat' dir='ltr'><strong>ea</strong></span> <span class='ocrx_word' id='word_1_611' title='bbox 1675 4403 2018 4475; x_wconf 89' lang='lat' dir='ltr'><strong>corrigimus,</strong></span> <span class='ocrx_word' id='word_1_612' title='bbox 2050 4403 2107 4458; x_wconf 92' lang='lat' dir='ltr'><strong>in</strong></span> 
     </span>
    </p>
   </div>
   <div class='ocr_carea' id='block_1_76' title="bbox 2216 3187 3819 3250">
    <p class='ocr_par' dir='ltr' id='par_1_76' title="bbox 2216 3187 3819 3250">
     <span class='ocr_line' id='line_1_76' title="bbox 2216 3187 3819 3250; baseline 0.002 -8"><span class='ocrx_word' id='word_1_613' title='bbox 2216 3188 2361 3243; x_wconf 89' lang='lat' dir='ltr'><strong>male</strong></span> <span class='ocrx_word' id='word_1_614' title='bbox 2404 3188 2846 3244; x_wconf 89' lang='lat' dir='ltr'><strong>administrando</strong></span> <span class='ocrx_word' id='word_1_615' title='bbox 2875 3187 2973 3244; x_wconf 90' lang='lat' dir='ltr'><strong>sibi</strong></span> <span class='ocrx_word' id='word_1_616' title='bbox 3014 3197 3198 3244; x_wconf 90' lang='lat' dir='ltr'><strong>tamen</strong></span> <span class='ocrx_word' id='word_1_617' title='bbox 3221 3188 3429 3250; x_wconf 83' lang='lat' dir='ltr'><strong>nocuit,</strong></span> <span class='ocrx_word' id='word_1_618' title='bbox 3456 3203 3586 3243; x_wconf 92' lang='lat' dir='ltr'><strong>nam</strong></span> <span class='ocrx_word' id='word_1_619' title='bbox 3640 3189 3819 3245; x_wconf 82' lang='lat' dir='ltr'><strong>invio-</strong></span> 
     </span>
    </p>
   </div>
   <div class='ocr_carea' id='block_1_77' title="bbox 2221 3280 3819 3355">
    <p class='ocr_par' dir='ltr' id='par_1_77' title="bbox 2221 3280 3819 3355">
     <span class='ocr_line' id='line_1_77' title="bbox 2221 3280 3819 3355; baseline 0.003 -20"><span class='ocrx_word' id='word_1_620' title='bbox 2221 3280 2379 3337; x_wconf 92' lang='lat' dir='ltr'><strong>labile</strong></span> <span class='ocrx_word' id='word_1_621' title='bbox 2406 3290 2832 3350; x_wconf 87' lang='lat' dir='ltr'><strong>sacramentum,</strong></span> <span class='ocrx_word' id='word_1_622' title='bbox 2863 3283 3013 3355; x_wconf 90' lang='lat' dir='ltr'><strong>quod</strong></span> <span class='ocrx_word' id='word_1_623' title='bbox 3038 3299 3137 3354; x_wconf 89' lang='lat' dir='ltr'><strong>per</strong></span> <span class='ocrx_word' id='word_1_624' title='bbox 3161 3282 3310 3339; x_wconf 91' lang='lat' dir='ltr'><strong>illum</strong></span> <span class='ocrx_word' id='word_1_625' title='bbox 3339 3283 3531 3339; x_wconf 88' lang='lat' dir='ltr'><strong>datum</strong></span> <span class='ocrx_word' id='word_1_626' title='bbox 3560 3291 3645 3339; x_wconf 89' lang='lat' dir='ltr'><strong>est</strong></span> <span class='ocrx_word' id='word_1_627' title='bbox 3670 3286 3819 3353; x_wconf 86' lang='lat' dir='ltr'><strong>aliis,</strong></span> 
     </span>
    </p>
   </div>
   <div class='ocr_carea' id='block_1_78' title="bbox 2220 3375 3824 3447">
    <p class='ocr_par' dir='ltr' id='par_1_78' title="bbox 2220 3375 3824 3447">
     <span class='ocr_line' id='line_1_78' title="bbox 2220 3375 3824 3447; baseline 0.004 -17"><span class='ocrx_word' id='word_1_628' title='bbox 2220 3375 2615 3447; x_wconf 82' lang='lat' dir='ltr'><strong>perfectionem</strong></span> <span class='ocrx_word' id='word_1_629' title='bbox 2650 3392 2765 3433; x_wconf 73' lang='lat' dir='ltr'><strong>suae</strong></span> <span class='ocrx_word' id='word_1_630' title='bbox 2819 3377 3037 3433; x_wconf 90' lang='lat' dir='ltr'><strong>virtutis</strong></span> <span class='ocrx_word' id='word_1_631' title='bbox 3079 3377 3336 3433; x_wconf 90' lang='lat' dir='ltr'><strong>obtinuit.</strong></span> <span class='ocrx_word' id='word_1_632' title='bbox 3387 3400 3410 3426; x_wconf 74' lang='grc' dir='ltr'><strong><em>ο</em></strong></span> <span class='ocrx_word' id='word_1_633' title='bbox 3459 3378 3563 3433; x_wconf 86' lang='lat' dir='ltr'><strong>His</strong></span> <span class='ocrx_word' id='word_1_634' title='bbox 3617 3387 3677 3435; x_wconf 88' lang='lat' dir='ltr'><strong>et</strong></span> <span class='ocrx_word' id='word_1_635' title='bbox 3705 3380 3824 3436; x_wconf 88' lang='lat' dir='ltr'><strong>aliis</strong></span> 
     </span>
    </p>
   </div>
   <div class='ocr_carea' id='block_1_79' title="bbox 2218 3468 3823 3541">
    <p class='ocr_par' dir='ltr' id='par_1_79' title="bbox 2218 3468 3823 3541">
     <span class='ocr_line' id='line_1_79' title="bbox 2218 3468 3823 3541; baseline 0.005 -19"><span class='ocrx_word' id='word_1_636' title='bbox 2218 3468 2466 3539; x_wconf 89' lang='lat' dir='ltr'><strong>pluribus</strong></span> <span class='ocrx_word' id='word_1_637' title='bbox 2489 3468 2830 3526; x_wconf 88' lang='lat' dir='ltr'><strong>diversorum</strong></span> <span class='ocrx_word' id='word_1_638' title='bbox 2857 3478 3076 3541; x_wconf 88' lang='lat' dir='ltr'><strong>patrum</strong></span> <span class='ocrx_word' id='word_1_639' title='bbox 3089 3471 3371 3527; x_wconf 89' lang='lat' dir='ltr'><strong>sententiis</strong></span> <span class='ocrx_word' id='word_1_640' title='bbox 3397 3472 3643 3528; x_wconf 88' lang='lat' dir='ltr'><strong>recitatis</strong></span> <span class='ocrx_word' id='word_1_641' title='bbox 3672 3474 3823 3530; x_wconf 88' lang='lat' dir='ltr'><strong>illam</strong></span> 
     </span>
    </p>
   </div>
   <div class='ocr_carea' id='block_1_80' title="bbox 2218 3564 3826 3636">
    <p class='ocr_par' dir='ltr' id='par_1_80' title="bbox 2218 3564 3826 3636">
     <span class='ocr_line' id='line_1_80' title="bbox 2218 3564 3826 3636; baseline 0.005 -19"><span class='ocrx_word' id='word_1_642' title='bbox 2218 3577 2552 3635; x_wconf 86' lang='lat' dir='ltr'><strong>synagogam</strong></span> <span class='ocrx_word' id='word_1_643' title='bbox 2598 3565 2810 3620; x_wconf 66' lang='lat' dir='ltr'><strong>Satanae</strong></span> <span class='ocrx_word' id='word_1_644' title='bbox 2852 3564 2921 3620; x_wconf 89' lang='lat' dir='ltr'><strong>ad</strong></span> <span class='ocrx_word' id='word_1_645' title='bbox 2968 3564 3307 3621; x_wconf 88' lang='lat' dir='ltr'><strong>reddendam</strong></span> <span class='ocrx_word' id='word_1_646' title='bbox 3357 3565 3662 3636; x_wconf 89' lang='lat' dir='ltr'><strong>impietatis</strong></span> <span class='ocrx_word' id='word_1_647' title='bbox 3709 3582 3826 3625; x_wconf 65' lang='lat' dir='ltr'><strong>sua:</strong></span> 
     </span>
    </p>
   </div>
   <div class='ocr_carea' id='block_1_81' title="bbox 2218 3656 3824 3731">
    <p class='ocr_par' dir='ltr' id='par_1_81' title="bbox 2218 3656 3824 3731">
     <span class='ocr_line' id='line_1_81' title="bbox 2218 3656 3824 3731; baseline 0.005 -22"><span class='ocrx_word' id='word_1_648' title='bbox 2218 3656 2487 3713; x_wconf 84' lang='lat' dir='ltr'><strong>rationem</strong></span> <span class='ocrx_word' id='word_1_649' title='bbox 2512 3656 2705 3713; x_wconf 90' lang='lat' dir='ltr'><strong>litteris</strong></span> <span class='ocrx_word' id='word_1_650' title='bbox 2733 3667 2789 3713; x_wconf 90' lang='lat' dir='ltr'><strong>et</strong></span> <span class='ocrx_word' id='word_1_651' title='bbox 2835 3658 3045 3713; x_wconf 88' lang='lat' dir='ltr'><strong>nuntiis</strong></span> <span class='ocrx_word' id='word_1_652' title='bbox 3070 3659 3273 3715; x_wconf 89' lang='lat' dir='ltr'><strong>nostris</strong></span> <span class='ocrx_word' id='word_1_653' title='bbox 3317 3658 3386 3715; x_wconf 90' lang='lat' dir='ltr'><strong>ad</strong></span> <span class='ocrx_word' id='word_1_654' title='bbox 3413 3660 3694 3731; x_wconf 88' lang='lat' dir='ltr'><strong>synodum</strong></span> <span class='ocrx_word' id='word_1_655' title='bbox 3728 3678 3824 3718; x_wconf 86' lang='lat' dir='ltr'><strong>vo-</strong></span> 
     </span>
    </p>
   </div>
   <div class='ocr_carea' id='block_1_82' title="bbox 2217 3750 3819 3825">
    <p class='ocr_par' dir='ltr' id='par_1_82' title="bbox 2217 3750 3819 3825">
     <span class='ocr_line' id='line_1_82' title="bbox 2217 3750 3819 3825; baseline 0.004 -20"><span class='ocrx_word' id='word_1_656' title='bbox 2217 3750 2477 3819; x_wconf 89' lang='lat' dir='ltr'><strong>cavimus,</strong></span> <span class='ocrx_word' id='word_1_657' title='bbox 2509 3767 2622 3806; x_wconf 90' lang='lat' dir='ltr'><strong>non</strong></span> <span class='ocrx_word' id='word_1_658' title='bbox 2650 3760 2834 3807; x_wconf 83' lang='lat' dir='ltr'><strong>tamen</strong></span> <span class='ocrx_word' id='word_1_659' title='bbox 2863 3761 2925 3807; x_wconf 92' lang='lat' dir='ltr'><strong>ut</strong></span> <span class='ocrx_word' id='word_1_660' title='bbox 2949 3752 3049 3824; x_wconf 89' lang='lat' dir='ltr'><strong>ipsi</strong></span> <span class='ocrx_word' id='word_1_661' title='bbox 3092 3752 3452 3821; x_wconf 91' lang='lat' dir='ltr'><strong>audientiam,</strong></span> <span class='ocrx_word' id='word_1_662' title='bbox 3483 3753 3538 3808; x_wconf 91' lang='lat' dir='ltr'><strong>in</strong></span> <span class='ocrx_word' id='word_1_663' title='bbox 3577 3766 3819 3825; x_wconf 66' lang='lat' dir='ltr'><strong>praeter-</strong></span> 
     </span>
    </p>
   </div>
   <div class='ocr_carea' id='block_1_83' title="bbox 2221 3842 3820 3917">
    <p class='ocr_par' dir='ltr' id='par_1_83' title="bbox 2221 3842 3820 3917">
     <span class='ocr_line' id='line_1_83' title="bbox 2221 3842 3820 3917; baseline 0.004 -20"><span class='ocrx_word' id='word_1_664' title='bbox 2221 3843 2309 3897; x_wconf 90' lang='lat' dir='ltr'><strong>itis</strong></span> <span class='ocrx_word' id='word_1_665' title='bbox 2332 3842 2577 3899; x_wconf 91' lang='lat' dir='ltr'><strong>conciliis</strong></span> <span class='ocrx_word' id='word_1_666' title='bbox 2595 3844 2714 3915; x_wconf 91' lang='lat' dir='ltr'><strong>jam</strong></span> <span class='ocrx_word' id='word_1_667' title='bbox 2758 3861 2987 3917; x_wconf 90' lang='lat' dir='ltr'><strong>prorsus</strong></span> <span class='ocrx_word' id='word_1_668' title='bbox 3033 3845 3081 3901; x_wconf 93' lang='lat' dir='ltr'><strong>ei</strong></span> <span class='ocrx_word' id='word_1_669' title='bbox 3112 3846 3412 3915; x_wconf 84' lang='lat' dir='ltr'><strong>exclusam,</strong></span> <span class='ocrx_word' id='word_1_670' title='bbox 3442 3858 3820 3914; x_wconf 85' lang='lat' dir='ltr'><strong>mererentur;</strong></span> 
     </span>
    </p>
   </div>
   <div class='ocr_carea' id='block_1_84' title="bbox 2217 3936 3822 4013">
    <p class='ocr_par' dir='ltr' id='par_1_84' title="bbox 2217 3936 3822 4013">
     <span class='ocr_line' id='line_1_84' title="bbox 2217 3936 3822 4013; baseline 0.005 -23"><span class='ocrx_word' id='word_1_671' title='bbox 2217 3936 2315 3991; x_wconf 89' lang='lat' dir='ltr'><strong>sed</strong></span> <span class='ocrx_word' id='word_1_672' title='bbox 2335 3944 2399 3991; x_wconf 90' lang='lat' dir='ltr'><strong>ut</strong></span> <span class='ocrx_word' id='word_1_673' title='bbox 2436 3952 2627 4009; x_wconf 90' lang='lat' dir='ltr'><strong>pacem</strong></span> <span class='ocrx_word' id='word_1_674' title='bbox 2653 3948 2857 3996; x_wconf 66' lang='lat' dir='ltr'><strong>sanetae</strong></span> <span class='ocrx_word' id='word_1_675' title='bbox 2896 3940 3173 4006; x_wconf 68' lang='lat' dir='ltr'><strong>Ecclesiae,</strong></span> <span class='ocrx_word' id='word_1_676' title='bbox 3203 3956 3330 4012; x_wconf 70' lang='lat' dir='ltr'><strong>quae</strong></span> <span class='ocrx_word' id='word_1_677' title='bbox 3372 3956 3467 4012; x_wconf 84' lang='lat' dir='ltr'><strong>per</strong></span> <span class='ocrx_word' id='word_1_678' title='bbox 3507 3942 3657 4013; x_wconf 87' lang='lat' dir='ltr'><strong>ipsos</strong></span> <span class='ocrx_word' id='word_1_679' title='bbox 3695 3958 3822 3997; x_wconf 90' lang='lat' dir='ltr'><strong>om-</strong></span> 
     </span>
    </p>
   </div>
   <div class='ocr_carea' id='block_1_85' title="bbox 2216 4029 3821 4105">
    <p class='ocr_par' dir='ltr' id='par_1_85' title="bbox 2216 4029 3821 4105">
     <span class='ocr_line' id='line_1_85' title="bbox 2216 4029 3821 4105; baseline 0.002 -20"><span class='ocrx_word' id='word_1_680' title='bbox 2216 4029 2350 4086; x_wconf 92' lang='lat' dir='ltr'><strong>nino</strong></span> <span class='ocrx_word' id='word_1_681' title='bbox 2377 4030 2553 4088; x_wconf 90' lang='lat' dir='ltr'><strong>divisa</strong></span> <span class='ocrx_word' id='word_1_682' title='bbox 2582 4039 2685 4099; x_wconf 91' lang='lat' dir='ltr'><strong>est,</strong></span> <span class='ocrx_word' id='word_1_683' title='bbox 2710 4033 2763 4088; x_wconf 91' lang='lat' dir='ltr'><strong>in</strong></span> <span class='ocrx_word' id='word_1_684' title='bbox 2783 4034 3050 4090; x_wconf 90' lang='lat' dir='ltr'><strong>unitatem</strong></span> <span class='ocrx_word' id='word_1_685' title='bbox 3070 4048 3550 4105; x_wconf 85' lang='lat' dir='ltr'><strong>componeremus.</strong></span> <span class='ocrx_word' id='word_1_686' title='bbox 3574 4032 3821 4090; x_wconf 62' lang='lat' dir='ltr'><strong>littera-</strong></span> 
     </span>
    </p>
   </div>
   <div class='ocr_carea' id='block_1_86' title="bbox 2218 4125 3009 4184">
    <p class='ocr_par' dir='ltr' id='par_1_86' title="bbox 2218 4125 3009 4184">
     <span class='ocr_line' id='line_1_86' title="bbox 2218 4125 3009 4184; baseline 0.004 -5"><span class='ocrx_word' id='word_1_687' title='bbox 2218 4138 2343 4180; x_wconf 90' lang='lat' dir='ltr'><strong>rum</strong></span> <span class='ocrx_word' id='word_1_688' title='bbox 2370 4134 2559 4182; x_wconf 90' lang='lat' dir='ltr'><strong>autem</strong></span> <span class='ocrx_word' id='word_1_689' title='bbox 2586 4125 2673 4182; x_wconf 90' lang='lat' dir='ltr'><strong>hic</strong></span> <span class='ocrx_word' id='word_1_690' title='bbox 2701 4133 2859 4184; x_wconf 87' lang='lat' dir='ltr'><strong>tenor</strong></span> <span class='ocrx_word' id='word_1_691' title='bbox 2888 4126 3009 4184; x_wconf 83' lang='lat' dir='ltr'><strong>fuit.</strong></span> 
     </span>
    </p>
   </div>
   <div class='ocr_carea' id='block_1_87' title="bbox 2970 4242 3060 4296">
    <p class='ocr_par' dir='ltr' id='par_1_87' title="bbox 2970 4242 3060 4296">
     <span class='ocr_line' id='line_1_87' title="bbox 2970 4242 3060 4296; baseline -0.022 0"><span class='ocrx_word' id='word_1_692' title='bbox 2970 4242 3060 4296; x_wconf 86' lang='lat' dir='ltr'><strong>Vl.</strong></span> 
     </span>
    </p>
   </div>
   <div class='ocr_carea' id='block_1_88' title="bbox 2228 4342 3827 4412">
    <p class='ocr_par' dir='ltr' id='par_1_88' title="bbox 2228 4342 3827 4412">
     <span class='ocr_line' id='line_1_88' title="bbox 2228 4342 3827 4412; baseline 0.003 -15"><span class='ocrx_word' id='word_1_693' title='bbox 2228 4342 2460 4397; x_wconf 74' lang='lat' dir='ltr'><strong>Wiberti</strong></span> <span class='ocrx_word' id='word_1_694' title='bbox 2488 4344 2716 4412; x_wconf 76' lang='lat' dir='ltr'><strong>epistola</strong></span> <span class='ocrx_word' id='word_1_695' title='bbox 2744 4344 2818 4397; x_wconf 83' lang='lat' dir='ltr'><strong>ad</strong></span> <span class='ocrx_word' id='word_1_696' title='bbox 2845 4344 2905 4400; x_wconf 89' lang='grc' dir='ltr'><strong>Ο.</strong></span> <span class='ocrx_word' id='word_1_697' title='bbox 2960 4346 3272 4401; x_wconf 77' lang='lat' dir='ltr'><strong>Ostiensem.</strong></span> <span class='ocrx_word' id='word_1_698' title='bbox 3306 4375 3370 4384; x_wconf 94' lang='lat'><strong>-—</strong></span> <span class='ocrx_word' id='word_1_699' title='bbox 3410 4348 3481 4403; x_wconf 87' lang='lat' dir='ltr'><strong>De</strong></span> <span class='ocrx_word' id='word_1_700' title='bbox 3509 4349 3668 4403; x_wconf 80' lang='lat' dir='ltr'><strong>rebus</strong></span> <span class='ocrx_word' id='word_1_701' title='bbox 3703 4367 3739 4402; x_wconf 79' lang='grc' dir='ltr'>α</span> <span class='ocrx_word' id='word_1_702' title='bbox 3770 4364 3827 4403; x_wconf 64' lang='grc' dir='ltr'><strong>εί*</strong></span> 
     </span>
    </p>
   </div>
   <div class='ocr_carea' id='block_1_89' title="bbox 2290 4415 3831 4488">
    <p class='ocr_par' dir='ltr' id='par_1_89' title="bbox 2290 4415 3831 4488">
     <span class='ocr_line' id='line_1_89' title="bbox 2290 4415 3831 4488; baseline 0.008 -24"><span class='ocrx_word' id='word_1_703' title='bbox 2290 4415 2347 4465; x_wconf 69' lang='lat' dir='ltr'><strong>in</strong></span> <span class='ocrx_word' id='word_1_704' title='bbox 2377 4415 2577 4481; x_wconf 81' lang='lat' dir='ltr'><strong>synodo</strong></span> <span class='ocrx_word' id='word_1_705' title='bbox 2606 4416 2852 4469; x_wconf 81' lang='lat' dir='ltr'><strong>Romana</strong></span> <span class='ocrx_word' id='word_1_706' title='bbox 2869 4418 3195 4477; x_wconf 76' lang='lat' dir='ltr'><strong>constitutis,</strong></span> <span class='ocrx_word' id='word_1_707' title='bbox 3215 4421 3267 4472; x_wconf 87' lang='lat' dir='ltr'><strong>et</strong></span> <span class='ocrx_word' id='word_1_708' title='bbox 3294 4419 3441 4487; x_wconf 86' lang='lat' dir='ltr'><strong>quod</strong></span> <span class='ocrx_word' id='word_1_709' title='bbox 3454 4420 3528 4474; x_wconf 84' lang='lat' dir='ltr'><strong>ad</strong></span> <span class='ocrx_word' id='word_1_710' title='bbox 3546 4423 3831 4488; x_wconf 79' lang='lat' dir='ltr'><strong>synodum</strong></span> 
     </span>
    </p>
   </div>
   <div class='ocr_carea' id='block_1_90' title="bbox 517 4478 3180 4571">
    <p class='ocr_par' dir='ltr' id='par_1_90' title="bbox 517 4478 3180 4571">
     <span class='ocr_line' id='line_1_90' title="bbox 517 4478 3180 4571; baseline -0.003 -17"><span class='ocrx_word' id='word_1_711' title='bbox 517 4500 717 4571; x_wconf 88' lang='lat' dir='ltr'><strong>quibus</strong></span> <span class='ocrx_word' id='word_1_712' title='bbox 751 4514 866 4555; x_wconf 93' lang='lat' dir='ltr'><strong>non</strong></span> <span class='ocrx_word' id='word_1_713' title='bbox 888 4498 1021 4553; x_wconf 90' lang='lat' dir='ltr'><strong>estis</strong></span> <span class='ocrx_word' id='word_1_714' title='bbox 1057 4495 1365 4561; x_wconf 89' lang='lat' dir='ltr'><strong>nobiseum,</strong></span> <span class='ocrx_word' id='word_1_715' title='bbox 1393 4502 1448 4550; x_wconf 88' lang='lat' dir='ltr'><strong>et</strong></span> <span class='ocrx_word' id='word_1_716' title='bbox 1491 4510 1553 4549; x_wconf 91' lang='lat' dir='ltr'><strong>ea</strong></span> <span class='ocrx_word' id='word_1_717' title='bbox 1590 4511 1687 4550; x_wconf 90' lang='lat' dir='ltr'><strong>vos</strong></span> <span class='ocrx_word' id='word_1_718' title='bbox 1739 4495 1827 4550; x_wconf 92' lang='lat' dir='ltr'><strong>hic</strong></span> <span class='ocrx_word' id='word_1_719' title='bbox 1861 4497 2107 4568; x_wconf 90' lang='lat' dir='ltr'><strong>accipere</strong></span> <span class='ocrx_word' id='word_1_720' title='bbox 2137 4478 2188 4542; x_wconf 83' lang='lat' dir='ltr'><strong>D</strong></span> <span class='ocrx_word' id='word_1_721' title='bbox 2288 4478 2504 4540; x_wconf 72' lang='grc' dir='ltr'><strong>υοοάειιε</strong></span> <span class='ocrx_word' id='word_1_722' title='bbox 2532 4500 2639 4540; x_wconf 78' lang='grc' dir='ltr'><strong>ηοη</strong></span> <span class='ocrx_word' id='word_1_723' title='bbox 2664 4488 2887 4554; x_wconf 66' lang='lat' dir='ltr'><strong>venerit,</strong></span> <span class='ocrx_word' id='word_1_724' title='bbox 2912 4488 3180 4558; x_wconf 76' lang='lat' dir='ltr'><strong>objurgat.</strong></span> 
     </span>
    </p>
   </div>
   <div class='ocr_carea' id='block_1_91' title="bbox 517 4588 2107 4662">
    <p class='ocr_par' dir='ltr' id='par_1_91' title="bbox 517 4588 2107 4662">
     <span class='ocr_line' id='line_1_91' title="bbox 517 4588 2107 4662; baseline 0 -17"><span class='ocrx_word' id='word_1_725' title='bbox 517 4593 788 4657; x_wconf 85' lang='lat' dir='ltr'><strong>volumus,</strong></span> <span class='ocrx_word' id='word_1_726' title='bbox 819 4607 943 4662; x_wconf 68' lang='lat' dir='ltr'><strong>qua:</strong></span> <span class='ocrx_word' id='word_1_727' title='bbox 970 4606 1083 4645; x_wconf 88' lang='lat' dir='ltr'><strong>non</strong></span> <span class='ocrx_word' id='word_1_728' title='bbox 1102 4588 1321 4643; x_wconf 86' lang='lat' dir='ltr'><strong>habetis</strong></span> <span class='ocrx_word' id='word_1_729' title='bbox 1360 4588 1471 4643; x_wconf 90' lang='lat' dir='ltr'><strong>illic</strong></span> <span class='ocrx_word' id='word_1_730' title='bbox 1500 4588 1593 4643; x_wconf 89' lang='lat' dir='ltr'><strong>ubi</strong></span> <span class='ocrx_word' id='word_1_731' title='bbox 1622 4588 1771 4645; x_wconf 90' lang='lat' dir='ltr'><strong>estis.</strong></span> <span class='ocrx_word' id='word_1_732' title='bbox 1802 4589 2107 4645; x_wconf 82' lang='lat' dir='ltr'><strong>Nobiscum</strong></span> 
     </span>
    </p>
   </div>
   <div class='ocr_carea' id='block_1_92' title="bbox 519 4680 2106 4754">
    <p class='ocr_par' dir='ltr' id='par_1_92' title="bbox 519 4680 2106 4754">
     <span class='ocr_line' id='line_1_92' title="bbox 519 4680 2106 4754; baseline -0.001 -13"><span class='ocrx_word' id='word_1_733' title='bbox 519 4694 707 4741; x_wconf 89' lang='lat' dir='ltr'><strong>autem</strong></span> <span class='ocrx_word' id='word_1_734' title='bbox 736 4685 865 4741; x_wconf 85' lang='lat' dir='ltr'><strong>estis</strong></span> <span class='ocrx_word' id='word_1_735' title='bbox 886 4684 945 4739; x_wconf 91' lang='lat' dir='ltr'><strong>in</strong></span> <span class='ocrx_word' id='word_1_736' title='bbox 970 4683 1262 4753; x_wconf 89' lang='lat' dir='ltr'><strong>baptismo,</strong></span> <span class='ocrx_word' id='word_1_737' title='bbox 1288 4683 1342 4737; x_wconf 91' lang='lat' dir='ltr'><strong>in</strong></span> <span class='ocrx_word' id='word_1_738' title='bbox 1374 4680 1649 4754; x_wconf 89' lang='lat' dir='ltr'><strong>symbolo,</strong></span> <span class='ocrx_word' id='word_1_739' title='bbox 1676 4682 1734 4737; x_wconf 91' lang='lat' dir='ltr'><strong>in</strong></span> <span class='ocrx_word' id='word_1_740' title='bbox 1759 4683 1973 4739; x_wconf 59' lang='lat' dir='ltr'><strong>caeteris</strong></span> <span class='ocrx_word' id='word_1_741' title='bbox 1997 4687 2106 4739; x_wconf 83' lang='lat' dir='ltr'><strong>Do-</strong></span> 
     </span>
    </p>
   </div>
   <div class='ocr_carea' id='block_1_93' title="bbox 519 4776 2110 4847">
    <p class='ocr_par' dir='ltr' id='par_1_93' title="bbox 519 4776 2110 4847">
     <span class='ocr_line' id='line_1_93' title="bbox 519 4776 2110 4847; baseline -0.001 -13"><span class='ocrx_word' id='word_1_742' title='bbox 519 4778 737 4834; x_wconf 89' lang='lat' dir='ltr'><strong>minicis</strong></span> <span class='ocrx_word' id='word_1_743' title='bbox 774 4776 1154 4833; x_wconf 83' lang='lat' dir='ltr'><strong>sacramentis.</strong></span> <span class='ocrx_word' id='word_1_744' title='bbox 1188 4778 1255 4832; x_wconf 90' lang='lat' dir='ltr'><strong>In</strong></span> <span class='ocrx_word' id='word_1_745' title='bbox 1291 4776 1485 4847; x_wconf 88' lang='lat' dir='ltr'><strong>spiritu</strong></span> <span class='ocrx_word' id='word_1_746' title='bbox 1531 4784 1718 4832; x_wconf 87' lang='lat' dir='ltr'><strong>autem</strong></span> <span class='ocrx_word' id='word_1_747' title='bbox 1765 4777 2008 4845; x_wconf 88' lang='lat' dir='ltr'><strong>unitatis,</strong></span> <span class='ocrx_word' id='word_1_748' title='bbox 2054 4784 2110 4833; x_wconf 91' lang='lat' dir='ltr'><strong>et</strong></span> 
     </span>
    </p>
   </div>
   <div class='ocr_carea' id='block_1_94' title="bbox 518 4868 2105 4940">
    <p class='ocr_par' dir='ltr' id='par_1_94' title="bbox 518 4868 2105 4940">
     <span class='ocr_line' id='line_1_94' title="bbox 518 4868 2105 4940; baseline 0.001 -14"><span class='ocrx_word' id='word_1_749' title='bbox 518 4871 575 4926; x_wconf 92' lang='lat' dir='ltr'><strong>in</strong></span> <span class='ocrx_word' id='word_1_750' title='bbox 606 4870 826 4925; x_wconf 92' lang='lat' dir='ltr'><strong>vinculo</strong></span> <span class='ocrx_word' id='word_1_751' title='bbox 858 4869 1038 4940; x_wconf 89' lang='lat' dir='ltr'><strong>pacis,</strong></span> <span class='ocrx_word' id='word_1_752' title='bbox 1069 4868 1129 4923; x_wconf 90' lang='lat' dir='ltr'><strong>in</strong></span> <span class='ocrx_word' id='word_1_753' title='bbox 1155 4869 1267 4939; x_wconf 87' lang='lat' dir='ltr'><strong>ipsa</strong></span> <span class='ocrx_word' id='word_1_754' title='bbox 1299 4868 1532 4939; x_wconf 89' lang='lat' dir='ltr'><strong>denique</strong></span> <span class='ocrx_word' id='word_1_755' title='bbox 1564 4869 1835 4926; x_wconf 91' lang='lat' dir='ltr'><strong>catholica</strong></span> <span class='ocrx_word' id='word_1_756' title='bbox 1869 4871 2105 4927; x_wconf 89' lang='lat' dir='ltr'><strong>Ecclesia</strong></span> 
     </span>
    </p>
   </div>
   <div class='ocr_carea' id='block_1_95' title="bbox 519 4962 2105 5034">
    <p class='ocr_par' dir='ltr' id='par_1_95' title="bbox 519 4962 2105 5034">
     <span class='ocr_line' id='line_1_95' title="bbox 519 4962 2105 5034; baseline 0.001 -15"><span class='ocrx_word' id='word_1_757' title='bbox 519 4963 807 5020; x_wconf 87' lang='lat' dir='ltr'><strong>nobiseum</strong></span> <span class='ocrx_word' id='word_1_758' title='bbox 839 4978 954 5018; x_wconf 88' lang='lat' dir='ltr'><strong>non</strong></span> <span class='ocrx_word' id='word_1_759' title='bbox 982 4962 1128 5017; x_wconf 88' lang='lat' dir='ltr'><strong>estis.</strong></span> <span class='ocrx_word' id='word_1_760' title='bbox 1166 4983 1191 5010; x_wconf 71' lang='grc' dir='ltr'><strong>ι</strong></span> <span class='ocrx_word' id='word_1_761' title='bbox 1232 4964 1367 5018; x_wconf 91' lang='lat' dir='ltr'><strong>Item</strong></span> <span class='ocrx_word' id='word_1_762' title='bbox 1398 4963 1457 5018; x_wconf 92' lang='lat' dir='ltr'><strong>in</strong></span> <span class='ocrx_word' id='word_1_763' title='bbox 1498 4971 1698 5034; x_wconf 89' lang='lat' dir='ltr'><strong>quarto</strong></span> <span class='ocrx_word' id='word_1_764' title='bbox 1745 4963 1885 5021; x_wconf 91' lang='lat' dir='ltr'><strong>libro</strong></span> <span class='ocrx_word' id='word_1_765' title='bbox 1912 4974 2105 5021; x_wconf 90' lang='lat' dir='ltr'><strong>contra</strong></span> 
     </span>
    </p>
   </div>
   <div class='ocr_carea' id='block_1_96' title="bbox 516 5054 2103 5128">
    <p class='ocr_par' dir='ltr' id='par_1_96' title="bbox 516 5054 2103 5128">
     <span class='ocr_line' id='line_1_96' title="bbox 516 5054 2103 5128; baseline 0.001 -15"><span class='ocrx_word' id='word_1_766' title='bbox 516 5057 838 5113; x_wconf 88' lang='lat' dir='ltr'><strong>Donatistas</strong></span> <span class='ocrx_word' id='word_1_767' title='bbox 866 5072 879 5109; x_wconf 89' lang='lat'><strong>:</strong></span> <span class='ocrx_word' id='word_1_768' title='bbox 916 5077 942 5105; x_wconf 76' lang='grc' dir='ltr'>ιι</span> <span class='ocrx_word' id='word_1_769' title='bbox 973 5055 1123 5113; x_wconf 89' lang='lat' dir='ltr'><strong>Sicut</strong></span> <span class='ocrx_word' id='word_1_770' title='bbox 1177 5056 1359 5128; x_wconf 86' lang='lat' dir='ltr'><strong>urgeri</strong></span> <span class='ocrx_word' id='word_1_771' title='bbox 1391 5054 1604 5125; x_wconf 91' lang='lat' dir='ltr'><strong>videor,</strong></span> <span class='ocrx_word' id='word_1_772' title='bbox 1632 5073 1761 5112; x_wconf 89' lang='lat' dir='ltr'><strong>eum</strong></span> <span class='ocrx_word' id='word_1_773' title='bbox 1789 5057 1925 5113; x_wconf 92' lang='lat' dir='ltr'><strong>mihi</strong></span> <span class='ocrx_word' id='word_1_774' title='bbox 1969 5058 2103 5115; x_wconf 86' lang='lat' dir='ltr'><strong>dici-</strong></span> 
     </span>
    </p>
   </div>
   <div class='ocr_carea' id='block_1_97' title="bbox 516 5146 2105 5222">
    <p class='ocr_par' dir='ltr' id='par_1_97' title="bbox 516 5146 2105 5222">
     <span class='ocr_line' id='line_1_97' title="bbox 516 5146 2105 5222; baseline 0.002 -17"><span class='ocrx_word' id='word_1_775' title='bbox 516 5158 605 5205; x_wconf 88' lang='lat' dir='ltr'><strong>tur</strong></span> <span class='ocrx_word' id='word_1_776' title='bbox 636 5167 650 5203; x_wconf 93' lang='lat'><strong>:</strong></span> <span class='ocrx_word' id='word_1_777' title='bbox 684 5152 829 5222; x_wconf 86' lang='lat' dir='ltr'><strong>Ergo</strong></span> <span class='ocrx_word' id='word_1_778' title='bbox 864 5148 1152 5207; x_wconf 72' lang='lat' dir='ltr'><strong>haereticus</strong></span> <span class='ocrx_word' id='word_1_779' title='bbox 1175 5146 1406 5206; x_wconf 90' lang='lat' dir='ltr'><strong>dimittit</strong></span> <span class='ocrx_word' id='word_1_780' title='bbox 1430 5157 1671 5219; x_wconf 87' lang='lat' dir='ltr'><strong>peccata,</strong></span> <span class='ocrx_word' id='word_1_781' title='bbox 1700 5164 1827 5205; x_wconf 91' lang='lat' dir='ltr'><strong>cum</strong></span> <span class='ocrx_word' id='word_1_782' title='bbox 1865 5150 2031 5220; x_wconf 77' lang='lat' dir='ltr'><strong>juxta</strong></span> <span class='ocrx_word' id='word_1_783' title='bbox 2051 5161 2105 5208; x_wconf 91' lang='lat' dir='ltr'><strong>te</strong></span> 
     </span>
    </p>
   </div>
   <div class='ocr_carea' id='block_1_98' title="bbox 517 5240 2105 5316">
    <p class='ocr_par' dir='ltr' id='par_1_98' title="bbox 517 5240 2105 5316">
     <span class='ocr_line' id='line_1_98' title="bbox 517 5240 2105 5316; baseline 0.002 -19"><span class='ocrx_word' id='word_1_784' title='bbox 517 5243 787 5316; x_wconf 84' lang='lat' dir='ltr'><strong>baptizat;</strong></span> <span class='ocrx_word' id='word_1_785' title='bbox 837 5243 916 5299; x_wconf 90' lang='lat' dir='ltr'><strong>sie</strong></span> <span class='ocrx_word' id='word_1_786' title='bbox 957 5252 1014 5299; x_wconf 91' lang='lat' dir='ltr'><strong>et</strong></span> <span class='ocrx_word' id='word_1_787' title='bbox 1048 5258 1150 5315; x_wconf 89' lang='lat' dir='ltr'><strong>ego</strong></span> <span class='ocrx_word' id='word_1_788' title='bbox 1188 5258 1315 5298; x_wconf 79' lang='lat' dir='ltr'><strong>eum</strong></span> <span class='ocrx_word' id='word_1_789' title='bbox 1342 5240 1467 5297; x_wconf 91' lang='lat' dir='ltr'><strong>dico</strong></span> <span class='ocrx_word' id='word_1_790' title='bbox 1502 5260 1515 5296; x_wconf 88' lang='lat'><strong>:</strong></span> <span class='ocrx_word' id='word_1_791' title='bbox 1550 5244 1695 5314; x_wconf 86' lang='lat' dir='ltr'><strong>Ergo</strong></span> <span class='ocrx_word' id='word_1_792' title='bbox 1740 5258 1935 5298; x_wconf 85' lang='lat' dir='ltr'><strong>avarus</strong></span> <span class='ocrx_word' id='word_1_793' title='bbox 1973 5244 2105 5300; x_wconf 90' lang='lat' dir='ltr'><strong>reli-</strong></span> 
     </span>
    </p>
   </div>
   <div class='ocr_carea' id='block_1_99' title="bbox 514 5334 2103 5408">
    <p class='ocr_par' dir='ltr' id='par_1_99' title="bbox 514 5334 2103 5408">
     <span class='ocr_line' id='line_1_99' title="bbox 514 5334 2103 5408; baseline 0.001 -16"><span class='ocrx_word' id='word_1_794' title='bbox 514 5336 688 5408; x_wconf 88' lang='lat' dir='ltr'><strong>gionis</strong></span> <span class='ocrx_word' id='word_1_795' title='bbox 707 5336 996 5393; x_wconf 83' lang='lat' dir='ltr'><strong>simulator</strong></span> <span class='ocrx_word' id='word_1_796' title='bbox 1021 5344 1238 5408; x_wconf 89' lang='lat' dir='ltr'><strong>peccata</strong></span> <span class='ocrx_word' id='word_1_797' title='bbox 1266 5334 1530 5391; x_wconf 79' lang='lat' dir='ltr'><strong>dimittit?</strong></span> <span class='ocrx_word' id='word_1_798' title='bbox 1549 5334 1606 5390; x_wconf 92' lang='lat' dir='ltr'><strong>Si</strong></span> <span class='ocrx_word' id='word_1_799' title='bbox 1641 5350 1739 5406; x_wconf 90' lang='lat' dir='ltr'><strong>per</strong></span> <span class='ocrx_word' id='word_1_800' title='bbox 1766 5335 1881 5390; x_wconf 86' lang='lat' dir='ltr'><strong>vim</strong></span> <span class='ocrx_word' id='word_1_801' title='bbox 1919 5352 2103 5393; x_wconf 89' lang='lat' dir='ltr'><strong>saera-</strong></span> 
     </span>
    </p>
   </div>
   <div class='ocr_carea' id='block_1_100' title="bbox 513 5427 2098 5500">
    <p class='ocr_par' dir='ltr' id='par_1_100' title="bbox 513 5427 2098 5500">
     <span class='ocr_line' id='line_1_100' title="bbox 513 5427 2098 5500; baseline 0.003 -16"><span class='ocrx_word' id='word_1_802' title='bbox 513 5430 703 5499; x_wconf 84' lang='lat' dir='ltr'><strong>menti,</strong></span> <span class='ocrx_word' id='word_1_803' title='bbox 728 5431 870 5488; x_wconf 91' lang='lat' dir='ltr'><strong>sicut</strong></span> <span class='ocrx_word' id='word_1_804' title='bbox 912 5430 1027 5497; x_wconf 90' lang='lat' dir='ltr'><strong>ille,</strong></span> <span class='ocrx_word' id='word_1_805' title='bbox 1053 5430 1128 5485; x_wconf 89' lang='lat' dir='ltr'><strong>ita</strong></span> <span class='ocrx_word' id='word_1_806' title='bbox 1156 5435 1213 5483; x_wconf 87' lang='lat' dir='ltr'><strong>et</strong></span> <span class='ocrx_word' id='word_1_807' title='bbox 1237 5427 1324 5488; x_wconf 87' lang='lat' dir='ltr'><strong>ille</strong></span> <span class='ocrx_word' id='word_1_808' title='bbox 1356 5445 1370 5483; x_wconf 90' lang='lat'><strong>:</strong></span> <span class='ocrx_word' id='word_1_809' title='bbox 1406 5428 1453 5483; x_wconf 88' lang='lat' dir='ltr'><strong>si</strong></span> <span class='ocrx_word' id='word_1_810' title='bbox 1505 5443 1603 5498; x_wconf 92' lang='lat' dir='ltr'><strong>per</strong></span> <span class='ocrx_word' id='word_1_811' title='bbox 1630 5427 1889 5484; x_wconf 91' lang='lat' dir='ltr'><strong>meritum</strong></span> <span class='ocrx_word' id='word_1_812' title='bbox 1916 5446 2098 5500; x_wconf 89' lang='lat' dir='ltr'><strong>suum,</strong></span> 
     </span>
    </p>
   </div>
   <div class='ocr_carea' id='block_1_101' title="bbox 510 5519 2098 5592">
    <p class='ocr_par' dir='ltr' id='par_1_101' title="bbox 510 5519 2098 5592">
     <span class='ocr_line' id='line_1_101' title="bbox 510 5519 2098 5592; baseline 0.002 -13"><span class='ocrx_word' id='word_1_813' title='bbox 510 5539 612 5580; x_wconf 88' lang='lat' dir='ltr'><strong>nee</strong></span> <span class='ocrx_word' id='word_1_814' title='bbox 638 5524 749 5588; x_wconf 88' lang='lat' dir='ltr'><strong>ille,</strong></span> <span class='ocrx_word' id='word_1_815' title='bbox 792 5541 898 5581; x_wconf 90' lang='lat' dir='ltr'><strong>nec</strong></span> <span class='ocrx_word' id='word_1_816' title='bbox 942 5523 1053 5579; x_wconf 91' lang='lat' dir='ltr'><strong>ille.</strong></span> <span class='ocrx_word' id='word_1_817' title='bbox 1097 5519 1245 5576; x_wconf 89' lang='lat' dir='ltr'><strong>Illud</strong></span> <span class='ocrx_word' id='word_1_818' title='bbox 1271 5520 1438 5591; x_wconf 88' lang='lat' dir='ltr'><strong>igitur</strong></span> <span class='ocrx_word' id='word_1_819' title='bbox 1486 5530 1911 5592; x_wconf 88' lang='lat' dir='ltr'><strong>sacramentum,</strong></span> <span class='ocrx_word' id='word_1_820' title='bbox 1963 5528 2017 5582; x_wconf 89' lang='lat' dir='ltr'><strong>et</strong></span> <span class='ocrx_word' id='word_1_821' title='bbox 2044 5526 2098 5582; x_wconf 91' lang='lat' dir='ltr'><strong>in</strong></span> 
     </span>
    </p>
   </div>
   <div class='ocr_carea' id='block_1_102' title="bbox 508 5613 2098 5687">
    <p class='ocr_par' dir='ltr' id='par_1_102' title="bbox 508 5613 2098 5687">
     <span class='ocr_line' id='line_1_102' title="bbox 508 5613 2098 5687; baseline 0.003 -14"><span class='ocrx_word' id='word_1_822' title='bbox 508 5617 668 5674; x_wconf 89' lang='lat' dir='ltr'><strong>malis</strong></span> <span class='ocrx_word' id='word_1_823' title='bbox 688 5617 1026 5684; x_wconf 89' lang='lat' dir='ltr'><strong>hominibus,</strong></span> <span class='ocrx_word' id='word_1_824' title='bbox 1049 5613 1257 5673; x_wconf 90' lang='lat' dir='ltr'><strong>Christi</strong></span> <span class='ocrx_word' id='word_1_825' title='bbox 1285 5628 1405 5670; x_wconf 89' lang='lat' dir='ltr'><strong>esse</strong></span> <span class='ocrx_word' id='word_1_826' title='bbox 1434 5617 1805 5687; x_wconf 84' lang='lat' dir='ltr'><strong>cognoscitur.</strong></span> <span class='ocrx_word' id='word_1_827' title='bbox 1831 5640 1858 5667; x_wconf 69' lang='grc' dir='ltr'><strong>ι</strong></span> <span class='ocrx_word' id='word_1_828' title='bbox 1889 5620 2028 5676; x_wconf 91' lang='lat' dir='ltr'><strong>Item</strong></span> <span class='ocrx_word' id='word_1_829' title='bbox 2044 5620 2098 5677; x_wconf 91' lang='lat' dir='ltr'><strong>in</strong></span> 
     </span>
    </p>
   </div>
   <div class='ocr_carea' id='block_1_103' title="bbox 507 5706 2097 5786">
    <p class='ocr_par' dir='ltr' id='par_1_103' title="bbox 507 5706 2097 5786">
     <span class='ocr_line' id='line_1_103' title="bbox 507 5706 2097 5786; baseline 0.002 -19"><span class='ocrx_word' id='word_1_830' title='bbox 507 5710 699 5782; x_wconf 86' lang='lat' dir='ltr'><strong>quinto</strong></span> <span class='ocrx_word' id='word_1_831' title='bbox 719 5709 858 5767; x_wconf 88' lang='lat' dir='ltr'><strong>libro</strong></span> <span class='ocrx_word' id='word_1_832' title='bbox 886 5716 1076 5766; x_wconf 87' lang='lat' dir='ltr'><strong>contra</strong></span> <span class='ocrx_word' id='word_1_833' title='bbox 1100 5706 1420 5765; x_wconf 86' lang='lat' dir='ltr'><strong>Donatistas</strong></span> <span class='ocrx_word' id='word_1_834' title='bbox 1462 5726 1475 5762; x_wconf 88' lang='lat'><strong><em>:</em></strong></span> <span class='ocrx_word' id='word_1_835' title='bbox 1512 5731 1538 5759; x_wconf 76' lang='grc' dir='ltr'><strong>α</strong></span> <span class='ocrx_word' id='word_1_836' title='bbox 1581 5710 1874 5780; x_wconf 88' lang='lat' dir='ltr'><strong>Quomodo</strong></span> <span class='ocrx_word' id='word_1_837' title='bbox 1898 5729 2097 5786; x_wconf 86' lang='lat' dir='ltr'><strong>aquam</strong></span> 
     </span>
    </p>
   </div>
   <div class='ocr_carea' id='block_1_104' title="bbox 505 5800 2095 5876">
    <p class='ocr_par' dir='ltr' id='par_1_104' title="bbox 505 5800 2095 5876">
     <span class='ocr_line' id='line_1_104' title="bbox 505 5800 2095 5876; baseline 0.004 -19"><span class='ocrx_word' id='word_1_838' title='bbox 505 5803 736 5860; x_wconf 82' lang='lat' dir='ltr'><strong>mundat</strong></span> <span class='ocrx_word' id='word_1_839' title='bbox 761 5810 816 5860; x_wconf 90' lang='lat' dir='ltr'><strong>et</strong></span> <span class='ocrx_word' id='word_1_840' title='bbox 850 5801 1157 5861; x_wconf 84' lang='lat' dir='ltr'><strong>sanctiﬁcat</strong></span> <span class='ocrx_word' id='word_1_841' title='bbox 1192 5800 1505 5861; x_wconf 69' lang='lat' dir='ltr'><strong>homicida?</strong></span> <span class='ocrx_word' id='word_1_842' title='bbox 1537 5805 1823 5876; x_wconf 86' lang='lat' dir='ltr'><strong>quomodo</strong></span> <span class='ocrx_word' id='word_1_843' title='bbox 1865 5805 2095 5866; x_wconf 79' lang='lat' dir='ltr'><strong>benedi-</strong></span> 
     </span>
    </p>
   </div>
   <div class='ocr_carea' id='block_1_105' title="bbox 2816 4584 3214 4647">
    <p class='ocr_par' dir='ltr' id='par_1_105' title="bbox 2816 4584 3214 4647">
     <span class='ocr_line' id='line_1_105' title="bbox 2816 4584 3214 4647; baseline 0.003 -12"><span class='ocrx_word' id='word_1_844' title='bbox 2816 4584 3000 4645; x_wconf 89' lang='lat' dir='ltr'><strong>(Anno</strong></span> <span class='ocrx_word' id='word_1_845' title='bbox 3034 4588 3214 4647; x_wconf 86' lang='lat'><strong>1089.)</strong></span> 
     </span>
    </p>
   </div>
   <div class='ocr_carea' id='block_1_106' title="bbox 2608 4686 3418 4754">
    <p class='ocr_par' dir='ltr' id='par_1_106' title="bbox 2608 4686 3418 4754">
     <span class='ocr_line' id='line_1_106' title="bbox 2608 4686 3418 4754; baseline 0 -13"><span class='ocrx_word' id='word_1_846' title='bbox 2608 4688 2855 4753; x_wconf 64' lang='lat' dir='ltr'><strong>[Musn</strong></span> <span class='ocrx_word' id='word_1_847' title='bbox 2883 4686 3080 4741; x_wconf 71' lang='lat' dir='ltr'><strong>Concil.</strong></span> <span class='ocrx_word' id='word_1_848' title='bbox 3112 4688 3247 4750; x_wconf 83' lang='lat' dir='ltr'><strong>XX,</strong></span> <span class='ocrx_word' id='word_1_849' title='bbox 3268 4690 3418 4754; x_wconf 82' lang='lat'><strong>599.]</strong></span> 
     </span>
    </p>
   </div>
   <div class='ocr_carea' id='block_1_107' title="bbox 2288 4785 3827 4859">
    <p class='ocr_par' dir='ltr' id='par_1_107' title="bbox 2288 4785 3827 4859">
     <span class='ocr_line' id='line_1_107' title="bbox 2288 4785 3827 4859; baseline 0.005 -19"><span class='ocrx_word' id='word_1_850' title='bbox 2288 4785 2571 4841; x_wconf 66' lang='lat' dir='ltr'><strong>Caunus</strong></span> <span class='ocrx_word' id='word_1_851' title='bbox 2584 4786 2892 4857; x_wconf 88' lang='lat' dir='ltr'><strong>episcopus,</strong></span> <span class='ocrx_word' id='word_1_852' title='bbox 2910 4802 3099 4844; x_wconf 89' lang='lat' dir='ltr'><strong>servus</strong></span> <span class='ocrx_word' id='word_1_853' title='bbox 3110 4803 3396 4844; x_wconf 85' lang='lat' dir='ltr'><strong>servorum</strong></span> <span class='ocrx_word' id='word_1_854' title='bbox 3413 4790 3539 4853; x_wconf 88' lang='lat' dir='ltr'><strong>Dei,</strong></span> <span class='ocrx_word' id='word_1_855' title='bbox 3556 4791 3655 4859; x_wconf 87' lang='lat'><strong>0.,</strong></span> <span class='ocrx_word' id='word_1_856' title='bbox 3680 4792 3827 4847; x_wconf 90' lang='lat' dir='ltr'><strong>olim</strong></span> 
     </span>
    </p>
   </div>
   <div class='ocr_carea' id='block_1_108' title="bbox 2216 4873 3832 4957">
    <p class='ocr_par' dir='ltr' id='par_1_108' title="bbox 2216 4873 3832 4957">
     <span class='ocr_line' id='line_1_108' title="bbox 2216 4873 3832 4957; baseline 0.007 -27"><span class='ocrx_word' id='word_1_857' title='bbox 2216 4873 2365 4932; x_wconf 90' lang='lat' dir='ltr'><strong>dicto</strong></span> <span class='ocrx_word' id='word_1_858' title='bbox 2399 4877 2638 4935; x_wconf 87' lang='lat' dir='ltr'><strong>Ostiensi</strong></span> <span class='ocrx_word' id='word_1_859' title='bbox 2684 4878 2957 4950; x_wconf 88' lang='lat' dir='ltr'><strong>episeopo,</strong></span> <span class='ocrx_word' id='word_1_860' title='bbox 3020 4890 3074 4937; x_wconf 91' lang='lat' dir='ltr'><strong>et</strong></span> <span class='ocrx_word' id='word_1_861' title='bbox 3135 4882 3457 4953; x_wconf 87' lang='lat' dir='ltr'><strong>sequacibus</strong></span> <span class='ocrx_word' id='word_1_862' title='bbox 3504 4884 3616 4939; x_wconf 89' lang='lat' dir='ltr'><strong>suis</strong></span> <span class='ocrx_word' id='word_1_863' title='bbox 3693 4901 3832 4957; x_wconf 67' lang='lat' dir='ltr'><strong>qua</strong></span> 
     </span>
    </p>
   </div>
   <div class='ocr_carea' id='block_1_109' title="bbox 2216 4979 2523 5028">
    <p class='ocr_par' dir='ltr' id='par_1_109' title="bbox 2216 4979 2523 5028">
     <span class='ocr_line' id='line_1_109' title="bbox 2216 4979 2523 5028; baseline 0.003 -3"><span class='ocrx_word' id='word_1_864' title='bbox 2216 4979 2523 5028; x_wconf 86' lang='lat' dir='ltr'><strong>merentur.</strong></span> 
     </span>
    </p>
   </div>
   <div class='ocr_carea' id='block_1_110' title="bbox 2285 5063 3828 5142">
    <p class='ocr_par' dir='ltr' id='par_1_110' title="bbox 2285 5063 3828 5142">
     <span class='ocr_line' id='line_1_110' title="bbox 2285 5063 3828 5142; baseline 0.008 -25"><span class='ocrx_word' id='word_1_865' title='bbox 2285 5063 2438 5121; x_wconf 89' lang='lat' dir='ltr'><strong>Licet</strong></span> <span class='ocrx_word' id='word_1_866' title='bbox 2476 5064 2723 5137; x_wconf 87' lang='lat' dir='ltr'><strong>synodali</strong></span> <span class='ocrx_word' id='word_1_867' title='bbox 2768 5066 3045 5124; x_wconf 89' lang='lat' dir='ltr'><strong>audientia</strong></span> <span class='ocrx_word' id='word_1_868' title='bbox 3075 5084 3173 5126; x_wconf 90' lang='lat' dir='ltr'><strong>vos</strong></span> <span class='ocrx_word' id='word_1_869' title='bbox 3223 5070 3484 5142; x_wconf 88' lang='lat' dir='ltr'><strong>indignos</strong></span> <span class='ocrx_word' id='word_1_870' title='bbox 3512 5069 3828 5140; x_wconf 83' lang='lat' dir='ltr'><strong>fecissetis,</strong></span> 
     </span>
    </p>
   </div>
   <div class='ocr_carea' id='block_1_111' title="bbox 2212 5155 3831 5229">
    <p class='ocr_par' dir='ltr' id='par_1_111' title="bbox 2212 5155 3831 5229">
     <span class='ocr_line' id='line_1_111' title="bbox 2212 5155 3831 5229; baseline 0.007 -19"><span class='ocrx_word' id='word_1_871' title='bbox 2212 5155 2339 5227; x_wconf 88' lang='lat' dir='ltr'><strong>quia</strong></span> <span class='ocrx_word' id='word_1_872' title='bbox 2363 5156 2430 5213; x_wconf 87' lang='lat' dir='ltr'><strong>ad</strong></span> <span class='ocrx_word' id='word_1_873' title='bbox 2461 5156 2739 5229; x_wconf 83' lang='lat' dir='ltr'><strong>synodum</strong></span> <span class='ocrx_word' id='word_1_874' title='bbox 2770 5169 2976 5217; x_wconf 66' lang='lat' dir='ltr'><strong>sanctae</strong></span> <span class='ocrx_word' id='word_1_875' title='bbox 3003 5165 3273 5219; x_wconf 63' lang='lat' dir='ltr'><strong>Romanas</strong></span> <span class='ocrx_word' id='word_1_876' title='bbox 3317 5163 3574 5221; x_wconf 66' lang='lat' dir='ltr'><strong>Ecclesiae</strong></span> <span class='ocrx_word' id='word_1_877' title='bbox 3605 5166 3831 5222; x_wconf 77' lang='lat' dir='ltr'><strong>multo-</strong></span> 
     </span>
    </p>
   </div>
   <div class='ocr_carea' id='block_1_112' title="bbox 2211 5250 3931 5325">
    <p class='ocr_par' dir='ltr' id='par_1_112' title="bbox 2211 5250 3931 5325">
     <span class='ocr_line' id='line_1_112' title="bbox 2211 5250 3931 5325; baseline 0.007 -21"><span class='ocrx_word' id='word_1_878' title='bbox 2211 5250 2312 5305; x_wconf 89' lang='lat' dir='ltr'><strong>ties</strong></span> <span class='ocrx_word' id='word_1_879' title='bbox 2335 5251 2511 5307; x_wconf 90' lang='lat' dir='ltr'><strong>vocati</strong></span> <span class='ocrx_word' id='word_1_880' title='bbox 2533 5252 2713 5308; x_wconf 90' lang='lat' dir='ltr'><strong>venire</strong></span> <span class='ocrx_word' id='word_1_881' title='bbox 2737 5255 3045 5325; x_wconf 89' lang='lat' dir='ltr'><strong>recusastis,</strong></span> <span class='ocrx_word' id='word_1_882' title='bbox 3078 5266 3132 5313; x_wconf 93' lang='lat' dir='ltr'><strong>et</strong></span> <span class='ocrx_word' id='word_1_883' title='bbox 3160 5258 3260 5314; x_wconf 91' lang='lat' dir='ltr'><strong>hac</strong></span> <span class='ocrx_word' id='word_1_884' title='bbox 3287 5257 3357 5314; x_wconf 90' lang='lat' dir='ltr'><strong>de</strong></span> <span class='ocrx_word' id='word_1_885' title='bbox 3384 5274 3547 5314; x_wconf 89' lang='lat' dir='ltr'><strong>causa</strong></span> <span class='ocrx_word' id='word_1_886' title='bbox 3576 5273 3825 5316; x_wconf 83' lang='lat' dir='ltr'><strong>excom-</strong></span> <span class='ocrx_word' id='word_1_887' title='bbox 3928 5302 3931 5307; x_wconf 49' lang='grc' dir='ltr'><strong><em>ι</em></strong></span> 
     </span>
    </p>
   </div>
   <div class='ocr_carea' id='block_1_113' title="bbox 2209 5343 3823 5424">
    <p class='ocr_par' dir='ltr' id='par_1_113' title="bbox 2209 5343 3823 5424">
     <span class='ocr_line' id='line_1_113' title="bbox 2209 5343 3823 5424; baseline 0.007 -27"><span class='ocrx_word' id='word_1_888' title='bbox 2209 5343 2470 5399; x_wconf 90' lang='lat' dir='ltr'><strong>municati</strong></span> <span class='ocrx_word' id='word_1_889' title='bbox 2509 5344 2659 5413; x_wconf 90' lang='lat' dir='ltr'><strong>estis,</strong></span> <span class='ocrx_word' id='word_1_890' title='bbox 2689 5352 2871 5403; x_wconf 86' lang='lat' dir='ltr'><strong>tamen</strong></span> <span class='ocrx_word' id='word_1_891' title='bbox 2898 5358 2960 5406; x_wconf 92' lang='lat' dir='ltr'><strong>ut</strong></span> <span class='ocrx_word' id='word_1_892' title='bbox 2988 5366 3241 5407; x_wconf 89' lang='lat' dir='ltr'><strong>murmur</strong></span> <span class='ocrx_word' id='word_1_893' title='bbox 3286 5353 3473 5424; x_wconf 89' lang='lat' dir='ltr'><strong>populi</strong></span> <span class='ocrx_word' id='word_1_894' title='bbox 3518 5354 3823 5410; x_wconf 70' lang='lat' dir='ltr'><strong>erratibus</strong></span> 
     </span>
    </p>
   </div>
   <div class='ocr_carea' id='block_1_114' title="bbox 2208 5435 3830 5519">
    <p class='ocr_par' dir='ltr' id='par_1_114' title="bbox 2208 5435 3830 5519">
     <span class='ocr_line' id='line_1_114' title="bbox 2208 5435 3830 5519; baseline 0.01 -29"><span class='ocrx_word' id='word_1_895' title='bbox 2208 5435 2390 5493; x_wconf 87' lang='lat' dir='ltr'><strong>inlecti</strong></span> <span class='ocrx_word' id='word_1_896' title='bbox 2413 5439 2602 5495; x_wconf 88' lang='lat' dir='ltr'><strong>vestris</strong></span> <span class='ocrx_word' id='word_1_897' title='bbox 2628 5440 2930 5513; x_wconf 87' lang='lat' dir='ltr'><strong>auferatur,</strong></span> <span class='ocrx_word' id='word_1_898' title='bbox 2971 5447 3270 5518; x_wconf 89' lang='lat' dir='ltr'><strong>apostolica</strong></span> <span class='ocrx_word' id='word_1_899' title='bbox 3300 5445 3625 5504; x_wconf 89' lang='lat' dir='ltr'><strong>auctoritate</strong></span> <span class='ocrx_word' id='word_1_900' title='bbox 3658 5464 3830 5519; x_wconf 67' lang='lat' dir='ltr'><strong>pra-</strong></span> 
     </span>
    </p>
   </div>
   <div class='ocr_carea' id='block_1_115' title="bbox 2208 5529 3830 5611">
    <p class='ocr_par' dir='ltr' id='par_1_115' title="bbox 2208 5529 3830 5611">
     <span class='ocr_line' id='line_1_115' title="bbox 2208 5529 3830 5611; baseline 0.009 -26"><span class='ocrx_word' id='word_1_901' title='bbox 2208 5529 2439 5601; x_wconf 87' lang='lat' dir='ltr'><strong>cipimus</strong></span> <span class='ocrx_word' id='word_1_902' title='bbox 2462 5539 2523 5587; x_wconf 91' lang='lat' dir='ltr'><strong>ut</strong></span> <span class='ocrx_word' id='word_1_903' title='bbox 2547 5532 2619 5589; x_wconf 90' lang='lat' dir='ltr'><strong>ad</strong></span> <span class='ocrx_word' id='word_1_904' title='bbox 2649 5536 2923 5607; x_wconf 90' lang='lat' dir='ltr'><strong>synodum</strong></span> <span class='ocrx_word' id='word_1_905' title='bbox 2947 5555 3114 5611; x_wconf 90' lang='lat' dir='ltr'><strong>quam</strong></span> <span class='ocrx_word' id='word_1_906' title='bbox 3145 5541 3201 5596; x_wconf 92' lang='lat' dir='ltr'><strong>in</strong></span> <span class='ocrx_word' id='word_1_907' title='bbox 3230 5541 3459 5599; x_wconf 89' lang='lat' dir='ltr'><strong>ecclesia</strong></span> <span class='ocrx_word' id='word_1_908' title='bbox 3486 5540 3629 5597; x_wconf 89' lang='lat' dir='ltr'><strong>beati</strong></span> <span class='ocrx_word' id='word_1_909' title='bbox 3657 5541 3830 5598; x_wconf 85' lang='lat' dir='ltr'><strong>Petri</strong></span> 
     </span>
    </p>
   </div>
   <div class='ocr_carea' id='block_1_116' title="bbox 2205 5623 3821 5706">
    <p class='ocr_par' dir='ltr' id='par_1_116' title="bbox 2205 5623 3821 5706">
     <span class='ocr_line' id='line_1_116' title="bbox 2205 5623 3821 5706; baseline 0.014 -29"><span class='ocrx_word' id='word_1_910' title='bbox 2205 5624 2327 5678; x_wconf 92' lang='lat' dir='ltr'><strong>Deo</strong></span> <span class='ocrx_word' id='word_1_911' title='bbox 2354 5623 2643 5682; x_wconf 83' lang='lat' dir='ltr'><strong>auxiliante</strong></span> <span class='ocrx_word' id='word_1_912' title='bbox 2683 5628 3025 5688; x_wconf 83' lang='lat' dir='ltr'><strong>celebramus</strong></span> <span class='ocrx_word' id='word_1_913' title='bbox 3064 5635 3246 5691; x_wconf 88' lang='lat' dir='ltr'><strong>securi</strong></span> <span class='ocrx_word' id='word_1_914' title='bbox 3274 5634 3494 5706; x_wconf 89' lang='lat' dir='ltr'><strong>penitus</strong></span> <span class='ocrx_word' id='word_1_915' title='bbox 3540 5634 3821 5702; x_wconf 68' lang='lat' dir='ltr'><strong>veniatis.</strong></span> 
     </span>
    </p>
   </div>
   <div class='ocr_carea' id='block_1_117' title="bbox 2205 5714 3830 5801">
    <p class='ocr_par' dir='ltr' id='par_1_117' title="bbox 2205 5714 3830 5801">
     <span class='ocr_line' id='line_1_117' title="bbox 2205 5714 3830 5801; baseline 0.007 -31"><span class='ocrx_word' id='word_1_916' title='bbox 2205 5722 2264 5770; x_wconf 86' lang='lat' dir='ltr'><strong>ut</strong></span> <span class='ocrx_word' id='word_1_917' title='bbox 2289 5714 2360 5773; x_wconf 85' lang='lat' dir='ltr'><strong>de</strong></span> <span class='ocrx_word' id='word_1_918' title='bbox 2395 5732 2462 5774; x_wconf 91' lang='lat' dir='ltr'><strong>eo</strong></span> <span class='ocrx_word' id='word_1_919' title='bbox 2491 5735 2603 5791; x_wconf 90' lang='lat' dir='ltr'><strong>quo</strong></span> <span class='ocrx_word' id='word_1_920' title='bbox 2633 5732 2879 5781; x_wconf 88' lang='lat' dir='ltr'><strong>sanetam</strong></span> <span class='ocrx_word' id='word_1_921' title='bbox 2906 5727 3205 5784; x_wconf 56' lang='lat' dir='ltr'><strong>Ecclesiam</strong></span> <span class='ocrx_word' id='word_1_922' title='bbox 3244 5727 3622 5801; x_wconf 85' lang='lat' dir='ltr'><strong>perturbastis,</strong></span> <span class='ocrx_word' id='word_1_923' title='bbox 3666 5728 3830 5785; x_wconf 84' lang='lat' dir='ltr'><strong>sicut</strong></span> 
     </span>
    </p>
   </div>
   <div class='ocr_carea' id='block_1_118' title="bbox 2202 5808 3827 5894">
    <p class='ocr_par' dir='ltr' id='par_1_118' title="bbox 2202 5808 3827 5894">
     <span class='ocr_line' id='line_1_118' title="bbox 2202 5808 3827 5894; baseline 0.009 -29"><span class='ocrx_word' id='word_1_924' title='bbox 2202 5808 2379 5882; x_wconf 81' lang='lat' dir='ltr'><strong>decet,</strong></span> <span class='ocrx_word' id='word_1_925' title='bbox 2421 5813 2694 5873; x_wconf 89' lang='lat' dir='ltr'><strong>rationem</strong></span> <span class='ocrx_word' id='word_1_926' title='bbox 2738 5817 3001 5877; x_wconf 86' lang='lat' dir='ltr'><strong>reddatis.</strong></span> <span class='ocrx_word' id='word_1_927' title='bbox 3052 5825 3254 5881; x_wconf 86' lang='lat' dir='ltr'><strong>Verum</strong></span> <span class='ocrx_word' id='word_1_928' title='bbox 3316 5821 3415 5894; x_wconf 88' lang='lat' dir='ltr'><strong>ipsi</strong></span> <span class='ocrx_word' id='word_1_929' title='bbox 3456 5837 3558 5877; x_wconf 85' lang='lat' dir='ltr'><strong>nec</strong></span> <span class='ocrx_word' id='word_1_930' title='bbox 3616 5821 3827 5879; x_wconf 86' lang='lat' dir='ltr'><strong>Deum</strong></span> 
     </span>
    </p>
   </div>
  </div>
