4024 6170
191 225 288 282 837

746 224 1032 280 ΑΡΡΕΝΟ.
1077 223 1138 280 ll.
1179 253 1247 265 ——
1285 223 1779 282 WlBER‘I‘LANTll

1892 225 1965 280 es
2002 223 2340 282 EPISTOLAQ
2379 226 2461 281 er
2500 203 2900 283 PRIVILEGIA.

3368 229 3470 286 838

190 348 457 417 timentes,
487 363 591 404 nec
621 347 904 406 hominem
939 357 1273 418 reverentes,
1305 349 1595 422 legatoset
1623 349 1769 406 Iitte-
1796 352 1850 418 Α
1879 350 2266 414 nummulariis
2287 349 2574 422 jubemur.
2598 351 2835 420 Idcirco,
2871 351 3091 420 fratres,
3125 351 3320 409 hortor
3337 353 3470 410 dile-

190 457 274 498 ras
307 449 528 498 nostras
554 458 657 499 nec
679 442 868 500 audire
907 459 1010 500 nec
1033 443 1218 502 videre
1257 443 1565 500 voluerunt.
1608 443 1773 500 Unde

188 535 246 590 in
279 535 558 592 erroribus
578 536 692 592 suis
718 535 1078 607 perdurantes
1116 553 1179 594 ex
1211 537 1438 594 latebris
1458 553 1594 609 quas
1653 552 1771 593 ser-

188 628 408 699 pentino
432 645 587 688 more
608 628 874 698 incolunt,
904 631 973 688 ad
1011 630 1365 702 decipiendos
1386 631 1658 697 incautos,
1692 631 1772 686 vel

189 721 464 794 simplices
513 722 640 780 dira
695 724 854 782 sibila
898 725 1178 794 emittunt,
1236 733 1496 782 acuentes
1556 725 1775 795 linguas

187 831 315 872 suas
356 817 501 873 sicut
535 826 817 890 serpentes
859 835 1131 876 venenum
1182 818 1440 892 aspidum
1485 818 1589 874 sub
1617 818 1777 874 labiis

188 924 399 979 eorum,
429 918 534 966 etc.
581 913 814 981 Quantae
841 913 1009 984 igitur
1053 912 1286 971 humani
1323 912 1601 984 sanguinis
1628 909 1776 968 effu-

185 1005 368 1060 siones
390 1004 448 1061 in
474 1004 666 1062 italico
701 1014 759 1062 et
783 1008 1084 1063 Teutonico
1128 1022 1299 1079 regno
1333 1006 1620 1064 occasione
1645 1019 1778 1076 pra:-

186 1097 474 1156 dicationis
523 1114 716 1156 eorum
763 1098 924 1158 facta
973 1101 1104 1168 sint,
1151 1109 1373 1174 quantae
1420 1100 1775 1158 ecclesiarum

184 1191 600 1260 destructiones,
632 1195 824 1264 quanti
854 1193 1142 1250 viduarum
1168 1203 1224 1250 et
1267 1193 1651 1265 orphanorum
1680 1209 1776 1264 ge-

185 1286 386 1354 mitus;
434 1295 713 1356 postremo
764 1297 984 1359 quantm
1049 1288 1284 1344 universi
1335 1287 1578 1344 Romani
1622 1286 1773 1356 regni

181 1377 652 1450 depopulationes,
681 1380 913 1438 lucidius
953 1398 1019 1439 ex
1067 1397 1262 1438 eorum
1317 1379 1646 1454 gemitibus,
1678 1381 1774 1450 qui

185 1474 592 1544 opprimuntur,
634 1490 805 1547 quam
835 1482 1021 1531 nostra
1051 1475 1316 1532 relatione
1358 1473 1770 1545 comprobatur.

185 1568 453 1624 Praeterea
502 1568 711 1639 placuit
732 1577 922 1625 sancto
968 1569 1280 1636 conventui,
1309 1576 1370 1623 ut
1414 1568 1468 1623 in
1495 1567 1770 1624 Simonia-

181 1677 296 1727 cos,
324 1663 419 1734 qui
449 1661 749 1718 Ecclesiam
795 1663 898 1718 Dei
947 1663 1218 1720 latronum
1257 1663 1577 1733 speluncam
1624 1661 1774 1716 fece-

181 1763 328 1824 runt,
371 1753 555 1812 debita
584 1756 1064 1814 animadversione
1111 1755 1514 1826 inveheremus,
1549 1761 1605 1811 et
1630 1755 1772 1812 redi-

184 1849 365 1904 vivum
391 1857 558 1920 caput
578 1849 726 1906 illius
765 1849 1037 1907 haereseos
1073 1850 1239 1906 toties
1281 1867 1312 1906 a
1359 1848 1558 1905 sanctis
1609 1849 1776 1903 Patri-

181 1942 280 1998 bus
343 1942 647 2000 abscissum
714 1943 900 2016 gladio
944 1943 1088 2000 beati
1128 1943 1271 2000 Petri
1343 1950 1771 2014 amputaremus.

181 2035 345 2094 Unde
403 2035 726 2094 eorumdem
784 2039 1013 2093 Patrum
1067 2045 1391 2093 sanctorum
1443 2035 1776 2092 documenta

181 2138 456 2188 sectantes
474 2131 776 2202 apostolica
802 2130 1124 2188 auctoritate
1147 2130 1498 2202 pracipimus
1516 2138 1578 2185 ut
1595 2129 1776 2186 nullus

177 2223 436 2296 deinceps
465 2223 624 2280 alicui
668 2239 899 2281 manum
945 2232 1244 2297 prmsumat
1273 2224 1560 2294 imponere
1595 2223 1778 2294 potius

182 2333 352 2390 quam
403 2319 628 2389 pessimi
703 2318 1024 2376 commercii
1091 2318 1475 2376 conventione.
1516 2318 1574 2373 Si
1627 2333 1774 2384 vero,

179 2411 331 2484 quod
350 2411 518 2480 absit,
544 2411 650 2469 hoc
677 2412 886 2468 crimen
910 2411 964 2468 in
995 2412 1180 2484 aliquo
1206 2411 1462 2483 deinceps
1498 2418 1774 2483 repertum

179 2503 372 2572 fuerit,
432 2513 490 2561 et
531 2504 815 2563 ordinatur
857 2504 1077 2578 propria
1120 2506 1180 2560 in
1216 2513 1545 2576 perpetuum
1597 2511 1780 2560 careat

175 2597 466 2670 dignitate,
493 2607 549 2655 et
581 2598 866 2655 ordinatus
904 2615 968 2655 ex
997 2614 1060 2654 ea
1093 2613 1218 2670 quae
1261 2613 1358 2670 per
1384 2597 1778 2654 commercium

177 2691 323 2749 facta
383 2701 488 2760 est,
545 2693 791 2764 perﬁciat
856 2692 1226 2749 ordinatione.
1287 2693 1579 2756 Praterea,
1627 2687 1780 2760 quod

175 2786 402 2844 silentio
448 2784 985 2858 pratermittendum
1035 2801 1147 2841 non
1201 2783 1310 2840 fuit
1351 2785 1479 2854 quia
1526 2798 1782 2838 murmur

177 2879 373 2953 populi
401 2878 666 2936 adversus
708 2879 1163 2936 incontinentiam
1211 2876 1537 2934 clericorum
1571 2876 1781 2948 passim

174 2971 383 3031 crescit
411 2988 479 3029 ac
505 2972 794 3040 dilatatur,
825 2973 958 3028 utile
978 2971 1156 3027 visum
1199 2970 1324 3037 fuit,
1363 2978 1425 3026 ut
1455 2985 1518 3025 ea
1549 2986 1655 3042 qua
1685 2968 1782 3025 de-

169 3065 314 3126 betis
343 3066 650 3139 diligentia,
693 3066 980 3130 ministros
1006 3065 1196 3121 altaris
1223 3062 1528 3120 secundum
1573 3069 1776 3118 statuta

170 3175 464 3218 canonum
495 3159 699 3228 vivere,
734 3167 897 3231 atque
938 3158 1271 3215 munditiam
1320 3157 1608 3226 castitatis,
1661 3155 1779 3211 sine

168 3271 305 3328 qua,
342 3260 487 3311 teste
509 3252 797 3325 Apostolo,
825 3253 1038 3326 placere
1060 3255 1181 3308 Deo
1209 3267 1325 3308 non
1356 3256 1608 3322 possunt,
1638 3249 1776 3304 irre-

166 3345 622 3418 prehensibiliter
649 3345 928 3402 custodire
957 3345 1378 3412 commoneatis,
1410 3351 1679 3416 quatenus
1711 3341 1779 3396 de

164 3441 524 3500 correctione
547 3455 740 3496 eorum
758 3438 830 3495 ab
855 3439 944 3495 his
961 3439 1054 3510 qui
1075 3437 1205 3494 foris
1223 3445 1370 3503 sunt,
1395 3436 1602 3493 bonum
1623 3435 1778 3491 testi-

167 3535 450 3594 monium
493 3533 766 3600 habentis,
810 3539 867 3589 et
891 3531 1290 3588 murmurantis
1325 3530 1513 3601 populi
1544 3529 1779 3584 insolen-

164 3629 314 3686 tiam
347 3627 632 3700 quiescere
655 3624 892 3682 faciatis.
935 3625 1008 3680 Hi
1039 3640 1168 3681 vero
1205 3623 1298 3695 qui
1344 3624 1544 3679 missas
1588 3637 1778 3694 pecca-

172 3727 377 3778 torum
405 3719 760 3778 sacerdotum
788 3725 1078 3791 respuunt,
1123 3725 1179 3774 et
1205 3718 1301 3788 qui
1329 3717 1408 3772 eis
1432 3724 1559 3772 ante
1584 3715 1781 3787 judicii

175 3812 368 3870 nostri
408 3828 698 3870 censuram
745 3811 1020 3884 opinionis
1068 3825 1185 3867 suae
1231 3808 1612 3882 praajudicium
1646 3807 1782 3864 infe-

176 3916 338 3975 runt,
361 3906 755 3965 communione
799 3913 1005 3963 sanctae
1033 3904 1290 3961 Ecclesiae
1309 3919 1492 3976 usque
1511 3901 1582 3959 ad
1603 3917 1787 3958 emeno

175 3999 478 4058 dationem
507 4001 816 4072 priventur.
851 3997 1284 4070 Conjunctiones
1313 4003 1500 4051 autem
1543 4009 1785 4051 consan-

173 4095 522 4167 guineorum
552 4093 672 4150 ﬁeri
697 4091 1010 4164 prohibete,
1043 4091 1306 4162 quoniam
1337 4088 1454 4156 has,
1506 4096 1563 4143 et
1589 4087 1786 4144 divinae

175 4187 456 4246 etsaaculi
500 4186 800 4260 prohibent
827 4187 992 4258 leges.
1048 4183 1378 4242 Consideret
1399 4197 1548 4248 vero,
1587 4179 1788 4236 fratres

171 4280 547 4348 dilectissimi,
599 4289 778 4336 vestra
817 4277 1088 4336 excellens
1134 4275 1448 4349 prudentia,
1491 4289 1659 4346 quam
1695 4273 1787 4329 bo-

169 4389 328 4430 num
357 4375 430 4429 sit
457 4373 742 4444 persistere
766 4372 822 4427 in
858 4371 1257 4444 dispensatione
1287 4370 1442 4425 vobis
1475 4367 1703 4434 credita,
1732 4375 1786 4422 et

1805 1722 1854 1784 B

1882 446 2125 505 ctionem
2159 453 2426 512 vestram,
2451 445 2696 502 obtestor
2719 456 2773 502 et
2799 462 3023 514 moneo,
3045 455 3110 502 ut
3135 463 3242 519 qua
3261 446 3474 504 debetis

1885 547 1938 594 et
1966 541 2212 611 potestis,
2260 539 2630 596 sollicitudine
2654 540 2910 611 vigiletis,
2938 540 3009 595 ad
3059 541 3474 612 investigandos

1884 632 2192 702 haereticos,
2225 641 2281 689 et
2294 633 2550 690 inimicos
2567 642 2768 690 sanctae
2791 635 2890 691 Dei
2907 634 3182 703 Ecclesia,
3204 642 3306 690 eta
3325 634 3474 692 sanis

1885 727 2161 783 mentibus
2188 744 2258 783 ne
2288 729 2458 799 pestis
2485 727 2787 788 haeciatius
2814 728 3142 801 divulgetur,
3182 728 3472 784 severitate

1884 835 1992 892 qua
2023 821 2248 891 potestis
2272 837 2373 893 pro
2410 821 2613 878 viribus
2641 822 2972 893 exstirpetis,
3027 822 3290 894 quoniam
3330 821 3473 878 sicut

1884 912 2106 970 habebit
2139 931 2168 970 a
2199 917 2319 970 Deo
2347 914 2528 988 dignm
2557 915 3024 978 remunerationis
3046 915 3352 987 praemium,
3376 915 3473 986 qui

1884 1006 2196 1077 diligentius
2228 991 2378 1080 (βιοά
2431 1007 2504 1065 ad
2549 1009 2783 1067 salutem
2829 1008 3142 1066 commissa
3170 1008 3274 1064 sibi
3306 1007 3477 1080 plebis

1884 1100 2151 1172 proﬁciat,
2175 1101 2339 1158 fuerit
2361 1112 2677 1171 exsecutus;
2717 1103 2791 1158 ita
2821 1111 2948 1160 ante
2976 1101 3213 1157 tribunal
3246 1101 3475 1158 Domini

1885 1194 1954 1250 de
1981 1203 2136 1252 reatu
2174 1196 2518 1268 negligentiae
2571 1212 2630 1252 se
2679 1212 2792 1252 non
2829 1198 3032 1268 poterit
3060 1211 3318 1251 excusare
3355 1194 3473 1266 qui-

1883 1304 2102 1360 cunque
2129 1289 2349 1362 plebem
2385 1305 2546 1346 suam
2567 1297 2761 1346 contra
2791 1298 2908 1346 tam
2948 1288 3226 1362 sacrilegae
3255 1302 3475 1358 persua-

1883 1381 2055 1438 sionis
2081 1390 2331 1440 auctores
2354 1382 2594 1439 noluerit
2611 1383 2902 1440 custodire.

2623 1488 2746 1542 VII.

2033 1585 2379 1653 Priuilegt'um
2426 1585 2684 1640 Clements
2716 1585 2801 1638 ΠΙ
2834 1599 2931 1652 pro
2969 1583 3294 1652 parthenone

2351 1658 2528 1710 Beata"
2584 1657 2732 1712 Petri
2772 1657 3044 1710 Patavini.

2474 1752 2656 1814 (Anno
2701 1750 2884 1815 1091.)

2164 1845 2450 1910 [Casum
2469 1846 2612 1899 Hist.
2636 1843 2696 1898 di
2712 1843 2949 1906 Padova,
2968 1856 3020 1912 p.
3041 1844 3193 1908 262.]

1950 1949 2234 2004 CLBIBNS
2255 1947 2564 2018 episcopus,
2582 1961 2775 2002 servus
2793 1961 3076 2002 servorum
3096 1942 3223 2012 Dei,
3240 1944 3476 2002 dilectis-

1883 2041 2034 2097 simte
2057 2041 2114 2095 in
2140 2041 2362 2097 Christo
2392 2041 2518 2096 ﬁliae
2535 2042 2933 2107 Tnsornrnm,
2965 2038 3286 2095 monasterii
3321 2038 3477 2094 Beati

1883 2135 2029 2190 Petri
2065 2135 2122 2190 in
2149 2133 2416 2191 Paduana
2439 2133 2654 2190 civitate
2697 2133 2786 2189 siti
2811 2132 3122 2200 abbatissa,
3155 2140 3211 2188 et
3235 2131 3340 2188 Dei
3379 2147 3478 2185 an-

1879 2229 2019 2283 cillis
2038 2227 2176 2284 inibi
2198 2226 2620 2295 famulantibus,
2641 2226 2966 2298 cunctisque
2990 2224 3132 2281 inibi
3161 2225 3479 2298 regulariter

1882 2321 2301 2377 succedentibus
2340 2323 2397 2376 in
2439 2330 2781 2394 perpetuum.
3203 2357 3205 2360 ‹
3393 2381 3395 2383 ,

1953 2418 2034 2471 Ex
2059 2414 2501 2472 consideratione
2557 2415 2844 2487 pastoralis
2889 2430 3059 2482 curm,
3097 2429 3267 2486 quam
3312 2411 3482 2469 admi-

1881 2508 2205 2564 nistratione
2259 2508 2404 2565 sedis
2461 2510 2777 2579 apostolicae
2824 2510 3087 2581 gerimus,
3151 2507 3239 2563 cui
3313 2505 3483 2564 nullis

1886 2600 2118 2672 propriis
2156 2601 2367 2680 meritis
2421 2600 2518 2656 sed
2549 2600 3148 2680 divinmprovidentise
3193 2600 3482 2670 dispensa-

1884 2694 2036 2750 tione
2088 2678 2464 2764 prtesidemus,
2496 2678 2746 2750 omnium
2775 2709 2898 2766 qua:
2927 2707 3322 2766 usquequaque
3349 2698 3480 2748 sunt

1889 2786 2253 2843 Ecclesiarum
2305 2787 2583 2856 provectui
2635 2802 2736 2842 nos
2783 2786 3039 2842 convenit
3069 2785 3373 2857 invigilare,
3419 2799 3481 2838 ac

1876 2880 2040 2952 justis
2067 2880 2308 2936 ﬁdelium
2348 2879 2809 2951 postulationibus
2848 2879 3124 2951 aequitatis
3195 2891 3480 2934 assensum

1888 2970 2151 3041 praebere,
2187 2970 2456 3042 bonisque
2484 2985 2546 3025 ac
2590 2968 2857 3042 religiosis
2896 2967 3171 3038 inemptis,
3211 2975 3270 3023 ut
3297 2967 3367 3022 de
3391 2966 3481 3022 die

1889 3061 1944 3117 in
1985 3062 2128 3119 diem
2176 3070 2619 3136 augmententur,
2657 3071 2712 3119 et
2759 3061 2827 3118 ad
2876 3059 3272 3132 perfectionem
3311 3073 3484 3130 usque

1888 3156 2277 3229 perducantur,
2328 3156 2500 3213 nostri
2526 3155 2732 3212 favoris
2777 3163 3092 3226 nostraque
3137 3151 3484 3210 auctoritatis

1889 3248 2222 3322 suffragium
2241 3249 2536 3322 impertiri,
2583 3257 2856 3322 quatenus
2883 3263 3132 3322 personae
3188 3250 3304 3304 Deo
3327 3245 3482 3302 dica-

1892 3354 1960 3400 tae
2007 3352 2062 3402 et
2115 3343 2299 3399 divino
2365 3344 2515 3399 cultu
2560 3352 2821 3414 perpetuo
2860 3342 2984 3415 jure
3027 3341 3373 3413 mancipata,
3411 3337 3482 3394 ab

1889 3437 2041 3493 omni
2093 3437 2446 3493 saecularium
2492 3435 2864 3508 inquietudine
2906 3444 3134 3492 remota:
3175 3443 3229 3490 et
3270 3433 3485 3490 cunctis

1891 3530 2260 3587 mundialibus
2309 3529 2718 3602 impedimentis
2755 3529 3042 3602 expeditae,
3118 3544 3254 3599 pura
3306 3535 3372 3586 et,
3401 3527 3488 3582 in-

1890 3633 2037 3680 tenta
2113 3631 2298 3680 mente
2326 3623 2622 3680 .Creatoris
2686 3624 2772 3677 sui
2817 3623 3070 3679 laudibus
3099 3621 3356 3678 insistere
3408 3628 3486 3675 te-

1892 3727 2141 3774 neantur.
2185 3716 2368 3784 Unde,
2409 3715 2702 3773 reverenda
2735 3715 2846 3771 ﬁlia
2875 3714 3200 3787 Theophila,
3229 3714 3486 3785 quoniam

1893 3810 2230 3868 sanctissima
2269 3810 2488 3866 devotio
2518 3817 2636 3878 tua,
2683 3808 2953 3882 religiosis
2994 3807 3244 3865 moribus
3281 3805 3487 3862 suffra-

1892 3914 2040 3978 gata,
2071 3903 2356 3960 humiliter
2383 3903 2538 3976 petiit
2559 3912 2621 3959 ut
2639 3902 2966 3975 praedictum
3009 3901 3166 3958 Beati
3190 3901 3342 3957 Petri
3371 3915 3490 3956 mo-

1895 3999 2194 4055 nasterium
2241 3997 2413 4053 nostri
2455 3997 2716 4069 privilegii
2745 3996 3071 4052 auctoritate
3118 3995 3490 4063 ﬁrmaremus,

1894 4100 2162 4163 quatenus
2215 4092 2474 4146 omnibus
2531 4090 2730 4147 futuris
2797 4090 3138 4164 temporibus
3208 4094 3484 4146 monaste-

1897 4186 2042 4240 rium
2091 4183 2415 4241 ancillarum
2452 4182 2554 4240 Dei
2583 4183 2865 4251 existeret,
2891 4192 2953 4240 ut
3001 4183 3255 4240 videlicet
3281 4179 3487 4239 sancti-

1899 4277 2187 4344 moniales,
2248 4277 2527 4332 nullorum
2567 4275 2771 4348 absque
2827 4276 2979 4333 omni
3029 4274 3491 4339 contradictione.

1895 4371 1996 4428 sub
2026 4369 2294 4442 regimine
2316 4369 2611 4425 abbatissae
2639 4369 2928 4442 degerent;
2949 4369 3173 4426 devotas
3193 4367 3488 4440 petitiones

166 4468 243 4523 in
277 4466 384 4524 ﬁde
421 4475 593 4534 recta,
623 4475 786 4539 atque
816 4464 1104 4532 haereticis,
1134 4473 1190 4520 et
1228 4464 1445 4520 aemulis
1468 4462 1666 4520 Christi
1695 4478 1781 4517 re—
1810 4483 1866 4548 Β
1897 4477 2015 4524 tuas
2067 4480 2162 4536 per
2227 4463 2601 4518 interventum
2661 4461 3112 4518 honorandorum
3150 4459 3489 4517 confratrum

165 4575 460 4632 pugnare,
486 4569 542 4616 et
559 4576 840 4634 nunquam
863 4575 894 4615 a
931 4557 1178 4615 veritatis
1207 4558 1424 4613 tramite
1469 4555 1748 4613 declinare
1765 4596 1780 4624 ,

165 4668 366 4727 quam
402 4654 679 4711 Dominus
729 4661 783 4709 et
813 4653 1059 4710 Salvator
1110 4652 1386 4726 omnium,
1429 4650 1584 4722 cujus
1618 4650 1783 4706 ﬁdem

163 4756 442 4804 tenemus
473 4788 489 4816 ,
513 4747 606 4822 qui
637 4761 734 4818 pro
756 4746 916 4803 nobis
941 4745 1083 4802 mori
1105 4761 1220 4800 non
1258 4742 1550 4812 dubitavit,
1591 4749 1783 4815 etpro-

157 4838 318 4914 prio
339 4855 438 4898 nos
459 4840 726 4914 sanguine
751 4838 1008 4908 redemit,
1039 4837 1204 4894 ﬁdem
1251 4840 1315 4893 B.
1365 4836 1513 4892 Petri
1537 4851 1653 4893 non
1687 4834 1782 4891 de-

159 4933 470 4992 fecturam
498 4933 775 5006 promisit,
827 4940 883 4988 et
908 4931 1232 4998 conﬁrmare
1257 4945 1384 4986 eum
1436 4929 1634 4986 fratres
1656 4945 1787 4986 suos

157 5026 515 5095 admonuit,
559 5025 711 5100 quod
739 5025 1067 5099 apostolicos
1093 5024 1379 5097 pontiﬁces
1403 5038 1542 5079 meae
1584 5022 1786 5094 exigui-

159 5119 326 5176 tatis
380 5119 805 5192 praedecessores
880 5118 1215 5176 conﬁdenter
1287 5132 1504 5188 semper
1572 5115 1786 5185 fecisse,

157 5213 406 5272 cunctis
431 5221 514 5272 est
540 5213 842 5287 cognitum,
872 5227 1107 5284 quorum
1129 5218 1185 5267 et
1199 5210 1614 5282 pusillanimitas
1639 5225 1784 5276 mea,

159 5309 328 5365 licet
363 5307 544 5380 impar
565 5315 622 5364 et
646 5306 876 5363 minima
921 5321 1021 5379 pro
1050 5312 1328 5376 suscepto,
1369 5312 1558 5360 tamen
1603 5303 1788 5360 divina

153 5401 515 5473 dignatione
562 5400 931 5458 ministerium
984 5398 1306 5472 pedissequa
1349 5397 1498 5468 cupit
1541 5395 1786 5453 existere.

154 5495 303 5550 Va
327 5493 491 5565 igitur
517 5495 623 5550 erit
645 5494 822 5565 nobis,
855 5495 951 5568 qui
995 5493 1159 5566 hujus
1188 5490 1479 5548 ministerii
1507 5488 1644 5545 onus
1667 5504 1788 5545 sus-

148 5584 466 5656 cepimus,
494 5586 538 5642 si
568 5586 856 5644 veritatem
894 5586 1018 5644 ﬁdei
1046 5584 1117 5643 ad
1163 5583 1328 5656 hujus
1356 5581 1788 5640 destructionem

147 5678 403 5737 erroris
448 5679 749 5751 prmdicare
777 5679 1197 5753 neglexerimus.
1246 5679 1346 5734 Va:
1390 5676 1496 5734 erit.
1538 5673 1699 5732 nobis
1742 5675 1791 5731 si

146 5768 488 5832 εγω-ἥψω
541 5773 755 5833 silentio
818 5772 1252 5848 oppresserimus
1262 5810 1284 5845 ,
1335 5784 1506 5844 quam
1566 5783 1791 5841 erogare

1891 4566 2208 4616 nostrorum
2250 4556 2492 4624 Milonis,
2535 4556 2742 4613 scilicet
2804 4554 3056 4628 ejusdem
3093 4554 3324 4611 civitatis
3356 4553 3495 4625 epis-

1891 4653 2032 4724 copi,
2060 4660 2114 4706 et
2168 4650 2396 4706 Boberti
2422 4648 2708 4705 Faventini
2736 4649 2994 4722 episcopi,
3025 4663 3238 4705 necnon
3255 4648 3494 4706 dilectis-

1891 4745 2017 4802 simi
2072 4743 2168 4799 ﬁlii
2210 4742 2385 4798 nostri
2439 4743 2583 4798 Petri
2629 4741 2872 4799 Paduani
2937 4741 3324 4809 archidiaconi,
3367 4757 3489 4815 gra-

1890 4845 2074 4894 tanter
2109 4835 2460 4908 suscipimus,
2507 4843 2563 4892 et
2599 4836 2711 4892 tuis
2759 4835 3032 4908 religiosis
3077 4834 3217 4890 votis
3259 4834 3492 4892 libenter

1893 4931 2205 4987 annuimus.
2260 4930 2612 5001 Quapropter
2675 4928 2972 5002 apostolica
3047 4928 3396 4996 auctoritate,
3435 4934 3492 4982 et

1897 5023 2062 5097 hujus
2090 5023 2262 5079 nostri
2293 5023 2567 5096 privilegii
2595 5022 3006 5093 constitutione,
3051 5022 3412 5088 concedimus
3437 5027 3493 5074 et

1895 5117 2289 5174 conﬁrmamus
2343 5125 2407 5173 ut
2447 5117 2702 5174 omnibus
2736 5116 2992 5188 deinceps
3043 5114 3240 5174 futuris
3284 5123 3492 5187 tempo-

1895 5211 2046 5267 ribus
2088 5210 2490 5267 monasterium
2546 5209 2679 5266 illud
2727 5209 3058 5282 praedictum
3100 5206 3489 5265 sanctimonia-

1896 5303 2036 5360 lium
2061 5302 2464 5360 monasterium
2512 5302 2805 5371 habeatur,
2856 5319 2960 5359 nec
2998 5301 3107 5358 ulla
3137 5301 3212 5357 sit
3233 5299 3493 5371 deinceps

1897 5411 2094 5469 magna
2123 5411 2396 5468 parvaque
2422 5411 2653 5467 persona
2697 5412 2824 5469 quae
2850 5396 2957 5452 hoc
2982 5395 3256 5452 ullatenus
3292 5392 3494 5451 audeat

1898 5487 2210 5554 immutare.
2270 5487 2678 5550 Conﬁrmamus
2719 5504 2942 5563 quoque
2977 5487 3161 5545 eidem
3212 5493 3491 5545 monaste-

1898 5583 2003 5652 rio,
2035 5581 2244 5654 tibique
2278 5589 2337 5640 et
2381 5585 2640 5658 omnibus
2677 5584 2780 5640 tibi
2805 5581 3126 5657 regulariter
3154 5579 3492 5648 succedenti-

1899 5674 2002 5731 bus
2055 5674 2126 5751 ad
2167 5691 2331 5732 usum
2365 5677 2869 5735 sanctimonialium
2910 5673 3046 5732 inibi
3091 5677 3214 5733 Deo
3254 5670 3495 5730 servien-

1902 5768 2041 5826 tium
2087 5769 2280 5829 omnia
2319 5783 2445 5842 qum
2491 5768 2776 5840 habentur
2805 5766 2868 5826 in
2909 5765 3101 5826 charta
3178 5760 3496 5824 donationis
