4048 6174
567 266 668 330 839

1567 264 1657 319 AD
1695 257 1920 318 OPERA
1960 257 2014 316 S.
2055 249 2375 314 GBEGORII
2415 250 2848 315 APPENDICES.

3745 259 3833 317 840

567 414 736 472 quam
757 397 1040 469 episcopus
1060 393 1193 448 Milo
1221 391 1374 447 vobis
1411 389 1554 456 fecit,
1576 397 1630 444 et
1658 387 1842 444 omnia
1867 402 1989 459 quae
2006 400 2153 441 nunc
2181 388 2235 451 Α
2261 385 2316 438 in
2347 384 2564 440 Rivalta
2593 399 2721 440 cum
2747 390 2927 440 castro
2964 391 3019 438 et
3054 383 3169 440 suis
3214 381 3588 454 pertinentiis,
3620 392 3677 440 et
3701 399 3837 440 man-

569 495 798 558 habetis,
837 491 920 546 vel
959 485 1286 558 acquisistis,
1319 491 1374 540 et
1401 498 1524 556 quae
1572 481 1852 554 deinceps,
1884 489 2001 537 tam
2050 494 2146 536 vos

565 603 730 661 quam
769 581 1119 639 succedentes
1164 577 1344 645 vobis,
1402 577 1551 649 juste
1591 575 1937 649 acquisituraa
2001 574 2144 630 estis.

566 678 920 748 Pracipimus
970 675 1194 744 insuper
1240 681 1294 728 et
1341 671 1635 744 apostolica
1679 669 2007 728 auctoritate
2058 668 2144 724 iu-

564 771 883 830 terdicimus
921 777 984 823 ut
1013 767 1194 823 nullus
1241 767 1372 832 dux,
1419 764 1689 834 marchio,
1748 778 1956 829 comes,
2009 762 2147 818 vice-

560 880 768 933 comes,
815 863 1073 934 nullaque
1125 875 1322 932 magna
1349 874 1621 931 parvaque
1652 873 1885 929 persona
1924 857 2036 912 sive
2061 871 2148 911 ec-

559 958 875 1023 clesiastica,
906 957 1018 1012 sive
1048 953 1344 1021 saecularis,
1395 950 1721 1022 praedictum
1756 948 2148 1006 monasterium

560 1053 708 1110 Beati
754 1051 921 1118 Petri,
979 1049 1063 1105 vel
1091 1035 1192 1104 Dei
1239 1047 1470 1102 famulas
1496 1045 1568 1102 ibi
1608 1039 1923 1112 servientes,
1954 1043 2022 1099 de
2066 1042 2148 1098 his

559 1161 680 1218 qua:
735 1145 900 1216 hujus
953 1142 1124 1198 nostri
1171 1140 1432 1212 privilegii
1488 1139 1811 1195 auctoritate
1861 1137 2149 1193 conﬁrma-

559 1256 706 1307 mus,
737 1237 936 1294 audeat
972 1235 1224 1306 deinceps
1261 1234 1373 1289 ulla
1403 1232 1781 1306 inquietudine
1836 1231 2142 1287 molestare.

559 1335 613 1390 Si
663 1332 786 1403 quis
832 1339 1015 1387 autem
1044 1329 1206 1400 hujus
1260 1329 1435 1384 nostri
1490 1325 1752 1399 privilegii
1802 1325 2148 1381 sanctionem

560 1427 867 1492 violaverit,
923 1424 1024 1481 nisi
1069 1423 1385 1493 resipuerit,
1459 1431 1513 1476 et
1567 1420 1729 1493 digna
1781 1419 2150 1475 satisfactione

561 1519 945 1585 emendaverit,
975 1517 1045 1574 sit
1102 1517 1333 1573 extorris
1364 1532 1393 1571 a
1421 1531 1585 1587 regno
1625 1515 1748 1580 Dei,
1801 1522 1991 1586 utpote
2018 1529 2148 1584 apo-

558 1615 760 1671 stolica:
790 1612 1130 1669 auctoritatis
1158 1611 1450 1681 sacrilegus
1477 1617 1848 1678 contemptor,
1884 1616 1958 1676 et,
1989 1607 2150 1680 digna

559 1705 1124 1765 excommunicatione
1151 1705 1458 1769 damnatus,
1485 1707 1551 1757 ab
1581 1701 1823 1758 Ecclesia
1855 1702 1958 1756 Dei
1989 1717 2148 1772 pror—

2252 494 2375 534 sum
2398 477 2454 533 in
2483 478 2755 534 Corniano
2786 485 2841 534 et
2868 477 2926 533 in
2949 477 3209 546 Ruucho,
3243 477 3490 533 Folliauo
3518 486 3576 534 et
3602 478 3836 544 Alliano,

2254 580 2308 628 et
2335 589 2422 628 res
2449 573 2507 627 in
2531 573 2764 629 Gavassa
2800 588 2928 628 cum
2955 571 3212 636 decimis,
3253 580 3305 627 et
3329 571 3496 644 sylva,
3539 580 3595 628 et
3645 571 3700 626 in
3727 574 3838 628 Cor-

2255 669 2417 735 rz’gia,
2441 683 2538 722 seu
2562 666 2618 721 in
2645 666 2933 732 Butrio,in
2967 667 3095 733 Rio,
3131 667 3364 734 Fazano,
3394 666 3838 738 Campogalliani,

2254 759 2308 815 in
2361 762 2628 828 Foutana,
2678 761 2731 816 iu
2771 763 2959 829 Prato,
2989 760 3214 830 Caunle,
3256 760 3526 826 Maudrie,
3559 761 3615 815 in
3644 761 3837 832 Gurgo.

2257 856 2324 909 Et
2357 862 2533 911 sortes
2577 854 2715 911 duas
2743 871 2867 928 quae
2915 863 3044 910 sunt
3071 869 3239 928 prope
3285 855 3739 924 Curtemnovam,
3796 863 3841 910 et

2256 963 2478 1004 mansos
2498 948 2636 1004 duos
2674 948 2729 1004 iu
2751 948 2974 1016 Cetlole,
3011 956 3067 1005 et
3084 949 3299 1021 plebem
3323 947 3391 1005 de
3427 949 3696 1004 Nuvalare
3725 965 3840 1005 cum

2257 1043 2512 1099 omnibus
2527 1043 2639 1099 uis
2659 1042 3024 1114 pertinentiis,
3048 1050 3104 1098 et
3136 1058 3362 1099 mansos
3397 1049 3512 1099 tre
3538 1042 3595 1098 in
3623 1043 3842 1109 Canole,

2255 1137 2582 1205 Corviatico,
2615 1136 2938 1206 Mandriole,
2985 1137 3042 1192 iu
3100 1136 3324 1193 Fabrica
3366 1152 3624 1193 mansum
3652 1153 3849 1205 unum,

2257 1238 2310 1285 et
2348 1232 2403 1286 in
2441 1234 2593 1299 Seso,
2625 1231 2875 1301 Rodano,
2929 1231 3226 1298 Silvarauo,
3283 1230 3644 1300 Carbognano
3670 1273 3685 1296 ,
3733 1231 3844 1287 Cal-

2255 1325 2482 1392 dariola,
2509 1325 2885 1396 Campaniola,
2939 1325 3205 1392 Bedullo;
3251 1325 3368 1381 vico
3399 1324 3647 1392 Martini,
3681 1326 3846 1394 Quer-

2256 1419 2412 1485 ciola,
2462 1422 2648 1475 Monte
2694 1420 2961 1475 Gamoni.
3001 1421 3072 1475 Et
3117 1418 3380 1491 capellam
3413 1419 3597 1476 Sancti
3646 1419 3762 1475 Viti
3800 1421 3847 1474 in

2259 1512 2500 1576 Ofﬁano,
2537 1521 2590 1568 et
2616 1514 2892 1585 Capellam
2925 1513 3105 1569 Sancti
3136 1512 3354 1570 Abuudi
3378 1528 3505 1569 cum
3533 1513 3655 1569 suis
3685 1513 3846 1585 perti-

2260 1606 2480 1674 nentiis,
2513 1609 2738 1663 Pratum
2777 1606 2845 1663 de
2881 1609 3103 1672 Boceto,
3144 1606 3350 1673 Ariole,
3407 1607 3658 1670 Gaziata,
3689 1609 3835 1663 Mote

2259 1700 2399 1768 lena,
2433 1702 2778 1774 Campigeue,
2814 1701 3191 1768 Marmoriolo,
3224 1710 3279 1757 et
3318 1717 3404 1757 res
3459 1717 3581 1773 quae
3616 1702 3848 1773 rejaceut

557 1819 649 1858 sus
689 1809 980 1857 extraneas
1035 1798 1332 1866 efﬁciatur,
1413 1767 1799 1869 perpetuaeque
1871 1767 2150 1867 subj-aceat
2182 1767 2228 1830 B
2250 1794 2404 1866 juxta
2436 1767 2828 1866 pontiﬁcellnm
2857 1795 3094 1863 Rodaui,
3124 1767 3256 1851 silva
3289 1795 3357 1851 de
3385 1767 3647 1862 Groseto,
3669 1767 3849 1852 βαι-εἰσ

554 1894 937 1953 maledictioui.
970 1897 1044 1948 At
1072 1908 1202 1948 vero
1221 1892 1310 1964 qui
1342 1890 1463 1963 pius
1502 1890 1818 1946 observator
1861 1889 2148 1956 exstiterit,

554 1998 831 2062 perpetuae
883 1987 1280 2044 benedictionis
1326 1984 1662 2040 abundantia
1691 1984 1982 2054 repleatur,
2022 1999 2150 2038 con-

557 2083 854 2139 stituimus.

626 2178 785 2232 Anno
841 2173 1139 2230 Dominicae
1192 2170 1586 2228 lncarnationis
1635 2175 1795 2236 1091,
1847 2169 2147 2226 indictione

557 2281 691 2337 er,
722 2284 864 2324 anno
903 2276 1088 2323 autem
1118 2265 1469 2337 pontiﬁcatus
1498 2262 1689 2320 domui
1714 2264 2013 2320 Clementis
2066 2266 2145 2320 lli

555 2378 712 2435 papae
747 2376 856 2428 VII,
884 2376 995 2418 xxv
1026 2361 1161 2416 Kal.
1198 2358 1502 2416 Februarii.

630 2459 831 2513 Datum
876 2470 971 2526 per
1018 2469 1244 2511 manum
1287 2452 1532 2508 Bernerii
1572 2452 1685 2507 vice
1749 2451 2048 2508 caneellarii
2093 2451 2150 2506 in

555 2547 690 2607 urbe
726 2548 1002 2615 Paduaua,
1053 2556 1237 2604 actum
1297 2546 1541 2601 feliciter.

1262 2671 1412 2728 VIII.

553 2802 831 2856 Clementis
855 2801 959 2862 III,
989 2802 1097 2854 sive
1127 2798 1400 2864 Guibcrti,
1421 2796 1806 2867 pseudo-papa:
1839 2797 2007 2863 bulla,
2036 2813 2144 2866 qua

623 2874 890 2926 canonicis
936 2872 1159 2925 ecclesia:
1216 2870 1488 2937 Reg-tensis
1525 2871 1703 2923 omnia
1743 2870 1958 2924 illorum
2008 2869 2145 2923 bona

623 2948 673 2997 et
694 2945 827 3015 jura
851 2945 1146 3012 conﬁrmat.

1150 3060 1337 3123 (Auno
1379 3059 1557 3124 1092.)

830 3177 1211 3243 [Mnus-rom,
1230 3176 1418 3243 Antig.
1443 3174 1597 3236 Ital.,
1622 3175 1862 3239 11,185.]

617 3300 902 3356 Ccsusns
932 3299 1239 3372 episcopus,
1277 3313 1467 3354 servus
1494 3312 1778 3352 servorum
1812 3295 1940 3362 Dei,
1963 3310 2135 3351 cauo-

545 3393 680 3450 nicis
718 3393 1002 3465 Regiensis
1027 3392 1286 3459 ecclesia,
1345 3391 1700 3463 ipsorumque
1733 3389 2137 3445 successoribus

547 3487 605 3540 in
642 3495 983 3559 perpetuum.

616 3582 846 3652 Oportet
892 3597 995 3636 nos
1033 3581 1086 3635 in
1113 3581 1328 3651 specula
1379 3591 1583 3636 sancta:
1637 3579 1782 3636 sedis
1823 3579 2135 3651 apostolicae

543 3674 871 3728 constitutos
909 3673 980 3728 ad
1010 3673 1386 3728 defensionem
1432 3683 1487 3729 et
1509 3672 1915 3730 ﬁrmitudinem
1964 3673 2133 3728 eccle-

541 3767 750 3821 siarum
781 3765 885 3821 Dei
931 3765 1221 3838 vigilanter
1245 3766 1520 3833 insistere,
1552 3775 1820 3837 quatenus
1861 3765 1931 3821 de
1988 3766 2132 3821 bono

543 3859 599 3913 iu
629 3858 829 3914 melius
857 3861 974 3914 Deo
1003 3859 1290 3930 adjuvante
1320 3858 1630 3930 proﬁciant,
1664 3867 1742 3926 ut,
1770 3867 1981 3913 remota
2011 3874 2132 3914 om-

541 3953 696 4006 nium
733 3967 1026 4024 pravorum
1057 3951 1351 4006 hominum
1381 3951 1783 4022 inquietudine,
1816 3951 2131 4006 ministran-

534 4055 614 4101 tes
662 4043 852 4101 divinis
899 4044 1094 4100 ofﬁciis
1125 4044 1433 4116 promptius
1483 4044 1671 4100 intenti
1733 4044 1915 4114 quiete
1973 4043 2133 4099 mini-

533 4147 709 4194 strare
739 4145 962 4210 queant,
1009 4146 1062 4193 et
1091 4153 1193 4193 uos
1223 4137 1348 4192 boui
1378 4137 1610 4208 pastoris
1651 4153 1964 4193 mereamur
2008 4154 2128 4209 per-

534 4231 712 4303 cipere
751 4232 992 4304 praemia.
1048 4236 1126 4286 Ac
1159 4247 1255 4301 per
1285 4231 1386 4286 hoc
1417 4248 1514 4303 per
1543 4239 1870 4302 praesentem
1901 4231 2128 4302 scriptu-

533 4341 651 4380 ram
676 4325 971 4396 apostolica
1001 4326 1323 4380 auctoritate
1351 4325 1404 4378 in
1427 4333 1752 4396 perpetuum
1782 4325 2125 4380 manendum

535 4418 935 4475 conﬁrmamus
974 4417 1252 4473 canonicis
1296 4426 1497 4473 sanctae
1540 4418 1828 4490 Regieusis
1858 4417 2120 4485 ecclesia,

529 4521 590 4567 ut
624 4511 691 4567 ad
740 4511 1062 4567 canonicam
1103 4527 1260 4568 suam
1298 4510 1680 4566 inviolabiliter
1732 4520 1951 4566 teneant
2000 4527 2123 4566 cur-
2157 4525 2212 4615 ὺι

525 4613 640 4660 tem
691 4620 860 4660 uuam
911 4620 1036 4677 qua:
1094 4604 1290 4660 dicitur
1327 4604 1489 4670 Villa,
1531 4613 1587 4660 et
1626 4620 1848 4660 mansos
1913 4613 2022 4660 tres
2073 4604 2124 4659 in

529 4699 700 4767 Gova,
722 4714 977 4754 mansum
999 4713 1170 4755 unum
1185 4699 1530 4759 iuNoniauo,
1557 4699 1612 4753 iu
1635 4697 1896 4770 Campilia
1917 4706 2129 4753 curtem

529 4807 726 4860 unam,
759 4800 813 4847 et
848 4808 1073 4849 mansos
1100 4792 1260 4859 duos,
1292 4799 1346 4847 et
1381 4807 1555 4848 unum
1583 4808 1748 4863 quem
1782 4790 1931 4848 dedit
1976 4793 2128 4863 Sige-

525 4877 722 4953 fridus,
769 4886 862 4956 qui
914 4885 1114 4941 dicitur
1147 4884 1429 4953 --Galliulo,
1479 4893 1691 4940 curtem
1751 4899 1874 4957 quae
1925 4884 2129 4941 dicitur

528 4979 726 5046 Massa,
767 4995 894 5034 cum
942 4978 1055 5033 suis
1084 4976 1447 5048 appendiciis,
1493 4980 1803 5034 Prenniano
1849 4995 1972 5034 cum
1996 4979 2126 5044 suis,

531 5081 584 5128 et
618 5080 824 5127 terram
863 5085 990 5141 qua:
1017 5079 1100 5126 est
1133 5069 1189 5124 in
1233 5071 1424 5124 Castro
1454 5071 1756 5125 Holeriano
1798 5072 2128 5127 iu‘Mucleto

531 5180 793 5219 mansum
822 5177 1017 5228 unum,
1050 5163 1108 5217 in
1161 5162 1439 5217 Dinazano
1469 5179 1661 5229 unum,
1717 5164 1772 5217 iu
1797 5163 1952 5218 Valle
2000 5162 2134 5219 Birli

534 5272 730 5322 unum,
759 5256 817 5310 iu
838 5263 1025 5311 monte
1041 5254 1234 5310 Babuli
1264 5272 1460 5320 unum,
1494 5256 1549 5308 in
1567 5255 1828 5310 Casalicio
1857 5272 2050 5324 unum,
2070 5259 2127 5315 in

535 5347 804 5403 Braciano
831 5356 941 5402 tres
972 5348 1028 5402 in
1048 5347 1356 5402 Veterivola
1388 5364 1585 5418 unum,
1623 5349 1675 5402 in
1709 5354 1897 5404 monte
1931 5350 2128 5407 Todio-

533 5441 588 5496 ni
624 5456 815 5496 unum.
849 5443 920 5496 Et
971 5440 1235 5512 quidquid
1282 5441 1515 5510 pertinet
1547 5441 1613 5496 ad
1645 5443 1959 5512 praedictam
1988 5446 2125 5500 Sau-

532 5543 637 5591 ctae
668 5534 858 5590 Mariae
888 5543 943 5589 et
961 5534 1144 5590 Sancti
1166 5532 1449 5589 Michaelis
1494 5535 1817 5591 canonicam
1852 5537 1907 5591 iu
1931 5537 2123 5594 Tabia-

533 5645 626 5695 uo,
659 5627 1001 5694 Caterniano,
1044 5627 1315 5695 Mellocio,
1344 5636 1398 5683 et
1426 5628 1697 5697 Grazano,
1729 5639 1782 5685 et
1826 5632 2122 5699 Verniano,

536 5738 666 5779 cum
695 5721 810 5778 suis
838 5721 1190 5795 appendiciis,
1217 5730 1271 5779 et
1301 5722 1358 5779 in
1381 5724 1599 5778 civitate
1621 5726 1792 5786 Nova,
1827 5733 1882 5780 et
1909 5725 1963 5781 in
1985 5729 2124 5784 Cur-

539 5815 613 5883 lo,
649 5823 706 5872 et
737 5831 824 5873 res
842 5816 965 5874 illas
984 5832 1113 5874 cum
1127 5816 1259 5874 silva
1275 5816 1330 5872 in
1349 5816 1620 5889 Bajarola,
1638 5825 1692 5874 et
1710 5817 1929 5889 plebem
1954 5833 2120 5876 uuam

2258 1889 2405 1957 liole,
2435 1888 2696 1959 Ruucise,
2718 1889 2844 1946 etin
2870 1890 3060 1946 Casale
3087 1888 3470 1958 Fossedunde,
3496 1897 3552 1946 et
3579 1890 3846 1946 Razolnm

2257 1999 2385 2038 cum
2416 1983 2686 2054 piscariis,
2715 1991 2769 2039 et.
2799 1983 3058 2039 omnibus
3097 1984 3209 2039 suis
3239 1983 3586 2054 pertinentiis
3629 1983 3696 2038 ad
3721 1986 3850 2041 Sau-

2256 2084 2405 2132 ctum
2442 2076 2799 2148 Stephanum,
2831 2077 2899 2134 ad
2927 2079 3182 2134 Sanctum
3213 2076 3600 2135 Possidonium
3620 2118 3634 2144 ,
3660 2078 3723 2133 in
3771 2094 3846 2150 pa-

2258 2185 2328 2240 go
2357 2169 2652 2226 Mutinensi
2693 2170 2905 2243 Buyda,
2927 2171 2982 2226 in
3009 2179 3200 2227 monte
3225 2171 3558 2238 Passarario,
3590 2170 3650 2225 in
3681 2171 3848 2228 Pnlia-

2257 2263 2454 2335 guello,
2486 2265 2675 2332 Serra,
2702 2265 2996 2337 Appolliua
3035 2265 3103 2321 ad
3131 2266 3383 2322 Sanctam
3431 2265 3667 2321 Mariam
3727 2281 3848 2321 cum

2257 2357 2479 2414 oliveto.
2499 2360 2568 2413 Et
2583 2357 2858 2415 decimam
2881 2359 2937 2414 iu
2957 2359 3172 2415 civitate
3192 2373 3315 2432 quae
3327 2366 3554 2415 vocatur
3577 2359 3838 2430 Regium,

2257 2466 2385 2507 cum
2416 2453 2563 2508 omni
2612 2452 2947 2524 integritate,
2987 2461 3040 2509 et
3063 2453 3121 2508 iu
3160 2453 3384 2509 Marsia.
3424 2455 3489 2507 Et
3513 2468 3713 2509 omnes
3764 2467 3848 2509 res

2257 2561 2378 2616 qua:
2407 2554 2534 2601 sunt
2568 2546 2623 2601 in
2663 2546 2894 2602 circuitu
2925 2546 3157 2602 civitatis
3195 2561 3316 2617 qua:
3363 2555 3590 2601 vocatur
3626 2546 3845 2603 Emilia.

2255 2641 2326 2693 Et
2364 2647 2574 2695 curtem
2604 2656 2769 2696 uuam
2798 2641 2852 2694 iu
2877 2640 3318 2709 Tertonensibus,
3349 2655 3473 2712 qua:
3501 2639 3698 2696 dicitur
3740 2642 3849 2696 No-

2254 2747 2341 2798 va,
2383 2741 2437 2788 et
2472 2749 2664 2789 omnes
2690 2750 2776 2789 res
2806 2749 2926 2805 quae
2968 2742 3097 2790 sunt
3142 2734 3202 2789 iu
3232 2732 3613 2806 Aqueductio,
3639 2741 3696 2789 et
3727 2749 3849 2789 cur-

2254 2833 2364 2881 tem
2388 2827 2568 2882 Sancti
2593 2826 2851 2898 Stephani
2881 2844 3006 2883 cum
3059 2826 3215 2897 plebe
3257 2842 3381 2900 qua:
3424 2825 3564 2882 infra
3601 2835 3845 2883 castrum

2255 2919 2358 2974 sita
2388 2929 2491 2988 est,
2521 2937 2648 2976 cum
2678 2921 2936 2977 omnibus
2962 2921 3076 2977 suis
3113 2920 3468 2992 pertinentiis,
3500 2920 3665 2976 sicuti
3691 2937 3723 2976 a
3754 2921 3846 2977 bo-

2253 3027 2339 3068 nae
2368 3016 2653 3070 memoria:
2674 3014 2946 3086 Sigefrido
2973 3015 3230 3087 episcopo
3269 3014 3352 3070 vel
3383 3014 3452 3070 ab
3491 3015 3615 3070 aliis
3639 3016 3846 3087 episco-

2181 3147 2216 3180 ,,
2250 3107 2350 3177 pis,
2402 3123 2500 3178 pro
2555 3109 2668 3164 suis
2714 3125 3050 3180 suorumque
3093 3119 3474 3166 successorum
3526 3109 3846 3174 animabus,

2181 3155 2184 3160 '
2252 3155 2350 3177 ι---ντ
2404 3155 2496 3178 ιην
2555 3155 2667 3164 -ν--υ
2715 3155 3049 3180 υι-νιυηιι-ι-ν
3093 3155 3474 3166 υ“·ννν·’·’ν·““·
3526 3155 3846 3174 *κη’-*νην

2178 3155 2222 3245 d
2259 3200 2433 3257 eidem
2449 3202 2725 3259 canonica:
2751 3218 2845 3274 per
2882 3203 3144 3274 scriptum
3180 3203 3264 3259 vel
3297 3202 3676 3258 investituram
3706 3202 3846 3259 bene

2244 3294 2576 3365 providendo
2614 3296 2826 3368 integre
2863 3297 3055 3352 collata
3102 3306 3248 3353 sunt.
3295 3300 3477 3368 Atque
3525 3311 3724 3352 omnes
3765 3309 3850 3351 res

2243 3403 2380 3458 quas
2411 3387 2476 3443 de
2506 3387 2663 3445 donis
2713 3390 3095 3462 episcoporum
3147 3390 3224 3446 vel
3270 3397 3397 3446 voto
3423 3388 3669 3445 ﬁdelium
3715 3404 3850 3461 pra-

2251 3481 2409 3538 dicta:
2445 3483 2722 3539 cauouicae
2749 3485 2830 3539 vel
2875 3484 3159 3541 canonicis
3185 3484 3397 3540 oblatas
3421 3499 3540 3539 esse
3562 3481 3847 3555 dignosci-

2243 3583 2352 3640 tlll‘,
2384 3585 2700 3633 sanctorum
2718 3593 2993 3634 canonum
3022 3577 3347 3633 auctoritate
3377 3585 3676 3648 nostraque
3721 3592 3848 3649 apo-

2244 3670 2430 3724 stolica
2486 3671 2834 3727 immunitate
2883 3671 3005 3727 huic
3037 3680 3227 3727 nostro
3256 3671 3639 3740 inscripsimus
3689 3670 3846 3742 privi-

2244 3762 2397 3834 legio,
2438 3779 2566 3819 cum
2613 3764 2872 3820 omnibus
2914 3765 3028 3820 suis
3067 3763 3386 3836 adjaceutiis
3417 3771 3471 3819 et
3501 3763 3849 3835 pertinentiis

2246 3854 2301 3907 in
2354 3863 2677 3926 perpetuum
2727 3857 3114 3914 inviolabiliter
3159 3854 3584 3923 conservandas,
3639 3856 3846 3928 absque

2243 3948 2396 4002 omni
2426 3950 2854 4007 contradictione
2893 3951 3120 4024 alicujus
3141 3966 3353 4023 magna:
3384 3965 3673 4022 parvaeque
3720 3965 3849 4023 per-

2241 4056 2409 4098 souaa.
2454 4044 2506 4097 Si
2552 4045 2674 4116 quis
2719 4053 2902 4102 autem
2963 4046 3256 4101 temerario
3296 4061 3432 4100 ausu
3478 4051 3674 4100 contra
3732 4042 3850 4098 hoc

2241 4144 2496 4192 nostrum
2539 4139 2906 4209 apostolicum
2964 4138 3310 4211 privilegium
3364 4154 3542 4211 agere,
3584 4136 3658 4191 vel
3684 4134 3848 4191 ordi-

2239 4244 2370 4285 nare
2404 4231 2560 4287 aliter
2605 4249 2692 4288 res
2746 4233 3060 4300 canonicas,
3106 4233 3189 4288 vel
3234 4233 3400 4289 alium
3452 4232 3504 4287 in
3548 4230 3622 4286 eis
3669 4244 3846 4286 usum

2236 4338 2439 4392 ponere
2470 4326 2876 4397 praesumpserit
2932 4342 3095 4399 quam
3141 4342 3270 4382 eum
3312 4341 3478 4397 quem
3547 4323 3854 4380 constituit

2235 4417 2414 4472 'l‘euzo
2476 4419 2789 4490 episcopus,
2862 4419 3193 4492 Sigel‘ridus,
3253 4418 3641 4484 Adhelberius,
3691 4416 3854 4474 Wol-

2237 4525 2443 4579 marus,
2473 4513 2803 4583 Gandull'us,
2846 4515 2985 4571 sciat
3017 4531 3074 4571 se
3117 4513 3510 4585 omnipotentis
3539 4513 3643 4568 Dei
3678 4521 3850 4583 pote-

2236 4611 2407 4674 state,
2457 4621 2519 4660 ac
2548 4605 2694 4663 beati
2747 4608 2890 4664 Petri
2950 4608 3204 4680 apostoli,
3238 4615 3669 4677 sanctorumque
3717 4621 3852 4662 om-

2240 4696 2416 4765 nium,
2469 4708 2658 4756 nostra
2687 4702 2857 4757 etiam
2901 4701 3261 4768 auctoritate,
3310 4699 3680 4757 auathematis
3730 4701 3856 4755 vino

2237 4792 2359 4848 culo
2388 4791 2729 4862 innodatum,
2764 4803 2818 4850 et
2838 4810 2867 4850 a
2893 4811 3061 4868 regno
3103 4796 3210 4851 Dei
3261 4794 3580 4859 alienatum,
3608 4799 3663 4849 et
3713 4807 3854 4848 cum

2238 4886 2494 4944 omnibus
2517 4887 2699 4960 impiis
2717 4897 2925 4945 aeterno
2967 4887 3217 4945 incendio
3240 4884 3738 4944 concremandum.
3780 4891 3858 4942 At

2239 4995 2368 5035 vero
2417 4981 2510 5051 qui
2555 4981 2872 5038 observator
2915 4982 3208 5045 exstiterit,
3256 4981 3483 5053 gratiam
3529 4987 3584 5035 et
3625 4979 3857 5035 miseri-

2239 5073 2482 5130 cordiam
2512 5073 2789 5147 vitamque
2814 5083 3078 5132 aeternam
3121 5092 3150 5130 a
3176 5073 3698 5131 misericordissimo
3746 5075 3859 5129 Do-

2239 5167 2391 5223 mino
2422 5176 2612 5224 nostro
2635 5169 2894 5240 consequi
2924 5176 3220 5225 mereatur.

2306 5263 2514 5316 Datum
2540 5261 2684 5332 apud
2709 5263 2974 5318 Cesenam
3010 5279 3106 5334 per
3136 5276 3364 5317 manum
3414 5259 3664 5316 Bernerii
3715 5261 3847 5316 vice

2238 5353 2381 5407 Petri
2406 5353 2732 5421 cancellarii,
2753 5370 2900 5410 anno
2920 5353 3228 5410 Dominicae
3250 5353 3653 5409 lncarnationis
3671 5358 3853 5417 1092,

2233 5445 2525 5502 indictione
2549 5462 2655 5512 xv,
2682 5463 2826 5502 anno
2868 5457 3053 5504 autem
3093 5445 3447 5518 pontiﬁcatus
3475 5445 3664 5504 domui
3707 5447 3857 5502 Cle-

2236 5539 2435 5595 mentis
2460 5540 2597 5594 tertii
2620 5556 2772 5612 papae
2801 5557 2887 5610 rx,
2911 5541 3102 5599 Idibus
3120 5540 3290 5596 Junii.

2978 5687 3085 5740 IX.

2235 5819 2520 5879 Clementis
2540 5822 2626 5880 ΙΙΙ
2645 5827 2929 5895 antipapm
2951 5824 3197 5894 fept'stola
3226 5821 3305 5879 ad
3334 5820 3704 5880 Ruithardum
3742 5836 3856 5876 aro
