4024 6170
1338 106 1371 168 ‘t

192 252 282 314 841

254 384 636 458 ομῳίεεοιηιγη
664 384 1063 457 Moguntinum.
1091 417 1162 429 —
1188 390 1341 444 Diem
1378 388 1467 442 illi
1491 388 1565 442 ad
1601 403 1761 458 syno-

254 456 380 511 dum
411 458 662 514 Vercellis
688 460 956 530 agendam
980 460 1129 514 dicit.

748 554 929 619 (Anno
998 552 1182 631 1997,)
1230 598 1235 605 .

585 647 812 715 Mmsr,
840 646 1035 713 Cone-il;
1064 650 1202 716 XX,
1236 652 1363 709 '601.
1512 660 1519 713 ζ

253 740 532 796 Caunus
551 740 862 813 episcopus,
892 758 1081 800 servus
1101 760 1387 802 servorum
1411 747 1618 814 Dei,R.
1641 759 1769 800 con-

191 832 339 889 fratri
369 841 424 889 et
450 833 774 908 coepiscopo
796 837 1119 909 Moguntino
1148 839 1388 896 salutem
1414 848 1469 896 et
1504 837 1769 911 apostoli-

182 943 303 983 cam
332 925 790 1005 benedictionem.

251 994 589 1113 Nuﬁmé
602 1014 621 1097 ί
636 1016 753 1094 peri
771 1018 1111 1082 confratrem
1147 1024 1410 1084 nostrum
1456 1026 1769 1117 episcopum

180 1115 535 1171 Faven'tinum
561 1113 885 1174 fraternitati
926 1126 1036 1175 tua:
1068 1128 1130 1175 ut
1156 1118 1225 1177 ad
1254 1120 1546 1193 synodum,
1597 1113 1763 1192 quam

180 1225 280 1282 pro
304 1210 471 1267 totius
510 1210 769 1268 Ecclesia:
795 1212 1117 1270 necessariis
1168 1214 1345 1271 causis
1388 1214 1449 1269 in
1469 1213 1589 1289 jam
1616 1212 1766 1268 dicto

178 1304 299 1361 loco
328 1312 383 1360 et
416 1312 663 1377 tempore
711 1305 1039 1364 celebraturi
1081 1310 1296 1376 sumus,-
1346 1308 1497 1364 omni
1536 1314 1767 1378 postpo~
1824 1324 1829 1327 λ

177 1398 281 1454 sita
312 1398 601 1456 occasione
629 1399 937 1469 advenires,
967 1401 1356 1459 mandavimus
1383 1410 1441 1457 et
1471 1417 1567 1473 per
1615 1416 1765 1456 sum-

180 1509 326 1549 mam
380 1491 744 1552 obedientiam
790 1495 1175 1571 praacepimus.
1223 1499 1295 1552 Et
1358 1494 1597 1567 primum
1643 1494 1759 1567 qui-

176 1587 304 1644 dem
335 1586 471 1645 bene
511 1589 836 1662 promisisti,
865 1606 1055 1646 verum
1099 1597 1310 1662 postea,
1364 1588 1642 1645 voluntate
1674 1595 1766 1643 tua

175 1681 233 1737 in
261 1682 438 1754 aliqua
466 1691 625 1754 parte
651 1691 892 1755 peracta,
909 1698 1035 1739 cum
1069 1668 1375 1757 pradictus’
1390 1682 1613 1739 nuntius
1641 1681 1763 1738 red-

742 259 1027 318 APPEND.
1072 263 1134 317 ll.
1174 291 1242 302 —
1278 257 1568 331 WIBERTJ
1606 259 1961 323 ANTIPAP/E
2002 261 2347 318 EPISTOLAD
2383 263 2464 316 ET
2505 262 2906 325 PRIVILEGIA.

3269 244 3274 249 ’
3363 266 3466 321 842

1795 425 1841 485 Α
1876 388 1959 443 los
1978 386 2133 460 juste
2182 384 2512 458 disputando
2548 386 2768 443 fortiter
2816 386 3019 455 stabas,
3062 388 3375 445 audivimus
3411 374 3501 444 et~

1876 480 2049 553 gavisi
2100 496 2310 546 sumus,
2343 479 2581 552 ideoque
2610 480 2708 536 tibi
2735 482 2935 554 gratias
2962 480 3273 539 referimus.
3306 482 3470 554 Quod

1875 580 2060 633 autem
2081 590 2209 651 quae
2248 574 2315 630 de
2344 574 2582 651 Ecclesia
2606 578 2993 633 tuaRomanee
3014 574 3183 633 debes
3208 577 3470 634 Ecclesiae

1838 662 1855 699 ί
1877 676 1932 723 te
1961 666 2060 724 diu
2108 667 2313 739 injuste
2341 665 2638 725 detinuisse
2688 668 2962 740 patienter
3006 668 3464 742 exspectavimus,

1878 777 1989 818 non
2032 768 2254 833 propter
2289 762 2652 833 ignorantiam
2714 762 2968 832 fecimus,
3020 762 3116 819 sed
3171 764 3468 836 gratuitam

1876 854 2204 912 obedientiae
2260 864 2373 912 tua:
2414 856 2713 927 praestolati
2741 872 2932 914 sumus
2991 856 3462 914 benevolentiam.

1878 951 1943 1023 In
1996 949 2101 1007 hoc
2127 966 2298 1021 quam
2322 965 2523 1023 parum
2562 947 2919 1037 profecimus,
2954 958 3379 1037 ,mqngmusi'te,
3408 959 3465 1007 et

1877 1043 2108 1105 firmiter
2170 1042 2519 1114 praecipimus
2559 1052 2621 1098 ut
2671 1036 2820 1114 quod
2856 1034 3029 1119 Hebes
3075 1034 3276 1123 solvas,
3314 1044 3462 1100 abla-

1879 1145 2101 1209 tumque
2139 1146 2348 1194 temere
2387 1137 2672 1194 restituere
2698 1154 2806 1193 non
2836 1135 3085 1193 differas.
3120 1139 3179 1194 Si
3222 1137 3328 1194 hoc
3355 1154 3462 1194 non

1874 1230 2091 1300 feceris,
2114 1231 2282 1289 etiam
2313 1230 2579 1290 advocato
2616 1240 2806 1307 nostro
2834 1232 3171 1304 imperatori,
3197 1240 3252 1288 et
3278 1231 3464 1288 omni-

1878 1325 1980 1383 bus
2033 1325 2294 1383 fratribus
2320 1314 2528 1384 nostris
2556 1326 2771 1399 publice
2799 1335 2855 1383 et
2875 1343 2971 1399 per
2996 1326 3208 1400 legatos
3246 1335 3464 1382 nostros

1874 1420 2276 1492 querimoniam
2323 1421 2603 1477 faciemus.
2639 1420 2963 1494 Moguntino
2988 1421 3269 1495 episcopo,
3298 1434 3465 1493 quem

1875 1514 2035 1571 nobis
2080 1515 2332 1588 pessimis
2385 1515 2709 1572 criminibus
2735 1514 3046 1573 accusando
3073 1514 3363 1581 detulistis,
3393 1510 3464 1569 ad

1873 1608 2324 1682 respondendum
2350 1609 2514 1666 nobis
2552 1609 2800 1666 inducias
2837 1608 3092 1665 dedimus
3136 1608 3205 1666 ad
3260 1607 3461 1663 festum

1874 1701 2057 1759 Sancti
2084 1702 2387 1760 Michaelis.
2421 1704 2564 1759 Huic
2592 1704 2670 1759 rei
2714 1713 2768 1759 te
2794 1720 2922 1759 cum
2949 1704 3163 1760 caneris
3201 1701 3461 1758 fratribus

177 1776 293 1831 iens
345 1791 528 1832 veram
570 1776 665 1833 tibi
718 1784 780 1833 ut
827 1776 1039 1834 caeteris
1087 1776 1459 1834 obedientiam
1508 1775 1765 1847 injunge-

1906 1797 2079 1853 [ostris
2130 1801 2385 1854 volumus
2426 1797 2708 1865 interesse,
2739 1806 2822 1865 ut,
2850 1797 2994 1854 sicut
3036 1813 3167 1854 eum
3194 1794 3461 1853 accusasti

176 1878 278 1937 ret,
307 1867 493 1926 dixisti
526 1878 580 1925 te
610 1887 641 1927 a
670 1870 825 1927 nobis
862 1868 969 1943 per
1007 1878 1165 1927 tuum
1211 1866 1469 1928 nuntium
1506 1884 1627 1925 esse
1672 1883 1763 1924 re-

179 1964 444 2019 laxatum.
491 1964 651 2034 Quod
680 1973 741 2020 ut
790 1964 1123 2031 audivimus,
1156 1979 1320 2036 quam
1352 1963 1589 2036 graviter
1616 1963 1764 2019 tule—

178 2057 351 2113 rimus
369 2057 561 2130 nequit
581 2056 787 2114 efferri.
818 2060 940 2115 Hoc
963 2057 1111 2114 enim
1152 2057 1361 2114 dictum
1387 2073 1587 2128 magna
1636 2071 1761 2128 per-

177 2149 412 2207 turbatio
438 2150 633 2223 synodi
653 2150 960 2220 videbatur,
992 2166 1122 2207 cum
1151 2166 1345 2208 omnes
1396 2165 1532 2223 pene
1560 2147 1761 2206 suffra-

179 2243 330 2316 ganei
360 2243 441 2299 tui
468 2242 538 2300 ad
577 2251 633 2301 te
680 2243 994 2317 respiciant,
1034 2260 1160 2301 cum
1203 2244 1456 2302 omnium
1502 2259 1606 2300 vox
1643 2243 1717 2300 sit
1748 2260 1761 2296 :

179 2337 326 2409 quod
377 2337 643 2411 magister
668 2354 829 2395 meus
855 2337 1069 2408 fecerit,
1112 2338 1217 2395 hoc
1254 2338 1472 2395 faciam.
1521 2340 1766 2409 Quapro-

181 2439 294 2502 pter
322 2431 504 2488 eidem
535 2435 629 2500 N.,
650 2432 745 2505 qui
770 2441 884 2489 tam
913 2430 1244 2500 nefandum,
1267 2441 1382 2488 tam
1411 2430 1761 2498 exsecrabile,

179 2534 288 2582 tam
329 2525 587 2583 nocivum
614 2534 820 2582 sanctae
843 2534 898 2582 et
923 2526 1229 2593 universali
1249 2525 1505 2583 Ecclesiae
1531 2525 1779 2582 manda--

174 2620 324 2695 cium
365 2618 611 2691 protulit,
669 2635 836 2676 omne
880 2606 1145 2677 divinum'
1186 2612 1437 2677 ofﬁcium
1470 2617 1765 2691 apostolica

173 2712 500 2770 auctoritate
534 2711 939 2780 interdicimus,
976 2713 1151 2770 donec
1191 2712 1265 2770 ad
1291 2728 1415 2773 nos
1448 2712 1673 2769 veniens
1698 2712 1768 2770 de

172 2815 328 2864 tanta
376 2815 494 2863 tam
550 2804 856 2863 detestandi
912 2805 1181 2863 mendacii
1231 2805 1509 2878 iniquitate
1547 2804 1767 2861 satisfa-

170 2900 298 2956 ciat.
333 2899 497 2972 Quod
525 2899 631 2956 nisi
672 2915 849 2971 usque
902 2900 972 2957 ad
1009 2899 1211 2956 festum
1253 2898 1460 2955 scilicet
1483 2897 1770 2955 Michaelis

173 2994 242 3051 ad
286 3010 398 3051 nos
454 2994 521 3050 de
567 2994 671 3050 hac
717 3009 778 3050 re
807 2994 1183 3051 satisfacturus
1230 2992 1468 3060 venerit,
1521 2991 1771 3065 ampliori

172 3102 348 3161 quam
379 3083 613 3169 forsitan
640 3081 891 3144 aestimet
938 3086 1496 3144 excommunicationi
1523 3085 1773 3157 subjace-

172 3181 271 3238 bit.
306 3180 434 3237 Tibi
463 3194 591 3237 vero
616 3180 912 3253 apostolica
960 3181 1288 3237 auctoritate
1340 3188 1396 3237 et
1450 3194 1549 3252 per
1589 3194 1775 3235 veram
1792 3216 1795 3219 η
1811 3169 1856 3232 C

168 3272 556 3331 obedientiam
578 3273 784 3331 iterum
809 3282 975 3346 atque
1008 3274 1211 3331 iterum
1241 3272 1589 3346 praecipimus
1616 3280 1682 3329 nt
1703 3271 1774 3328 ad

168 3366 459 3440 synodum
512 3368 568 3423 in
622 3368 761 3425 festo
825 3367 1000 3424 sancti
1048 3367 1295 3440 Dionysii
1334 3365 1602 3429 Vercellis
1641 3366 1777 3421 cele-

168 3460 453 3518 brandam
499 3461 701 3530 venias,
764 3469 819 3518 et
852 3476 1044 3518 omnes
1072 3458 1465 3535 ,suffraganeos
1521 3469 1652 3517 tuos
1680 3475 1778 3531 per

166 3553 440 3612 eamdem
466 3554 842 3612 obedientiam
875 3554 1199 3612 admoneas.

939 3657 1072 3712 X.»

169 3748 463 3806 Clementis
509 3748 591 3804 III
646 3749 1018 3819 pseudopapce
1066 3749 1292 3818 epistola
1339 3744 1437 3802 ad‘
1463 3734 1775 3819 Betbertum

246 3818 703 3891 Bambergensem
747 3818 1077 3890 episcopum.
1106 3850 1178 3861 —
1206 3823 1380 3875 Monet
1430 3818 1594 3891 utgad
1621 3834 1781 3888 syno-

249 3890 383 3975 dum
409 3888 696 4017 (‘tccusator
723 3888 1022 3948 Bitithdrdi
1049 3893 1360 3962 Moguntina
1387 3888 1780 3960 archiepiscopi

254 3978 415 4018 venia
447 4006 458 4018 .

729 4059 914 4127 (Anno
964 4053 1247 4125 ιο97ι-98.)
1372 4064 1405 4115 ’ἱ

580 4152 830 4218 [MANSL
857 4149 1048 4207 Concil.
1071 4149 1209 4216 XX,
1234 4148 1393 4215 600.]

259 4246 558 4303 Chaunus
582 4245 1097 4316 episcopus,servus
1118 4256 1404 4299 servorum
1426 4239 1549 4301 Dei.
1570 4241 1640 4296 R.
1654 4253 1787 4296 con-

1871 1889 2173 1960 absentem,
2229 1891 2300 1945 ita
2344 1891 2498 1948 illum
2548 1891 2687 1947 veris
2736 1889 3068 1948 testimoniis
3118 1889 3224 1947 sub
3276 1893 3459 1945 nostra

1872 1985 2200 2042 auctoritate
2225 1985 2566 2052 convincatis
2593 1993 2943 2058 praesentem.
2976 1984 3239 2042 Relatum
3264 1996 3347 2040 est
3364 1999 3460 2040 no-

1873 2077 1957 2134 bis
1981 2095 2012 2135 a
2037 2078 2365 2152 quibusdam
2398 2079 2547 2152 quod
2576 2080 2784 2137 Judaeis
2804 2080 3112 2152 baptizatis,
3138 2078 3322 2135 nescio
3352 2092 3460 2150 qua

1873 2172 2106 2242 ratione,
2122 2174 2449 2245 permissum
2464 2174 2537 2231 sit
2552 2183 2885 2248 apostatare,
2902 2174 3177 2245 ritumque
3190 2168 3461 2229 Judaisml

1874 2270 2142 2326 excolere.
2173 2270 2334 2340 Quod
2371 2266 2500 2343 quia
2526 2269 2833 2327 inauditum
2858 2278 2941 2326 est
2967 2277 3024 2326 et
3044 2283 3270 2341 prorsus
3305 2262 3462 2324 nefas

1873 2361 2038 2431 rium,
2067 2369 2123 2419 te
2142 2369 2198 2418 et
2216 2378 2410 2419 omnes
2432 2362 2631 2421 fratres
2654 2372 2874 2421 nostros
2888 2363 3054 2441 verbo
3069 2362 3171 2419 Del
3184 2363 3461 2419 constrim

1874 2456 2077 2527 gimus,
2107 2464 2374 2528 quatenus
2419 2456 2491 2527 id,
2528 2457 2831 2515 secundum
2870 2457 3193 2514 canonicam
3229 2457 3462 2513 sanctio-

1874 2560 2003 2605 nem
2040 2558 2107 2606 et‘
2121 2550 2277 2622 juxta
2304 2552 2531 2619 Patrum
2567 2552 2843 2622 exempla,
2874 2551 3148 2623 corrigere
3174 2548 3464 2618 festinetis,

1875 2658 1945 2699 ne
1997 2652 2405 2700 sacramentum
2451 2643 2735 2715 baptismi,
2776 2651 2830 2699 et
2871 2641 3150 2701 salutifera
3192 2642 3464 2701 invocatio

1876 2735 2113 2792 nominis
2148 2725 2375 2793 Domini
2418 2735 2682 2793 videatur.
2709 2735 3004 2793 annullari.

2610 2841 2692 2896 XI

1880 2933 2116 2989 Clemens
2144 2935 2229 2989 III
2255 2935 2519 3004 antipapa
2552 2933 2890 3001 G[odeboldo]
2927 2934 3217 3003 praposito
3264 2934 3315 2987 et
3344 2926 3467 2987 uni;

1950 3020 2098 3059 verso
2127 3006 2260 3060 clero
2308 3007 2632 3074 Moguntina
2659 3005 2846 3059 scribit
2873 3005 2940 3059 de
2972 3004 3247 3060 Buthardi
3276 3004 3468 3059 archi—

1953 3078 2183 3147 episcopi
2236 3077 2566 3131 criminibus.
2612 3078 2776 3144 Quem
2820 3074 2953 3130 dicit
3001 3076 3066 3130 ob
3096 3076 3346 3131 Simonta:
3381 3077 3467 3130 ina

1957 3150 2192 3219 Iamiam
2209 3150 2453 3219 primum
2480 3171 2507 3209 sc
2534 3163 2634 3218 per
2657 3150 2910 3219 Romunce
3211 3147 3471 3202 cardina-

1956 3218 2027 3273 les
2067 3213 2366 3281 Warinum,
2397 3213 2751 3274 Anastasium
2773 3223 2823 3273 et
2849 3213 3262 3285 Adalmarium,
3284 3222 3471 3288 postea

1954 3290 2023 3344 ab
2087 3292 2342 3360 episcopis
2394 3290 2636 3355 Tiderico
2701 3291 2999 3345 Albanensi
3034 3294 3085 3345 et
3126 3288 3472 3359 Ruopperlho

1954 3363 2275 3430 Faventino,
2314 3367 2574 3431 postremo
2607 3377 2707 3431 per
2754 3362 3032 3431 Hugonem
3081 3362 3231 3415 sacri
3268 3360 3474 3430 palatii

1956 3433 2268 3495 diaconum,
2303 3452 2331 3482 κ
2362 3439 2444 3487 ter
2468 3438 2713 3487 vocatum
2737 3447 2845 3486 non
2870 3433 3091 3493 uenisse,
3114 3433 3221 3486 imo
3256 3432 3475 3487 violata

1957 3506 2298 3574 imperatoris
2323 3504 2592 3574 ﬁdelitate
2618 3504 2697 3559 ad
2722 3505 2879 3573 regni
2894 3518 2956 3558 ac
2982 3502 3270 3558 sacerdotii
3297 3500 3478 3557 inimi-

1958 3590 2042 3629 cos
2070 3591 2125 3629 se
2150 3577 2453 3640 contulisse,
2473 3576 2647 3644 iisque
2683 3577 2986 3636 concitatis,
3026 3579 3076 3629 et
3097 3576 3220 3628 citce
3259 3578 3308 3628 et
3326 3588 3478 3628 coro-

1958 3662 2043 3700 nte
2087 3647 2430 3716 imperatoris
2476 3646 2803 3701 insidiatum
2839 3660 2966 3700 esse.
3009 3646 3150 3700 Aliis
3188 3645 3478 3700 iamalio-

1927 3746 1934 3752 ι
1960 3718 2118 3773 nibus
2142 3718 2368 3780 additis,
2384 3717 2699 3773 ‘obedientia
2741 3716 3020 3773 Ruthardi
3041 3731 3124 3770 eos
3149 3716 3346 3781 soluit;
3390 3716 3480 3770 cui

1959 3805 2024 3842 ne
2048 3792 2169 3858 quis
2197 3791 2565 3852 communicet,
2596 3788 2696 3842 sub
2730 3786 3096 3843 anathematis
3127 3802 3288 3856 paena
3313 3787 3481 3842 inter-

1959 3860 2112 3914 dicit.
2149 3884 2172 3908 σι
2207 3865 2348 3916 Data
2363 3876 2424 3930 p.
2456 3876 2530 3913 m.
2558 3859 2793 3915 Tiderici
2820 3858 3143 3915 Albanensis
3167 3860 3482 3928 episcopirv

1963 3932 2093 3985 Kol.
2121 3934 2269 4001 Aug.
2294 3932 2548 3999 defuncto
2567 3931 2779 3987 Urbano
2795 3945 2858 3985 Iv
2886 3931 3009 3985 Kal.
3033 3930 3181 3999 Aug.
3202 3930 3484 4001 sinea_via-

1965 4004 2067 4072 tice
2098 3999 2349 4072 corporis
2378 4008 2428 4058 et
2468 4004 2756 4072 sanguinis
2785 4003 3020 4058 Domini.
3059 4021 3086 4051 η
3138 3999 3484 4072 (Legendum

1965 4019 2067 4057 nco
2099 4019 2349 4129 corporis
2378 4019 2428 4058 et
2468 4019 2756 4079 sanguinis
2785 4019 3020 4058 uomunt.
3059 4021 3086 4051 η
3138 4019 3483 4125 (υθιῗεηαιιω

1962 4066 2170 4137 δειλά-ἀ
2214 4074 2298 4130 bne
2337 4066 2659 4129 est‘rDatd.
2690 4103 2762 4114 —
2786 4087 2836 4129 ιι
2868 4074 2989 4129 Kal.
3023 4072 3196 4142 Aug.,
3266 4073 3483 4140 efuncto

1970 4145 2182 4200 Urbano
2202 4161 2268 4202 IV
2294 4146 2415 4201 Kal.
2447 4146 2593 4214 Aug.
2623 4147 2755 4213 etc.)

2467 4238 2651 4308 (Anno
2687 4239 2871 4305 1099.)

196 4334 348 4394 fratri
371 4348 429 4395 et
447 4339 771 4412 coepiscopo
788 4335 1251 4409 Babenbergensi,
1280 4336 1520 4393 salutem
1549 4341 1607 4389 et
1650 4347 1783 4405 apo-
1899 4329 2087 4404 [Apud
2117 4331 2412 4393 Scnuucx
2434 4332 2600 4387 Beitr.
2639 4346 2735 4386 sur
2757 4332 3003 4388 Μαίων
3036 4328 3221 4388 Gesch.
3247 4330 3324 4397 Il,
3358 4332 3489 4398 116,

196 4432 448 4489 stolicam
466 4429 931 4489 bemdictionem.
1416 4468 1419 4469 ν
1898 4433 2038 4481 teste
2084 4426 2274 4482 Jun
2320 4428 2546 4494 Regesta
2590 4428 2743 4496 pont.
2794 4427 2976 4488 Rom,
3021 4423 3150 4478 447.
3194 4453 3264 4464 --
3314 4423 3487 4494 lna’p.

270 4524 429 4593 Quod
451 4534 640 4582 contra
656 4524 914 4582 Ecclesiae
933 4522 1293 4580 demolitores
1312 4529 1368 4579 et
1381 4528 1783 4578 nostrosaemu-
1817 4505 1865 4567 Ι)
1902 4542 1924 4567 «ι
1958 4520 2175 4589 Quanta
2215 4518 2303 4576 his
2330 4517 2696 4589 temporibus.
2730 4540 2755 4567 ιο
2785 4519 2806 4588 ]

490 5916 724 5977 Parant"
757 5919 1023 5976 CXLVIII.

3088 5896 3157 5947 27
