4024 6170
583 325 3765 366 m

1146 544 1149 545 έ
1304 514 2281 737 APPENDIX
2394 504 3164 666 TERTIA.

2019 790 2462 804 —-——————-

656 1036 666 1045 ·
745 943 1857 1108 νινε-ΕΒΑ
1952 942 2245 1102 Μ(

2097 929 3686 1101 IONUMENTA

1417 1216 1987 1334 CONTRA
2072 1208 3072 1332 SCHISMATICOS

1953 1411 2096 1475 IAM
2146 1410 2331 1474 OLIM
2386 1409 2541 1474 PRO

1588 1593 2540 1707 GBEGOBIO
2619 1589 2907 1701 VII

669 1806 1010 1877 ALIISQUE
1037 1806 1186 1862 NON
1194 1803 1462 1861 NULLIS
1485 1803 1991 1861 PONTIFICIBUS
2010 1800 2344 1858 ROMANIS
2362 1766 2829 1865 CONSCRIPTA,
2858 1795 2952 1853 ET
2977 1794 3183 1851 NUNC
3213 1789 3497 1850 PRIMUM
3517 1788 3581 1843 IN
3611 1780 3793 1841 LUCEM

2065 1890 2470 1947 VINDICATA

2006 2041 2542 2104 STUDIO

1628 2193 2062 2257 CLARISSIMI
2088 2195 2189 2255 ET
2212 2191 2901 2255 ERUDITISSIMIVIRI

2121 2360 2352 2405 DOXINI

1516 2489 2215 2594 SEBASTIANI
2284 2483 2998 2578 TENGNAGEL

1235 2677 1289 2736 J.
1346 2680 1419 2736 U.
1466 2679 1829 2737 DOCI‘ORIS
1858 2679 1947 2735 ET
1985 2677 2309 2735 C/ESAREI
2337 2675 2634 2733 VIENNAE
2666 2671 3271 2730 BIBLIOTHECABII

1850 2824 2003 2894 (Opp.
2059 2824 2299 2879 Gretserz’
2354 2823 2463 2890 VI,
2506 2822 2656 2889 429).

2037 2981 2458 2998 ψ

913 3132 998 3178 ΑΙ)
1045 3127 1319 3178 ΠοΒιῙ-Βὶί
1360 3134 1432 3176 ΒΤ
1467 3130 1895 3176 αιΑιιιεειΜωι
1937 3131 2137 3174 VIBUM
2175 3132 2249 3173 AC
2287 3130 2502 3173 DOMINI

2004 3131 2137 3174 ΒΗΚ
2175 3132 2249 3173 AC
2287 3130 2588 3173 DOMINUM
2640 3131 2698 3172 D.
2755 3126 3172 3171 SEBASTIANUH
3216 3118 3590 3169 ΤΒΝεΜθιιι-

1482 3275 1645 3334 Dum
1672 3278 1954 3334 veterum
1986 3271 2233 3332 chartas
2252 3272 2445 3331 densa
2474 3268 2744 3349 caligine
2773 3285 3010 3331 mersas

1553 3352 1839 3414 Extrahis
1882 3350 1942 3412 in
1978 3351 2209 3422 lucem,
2241 3369 2317 3411 ne
2350 3357 2729 3429 pereantque
2753 3367 2932 3411 caves
2973 3368 2985 3409 :

1481 3435 1631 3495 Jure
1663 3433 1771 3495 tibi
1801 3430 2127 3509 applaudit
2150 3433 2482 3493 doctorum
2513 3431 2715 3503 turba,
2755 3435 3078 3510 rogatque,

1563 3514 1742 3574 Tales
1769 3520 1835 3573 ut
1860 3530 2081 3591 pergas
2112 3529 2399 3590 promere
2433 3529 2682 3591 semper
2710 3529 2886 3591 opes.

1492 3593 1627 3653 Sint
1656 3592 1760 3653 alii
1804 3589 2053 3666 CONDI,
2084 3589 2208 3653 sint
2251 3592 2496 3653 CLUSII
2527 3589 2589 3653 et
2617 3589 2828 3652 omnia
2857 3589 3177 3663 claudant;

1566 3675 1660 3734 Tu
1703 3673 2014 3736 PROMUS
2058 3671 2240 3733 nobis
2286 3678 2419 3734 esto
2448 3676 2512 3734 et
2551 3672 2856 3733 APERTA
2885 3670 3093 3734 simul.

1454 3999 2034 4093 EPISTOLA
2098 4002 2408 4093 NUNC
2430 4000 3035 4094 UPATORIA

663 4201 1144 4262 Reverendissimo
1174 4209 1230 4257 et
1256 4198 1626 4259 illustrissimo
1653 4202 1871 4274 praesuli
1902 4218 1968 4259 ac
1996 4200 2226 4257 domino
2271 4200 2496 4257 domino
2534 4199 2822 4257 Melchiori
2856 4202 3073 4268 KLESL,
3102 4196 3362 4270 episcopo
3390 4187 3665 4252 Viennensi
3687 4178 3815 4240 nomi'

591 4307 746 4367 nato,
803 4298 1142 4370 episcopatus
1187 4294 1540 4352 Neostadiani
1604 4295 2043 4353 administratori
2074 4294 2423 4361 conﬁrmato,
2469 4292 2802 4351 cathedralis
2838 4292 3078 4350 ecclesiae
3124 4289 3457 4349 Viennensis
3500 4274 3819 4360 ρῐωροείῐοςεί

594 4388 1016 4464 archigymnasii
1061 4387 1264 4445 ibidem
1292 4388 1639 4444 celeberrimi
1682 4388 2033 4456 cancellario,
2088 4404 2259 4444 sacrre
2310 4401 2564 4443 caesareaa
2592 4396 2648 4443 et
2676 4386 2840 4461 regia
2868 4385 3136 4460 majestati
3164 4402 3194 4441 a
3222 4384 3495 4452 conciliis,
3520 4376 3729 4436 Domino
3750 4378 3818 4422 suo

595 4485 1046 4552 clementissimo,
1099 4491 1205 4539 etc.

665 4580 1015 4650 Quantopere
1034 4550 1086 4629 Ὗοὶ
1132 4575 1177 4638 ἐξ
1214 4576 1455 4640 ἐναντίας,
1483 4574 1852 4632 illustrissime
1875 4584 1931 4632 et
1958 4573 2405 4631 reverendissime
2434 4575 2654 4646 praesul,
2686 4577 2889 4648 apertis
2918 4573 3203 4640 machinis,
3252 4572 3504 4643 telisque,
3557 4575 3697 4636 atque

590 4673 726 4730 culis
751 4645 1014 4744 pugnent,
1048 4677 1109 4725 ut
1146 4678 1557 4725 sacrosanctam
1585 4669 1734 4725 illam
1763 4670 2083 4741 pontiﬁcum
2129 4645 2511 4723 Romanorum
2543 4645 2887 4742 majestatem
2919 4677 2974 4725 et
3000 4667 3397 4725 auctoritatem
3426 4663 3635 4724 violent,
3683 4645 3824 4744 labeft'

592 4773 762 4833 ctent,
792 4780 856 4821 ac
883 4762 1124 4834 denique
1148 4759 1397 4817 funditus
1426 4762 1674 4818 excisum
1702 4740 1854 4829 eant,
1885 4770 2147 4820 testatum
2173 4761 2324 4832 facit,
2363 4764 2483 4821 luce
2522 4740 2823 4822 meridiana
2850 4766 3074 4834 clarius,
3122 4763 3447 4821 eorumdem
3492 4740 3827 4821 indefatigabile

592 4857 862 4925 studium,
890 4854 1040 4929 quod
1064 4855 1339 4911 obsoletas
1352 4855 1829 4913 schismaticorum
1854 4856 2107 4928 affanias,
2138 4858 2351 4930 apinas,
2383 4868 2439 4915 et
2462 4870 2841 4932 purgamenta,
2864 4858 3098 4917 horridis
3116 4858 3232 4932 jam
3264 4858 3360 4914 diu
3418 4852 3602 4911 merito
3628 4844 3829 4932 damnati

590 4951 848 5019 tenebris,
880 4965 976 5005 ceu
1002 4964 1137 5004 nare
1162 4948 1382 5013 canina,
1414 4948 1756 5021 investigent,
1802 4960 2029 5020 eruunt,
2068 4961 2123 5008 et
2165 4952 2286 5009 dias
2316 4954 2372 5008 in
2421 4954 2643 5012 luminis
2671 4971 2798 5012 oras
2837 4925 3136 5012 confertim
3185 4950 3521 5025 protrudunt
3552 4964 3565 5001 :
3595 4959 3651 5000 ac
3672 4938 3709 4994 si
3733 4925 3831 5025 quid

589 5048 648 5103 in
676 5042 1049 5103 venerandum
1074 5041 1204 5098 illud
1222 5058 1390 5098 sacra:
1420 5020 1743 5099 hierarchiaa
1771 5053 1955 5116 caput,
1986 5046 2133 5117 quod
2155 5046 2295 5114 Indi,
2330 5046 2632 5122 Ethiopes,
2664 5050 2901 5118 Arabes,
2924 5052 3126 5114 Persae,
3151 5020 3400 5113 Tartari,
3432 5042 3587 5099 etiam
3613 5020 3830 5123 religionis.
3920 5030 3921 5043 ‘

586 5149 795 5198 nostra:
821 5154 936 5195 non
949 5136 1325 5204 consecranei,
1350 5146 1411 5193 ut
1440 5136 1629 5194 sileam
1648 5140 1966 5210 Europaeos,
1989 5157 2303 5214 supremam
2323 5143 2463 5199 inter
2482 5144 2820 5201 Christianos
2834 5144 3225 5201 auctoritatem
3237 5138 3491 5197 obtinere
3506 5130 3785 5207 agnoscunt,
3801 5132 3829 5169 ει
3920 5136 3921 5214 ς

586 5234 740 5308 quid,
767 5234 1019 5306 inquam,
1037 5230 1287 5303 petulans
1311 5230 1535 5303 aliquod
1563 5231 1847 5304 ingenium
1873 5236 2076 5302 amori,
2098 5235 2342 5321 odig,vel
2361 5238 2511 5293 lucro
2534 5238 2845 5294 obnoxium
2859 5238 3065 5294 chartis
3076 5236 3217 5291 male
3237 5234 3392 5290 sanis
3410 5214 3831 5291 illeverit,idb¢"

588 5330 798 5400 θολόγοι
822 5328 911 5385 isti
931 5336 986 5384 et
1008 5325 1438 5398 καλαμοσφάκται,
1473 5328 1634 5383 veluti
1664 5329 1803 5384 ccelo
1831 5328 2129 5386 demissum
2156 5346 2177 5386 ε

2240 5332 2433 5403 ἕρμαιον
2459 5332 2665 5404 aliquid
2694 5333 2986 5405 arripiunt,
3012 5330 3243 5396 cndunt,
3269 5326 3560 5391 recudunti
3590 5334 3649 5375 3°

586 5440 698 5481 non
724 5422 886 5480 cedro
910 5429 964 5477 et
996 5420 1413 5477 immortalitate
1437 5419 1667 5492 dignum
1698 5431 1942 5487 censent,
1973 5432 2139 5495 atque
2170 5424 2300 5479 hinc
2322 5424 2528 5481 sinuosi
2547 5425 2621 5481 illi
2644 5404 3090 5483 Centuriarumet
3112 5420 3557 5481 memorabilium
3574 5404 3829 5471 recondita-

587 5534 825 5591 rumque
838 5515 1159 5582 lectionum,
1177 5514 1376 5586 aliique
1390 5513 1637 5587 ejusdem
1647 5524 1794 5572 notae
1814 5517 1958 5574 male
1973 5518 2079 5574 suti
2100 5526 2381 5586 centones,
2399 5527 2661 5591 tanquam
2678 5521 2907 5578 vomicae
2919 5529 2975 5578 et
2987 5519 3362 5577 carcinomata
3376 5515 3603 5571 sincera
3616 5495 3827 5563 veritatis,

585 5612 927 5686 prodierunt,
962 5609 1087 5664 licet
1122 5608 1198 5664 illi
1232 5608 1354 5680 ipsi,
1387 5624 1526 5681 quos
1575 5609 1713 5665 adeo
1741 5620 1948 5680 amant,
2003 5611 2221 5684 vulgant
2248 5613 2687 5687 prostituuntque
2729 5623 3005 5683 auctores,
3038 5624 3302 5685 magnam
3336 5616 3549 5681 partem
3576 5601 3638 5657 ab
3666 5596 3825 5652 horum

582 5705 829 5779 profanis
854 5702 1410 5777 dogmatissectisque
1442 5703 1588 5758 varie
1613 5701 1860 5759 dissectis
1888 5704 2205 5774 dissideant,
2227 5713 2388 5779 atque
2416 5707 2492 5765 ita
2521 5709 2745 5778 asciam,
2795 5724 2962 5782 quam
2989 5708 3148 5765 nobis
3170 5702 3426 5775 inﬂigere
3452 5710 3644 5771 magno
3665 5688 3826 5748 οοιιδῑυ

581 5800 836 5860 laborant
854 5839 871 5872 ,
917 5797 1032 5858 suis
1053 5793 1266 5854 illidunt
1298 5794 1573 5853 cruribus.
