4024 6170
152 222 243 316 845
1044 259 1328 317 APPEND.
1371 261 1457 318 ιιι.
1498 291 1565 302 -
1604 263 1741 319 ΜΘΝ

1850 264 2023 320 ENTA
2062 259 2525 320 GREGORIANA.
3333 275 3432 328 846

215 391 420 444 Horum
451 384 633 458 itaque
662 388 1022 443 exsuscitatus
1058 388 1245 445 studio
1278 398 1334 444 et
1357 389 1645 455 industria,
1706 398 1765 445 ut
1791 400 1847 451 et
1873 407 1996 465 ego,
2027 408 2193 463 quem
2256 392 2311 447 in
2344 392 2589 448 Ecclesia
2620 400 2763 448 tenet
2794 395 2875 460 (Β.
2909 396 3197 468 Augustini
3227 396 3435 453 dictum

142 476 537 549 usurpo[epist.
579 482 719 547 165])
745 480 811 536 ab
836 481 946 552 ipsa
974 481 1100 538 sede
1146 482 1291 539 Petri
1319 484 1570 553 apostoli,
1605 484 1692 541 cui
1726 486 2022 557 pascendas
2048 502 2178 544 oves
2229 502 2356 543 suas
2377 484 2656 543 commisit
2686 488 2957 556 Christus,
2994 506 3171 562 usque
3200 488 3268 548 ad
3294 506 3434 562 pras-

143 581 344 628 sentem
371 573 743 645 episcopatum
781 576 1052 633 successio
1078 577 1455 643 sacerdotum;
1500 586 1727 635 tenuem
1778 582 2087 653 symbolam
2137 582 2374 654 aliquam
2402 583 2459 637 in
2487 590 2785 654 augustum
2823 582 2929 640 hoc
2956 592 3009 639 et
3061 584 3257 641 iisdem
3307 602 3434 643 cum

142 666 246 722 sole
281 666 541 723 limitibus
572 667 1051 742 circumscriptum
1082 671 1362 727 catholicae
1393 672 1651 729 Ecclesiae
1681 676 2149 746 amphitheatrum
2180 674 2512 743 conferrem,
2545 676 2963 733 membranacea
3013 677 3265 750 quaedam
3292 695 3433 753 opu-

142 760 299 823 scula,
344 761 675 833 ceteroquin
722 762 827 818 situ
855 766 1210 836 squaloreque
1242 765 1498 836 peritura,
1542 776 1598 821 et
1628 768 1787 825 tineis
1818 770 2109 843 blattisque
2146 770 2377 838 excussi,
2405 770 2683 842 exscripsi,
2706 781 2761 828 et
2797 774 3172 844 pancratiastae
3219 781 3435 833 nostra-

143 870 258 910 rum
272 855 507 926 partium
538 856 759 925 eximio,
799 859 1094 916 reverendo
1121 861 1184 916 P.
1213 860 1420 918 Iacobo
1446 862 1701 920 Gretsero
1746 866 2025 922 societatis
2074 865 2230 935 Jesu,
2263 880 2367 921 una
2398 880 2526 921 cum
2554 864 2665 921 suis
2706 867 2851 937 typis
2897 867 3256 938 exprimenda
3285 868 3433 937 dedi,

144 964 277 1020 quae,
300 950 453 1022 cujus
492 953 786 1008 commatis
815 954 943 1025 sint,
991 964 1052 1010 ut
1076 955 1333 1012 laciniosa
1358 957 1602 1014 oratione
1633 958 1920 1030 explicem,
1953 959 2305 1031 supersedeo,
2338 974 2405 1015 ne
2430 959 2565 1016 illud
2597 960 2803 1017 etrivio
2821 962 3176 1018 Lucilianum
3198 962 3435 1021 audiam.

637 1078 708 1089 —
737 1050 929 1103 Scruta
974 1051 1213 1118 quidem,
1239 1056 1300 1105 ut
1324 1053 1547 1119 vendat,
1578 1054 1866 1109 scrutartu’
1910 1055 2120 1117 laudat,

635 1148 988 1215 Praefractam
1018 1152 1303 1218 strigilem,
1336 1152 1534 1206 soleam
1560 1148 1825 1219 improbu’
1869 1148 2228 1202 dimidiatam.

215 1257 348 1314 Illud
379 1258 597 1314 interim
617 1260 777 1330 elogii
806 1260 918 1317 vice
949 1262 1036 1329 sit,
1073 1262 1220 1334 quod
1250 1264 1518 1335 μακαρίτης
1558 1263 1644 1331 ille
1674 1261 1960 1343 annalium
2031 1261 2521 1319 ecclesiasticorum
2564 1278 2786 1333 promus
2839 1263 3048 1321 condus
3095 1264 3266 1323 illust.
3315 1281 3436 1324 car-

144 1352 323 1408 dinalis
353 1353 638 1422 Batonius,
692 1354 808 1411 haec
851 1363 1038 1412 nostra
1086 1357 1284 1424 videre,
1326 1365 1384 1414 et
1418 1356 1828 1417 commentariis
1852 1357 1968 1413 suis
1994 1346 2489 1415 insereresummis
2523 1357 2663 1413 votis
2722 1357 2995 1430 discupiit,
3030 1375 3152 1432 quae
3180 1360 3440 1433 indeptus

145 1446 268 1502 haut
310 1447 685 1518 paenitendum
717 1450 1024 1505 auctarium
1051 1452 1134 1505 X1
1160 1459 1213 1506 et
1243 1452 1350 1505 XII
1380 1460 1533 1507 tomo
1555 1451 1851 1523 junxisset,
1877 1460 1932 1507 et
1963 1451 2367 1508 calumniarum
2398 1452 2516 1507 illas
2553 1452 2804 1521 nebulas,
2851 1470 2987 1525 quas
3016 1455 3181 1511 veluti
3213 1471 3242 1513 e
3282 1456 3442 1529 plau-

142 1548 247 1596 stro
293 1542 346 1594 in
374 1542 707 1613 Gregorium
732 1544 853 1611 Vll,
880 1543 1253 1600 Alexandrum
1284 1546 1361 1599 III
1392 1555 1445 1600 ct
1472 1543 1731 1601 Adrianul

1853 1550 1908 1612 V,
1949 1548 2128 1615 κηκάδι
2159 1547 2246 1598 σὺν
2266 1546 2471 1616 γλώσση
2502 1546 2583 1617 (ut
2606 1546 2927 1603 Callimachi
2950 1548 3129 1604 verbis
3153 1555 3294 1615 utar)
3314 1566 3442 1622 pro-

146 1633 398 1697 fundunt,
434 1636 625 1692 illustri
658 1636 765 1694 hoc
792 1637 1031 1695 veritatis
1059 1638 1173 1693 sole
1210 1638 1412 1694 clarius
1439 1639 1772 1709 dispulisset.
1801 1640 1880 1696 Sit
1904 1642 2089 1714 itaque
2112 1651 2300 1699 nostra
2328 1642 2525 1713 opella,
2551 1642 2712 1698 veluti
2732 1651 2898 1701 tenue
2934 1644 3147 1721 Spicum
3181 1653 3305 1716 post
3326 1645 3445 1703 haec

148 1745 402 1801 magnam
454 1732 823 1786 Baronianam
870 1739 1130 1804 segetem,
1176 1734 1445 1789 relictum.
2528 1734 2531 1737 ’
3054 1730 3057 1733 ’

216 1823 399 1893 Quam
445 1831 544 1879 tuo
590 1824 786 1879 illustri
828 1825 1073 1891 nomine,
1106 1825 1471 1881 illustrissime
1502 1826 1717 1897 praesul,
1754 1843 1851 1884 ceu
1884 1829 2119 1886 Palladis
2142 1830 2332 1903 aegide,
2360 1840 2551 1887 contra
2580 1831 2905 1903 rupiconum
2933 1840 2987 1888 et
3011 1833 3442 1907 vitilitigatorum

148 1918 425 1975 incondita
456 1928 629 1975 rostra
648 1961 662 1987 ,
695 1928 924 1988 tectam,
957 1920 1152 1992 publici
1170 1920 1313 1992 juris
1338 1938 1485 1977 nunc
1523 1922 1659 1977 facio
1678 1962 1692 1987 ,
1720 1930 1773 1976 et
1801 1922 1931 1988 tibi,
1963 1931 2025 1979 ut
2054 1924 2310 1980 eamdem
2340 1924 2589 1981 laborum
2634 1934 2689 1981 et
2712 1926 3082 1997 periculorum
3114 1928 3288 1984 aleam
3310 1944 3441 1985 cum

144 2013 485 2085 pontiﬁcibus
528 2014 753 2083 nostris,
795 2028 932 2091 quos
955 2016 1179 2087 scriptio
1208 2024 1417 2083 tuetur,
1448 2032 1824 2089 saepenumero
1864 2018 2143 2087 subetmti,
2176 2016 2303 2089 jure
2333 2018 2544 2091 optimo
2571 2021 2637 2074 L.
2682 2022 2762 2077 M.
2781 2017 2994 2079 dedico.
3023 2024 3107 2078 Tu
3131 2022 3299 2090 enim,
3327 2039 3442 2080 ma-

141 2125 241 2177 gne
266 2117 321 2165 et
356 2108 557 2165 invicte
588 2110 809 2178 athleta,
831 2126 1003 2166 manu
1026 2120 1277 2167 conserta
1301 2127 1427 2167 cum
1458 2112 1782 2169 adversariis
1801 2114 1997 2170 crebro
2027 2129 2371 2186 congressus,
2405 2130 2598 2171 eorum
2626 2115 2905 2187 strophas,
2932 2116 3159 2184 sutelas,
3185 2117 3445 2189 varieque

142 2211 433 2259 contextas
460 2202 702 2274 technas,
733 2204 899 2260 veluti
936 2220 1149 2260 aranea:
1184 2206 1375 2270 telam,
1410 2207 1572 2262 unico
1621 2207 1732 2264 ictu
1784 2208 2074 2276 discidisti,
2116 2224 2293 2282 usque
2341 2208 2479 2266 adeo
2528 2218 2589 2265 ut
2613 2208 3093 2282 grandiloquentia
3126 2217 3242 2279 tua,
3290 2212 3445 2284 quasi

140 2297 451 2354 Mercuriali
484 2298 720 2370 quadam
748 2307 963 2366 catena,
989 2299 1246 2369 devincti,
1277 2302 1507 2373 perculsi
1539 2311 1591 2357 et
1618 2304 1908 2375 prostrati,
1936 2303 2150 2360 veritati
2194 2318 2388 2361 manus
2411 2302 2636 2374 darent,
2670 2314 2725 2360 et
2752 2303 2971 2376 ejeratis
2989 2347 3004 2373 ,
3045 2304 3246 2377 quibus
3268 2304 3442 2363 hacte-

139 2407 239 2447 nus
280 2391 482 2447 imbuti
525 2392 763 2464 fuerant,
802 2392 1047 2464 profanis
1072 2395 1364 2466 mysteriis,
1396 2396 1453 2450 in
1471 2395 1596 2451 ﬁdei
1620 2406 1825 2453 nostra:
1848 2397 2173 2454 orthodoxae
2186 2414 2451 2453 numeros
2480 2398 2818 2469 transcripti,
2850 2413 2949 2469 pro
2969 2397 3161 2454 eadem
3184 2399 3319 2455 velle
3339 2400 3444 2469 uri,

141 2486 357 2553 vinciri,
402 2486 567 2559 virgis
597 2485 852 2560 ferroque
870 2490 1077 2557 necari,
1098 2506 1216 2546 sese
1240 2491 1596 2547 sacramentis
1635 2494 1805 2548 alcres
1824 2494 2175 2564 promptique
2198 2492 2518 2563 obligarent.
2543 2495 2605 2547 In
2649 2507 2886 2563 quorum
2910 2491 3113 2548 animis
3143 2508 3307 2565 porro
3344 2493 3447 2549 ﬁr-

142 2579 359 2636 mandis
383 2579 518 2636 dum
558 2589 777 2637 strenue
823 2582 1128 2648 adlabores,
1166 2592 1327 2656 caput
1356 2584 1464 2640 hoc
1491 2593 1669 2653 tulun,
1716 2586 1959 2657 religioni
1987 2586 2351 2659 propagandae
2391 2585 2679 2653 devotum,
2736 2594 3116 2657 praesentaneo
3153 2603 3298 2661 saepe
3348 2604 3449 2661 pro

140 2676 357 2733 Christo
387 2684 441 2730 et
471 2676 705 2733 Ecclesia
734 2677 851 2748 ejus
875 2678 1119 2750 objecisti
1149 2680 1409 2751 periculo,
1438 2689 1512 2747 et,
1540 2679 1872 2750 contemptis
1898 2679 2257 2735 inimicorum
2285 2678 2415 2735 hinc
2456 2678 2581 2734 inde
2636 2678 3045 2736 imminentium
3073 2680 3302 2749 insidiis,
3328 2697 3450 2738 con-

136 2780 347 2843 tempta
404 2771 529 2829 vitae
568 2773 852 2844 praesentis
899 2788 1053 2841 cura,
1096 2783 1319 2831 aeternae
1357 2775 1483 2831 vitm
1528 2774 1670 2829 viam
1721 2774 1957 2845 regiam,
1986 2773 2158 2829 totius
2185 2770 2509 2829 venerandae
2554 2771 2893 2843 antiquitatis
2934 2773 3183 2843 vestigiis
3233 2775 3447 2842 tritam,

134 2879 409 2921 erronum
435 2864 770 2922 diverticulis
806 2874 861 2921 et
906 2867 1219 2940 praecipitiis
1268 2866 1529 2924 ﬂexuosis
1558 2868 1778 2940 insuper
1825 2865 2050 2935 habitis,
2082 2865 2388 2939 neophytos
2427 2872 2553 2921 tuos
2582 2863 2823 2937 ingredi,
2846 2865 3021 2935 gratia
3053 2864 3223 2933 duce,
3251 2866 3451 2924 comite

135 2958 260 3027 ﬁde,
293 2966 608 3015 constanter
627 2959 910 3033 solidaque
929 2962 1202 3018 docuisti.
2124 2966 2141 2981 ‘
3308 3000 3311 3001 ν
3472 3027 3476 3031 .

195 3056 409 3126 Usque
436 3053 572 3111 adeo
602 3062 663 3111 ut
690 3054 881 3127 religio
915 3055 1205 3121 catholica,
1235 3071 1359 3128 qua:
1394 3056 1754 3112 collabascere
1779 3055 1868 3111 hic
1892 3054 2153 3127 paulatim
2180 3069 2244 3110 ac
2288 3061 2435 3110 retro
2464 3053 2520 3109 in
2565 3051 2719 3125 pejus
2743 3053 2870 3110 ferri
2901 3060 3021 3110 tum
3045 3055 3314 3126 temporis
3339 3052 3452 3115 visa

133 3157 273 3218 erat,
304 3164 535 3204 omnem
560 3150 642 3205 sui
670 3150 900 3218 cultum,
933 3159 1189 3206 ornatum
1218 3166 1281 3207 ac
1319 3150 1745 3217 incrementum,
1792 3165 1903 3222 quo
1933 3165 2082 3205 nunc
2113 3148 2363 3220 splendet
2406 3154 2459 3203 et
2504 3146 2821 3217 efflorescit,
2851 3147 2949 3204 tibi
2980 3149 3098 3217 uni,
3141 3157 3203 3205 ut
3249 3150 3454 3207 incom-

134 3243 369 3316 parabili
409 3246 826 3315 propugnatori,
858 3245 948 3316 qui
979 3260 1036 3301 se
1083 3262 1307 3301 murum
1343 3262 1405 3302 ac
1451 3246 1653 3301 vallum
1678 3246 1955 3302 aheneum
1993 3260 2092 3316 pro
2122 3243 2293 3299 domo
2336 3240 2558 3299 Domini
2607 3240 2864 3299 confertis
2902 3243 3145 3302 hostium
3195 3246 3319 3302 telis
3367 3247 3455 3305 vel

132 3339 345 3396 millies
387 3338 610 3411 objecit,
656 3338 968 3411 gratissimo
1007 3355 1067 3396 se
1100 3339 1299 3397 debere
1345 3340 1532 3397 animo
1565 3340 1909 3412 proﬁteatur,
1930 3352 2057 3411 qua
2077 3338 2206 3395 licet
2223 3352 2373 3394 nunc
2400 3336 2603 3393 iterum
2627 3346 2947 3410 temporum
2973 3339 3174 3411 injuria
3197 3340 3451 3397 nonnihil

133 3434 221 3490 hic
251 3432 493 3489 delibari
526 3440 579 3488 et
603 3431 916 3489 adversaria
945 3434 1218 3490 cervicem
1260 3433 1495 3507 erigere,
1540 3433 1841 3507 pedemque
1881 3441 2133 3490 nostrum
2166 3446 2412 3504 premere
2442 3430 2707 3499 videatur,
2744 3444 2870 3504 spes
2899 3441 2981 3488 est
3010 3440 3201 3490 tamen
3230 3433 3457 3492 cenfore

128 3539 177 3583 ut
210 3543 373 3583 nova
410 3535 463 3582 et
489 3527 743 3599 ignobilis
790 3528 907 3584 haec
944 3529 1207 3584 Titanum
1245 3529 1480 3597 soboles,
1532 3529 1735 3585 coelum
1771 3528 2087 3600 coelitesque
2136 3526 2348 3591 nefarie
2397 3542 2743 3600 oppugnans,
2791 3529 3035 3600 supremi
3082 3530 3457 3587 Moderatoris

131 3623 315 3680 ductu
348 3620 736 3694 auspiciisque,
758 3622 918 3694 cujus
942 3621 1162 3679 decreta
1190 3622 1307 3694 ﬁgit
1333 3630 1388 3678 et
1415 3620 1613 3695 reﬁgit,
1643 3638 1708 3679 ex
1738 3624 1851 3679 alto
1874 3622 2105 3695 dejecta,
2146 3638 2245 3678 sua
2275 3629 2629 3693 aggestorum
2653 3622 2933 3678 montium
2957 3623 3105 3679 mole
3137 3623 3333 3680 obruta
3364 3640 3460 3697 op-

132 3731 444 3789 pressaque
475 3716 703 3772 demum
726 3718 925 3789 jaceat.
957 3717 1254 3774 Conferant
1278 3718 1463 3789 itaque
1501 3717 1714 3789 pedem,
1757 3719 1966 3773 irruant
2004 3725 2059 3772 et
2085 3717 2419 3787 impugnent
2447 3713 2844 3774 andabatarum
2877 3715 2933 3771 in
2962 3731 3178 3774 morem
3198 3760 3214 3787 ,
3242 3717 3459 3776 terribi-

138 3813 260 3868 lem
290 3810 468 3877 hanc,
496 3820 551 3866 et
579 3819 640 3866 ut
668 3819 978 3868 castrorum
1010 3812 1182 3868 aciem
1212 3811 1350 3867 bene
1380 3812 1721 3881 ordinatam,
1752 3815 2065 3868 Romanam
2090 3826 2214 3866 vere
2243 3817 2387 3865 statu
2416 3806 2633 3865 felicem
2664 3810 2965 3867 Ecclesiam
2992 3816 3072 3877 (ut
3094 3811 3462 3879 Tertullianus

138 3900 290 3958 Afer
328 3902 403 3958 ait
430 3903 515 3969 [de
543 3905 852 3973 Prcesc-rtpt.
884 3919 931 3958 c.
966 3906 1103 3972 36]),
1138 3903 1225 3959 cui
1256 3911 1431 3960 totam
1473 3903 1781 3961 doctrinam
1824 3905 2056 3977 apostoli
2103 3920 2232 3961 cum
2259 3919 2359 3962 suo
2396 3904 2669 3975 sanguine
2719 3903 3106 3975 profuderunt,
3146 3905 3237 3963 ubi
3268 3908 3464 3973 Petrus

139 3994 393 4069 passioni
431 3996 743 4052 Dominica:
782 3997 1120 4068 adaequatur,
1155 3997 1248 4052 ubi
1299 3997 1502 4054 Paulus
1529 3999 1757 4056 Joannis
1786 3999 1933 4055 exitu
1979 4007 2295 4066 coronatur,
2328 3998 2421 4055 ubi
2450 3998 2731 4071 apostolus
2761 3992 3029 4068 Joannes,
3071 4007 3364 4073 postquam
3400 4002 3461 4057 in

142 4090 340 4147 oleum
370 4089 594 4162 igneum
623 4090 910 4149 demersus
948 4090 1078 4146 nihil
1110 4106 1302 4161 passus
1351 4099 1450 4158 est,
1491 4092 1547 4147 in
1597 4094 1830 4150 insulam
1886 4094 2179 4166 relegatur.
2232 4093 2411 4151 Stabit
2450 4092 2812 4150 nihilominus
2852 4092 2961 4163 illa,
3066 4102 3127 4151 ut
3170 4095 3463 4166 άδααμντο-

147 4186 349 4247 πέδιλος
394 4186 534 4251 κίων,
582 4194 645 4242 ut
695 4188 950 4244 columna
1008 4196 1062 4241 et
1105 4186 1519 4242 ﬁrmamentum
1565 4187 1824 4257 veritatis,
1879 4186 2143 4245 adversus
2173 4203 2341 4259 quam
2382 4202 2449 4242 ne
2491 4185 2797 4244 inferorum
2838 4187 3066 4260 quidem
3101 4196 3279 4259 portae
3322 4203 3461 4260 prae

154 4280 435 4335 valebunt.

218 4372 414 4444 Quoin
438 4371 619 4428 omine
644 4364 903 4449 abjungo,
928 4381 982 4429 et
1013 4381 1071 4428 ut
1100 4382 1265 4431 tenue
1295 4372 1399 4430 hoc
1434 4374 1775 4431 chartaceum
1805 4377 2211 4443 munusculum,
2243 4374 2569 4432 meritorum
2594 4374 2648 4429 in
2674 4374 2999 4432 me’tuorum
3032 4393 3459 4451 mnemosynon,

150 4468 357 4527 lubenti
404 4487 568 4528 manu
608 4479 665 4528 et
700 4486 894 4528 serena
926 4471 1128 4543 fronte,
1160 4473 1528 4530 illustrissime
1555 4475 1845 4537 Maecenas,
1869 4472 2122 4543 excipias,
2152 4478 2209 4529 et
2246 4469 2517 4528 editorem
2537 4484 2723 4537 suum,
2749 4484 2885 4553 cum,
2929 4484 3099 4541 prope
3128 4471 3285 4529 solus

986 4570 1183 4623 Tristes
1208 4568 1304 4621 hac
1334 4572 1642 4637 tempestate
1665 4568 1923 4622 Camenas
3322 4558 3329 4565 ’

798 4664 1105 4731 Respicis...
1120 4706 1128 4715 .
1143 4704 1155 4717 .

148 4771 475 4828 auctoritate
514 4778 570 4827 et
596 4771 772 4844 gratia
803 4780 897 4827 tua
943 4773 1329 4843 complectaris
1358 4779 1412 4827 et
1446 4771 1730 4842 foveas,|et
1757 4770 1826 4827 ad
1856 4770 2064 4842 majora
2095 4769 2422 4843 publicanda
2456 4768 2797 4835 exstimules,
2840 4784 2997 4841 rogo,
3029 4778 3089 4826 et
3135 4786 3458 4844 supremum

152 4877 390 4932 numen,
436 4875 497 4923 ut
521 4873 751 4923 conatus
779 4874 903 4923 tuos
933 4867 1252 4947 reipublicae
1296 4865 1621 4953 Christiana:
1648 4865 1914 4922 salutares
1939 4864 2488 4960 annptu‘suoﬁrmetk
2506 4873 2919 4951 prosperaque,
2940 4880 3009 4922 ex
3036 4865 3225 4923 animo
3265 4884 3455 4925 voveo.

238 4958 357 5014 Dat.
398 4961 630 5017 Vienna:
659 4960 1034 5031 Austriorum,
1067 4976 1135 5019 ex
1162 4960 1365 5018 Museo
1382 4948 1597 5032 11οόοξ
1615 4952 1723 5016 χιιι
1750 4957 1839 5017 die
1860 4960 1941 5014 ιι).
1970 4948 2281 5032 Ηῷιιοιῇιό
2300 4948 2539 5016 Austrim
2556 4948 2785 5016 Vtutelari
2811 4975 2983 5015 sacra.
3026 4963 3189 5018 Anno
3215 4962 3404 5020 salutis
3430 4977 3461 5017 a

150 5048 378 5109 Christo
404 5054 670 5112 restitutae
702 5058 864 5111 1611.
2295 5054 2721 5109 Ssmsrunus
2797 5049 3247 5111 TENGNAGEL

1456 5136 1461 5141 ’
2555 5148 2682 5204 JCIn
2708 5154 2762 5204 et
2783 5149 2922 5206 Cass.
2950 5151 3090 5223 Reg.
3124 5148 3382 5207 Biblioth.

2960 5280 3011 5307 θλ,

1622 5294 1627 5301 «
2262 5288 2319 5297 'I
2400 5296 2403 5299 .
2480 5288 2563 5321 Ι·
2960 5288 3011 5307 qr

1221 5444 1610 5535 INDEX
1676 5440 2393 5563 AUCTORUM.

156 5620 210 5696 ἔς
388 5626 633 5696 Epicteto
659 5624 1015 5682 S.Gebhardi
1040 5624 1424 5694 archiepiscopi
1446 5624 1865 5693 Saltsburgensts
1895 5622 1969 5677 ad
2011 5622 3066 5692 Hartmanmmtejﬁseopquetelmt
3130 5656 3151 5661 --

148 5692 232 5768 ξιτ
383 5692 513 5755 Vita
540 5698 598 5755 S.
629 5697 917 5754 Attmanm'
945 5698 1181 5768 episcopi
1208 5692 1578 5767 Passdvtensts.
1700 5692 1705 5693 ν
1784 5766 1789 5768 Α
2906 5758 2915 5761 Α

376 5768 506 5823 Vita
554 5770 615 5825 B.
669 5768 931 5823 Ttemonts
956 5761 1365 5838 ἀνονιὶἰίὶίεείιρίΔ
1400 5766 1835 5835 Saltsbu-rgensis.

145 5832 251 5891 IV.
371 5840 499 5896 Vita
516 5842 575 5897 8'.
605 5841 845 5896 Anselmt'
871 5841 1125 5910 Epistopt
1142 5832 1409 5895 Lucensis.
1648 5832 1669 5875 ’ν
