4048 6174
235 302 330 390 sui

1132 337 1419 394 APPEND.
1460 338 1544 392 Ill.
1586 366 1657 379 -
1693 338 2110 397 MONUMENTA
2150 342 2608 403 GREGORIANA.

3419 360 3521 414 850

229 458 497 514 contraria
526 459 769 514 sentiunt
795 468 854 516 et
880 460 1196 532 loquuntur.
1230 463 1343 518 Nos
1372 469 1578 530 autem,
1613 461 1819 518 moduli
1851 470 1904 532 Α
1934 480 2038 521 nos
2067 478 2386 540 sequantur.
2428 472 2490 526 In
2516 472 2649 527 locis
2687 473 2957 545 siquidem
2986 476 3054 532 de
3092 478 3289 549 quibus
3316 489 3521 539 nostrae

227 553 400 609 nostri
426 567 540 608 non
557 553 755 623 ignari,
785 553 855 611 ad
887 555 1257 629 instruendam
1287 556 1637 628 prudentiam
1662 565 1816 613 tuam

225 661 565 719 nequaquam
594 648 1019 720 prorumpimus,
1056 649 1205 722 quod
1244 666 1356 705 non
1393 650 1580 706 minus
1606 650 1813 707 ridicu-

223 742 339 797 lum
369 739 511 796 foret
536 757 701 813 quam
726 741 770 798 si
819 743 945 815 quis
972 745 1145 799 solem
1176 743 1389 800 facibus
1417 743 1676 816 adjuvare
1705 745 1815 800 vel-

222 835 313 889 let.
344 835 467 889 Huc
493 836 705 891 accedit
742 836 907 907 quod,
933 837 1075 893 sicut
1108 837 1342 894 facultas
1371 838 1475 893 hoc
1506 854 1619 894 non
1658 839 1815 893 mini-

217 937 376 996 strat,
407 929 486 985 sic
522 945 629 986 nec
657 932 907 987 voluntas
948 934 1203 1004 suggerit.
1234 932 1547 988 Taediosum
1576 947 1814 1004 namque

214 1032 271 1107 et
289 1037 757 1095 supervacaneum
788 1025 1024 1092 videtur,
1051 1026 1172 1081 illos
1195 1025 1567 1097 praeparandis
1590 1042 1814 1097 respon-

219 1117 465 1173 sionibus
484 1134 711 1189 operam
753 1119 907 1186 dare,
940 1136 1082 1191 quos
1110 1136 1278 1176 nemo
1306 1120 1563 1192 dignatur
1588 1120 1803 1176 audire.

218 1212 435 1266 Rarum
462 1210 745 1267 infortunii
776 1230 948 1285 genus
977 1222 1060 1270 est
1081 1215 1233 1287 quod
1270 1215 1529 1286 patimur,
1560 1214 1654 1286 qui
1677 1224 1731 1270 et
1756 1216 1809 1269 in

215 1290 409 1359 multis
455 1320 796 1374 accusamur,
826 1316 881 1362 et
931 1317 1119 1364 tamen
1163 1308 1373 1364 nullum
1403 1307 1699 1363 excusandi
1731 1308 1810 1362 lo-

212 1414 341 1453 cum
400 1399 600 1456 habere
659 1416 971 1472 possumus.
1032 1403 1286 1458 Seniores
1332 1417 1568 1473 namque
1609 1402 1807 1469 nostri,

210 1492 423 1548 scilicet
462 1495 750 1551 contrariae
782 1497 953 1566 partis
979 1496 1237 1567 episcopi,
1278 1511 1400 1551 eam
1430 1511 1558 1551 cum
1581 1496 1694 1551 suis
1721 1512 1808 1551 sa-

208 1585 531 1643 cerdotibus
558 1588 956 1645 humanitatem
985 1590 1036 1644 in
1084 1588 1310 1662 agendis
1339 1590 1517 1645 causis
1554 1589 1808 1645 exhibere

207 1680 577 1751 dedignantur
622 1698 792 1755 quam
852 1699 954 1739 nec
1004 1683 1236 1755 propriis
1273 1683 1559 1754 mancipiis
1607 1699 1805 1755 quem-—

202 1789 371 1845 quam
408 1784 628 1845 oportet
652 1776 947 1848 denegare,
975 1793 1087 1832 non
1117 1786 1329 1833 utentes
1350 1779 1407 1831 in
1438 1777 1601 1832 nobis
1623 1792 1808 1834 exem-

1927 560 2097 630 partis
2138 562 2425 633 pontiﬁces
2467 565 2675 636 expulsi
2719 577 2872 637 sunt,
2915 568 3178 627 doctrinae
3204 572 3305 628 sibi
3338 574 3519 633 locum

1928 652 2229 721 vindicant,
2280 654 2479 729 ibique,
2514 661 2570 713 in
2600 660 2857 717 Ecclesiis
2900 678 3012 719 non
3040 666 3173 733 suis,
3205 681 3335 723 oves
3361 668 3431 724 ad
3460 686 3519 727 se

1926 760 2038 800 non
2082 749 2413 817 pertinentes
2440 760 2715 822 usurpata:
2761 756 3163 825 praedicationis
3203 760 3404 831 pabulo
3447 763 3516 819 ad

1926 838 2031 894 hoc
2056 856 2230 911 usque
2266 841 2730 914 informaverunt,
2759 856 2819 903 ut
2846 859 3094 920 pastores
3124 851 3241 923 pios
3270 869 3383 911 non
3422 872 3516 911 so-

1925 933 2040 988 lum
2083 933 2391 1007 despicere,
2450 937 2543 993 sed
2594 938 2758 995 etiam
2806 946 3052 1015 persequi
3100 944 3327 1018 dignum
3374 949 3516 1004 arbi-

1922 1035 2157 1082 trentur.

1988 1123 2141 1192 Ergo
2175 1122 2219 1176 si
2263 1137 2505 1195 eousque
2548 1125 2729 1195 prodit
2763 1127 3023 1199 iniquitas
3064 1140 3251 1188 nostra
3289 1141 3350 1189 ut
3388 1136 3512 1190 nul-

1923 1212 2037 1267 lum
2065 1214 2131 1269 de
2171 1215 2518 1272 aberratione
2558 1224 2745 1274 nostra
2789 1220 3039 1277 dubietas
3068 1222 3250 1280 locum
3288 1226 3510 1295 habeat,

1925 1315 1980 1361 et
2009 1309 2190 1380 magis
2234 1310 2502 1381 plectendi
2534 1313 2705 1369 simus
2750 1330 2921 1385 quam
2950 1315 3228 1386 audiendi,
3269 1323 3513 1390 oportuit

1920 1408 2105 1456 tamen
2146 1402 2289 1458 viros
2330 1406 2425 1475 qui
2470 1406 2715 1477 ejusdem
2759 1408 3047 1465 nobiscum
3094 1419 3221 1465 sunt
3270 1412 3514 1468 nominis

1918 1502 1973 1549 et.
2001 1492 2167 1549 ofﬁcii
2195 1498 2577 1554 convertendis
2628 1498 2888 1556 fratribus
2945 1504 3127 1574 potius
3171 1520 3341 1575 quam
3390 1522 3511 1577 per-

1918 1587 2112 1643 dendis
2145 1590 2387 1660 studere,
2413 1593 2721 1648 errantibus
2750 1594 2895 1649 viam
2922 1596 3161 1652 veritatis
3198 1598 3512 1666 ostendere,

1918 1690 1970 1735 et
2006 1683 2333 1739 salutaribus
2378 1686 2603 1740 monitis
2652 1687 2820 1743 divisa
2858 1690 3109 1745 membra
3136 1690 3205 1747 ad
3244 1692 3515 1747 unitatem

1920 1775 2135 1830 lucrari.
2184 1779 2303 1832 Hoc
2351 1779 2561 1833 bonum
2592 1791 2733 1835 esset
2760 1790 2815 1837 et
2865 1792 3145 1854 acceptum
3177 1800 3362 1840 coram
3393 1786 3511 1842 Sal-

205 1868 296 1939 plo
328 1868 474 1923 beati
495 1870 600 1924 Job
634 1869 870 1925 dicentis
902 1889 913 1924 :
951 1873 1014 1927 Si
1034 1874 1322 1940 contempsi
1347 1870 1531 1925 subire
1539 1872 1811 1940 judicium
1838 1852 1887 1915 Β
1924 1878 2111 1926 vatore
2142 1879 2355 1940 nostro,
2400 1881 2462 1927 ut
2484 1874 2576 1943 qui
2616 1874 2683 1930 de
2712 1852 3054 1945 plenitudine
3076 1876 3194 1950 ejus
3232 1880 3510 1936 abundan-

204 1977 321 2015 cum
344 1978 497 2016 servo
525 1969 574 2017 et
603 1966 801 2018 ancilla
834 1981 953 2019 mea
988 1965 1100 2035 (Job
1124 1968 1318 2031 xxxx).

274 2058 353 2110 Ex
401 2070 513 2126 quo
557 2057 709 2112 enim
752 2057 872 2113 haec
904 2058 1046 2113 inter
1076 2074 1179 2113 nos
1211 2058 1618 2114 dissensionum
1660 2074 1811 2115 scan—

200 2148 322 2205 dala
354 2150 489 2205 oriri
533 2159 837 2221 cmperunt,
875 2151 1119 2222 nunquid
1149 2151 1291 2218 illos,
1340 2151 1463 2207 licet
1500 2151 1810 2223 frequenter

201 2251 252 2297 et
296 2241 500 2298 devote
529 2242 763 2311 orando,
804 2260 1025 2299 exorare
1078 2244 1357 2316 potuimus
1404 2254 1694 2317 quatenus,
1741 2246 1807 2301 ad

200 2335 628 2393 reformandum
660 2338 921 2393 Ecclesia:
946 2337 1208 2405 formam,
1236 2347 1293 2393 et
1321 2354 1425 2393 nos
1470 2338 1592 2394 illos
1618 2339 1807 2395 audire

198 2439 249 2483 et
280 2430 471 2484 audiri
499 2430 569 2485 ab
600 2431 703 2485 illis
729 2431 1115 2499 concederent,
1148 2432 1554 2503 promittentes,
1585 2433 1629 2487 si
1666 2433 1805 2505 parti

198 2523 424 2579 illorum
462 2524 735 2595 justitiam
781 2523 962 2581 favere
1009 2534 1305 2595 constaret,
1337 2542 1440 2581 nos
1478 2526 1595 2581 sine
1638 2525 1805 2583 dubio

197 2616 536 2671 sententiam
563 2617 783 2672 illorum
811 2627 1117 2674 secuturos.

270 2710 379 2765 Sed
403 2708 638 2765 fortasse
660 2711 1044 2780 ignorantibus
1070 2711 1384 2767 incredibile
1414 2711 1630 2768 videtur
1654 2712 1803 2783 quod

196 2804 457 2871 dicimus,
492 2813 658 2860 tantae
686 2804 974 2876 dignitatis
1014 2814 1068 2861 et
1116 2805 1436 2861 reverentiae
1484 2806 1628 2861 viros
1669 2805 1803 2860 affli-

196 2901 298 2955 ctis
348 2899 612 2957 fratribus
641 2918 754 2955 non
798 2903 979 2957 solum
1026 2903 1467 2973 compassionem
1496 2918 1610 2957 non
1650 2901 1802 2957 exhi-

197 2994 349 3061 bere,
378 2992 477 3048 sed
506 3003 561 3049 et
591 2994 862 3066 justitiam
901 2995 1185 3067 denegare.
1220 2994 1303 3051 Ad
1348 2994 1653 3051 faciendam
1680 3011 1799 3050 ver-

194 3087 280 3143 bis
308 3087 517 3143 nostris
544 3076 752 3154 ﬁdem,
779 3098 1003 3159 propter
1028 3090 1317 3161 legationes
1367 3088 1697 3161 quibusdam
1742 3089 1800 3143 il-

194 3182 381 3237 lorum
427 3182 680 3253 privatim
733 3182 992 3251 directas,
1048 3184 1189 3254 ipsas
1232 3199 1492 3254 personas
1537 3184 1798 3252 exprimi-

196 3291 322 3330 mus
352 3290 482 3330 cum
527 3275 730 3346 quibus
776 3277 830 3331 in
858 3277 1080 3348 publico
1109 3277 1387 3348 colloquio
1416 3276 1549 3331 vivis
1578 3276 1800 3330 vocibus

194 3368 313 3423 haec
369 3376 601 3424 tractata
652 3378 810 3435 sunt;
872 3370 1081 3425 scilicet
1128 3369 1601 3441 archiepiscopum
1650 3368 1807 3424 Colo-

192 3466 467 3530 niensem,
526 3465 813 3536 episcOpos
864 3463 1409 3537 Babinbergensem,
1467 3464 1802 3533 Spirensem,

194 3558 400 3613 electos
467 3558 741 3623 (electum)
788 3559 1465 3626 Treverensem,~electos
1530 3558 1806 3625 (electum)

191 3652 627 3722 Trajectensem.
661 3652 786 3708 Istis
817 3668 952 3723 pene
993 3653 1250 3707 omnibus
1294 3652 1544 3707 Saxoniae
1575 3660 1625 3706 ct
1665 3652 1807 3708 Thu—

193 3745 384 3816 ringiaa
432 3745 693 3816 majores,
721 3746 815 3801 ubi
860 3745 1182 3802 condictum
1226 3754 1331 3815 est,
1372 3746 1594 3801 obviam
1648 3762 1807 3802 vene-

195 3848 348 3906 runt,
375 3846 450 3906 et,
495 3839 551 3893 in
590 3855 653 3894 ea
691 3855 859 3911 quam
905 3839 1258 3911 praediximus
1288 3841 1554 3896 sententia
1583 3855 1806 3896 concor-

194 3930 411 3997 dantes,
446 3930 591 3987 ultro
621 3947 679 3987 se
720 3932 1100 3989 discutiendos
1139 3932 1479 3999 obtulerunt,
1520 3948 1579 3988 ea
1621 3930 1805 3987 condi-

197 4024 346 4080 tione
386 4032 468 4092 ut,
498 4025 544 4079 si
569 4041 792 4081 causam
818 4026 1149 4097 suamjuxta
1192 4025 1341 4097 leges
1381 4034 1433 4080 et
1458 4025 1804 4081 consuetudi-

197 4133 292 4174 nes
318 4117 714 4175 ecclesiasticas
754 4119 1053 4175 defendere
1078 4135 1188 4174 non
1216 4126 1461 4191 possent,
1494 4119 1805 4175 sanioribus

198 4211 420 4267 illorum
481 4214 724 4269 consiliis
776 4215 1209 4285 acquiescerent,
1261 4228 1371 4268 non
1420 4210 1799 4267 confusionem

202 4303 302 4360 hoc
326 4314 672 4378 reputantes,
702 4308 768 4375 si,
789 4291 1026 4363 'meliora
1057 4315 1111 4361 et
1133 4306 1385 4362 viciniora
1414 4306 1573 4361 saluti
1606 4305 1672 4360 ab
1696 4306 1800 4360 illis

196 4397 497 4463 discentes.
531 4416 779 4455 errorem
799 4416 965 4456 suum
989 4400 1378 4471 relinquerent.

265 4494 405 4549 Haec
425 4493 483 4547 in
511 4493 736 4548 auribus
757 4495 1007 4550 omnium
1042 4494 1134 4565 qui
1166 4494 1397 4549 aderant
1422 4509 1535 4548 non
1566 4502 1794 4549 conten-

1922 1963 2033 2018 tius
2062 1974 2413 2036 acceperunt,
2435 1974 2713 2037 acceptam
2736 1984 2849 2040 prae
2877 1969 2999 2025 aliis
3021 1973 3256 2041 gratiam
3277 1973 3332 2028 in
3356 1973 3513 2029 alter-

1920 2065 2109 2112 utrum
2162 2057 2607 2115 administrarent
2637 2061 2685 2131 (Ι
2735 2066 2845 2116 Pet.
2902 2068 3005 2128 ιγ),
3058 2065 3200 2119 sicut
3242 2067 3511 2137 scriptum

1920 2158 2004 2204 est
2044 2171 2056 2206 :
2093 2153 2199 2217 Qui
2232 2153 2405 2213 audit,
2431 2154 2579 2206 dicat
2610 2172 2626 2206 :
2662 2156 2812 2209 Vem'.
2846 2156 3063 2211 Bonum
3094 2156 3315 2227 quidem
3342 2169 3511 2228 esset,

1920 2251 1973 2296 et
2012 2242 2372 2299 fraternitatis
2417 2246 2756 2301 amatoribus
2795 2257 3136 2319 competens,
3189 2252 3245 2305 in
3290 2252 3405 2319 tali,
3449 2263 3513 2307 ut

1919 2336 2091 2403 aiunt,
2142 2338 2440 2409 praecipitio
2484 2341 2712 2409 positos,
2743 2342 2913 2397 etiam
2961 2342 3206 2399 nolentes
3253 2346 3511 2413 retinere,

1917 2438 2124 2501 quanto
2150 2432 2326 2503 magis
2354 2447 2448 2487 eos
2475 2434 2569 2505 qui
2592 2449 2811 2489 summo
2839 2434 2895 2490 id
2926 2433 3202 2493 desiderio
3225 2446 3510 2510 expetunt,

1916 2531 1969 2578 et
2009 2524 2241 2579 rectiora
2269 2525 2598 2581 docentibus
2643 2526 2864 2583 obedire
2892 2528 2946 2582 in
2984 2538 3242 2601 promptu
3286 2531 3509 2588 habent.

1916 2619 2041 2672 Non
2082 2633 2247 2688 grave
2278 2627 2373 2673 aut
2420 2618 2775 2674 inhonestum
2813 2621 3147 2678 arbitrantes
3177 2623 3255 2679 sic
3292 2626 3361 2681 ab
3389 2626 3511 2683 aliis

1916 2712 2078 2777 vinci,
2116 2721 2177 2766 ut
2209 2720 2261 2766 et
2290 2712 2389 2782 ipsi
2417 2728 2580 2768 suum
2611 2729 2857 2769 errorem
2889 2714 3186 2772 vincerent.

1987 2806 2293 2871 Postremo,
2325 2804 2370 2860 si
2408 2813 2575 2861 tantae
2595 2806 2986 2861 obstinationis
3014 2823 3258 2866 essemus
3278 2819 3340 2865 ut
3369 2812 3510 2867 veri-

1912 2898 2045 2953 tatis
2085 2913 2273 2954 sermo
2311 2898 2365 2953 in
2406 2898 2567 2953 nobis
2612 2914 2721 2953 non
2758 2906 2979 2971 caperet
3004 2905 3172 2967 (Joan.
3204 2909 3367 2970 vm),
3408 2905 3509 2977 ipsi

1911 3000 2099 3047 tamen
2142 2992 2327 3063 impiis
2366 2992 2709 3063 iniquitatem
2767 3008 2927 3049 suam
2972 2994 3348 3051 annuntiando
3388 2998 3508 3052 ani-

1912 3101 2033 3141 mas
2077 3102 2203 3141 suas
2243 3085 2754 3162 liberarent.-N_obis
2781 3094 2987 3153 autem,
3016 3103 3257 3159 quorum
3287 3089 3506 3146 calami-

1912 3180 2042 3235 tatis
2069 3178 2208 3235 adeo
2233 3178 2415 3249 cupidi
2461 3187 2607 3245 sunt,
2657 3180 2922 3235 carbones
2951 3181 3088 3250 ignis
3115 3193 3505 3253 congererent;

1916 3275 2042 3345 quia
2072 3282 2202 3328 tunc
2243 3274 2402 3328 nobis
2448 3274 2625 3345 major
2663 3272 3001 3329 confusionis
3042 3275 3297 3332 cumulus
3328 3291 3510 3333 accre-

1918 3375 2113 3432 sceret,
2144 3366 2384 3438 quando,
2426 3368 2610 3439 agnita
2651 3368 2897 3435 veritate,
2932 3368 3002 3424 ab
3044 3368 3126 3424 eis
3149 3370 3215 3425 de
3244 3370 3505 3442 ignoran-

1915 3461 1989 3515 tia
2014 3460 2421 3517 excusationem
2451 3476 2563 3516 non
2590 3459 2939 3517 haberemus.

1984 3559 2101 3626 Age
2130 3570 2301 3621 nunc,
2350 3554 2670 3610 charissime
2705 3556 2867 3609 Pater
2899 3564 2954 3610 et
2982 3555 3231 3623 domine,
3266 3559 3508 3630 quando-

1913 3648 2134 3720 quidem
2168 3664 2269 3702 nos
2298 3648 2505 3719 indigni
2533 3646 2853 3719 judicamur
2880 3664 3019 3720 quos
3052 3649 3277 3706 verbtun
3305 3653 3507 3709 verita-

1914 3743 1986 3796 tis
2027 3740 2260 3807 erudiat,
2303 3756 2430 3797 cum
2480 3743 2670 3797 domus
2711 3759 3042 3812 exasperatis
3072 3744 3283 3815 (Ezech.
3331 3746 3402 3817 II)
3428 3746 3507 3802 si-

1912 3851 2065 3902 mus;
2118 3844 2179 3889 tu
2218 3842 2422 3903 tamen,
2471 3834 2580 3905 cui,
2623 3851 2721 3906 pro
2769 3837 3155 3893 commorandi
3203 3838 3502 3908 vicinitate,

1912 3929 2255 4001 colloquendi
2302 3944 2428 3983 cum
2483 3929 2560 3985 eis
2617 3927 2830 3985 facilior
2870 3930 3051 3986 aditus
3103 3939 3279 4001 patet;
3336 3948 3504 4004 quem

1912 4023 2102 4090 etiam,
2131 4030 2247 4078 tam
2290 4039 2389 4094 pro
2418 4023 2542 4080 vita
2570 4039 2734 4093 Quam
2764 4022 3045 4095 dignitatis
3073 4024 3384 4093 honestate,
3415 4041 3504 4083 re-

1912 4116 2123 4187 pulsam
2166 4117 2275 4188 pati
2324 4132 2436 4173 non
2482 4124 2700 4187 oportet
2736 4137 2747 4171 :
2792 4125 2875 4186 tu,
2916 4119 3163 4190 inquam,
3194 4134 3292 4190 pro
3342 4120 3504 4176 nobis

1912 4209 2141 4264 verbum
2187 4208 2296 4277 fac;
2326 4218 2389 4264 tu
2419 4210 2519 4264 tibi
2549 4209 2693 4265 inter
2721 4225 2824 4265 nos
2858 4210 3177 4267 mediatoris
3207 4213 3378 4268 vicem
3413 4227 3503 4269 as-

1911 4317 2087 4357 sume.
2112 4301 2252 4357 Audi
2280 4302 2349 4356 ab
2378 4302 2456 4356 eis
2483 4301 2631 4373 quod
2660 4302 2980 4372 audiamus;
3008 4320 3071 4359 ex
3095 4314 3151 4360 te
3180 4306 3325 4362 disce
3352 4307 3503 4378 quod

1908 4397 2137 4463 doceas;
2196 4395 2412 4467 inquire
2453 4395 2648 4465 quibus
2704 4395 3079 4452 ecclesiasticis
3130 4400 3504 4457 sanctionibus

1908 4505 2131 4545 causam
2168 4504 2325 4545 suam
2377 4488 2631 4561 probent,
2680 4497 2927 4544 nostram
2989 4505 3118 4545 vero
3156 4491 3497 4563 improbent;

196 4586 354 4653 tiose,
396 4586 493 4641 sed
536 4586 819 4643 humiliter
865 4594 1232 4659 proponentes
1272 4587 1404 4642 nihil
1450 4587 1792 4659 profecimus.
1816 4612 1878 4674 τι)
1909 4593 2180 4656 quatenus
2211 4599 2306 4654 per
2346 4591 2400 4637 te
2433 4583 2554 4638 illos
2581 4583 2891 4652 audiamus,
2945 4598 3083 4655 quos
3131 4600 3227 4655 per
3266 4600 3327 4657 se
3354 4584 3502 4656 ipsos

198 4681 265 4733 Et
290 4696 447 4735 nunc
474 4696 638 4752 super
666 4681 783 4737 haec
812 4680 1015 4749 omnia,
1046 4680 1240 4736 fratres
1265 4690 1318 4736 et
1345 4682 1554 4737 domini
1600 4684 1795 4747 nostri,

200 4772 333 4828 nihil
382 4773 635 4829 fraternis
673 4774 962 4831 calumniis
998 4783 1053 4831 et
1099 4774 1592 4846 supplicationibus
1640 4776 1796 4840 moti,

199 4882 259 4921 ea
293 4881 401 4937 qua
431 4876 720 4940 carperth
769 4884 897 4940 erga
942 4884 1044 4924 nos
1094 4868 1438 4923 induratione
1472 4868 1795 4938 perdurant,

200 4960 361 5016 nobis
384 4960 609 5033 quidem
653 4961 991 5017 audientiam
1020 4961 1381 5032 denegantes;
1430 4960 1570 5028 aliis,
1604 4961 1800 5031 quibus

202 5054 379 5109 valent
417 5063 472 5109 et
513 5063 783 5127 quantum
814 5055 1016 5121 valent,
1063 5056 1288 5110 sinistra
1342 5054 1411 5111 de
1459 5054 1621 5109 nobis
1669 5055 1801 5111 insi-

201 5156 397 5215 nuant;
429 5163 534 5203 nos
562 5148 818 5205 seductos
844 5157 900 5203 et
919 5148 1250 5215 seductores,
1274 5164 1377 5204 nos
1415 5148 1673 5219 perﬁdos,
1703 5164 1803 5203 nos

205 5241 620 5298 imminentium
677 5243 950 5299 malorum
996 5251 1161 5315 caput
1190 5252 1246 5299 et
1293 5259 1513 5299 causam
1556 5258 1673 5298 esse
1721 5252 1801 5299 te—

202 5342 434 5391 stantur.
468 5335 635 5404 Quod
675 5337 819 5392 sicut
858 5338 1219 5401 incessanter,
1256 5338 1328 5392 ita
1370 5353 1470 5392 nec
1511 5336 1805 5393 efﬁcaciter

204 5426 422 5484 docent.
468 5429 707 5500 Adjuvat
737 5431 887 5485 enim
914 5430 1307 5487 sacerdotalem
1351 5432 1663 5488 doctrinam
1713 5447 1798 5486 re-

205 5522 336 5592 galis
365 5521 762 5589 muniﬁcentia,
805 5539 929 5595 quae
959 5539 1066 5579 uno
1109 5523 1418 5598 eodemque
1464 5525 1802 5581 incitamenti

207 5629 398 5686 genere
442 5624 498 5671 et
542 5615 795 5672 doctores
845 5617 1111 5674 facundos
1156 5626 1211 5673 et
1263 5618 1541 5675 auditores
1598 5618 1804 5675 dociles

208 5708 379 5766 reddit
430 5718 485 5764 et
547 5726 797 5781 capaces.
842 5713 1085 5767 Tantum
1134 5711 1494 5784 persuadendi
1556 5713 1802 5767 studium

209 5811 359 5858 tanta
392 5802 757 5875 plurimorum
784 5804 1081 5861 credulitas
1105 5806 1390 5861 subsecuta
1421 5814 1524 5874 est,
1549 5815 1612 5860 ut
1639 5807 1802 5861 etiam

212 5909 336 5952 oves
383 5903 594 5953 nostra
632 5912 824 5954 vocem
853 5907 1103 5955 nostram
1133 5912 1246 5955 non
1270 5899 1518 5971 audiant,
1557 5900 1649 5957 sed
1678 5902 1804 5956 alie-

1908 4678 2100 4734 audire
2130 4693 2240 4734 non
2292 4677 2585 4749 contingit,
2632 4685 2686 4731 et
2713 4676 2860 4747 quod
2899 4677 3104 4748 proprii
3150 4678 3263 4733 oris
3312 4676 3501 4736 ofﬁcio

1911 4774 2201 4843 impetrare
2232 4786 2343 4828 non
2367 4772 2665 4842 potuimus,
2698 4784 2793 4841 per
2823 4771 3110 4842 allegantis
3138 4774 3499 4831 reverentiam

1909 4881 2333 4936 consequamur.

1981 4957 2138 5029 Quod
2186 4958 2252 5025 si,
2297 4965 2409 5013 tua:
2452 4958 2711 5013 charitati
2755 4957 3187 5030 acquiescentes,
3218 4959 3414 5016 hanca
3448 4970 3503 5017 te

1912 5051 2342 5107 vicissitudinem
2386 5052 2608 5123 exigunt
2646 5060 2725 5119 ut,
2791 5052 2927 5107 sicut
2972 5067 3133 5108 suam
3173 5054 3356 5120 nobis,
3427 5056 3502 5110 ita

1912 5154 2158 5201 nostram
2190 5146 2296 5201 illis
2347 5146 2677 5201 sententiam
2707 5146 2970 5214 insinues,
3000 5145 3088 5202 dic
3133 5146 3283 5219 quod
3330 5148 3500 5216 nosti,

1912 5240 1997 5294 dic
2028 5238 2179 5312 quod
2209 5239 2345 5294 nihil
2398 5256 2623 5307 novum,
2654 5239 2792 5294 nihil
2852 5240 3177 5296 inusitatum
3223 5240 3499 5309 cudimus,

1911 5333 2040 5388 nihil
2112 5351 2140 5389 a
2193 5333 2349 5389 nobis
2395 5334 2551 5405 quasi
2606 5348 2670 5389 ex
2712 5333 2892 5401 nobis,
2938 5332 3032 5389 sed
3080 5333 3230 5405 quod
3291 5334 3502 5391 audivi-

1912 5442 2039 5482 mus
2109 5437 2162 5481 et
2244 5426 2503 5494 vidimus,
2572 5426 2723 5500 quod
2782 5436 2964 5499 patres
3063 5426 3236 5483 nostri
3315 5443 3505 5483 narra-

1912 5529 2108 5576 verunt
2150 5521 2311 5578 nobis
2356 5507 2529 5589 (Psa7.
2564 5530 2823 5589 Lxxvn),
2877 5522 3008 5577 nihil
3062 5522 3129 5579 de
3177 5522 3337 5579 nobis
3366 5539 3506 5595 prae-

1913 5622 2211 5682 sumentes,
2255 5615 2350 5671 sed
2409 5618 2588 5687 potius
2654 5617 2902 5673 contenti
2996 5624 3141 5671 stare
3204 5625 3259 5671 et
3317 5624 3506 5671 tenere

1912 5708 2233 5765 traditiones
2291 5726 2427 5781 quas
2487 5710 2775 5766 didicimus
2838 5708 2915 5776 (II
2979 5710 3159 5765 Thess.
3229 5715 3317 5777 ιι),
3373 5707 3505 5764 nihil

1912 5820 2008 5876 per
2043 5803 2472 5871 contentionem,
2502 5804 2631 5858 nihil
2678 5817 2773 5874 per
2817 5802 3355 5873 argumentationum
3387 5816 3503 5855 ver-

1912 5898 2144 5966 sutiam,
2196 5912 2320 5969 quae
2367 5896 2587 5951 inimica
2633 5903 2717 5950 est
2764 5894 2908 5949 ﬁdei.
2964 5894 3121 5961 Quod
3162 5907 3261 5948 nec
3305 5908 3505 5964 propo-
