4024 6170
594 303 691 357 851
1603 292 1694 346 AD
1733 291 1961 347 OPERA
1998 290 2052 347 S.
2094 288 2415 349 GREGORU
2452 287 2891 344 APPENDICES.
3694 302 3763 355 δεῖ

600 423 691 480 siti
733 422 912 479 nostri
969 428 1074 488 est,
1119 432 1222 476 nec
1274 417 1482 484 atatis;
1540 416 1675 487 quin
1720 415 1903 487 potius
1957 431 2020 472 ea
2072 429 2198 487 qua
2224 419 2278 481 Α
2306 414 2421 469 imo
2449 410 2756 469 secundant
2787 412 2931 480 illos,
2975 414 3207 471 aliorum
3242 419 3450 474 Patrum
3470 420 3649 489 copiosa
3669 423 3767 477 mul-

598 514 917 589 bujusmodi
956 520 1087 570 sunt
1128 510 1273 570 atati
1341 509 1622 567 decentius
1682 509 1893 566 lasciva
1944 509 2205 579 relinqui-
2314 508 2517 577 titudo,
2566 506 2658 578 qui
2701 513 2846 563 nota
2900 509 3206 565 sanctitatis
3246 518 3299 566 et
3342 511 3629 568 auctoritatis
3668 523 3768 576 sunt.
3900 502 3901 547 ‘

596 625 741 678 mus,
782 608 869 664 bis
925 605 1150 679 quidem
1188 605 1284 678 qui
1338 604 1411 661 ad
1474 603 1578 660 hoc
1633 604 1959 659 exercitatos
2022 617 2215 661 sensus
2316 616 2553 672 quorum
2598 599 2845 656 doctrina
2875 600 3045 673 fulget
3082 603 3331 670 Ecclesia,
3362 613 3411 659 et
3446 605 3528 676 qui
3560 621 3659 661 cum
3698 610 3769 662 Do-

600 704 829 771 habent,
859 716 997 769 non,
1017 701 1178 775 juxta
1215 697 1563 771 Apostolum,
1591 698 1663 752 ad
1687 698 2066 753 discretimtem
2092 695 2215 751 boni
2320 696 2473 752 mino
2515 704 2745 766 regnant
2791 696 2852 753 in
2885 695 3057 763 calis,
3103 705 3158 753 et
3198 698 3251 752 in
3284 699 3436 753 terris
3480 698 3773 755 miraculum-

605 802 656 851 et
690 796 829 851 mali
855 796 1041 861 (Hebr.
1089 793 1163 865 v),
1215 790 1315 849 sed
1340 800 1402 847 nt
1444 790 1661 863 ingenii
1696 792 1781 847 sui
1832 790 2134 846 subtilitate
2162 804 2216 855 et
2318 797 2569 853 ruscant;
2609 803 2846 861 quorum
2896 790 3263 846 sanctionibus
3303 807 3406 847 non
3453 791 3694 862 ignorantia
3723 793 3773 848 vel

602 891 804 964 lingua
854 887 1194 945 volubilitate
1222 885 1279 943 id
1319 884 1466 957 quod
1483 885 1701 957 justum
1748 893 1850 951 est,
1882 884 2039 955 quasi
2069 891 2214 939 recte
2319 883 2665 955 negligentia,
2712 881 2810 939 sed
2860 882 3045 938 studio
3118 884 3381 950 reluctari,
3440 884 3553 955 quid
3588 884 3698 939 aliud
3727 894 3777 940 est

606 990 946 1055 pervertant.
982 981 1165 1037 Nostri
1194 988 1380 1035 autem
1426 994 1526 1034 nec
1556 977 1723 1034 ofﬁcii
1754 987 1857 1046 est,
1914 992 2015 1033 nec
2044 975 2215 1034 studii
2320 994 2487 1051 quam
2536 979 2823 1050 Spiritum,
2868 978 2958 1050 qui
3000 993 3093 1049 per
3138 992 3232 1035 eos
3267 978 3468 1034 locutus
3499 984 3583 1045 est,
3606 975 3776 1047 blasphe-

609 1092 728 1133 esse
769 1075 953 1143 debet,
984 1083 1047 1132 ut
1074 1072 1331 1131 dicamus
1380 1072 1589 1128 bonum
1631 1072 1861 1138 malum,
1893 1081 1948 1129 et
1981 1072 2213 1138 malum,
2324 1078 2506 1129 mare?
2554 1073 2680 1129 Istis
2708 1072 2825 1129 sine
2877 1072 3067 1139 dubio,
3112 1081 3167 1128 et
3191 1087 3301 1128 non
3340 1071 3486 1128 nobis
3520 1060 3781 1126 adversantur

608 1167 981 1239 bonum;sed
1000 1177 1060 1224 ut
1087 1166 1311 1223 Domini
1339 1166 1511 1222 nostri
1543 1166 1917 1233 amulatores,
1943 1172 2214 1237 quantum
2322 1167 2639 1240 quicunque
2702 1167 2771 1222 ab
2839 1165 3327 1225 excommunicatis
3390 1172 3503 1220 ante
3555 1164 3782 1219 canonicam

612 1267 725 1336 ipse
780 1263 1133 1328 concesserit,
1194 1259 1517 1317 studeamus
1562 1259 1854 1331 reprobate
1900 1258 2135 1326 malum,
2164 1266 2219 1313 et
2322 1259 2783 1317 examinationem
2823 1274 2935 1315 non
2962 1259 3263 1324 abstinent,
3292 1265 3346 1313 et
3372 1272 3477 1314 non
3498 1253 3785 1312 abstinendum

608 1356 805 1429 eligere
832 1357 1038 1412 bonum
1071 1358 1198 1422 (Isa.
1224 1357 1358 1422 v11).
1774 1410 1779 1419 ,
2324 1353 2548 1410 docent.
2593 1354 2749 1409 Talia
2787 1353 2936 1409 enim
2975 1352 3265 1425 pradictos
3314 1353 3489 1407 Patres
3532 1347 3728 1406 concordi
3757 1356 3789 1401 et

687 1452 807 1506 Hac
830 1448 1012 1520 itaque
1032 1448 1272 1520 puritate
1303 1448 1574 1513 contenti,
1590 1462 1679 1515 eo,
1702 1444 1932 1518 quodin
1961 1445 2219 1516 prasenti
2325 1447 2541 1504 assidua
2583 1446 2954 1519 prohibitione
2992 1454 3202 1503 vetasse
3242 1461 3350 1502 non
3392 1444 3552 1501 solum
3598 1441 3641 1497 hi
3673 1441 3790 1497 sciunt

615 1550 861 1599 versatur
888 1542 1143 1613 negotio,
1175 1540 1279 1596 hoc
1310 1540 1492 1597 solum
1521 1548 1777 1596 tenemus
1804 1538 1953 1610 quod
1982 1538 2220 1594 Ecclesia
2326 1542 2423 1613 qui
2464 1556 2531 1598 ex
2580 1540 2795 1612 scriptis
2843 1540 3063 1597 illorum
3100 1548 3442 1611 acceperunt,
3487 1550 3644 1591 verum
3683 1534 3791 1589 etiam

620 1634 893 1690 catholica
967 1649 1185 1707 semper
1251 1633 1447 1702 tenuit,
1493 1632 1642 1706 quod
1684 1633 1752 1689 ab
1813 1632 1969 1687 initio
2028 1639 2225 1702 coepta
2329 1634 2491 1691 rudes
2515 1643 2573 1690 et
2604 1634 2887 1703 illitterati,
2913 1634 3027 1706 qui,
3059 1642 3113 1689 et
3140 1633 3185 1689 si
3227 1633 3397 1705 legem
3417 1631 3653 1704 ignorent,
3671 1636 3794 1681 tamen

622 1726 1055 1785 Christianitatis
1084 1741 1258 1799 usque
1302 1726 1372 1782 ad
1410 1734 1762 1783 monstruosa
1804 1725 1921 1781 hac
1951 1734 2224 1797 tempora,
2256 1798 2289 1801 _
2330 1745 2391 1786 ea
2418 1744 2541 1801 qua
2569 1728 2706 1801 legis
2752 1736 2883 1783 sunt
2911 1731 3085 1795 (Rom.
3136 1730 3208 1797 II)
3243 1741 3305 1783 ex
3348 1726 3609 1781 inveterata
3642 1728 3683 1776 et
3710 1734 3796 1774 nun-

620 1819 816 1877 stabile
857 1828 912 1876 et
953 1798 1347 1876 inconvulsum
1384 1818 1640 1892 perstitit,
1700 1819 1909 1875 scilicet
1955 1818 2106 1891 quod
2130 1834 2220 1874 ex-
2256 1798 2305 1865 Β
2329 1798 2499 1895 quam
2526 1798 2739 1879 mutata
2763 1820 3163 1878 consuetudine
3192 1820 3508 1878 didicerunt.
3535 1818 3645 1871 Haec
3665 1814 3800 1883 itaque.

618 1914 1047 1971 communicatis
1069 1928 1184 1970 non
1213 1920 1298 1969 est
1324 1913 1877 1970 communicandum.
1909 1916 2043 1970 Haec
2072 1927 2221 1968 nam-
2333 1932 2455 1988 qua
2504 1915 2878 1988 legislatorum
2909 1915 3101 1972 talium
3143 1912 3497 1970 unanimitate
3534 1916 3713 1972 statuta,
3738 1919 3801 1958 usu

620 2026 728 2085 que
768 2010 1179 2067 dissensionum
1237 2025 1399 2065 causa
1442 2018 1527 2064 est
1577 2018 1630 2066 et
1668 2008 2022 2075 seditionum,
2074 2006 2221 2078 quod
2331 2008 2719 2081 antiquissimo
2767 2009 2876 2065 huc
2932 2024 3105 2081 usque
3173 2007 3407 2063 stabilita
3461 2012 3589 2069 sunt,
3637 1996 3803 2072 quando-

624 2103 702 2158 illi
731 2103 800 2158 ab
837 2104 1326 2159 excommunicatis
1352 2118 1463 2158 non
1494 2101 1793 2170 abstinent,
1828 2110 1884 2157 et
1912 2117 2024 2157 non
2050 2102 2218 2156 absti-
2335 2104 2559 2176 quidem
2588 2104 2791 2173 apertis
2821 2103 3189 2174 oppositisque
3219 2097 3609 2173 impulsionibus
3636 2088 3805 2165 quassari

625 2194 871 2252 nendum
895 2195 1113 2252 docent.
1146 2195 1262 2251 Nos
1292 2210 1423 2251 vero
1464 2203 1521 2251 et
1550 2195 1911 2262 abstinemus,
1954 2202 2011 2250 et
2054 2193 2221 2249 absti-
2333 2204 2631 2270 nequeunt,
2661 2196 2819 2269 quasi
2865 2212 2931 2252 ex
2964 2196 3138 2252 latere
3184 2192 3591 2251 machinationes
3627 2191 3809 2258 parantur

628 2288 875 2349 nendum
938 2288 1353 2360 persuademus,
1425 2288 1697 2360 pracipue
1745 2288 1814 2344 ab
1882 2288 1987 2344 illis
2041 2289 2135 2361 qui
2193 2306 2221 2343 a
2335 2291 2402 2347 ad
2450 2288 2800 2362 decipiendas
2862 2290 3083 2346 illorum
3139 2289 3426 2359 opiniones
3460 2286 3614 2353 Vorte,
3654 2278 3813 2340 animas]

630 2384 900 2457 pracipua
959 2392 1016 2439 et
1065 2383 1242 2454 prima
1290 2382 1416 2439 sede
1467 2382 2031 2439 excommunicantur.
2089 2384 2226 2452 Qua
2335 2386 2427 2457 qui
2459 2384 2688 2441 minoris
2712 2382 3085 2456 intelligentia
3107 2382 3477 2440 astimantur.

632 2476 924 2535 diversitas
985 2476 1265 2533 contraria
1311 2476 1632 2533 docentium
1696 2474 2048 2532 sacerdotum
2104 2490 2227 2531 vere

633 2569 781 2627 facta
807 2578 891 2626 est
936 2570 1099 2627 ruina
1146 2570 1354 2642 populi,
1402 2585 1527 2627 vere
1572 2570 1877 2627 multorum
1926 2570 2078 2625 radix
2108 2586 2225 2625 ma-

634 2664 836 2721 lorum.
869 2667 948 2720 Ex
978 2679 1085 2736 qua
1114 2672 1196 2720 tot
1226 2664 1370 2719 male
1397 2663 1621 2721 fecundi
1646 2664 1784 2719 rami
1815 2663 2148 2735 pullulantes
2170 2663 2225 2718 in

632 2757 887 2813 universa
944 2757 1189 2813 Ecclesia
1254 2757 1434 2813 varios
1493 2756 1704 2814 fructus
1761 2757 2130 2828 protulerunt,
2176 2764 2229 2811 et

631 2849 877 2923 quotidie
922 2849 1228 2921 proferunt.
1280 2852 1529 2920 Quorum
1584 2849 1861 2907 fructuum
1916 2849 2229 2906 amaritudo

633 2942 977 3000 amarissima
1003 2960 1119 3000 non
1150 2953 1262 3001 tam
1290 2946 1462 3001 ramis
1489 2960 1660 3017 quam
1689 2944 1858 3000 radici
1900 2942 2227 3000 ascribenda

635 3047 735 3095 est.
785 3037 1065 3110 Quidquid
1096 3039 1243 3094 enim
1289 3036 1473 3094 studia
1516 3038 1753 3109 partium
1781 3037 2031 3105 delirant,
2075 3037 2232 3109 quid-

636 3132 769 3205 quid
811 3131 868 3187 in
895 3131 997 3187 hac
1038 3147 1225 3188 rerum
1277 3130 1611 3188 turbulentia
1658 3147 1689 3186 a
1719 3130 1954 3187 subditis
1982 3146 2230 3203 perverse

636 3227 834 3299 agitur,
864 3224 1015 3299 juste
1042 3225 1099 3281 in
1138 3226 1317 3296 capita
1366 3240 1611 3296 perversa
1637 3223 1951 3281 docentium
1997 3226 2232 3292 [videtur

639 3320 811 3376 deesse
854 3320 1043 3374 vocula
1087 3318 1302 3383 recidit,
1346 3318 1633 3387 relabitur,
1688 3321 1772 3373 vel
1816 3318 2053 3385 similis].
2100 3321 2241 3373 Vere

639 3428 785 3468 nunc
812 3412 1076 3483 impletur
1103 3410 1251 3483 quod
1291 3413 1561 3484 scriptum
1599 3421 1679 3468 est
1713 3431 1726 3468 :
1758 3414 1991 3481 Egressa
2027 3416 2103 3466 est
2130 3414 2238 3466 ini-

642 3509 821 3576 quitas
851 3522 886 3560 a
913 3506 1214 3562 senioribus
1234 3507 1538 3575 judicibus,
1568 3508 1668 3576 qui
1702 3507 2037 3561 videbantur
2067 3521 2243 3574 regere

636 3601 897 3671 populum
926 3602 1085 3669 (Dan.
1118 3602 1274 3666 xm).
1323 3601 1395 3654 Hi
1424 3615 1662 3671 namque
1705 3600 1800 3671 qui
1830 3599 2069 3655 veritatis
2097 3613 2242 3670 pra-

647 3707 816 3749 cones
840 3691 1143 3763 dicuntur,
1187 3692 1389 3763 quibus
1418 3692 1622 3748 credita
1647 3701 1778 3749 sunt
1804 3692 2017 3765 eloquia
2048 3693 2151 3748 Dei
2176 3691 2245 3748 ad

647 3784 1133 3857 evangelizandum
1182 3786 1381 3857 populo
1430 3785 1554 3853 Dei,
1606 3787 1651 3841 si
1697 3786 1752 3843 id
1783 3787 1961 3858 ipsum
2001 3786 2247 3842 dicerent

647 3893 860 3948 omnes,
890 3886 947 3934 et
996 3892 1107 3933 non
1174 3886 1356 3933 essent
1406 3877 1699 3935 schismata
1752 3879 1807 3933 in
1836 3880 1950 3947 eis;
2002 3881 2048 3935 si
2094 3895 2250 3938 more

646 3971 1053 4044 Speculatorum
1084 3970 1433 4043 providerent
1478 3980 1754 4043 quatenus
1788 3974 2071 4029 contentio
2110 3973 2251 4030 inter

646 4081 743 4123 eos
788 4073 886 4122 aut
930 4080 1047 4121 non
1103 4064 1362 4128 oriretur,
1411 4073 1507 4121 aut
1545 4073 1688 4134 orta,
1733 4066 1950 4123 collatis
1990 4082 2055 4122 ex
2097 4082 2253 4124 more
2432 4078 2637 4132 Verum
2682 4075 2761 4131 iui
2819 4076 2936 4147 qui,
2999 4074 3069 4131 ad
3134 4074 3239 4131 hoc
3296 4072 3445 4146 quod
3510 4054 3852 4141 persuadendum

648 4158 1004 4216 fraternitatis
1044 4158 1387 4223 tractatibus,
1412 4159 1508 4216 sed
1526 4168 1739 4228 aretur;
1771 4160 2000 4217 dubium
2026 4177 2142 4218 non
2170 4170 2255 4218 est
2363 4178 2738 4241 susceperunt,
2786 4170 2885 4225 ista
2928 4168 3307 4235 introducunt,
3352 4168 3519 4229 bono,
3563 4167 3615 4217 at
3640 4169 3727 4212 non
3760 4147 3859 4203 bene

648 4254 780 4326 quin
836 4252 1060 4309 illorum
1117 4252 1175 4307 in
1220 4252 1519 4310 assertione
1560 4255 1702 4310 veris
1760 4254 2030 4311 unitatem
2076 4256 2257 4312 unitas
2364 4272 2614 4321 utuntur.
2645 4265 2788 4319 Nam
2823 4263 2972 4335 quod
3013 4264 3188 4319 sancti
3216 4261 3476 4318 doctores
3503 4255 3568 4313 ad
3592 4249 3857 4335 commuwan

652 4347 825 4403 etiam
878 4346 1063 4418 populi
1108 4355 1462 4418 sequeretur,
1516 4353 1571 4405 et
1620 4347 1798 4404 adhuc
1854 4349 1911 4403 in
1960 4336 2061 4406 suo
2111 4358 2253 4406 statu
2369 4356 2673 4428 profectum
2704 4365 2819 4412 tam
2839 4330 3040 4413 eorum
3070 4358 3167 4429 qui
3209 4362 3459 4426 prasunt
3497 4362 3648 4422 quam
3670 4339 3743 4415 qui
3779 4330 3862 4429 5‘ij

550 4446 565 4465 ‘
652 4456 979 4514 permanens
1002 4441 1295 4513 antiquam
1313 4458 1506 4514 pacem
1537 4443 1809 4498 obtineret
1838 4443 2104 4508 Ecclesia,
2138 4460 2259 4515 qua
2370 4421 2552 4521 iacent
2591 4451 3015 4515 constituerunt,
3084 4421 3226 4507 hoc-
3252 4450 3339 4505 isti
3408 4434 3587 4520 procul
3651 4433 3785 4493 dubio
3822 4421 3865 4476 ad

652 4552 828 4604 nunc,
866 4535 1213 4592 inimicorum
1254 4550 1478 4591 suorum
1526 4534 1758 4607 pedibus
1796 4538 2060 4607 exposita,
2099 4539 2259 4594 inau-
2289 4574 2341 4637 Β
2372 4551 2750 4616 contemptum
2789 4544 3112 4615 episcopalis
3154 4541 3472 4609 ministerii,
3504 4546 3556 4595 et
3587 4533 3648 4591 ad
3680 4523 3872 4585 suscitan‘

656 4629 765 4685 dita
810 4628 1140 4686 contritione
1194 4630 1522 4697 conteritur,
1562 4638 1617 4684 et
1665 4630 2084 4701 incomparabili
2138 4640 2253 4688 tam
2290 4617 2340 4637 υ
2370 4638 2497 4695 dam
2544 4637 2687 4693 inter
2720 4646 2969 4709 pastores
3004 4646 3058 4693 et
3098 4652 3227 4693 oves
3267 4632 3598 4692 discordiam
3639 4617 3867 4709 assumuni-

655 4738 950 4793 corporum
978 4738 1145 4794 quam
1176 4723 1489 4780 animarum
1518 4732 1696 4796 strage
1720 4732 2055 4781 cruentatur.
2087 4726 2255 4797 Cujus
2362 4731 2525 4805 Quod
2562 4732 2618 4787 in
2656 4701 2762 4789 hoc
2790 4729 3037 4803 profecto
3080 4738 3245 4802 patet,
3282 4728 3413 4801 quia
3444 4726 3563 4783 illas
3606 4701 3873 4807 solummfl‘i0

655 4817 878 4887 sanguis
923 4831 1037 4872 non
1088 4816 1389 4888 incongrue
1430 4816 1498 4871 de
1529 4818 1777 4873 manibus
1823 4818 2045 4875 illorum
2077 4820 2256 4891 requi-
2363 4802 2657 4882 sententias
2694 4802 2829 4897 quas
2875 4839 2991 4881 sua
3036 4823 3379 4894 persuasioni
3420 4811 3721 4877 commodas
3755 4802 3875 4858 exist"

626 4910 798 4966 uritur
845 4909 963 4982 qui,
1024 4925 1151 4966 eam
1202 4910 1255 4964 in
1302 4910 1391 4966 sui
1430 4912 1817 4981 procuratione
1876 4913 2253 4984 suscipientes,
2366 4928 2524 4977 mant
2580 4918 2919 4976 auditoribus
2991 4918 3106 4974 suis
3178 4916 3483 4981 inculcant,
3557 4907 3669 4967 aliis
3720 4901 3879 4973 PWS

656 5010 847 5060 contra
888 5018 1014 5060 eam
1068 5002 1488 5076 dogmatizando
1516 5006 1822 5078 transgredi
1874 5005 2129 5064 fecerunt
2164 5024 2257 5079 po-
2363 5013 2579 5069 silentio
2619 5012 2911 5084 oppressis,
2955 5027 3089 5083 quas
3136 5010 3499 5066 nihilominus
3539 4986 3878 5084 Patrescaih‘”

658 5097 853 5171 pulum
879 5098 1006 5155 Dei.
2365 5106 2455 5162 lici
2481 5106 2551 5162 de
2578 5082 2772 5162 eadem
2801 5120 2861 5160 re
2890 5082 3214 5171 statuerunt,
3251 5117 3488 5175 quaeque
3525 5095 3593 5154 ad
3630 5093 3754 5149 hanc
3777 5082 3879 5179 litem

730 5194 847 5248 Nos
875 5192 1045 5264 igitur
1070 5201 1126 5248 et
1146 5194 1241 5264 qui
1270 5202 1471 5251 nostra
1494 5196 1661 5266 partis
1686 5204 1832 5263 sunt,
1865 5196 2069 5268 quibus
2091 5196 2255 5252 etiam
2363 5198 2734 5255 dirimendam
2762 5198 2833 5253 ita
2872 5198 3188 5254 necessariae
3215 5205 3345 5253 sunt
3370 5203 3433 5251 ut
3473 5190 3617 5247 nullo
3644 5179 3786 5241 modo
3807 5181 3881 5228 ειυε

658 5286 918 5343 Ecclesia
970 5286 1250 5358 disciplina
1288 5288 1579 5345 commissa
1619 5297 1721 5356 est,
1769 5289 1869 5360 ipsi
1900 5289 2158 5347 Ecclesia
2200 5291 2255 5346 in
2365 5292 2467 5349 illis
2503 5292 2648 5363 juste
2693 5288 2914 5347 difﬁniri
2960 5291 3149 5347 valeat.
3195 5291 3329 5359 Quae
3376 5302 3506 5346 vero
3549 5282 3648 5339 illa
3692 5275 3884 5366 sint.

660 5380 767 5436 hoc
797 5380 1181 5449 satisfacimus,
1210 5383 1340 5453 quia
1368 5382 1498 5438 nihil
1542 5382 1837 5439 docuimus
1869 5382 1949 5438 vel
1992 5382 2257 5441 docemus
2362 5360 2637 5457 quaquam
2670 5402 2702 5440 a
2738 5385 2899 5441 nobis
2942 5384 3178 5441 docendi
3219 5392 3369 5440 sunt.
3421 5379 3529 5452 Ipsi
3575 5374 3711 5433 enim

661 5482 865 5551 prater
914 5474 969 5529 id
1018 5473 1169 5548 quod
1196 5448 1506 5532 didicimus.
1552 5478 1609 5532 Si
1641 5477 1969 5549 inquirimur
2008 5476 2178 5546 unde,
2223 5494 2254 5534 a
2362 5448 2521 5535 nobis
2570 5479 2747 5534 sciunt
2786 5479 2990 5535 multos
3036 5477 3289 5535 Ecclesia
3332 5448 3590 5532 doctores
3615 5448 3885 5545 multimodi?

662 5568 861 5639 quibus
902 5566 1280 5637 didicerimus,
1345 5578 1491 5626 certe
1555 5572 1760 5627 multos
1797 5580 1852 5628 et
1902 5586 2255 5645 nequaquam
2363 5573 2570 5641 [multis
2612 5572 2809 5641 modis]
2838 5630 2852 5641 ,
2879 5582 2934 5629 et
2982 5572 3158 5628 verbis
3224 5571 3331 5627 hoc
3401 5564 3708 5625 instituisse,
3758 5559 3818 5613 ut,
3858 5555 3884 5593 5'

660 5661 880 5720 obscuri
908 5662 1150 5719 nominis
1192 5663 1460 5720 doctrina
1500 5675 1705 5722 nostra
1731 5667 2117 5738 astipulatores
2160 5666 2256 5722 ha-
2363 5666 2582 5739 quando
2634 5666 2702 5723 de
2771 5667 3036 5725 sententia
3086 5657 3669 5724 excommunicationis
3733 5648 3887 5705 conm"

660 5758 875 5825 bemus.
909 5757 1160 5829 Apostoli
1204 5772 1306 5814 nos
1344 5758 1668 5829 docuerunt,
1699 5760 2079 5831 apostolorum
2128 5776 2254 5817 suc-
2365 5762 2529 5818 dictio
2559 5762 2891 5832 oboriretur,
2918 5762 3202 5819 canonicis
3234 5754 3658 5816 discussionibus
3675 5741 3887 5803 utriusque

664 5866 931 5921 cessares,
979 5852 1294 5924 apostolica
1340 5851 1486 5909 sedis
1529 5854 1843 5925 pontiﬁces;
1882 5861 2078 5922 prater
2110 5854 2253 5924 illos,
2363 5856 2532 5928 partis
2566 5854 2796 5929 diligens
2840 5855 3169 5915 examinatio
3215 5854 3394 5921 ﬁeret,
3440 5860 3495 5908 et
3541 5839 3886 5905 sicexcommu‘

2409 2534 2479 2587 Et
2518 2530 2642 2603 quia
2687 2530 2829 2601 apud
2859 2529 2998 2586 tales
3037 2530 3209 2585 etiam
3249 2544 3362 2584 non
3409 2525 3573 2581 leviter
3601 2519 3749 2591 agitur,
3781 2521 3819 2565 ut

2342 2626 2394 2679 in
2424 2624 2562 2679 adeo
2606 2625 2713 2679 triti
2746 2625 2961 2696 lateque
3006 2622 3237 2695 patentis
3279 2620 3477 2677 itineris
3517 2616 3643 2673 ductu
3670 2606 3825 2665 exorbi-

2339 2726 2476 2785 teut,
2504 2718 2659 2790 juxta
2701 2717 2805 2773 iter
2840 2716 3159 2773 scandalum
3192 2716 3418 2787 ponitur
3462 2712 3598 2779 (Psal.
3624 2706 3822 2763 cxxxtx),

2340 2809 2474 2865 dum
2511 2810 2763 2882 quadam
2807 2809 2937 2864 vitia
2984 2809 3189 2863 veritati
3222 2808 3297 2864 ad
3335 2803 3697 2863 subversionem
3729 2790 3823 2846 veri-

2344 2906 2472 2958 tatis
2511 2903 2618 2958 illis
2664 2912 3067 2974 proponuntur.
3112 2900 3444 2958 Audivimus
3482 2897 3607 2952 enim
3638 2885 3825 2963 quosdam

2344 3000 2639 3054 contraria
2667 2998 2834 3070 partis
2859 2998 3107 3064 clericos,
3136 2995 3207 3053 de
3230 3014 3331 3054 sua
3366 2994 3571 3052 scientia
3605 2986 3828 3063 gloriantes.

2346 3083 2399 3146 id
2457 3091 2621 3147 studii
2651 3092 2850 3147 habere
2910 3099 2970 3147 ut
3020 3092 3088 3146 de
3130 3093 3309 3147 sacris
3370 3088 3587 3159 undique
3633 3073 3831 3136 codicibus

2267 3186 2458 3255 Cillas
2524 3186 2817 3241 sententias
2868 3185 3125 3257 colligant
3189 3201 3331 3257 quas
3399 3178 3555 3239 sancti
3598 3178 3748 3233 Patres
3793 3164 3832 3218 ad

2347 3279 2714 3335 cohibendam
2784 3279 3000 3335 illorum
3061 3278 3415 3334 sacerdotum
3463 3264 3834 3341 intemperantiam

2352 3372 2728 3441 condiderunt,
2759 3372 2849 3443 qui
2881 3372 2936 3427 in
2968 3370 3312 3444 proferendis
3336 3366 3600 3427 sententiis
3620 3352 3837 3435 praecipites

2353 3474 2479 3521 sunt
2518 3465 2807 3522 indiscrete
2857 3466 3077 3537 ligando
3122 3466 3217 3519 vel'
3250 3462 3531 3521 solvendo.
3562 3462 3679 3512 Vere
3709 3452 3747 3505 in
3776 3446 3838 3499 his.

2354 3569 2414 3616 ut
2440 3560 2494 3615 in
2527 3559 2807 3627 omnibus,
2844 3558 3137 3615 laudabiles
3185 3568 3354 3632 atque
3406 3538 3840 3626 amplectendaillt’r

2355 3670 2474 3709 rum
2506 3653 2808 3720 sententia,
2843 3654 2937 3724 qui
2962 3653 3216 3708 omnium
3249 3653 3329 3709 sic
3351 3664 3534 3708 curam
3569 3638 3843 3717 gerebant.Ut

2356 3756 2409 3803 et
2442 3748 2695 3819 pralatos
2730 3764 2759 3803 a
2798 3747 3225 3818 pracipitatione
3269 3746 3674 3816 compescerent,
3696 3738 3739 3788 et
3766 3724 3843 3783 sub-

2349 3842 2625 3914 jectorum
2652 3841 2978 3897 innocentia
3009 3840 3389 3897 defensionem
3418 3832 3737 3895 necessariam
3772 3833 3847 3893 Ρτο·

2358 3935 2618 3991 viderent.
