4048 6174
291 243 391 298 853

1192 244 1479 300 ΑΡΡΕΝΙ).
1523 247 1611 302 ιιι.
1653 278 1720 289 -
1757 247 2175 307 MONUMENTA
2216 251 2679 310 GREGORIANA.

3481 259 3586 313 856

283 365 541 422 nicatoris
604 368 876 444 sententia
941 374 1035 424 aut
1087 366 1412 440 probaretur
1471 379 1567 427 aut
1625 373 1876 430 emenda-
1903 377 1956 440 Α
1984 375 2077 447 qui
2109 385 2236 434 ante
2267 375 2543 450 synodum
2563 377 2849 436 Nicanam
2870 377 3112 449 fuerunt,
3137 379 3495 438 decernerent
3517 381 3585 439 de

282 466 454 516 retur.

353 555 486 611 Hac
529 560 588 610 et
633 552 722 611 his
757 553 956 611 similia
985 554 1235 628 praedicti
1282 556 1496 625 fratres,
1540 561 1696 632 quasi
1725 560 1878 618 inco-

271 649 428 722 gnita
449 663 550 706 nec
578 647 777 722 aliquid
815 649 886 705 ad
913 665 1031 706 rem
1070 651 1418 723 pertinentia,
1447 651 1878 722 dissimulantes,

277 739 355 797 ad
410 740 512 798 hos
569 757 699 798 suos
756 756 1015 815 sequaces
1079 743 1367 800 instruunt
1430 756 1510 815 ut,
1569 757 1775 806 temere
1827 758 1880 806 et

283 835 497 908 absque
528 836 687 892 omni
735 836 1059 909 probatione
1100 837 1343 911 legitima
1389 842 1658 913 prolatam
1714 845 1772 900 in
1822 859 1882 901 se

274 931 614 988 sententiam
641 939 1074 1001 contemnentes,
1101 934 1300 1007 jugum
1329 935 1632 1010 disciplina:
1665 940 1884 1012 penitus

274 1026 578 1082 excutiant.
607 1024 857 1098 Cumque
894 1025 1152 1099 ignorent
1188 1028 1415 1086 minime
1443 1029 1548 1086 hoc
1584 1032 1750 1088 etiam
1779 1049 1881 1089 an-

270 1116 505 1188 tiquitus
545 1117 746 1175 scitum
794 1134 930 1188 esse,
977 1121 1128 1192 quod
1167 1123 1399 1194 pastoris
1440 1127 1724 1195 sententia,
1769 1127 1884 1199 sive

263 1211 421 1283 justa
464 1211 580 1267 sive
622 1212 846 1285 injusta,
877 1214 1123 1271 timenda
1151 1223 1338 1274 tamen
1382 1219 1481 1287 sit;
1525 1219 1600 1276 illi
1631 1220 1882 1281 homines

271 1303 385 1361 sub
412 1303 764 1361 anathemate
800 1306 1012 1378 positos
1051 1323 1296 1380 securos,
1323 1320 1379 1367 et
1415 1311 1484 1369 de
1510 1313 1761 1371 timenda
1791 1315 1880 1372 illa

272 1412 309 1452 a
361 1406 551 1454 nostra
590 1397 897 1456 diversione
941 1401 1124 1470 [nobis
1162 1402 1394 1473 diversa]
1437 1405 1572 1462 nihil
1615 1408 1880 1465 sollicitos

272 1490 519 1548 reddunt
565 1513 578 1548 :
615 1492 701 1548 illa
748 1493 1160 1566 Scripturarum
1203 1497 1522 1555 testimonia
1569 1498 1884 1575 frequenter

272 1583 611 1656 replicando,
644 1585 698 1641 in
734 1587 933 1659 quibus
957 1587 1063 1644 hoc
1095 1590 1380 1661 astruitur,
1418 1592 1568 1665 quod
1593 1595 1684 1666 qui
1727 1595 1882 1652 inno-

270 1687 498 1734 centem
527 1679 821 1750 maledicit,
863 1679 966 1736 sibi
997 1681 1118 1753 plus
1157 1693 1315 1740 nocet
1357 1700 1522 1757 quam
1553 1687 1637 1743 cui
1680 1704 1878 1747 nocere

274 1771 510 1843 appetit,
556 1771 767 1845 aliaque
795 1742 849 1828 in
877 1742 1027 1829 hunc
1054 1775 1307 1832 modum.
1356 1742 1406 1833 Ᾱ
1434 1779 1632 1851 quibus
1908 1742 1960 1807 Β

276 1879 407 1920 rum
469 1864 651 1921 verbis
710 1881 1059 1940 nequaquam
1127 1885 1226 1926 nos
1294 1868 1684 1944 dissentimus,
1742 1877 1876 1948 quin

273 1958 465 2030 potius
504 1974 635 2016 cum
678 1975 866 2016 amore
930 1970 982 2018 et
1043 1964 1340 2020 reverentia
1387 1968 1711 2040 recipimus,
1765 1978 1877 2028 stu-

271 2051 498 2120 dentes,
529 2061 794 2126 quantum
840 2054 1027 2112 divina
1071 2057 1335 2129 largiente
1374 2060 1548 2132 gratia
1587 2077 1882 2134 possumus

278 2144 352 2200 de
379 2145 468 2202 illa
497 2147 785 2220 pastoralis
814 2147 982 2205 ofﬁcii
1007 2149 1278 2208 abusione
1307 2161 1364 2210 et
1389 2153 1550 2210 nobis
1586 2171 1797 2226 cavere,
1828 2166 1884 2214 et

282 2238 404 2295 aliis
432 2248 493 2295 ut
528 2249 751 2296 caveant
783 2242 1133 2314 persuadere.
1165 2245 1280 2301 Illis
1305 2255 1493 2304 autem
1535 2251 1630 2322 qui
1673 2249 1792 2308 haec
1814 2252 1882 2308 ad

283 2348 398 2389 sua:
430 2333 600 2406 partis
632 2333 1009 2407 adjumentum
1041 2337 1161 2409 plus
1191 2354 1349 2410 aquo
1382 2341 1722 2414 intorquent,
1755 2361 1882 2401 cum

285 2427 380 2482 tali
429 2426 812 2486 moderamine
851 2445 1133 2486 assensum
1180 2433 1507 2504 praebemus,
1566 2445 1623 2491 ut
1673 2453 1882 2511 nequa-

282 2537 448 2593 quam
492 2522 635 2579 ultra
682 2523 945 2579 terminos
1011 2525 1334 2583 constitutos
1386 2528 1600 2586 illorum
1659 2532 1879 2604 vestigia

285 2631 686 2688 prosequamur
737 2637 751 2674 :
793 2634 905 2673 non
942 2617 1264 2692 adjicientes
1316 2631 1377 2677 ut
1413 2621 1519 2678 hoc
1556 2639 1622 2679 ex
1660 2624 1880 2681 illorum

283 2709 629 2766 documentis
672 2711 1171 2786 subintelligamus,
1222 2714 1369 2787 quod
1404 2715 1524 2787 jam
1570 2733 1701 2774 suos
1729 2719 1882 2776 audi-

284 2811 430 2859 tores
467 2804 756 2861 subaudire
793 2804 1072 2877 fecerunt;
1121 2808 1227 2864 hoc
1276 2808 1480 2865 scilicet
1531 2819 1620 2880 ut,
1670 2813 1716 2866 si
1760 2814 1882 2885 quis

287 2899 790 2956 excommunicatus
833 2900 1033 2973 injuste
1075 2917 1134 2957 se
1185 2903 1717 2960 excommunicatum
1779 2922 1885 2962 nu-

285 2988 373 3046 dis
446 2998 664 3047 tantum
751 2993 926 3049 verbis
1015 2996 1242 3062 asserit,
1333 2997 1888 3054 excommunicatoris

285 3085 555 3141 sententia
602 3086 855 3157 protinus
915 3087 1066 3144 irrita
1107 3087 1401 3161 judicetur.
1461 3089 1516 3146 Si
1562 3091 1726 3147 stabit
1768 3091 1885 3149 haec
1910 3125 1960 3194 Ο

287 3179 699 3252 consequentia,
727 3179 844 3253 jam
867 3197 898 3237 a
923 3182 1073 3238 nullo
1105 3183 1586 3240 excommunicato
1619 3185 1878 3253 abstinet;

287 3273 416 3345 quia
438 3273 620 3330 nullus
648 3289 839 3331 eorum
876 3291 935 3331 se
957 3275 1106 3347 juste
1129 3275 1438 3349 judicatum
1468 3293 1586 3334 esse
1631 3277 1834 3336 fatetur
1866 3303 1876 3337 :

283 3367 384 3422 sed
424 3382 538 3422 non
575 3375 658 3423 est
696 3384 854 3442 aequa
882 3370 1099 3442 partitio
1129 3377 1189 3426 ut
1216 3370 1445 3442 subjecti
1473 3371 1548 3428 ita
1594 3372 1886 3429 audiantur

286 3468 558 3533 quatenus
603 3463 816 3535 praalati
875 3462 1107 3520 inauditi
1157 3463 1533 3536 praeiudicium
1576 3466 1882 3537 patiantur,

285 3555 430 3610 sicut
469 3555 673 3614 dicitur
711 3577 726 3614 :
760 3560 877 3616 Non
904 3575 1010 3614 esse
1023 3560 1236 3628 justum
1272 3559 1638 3628 med-latorem,
1670 3561 1769 3630 qui
1809 3565 1886 3618 sic

286 3665 452 3703 imam
463 3656 676 3720 partem
704 3654 880 3722 audit,
908 3658 969 3708 ut
1001 3654 1140 3708 nihil
1167 3654 1326 3708 alteri
1354 3657 1599 3708 reservet.

360 3741 522 3812 Quod
563 3742 606 3799 si
648 3742 768 3800 haec
796 3746 1014 3802 noviter
1059 3761 1347 3818 emergens
1385 3745 1635 3802 doctrina
1680 3746 1737 3802 in
1779 3749 1886 3803 Ec-

288 3835 449 3909 clesia
477 3835 808 3894 fructiﬁcare
837 3839 1084 3911 cmperit,
1118 3839 1328 3912 antiqui
1371 3841 1559 3895 Patres
1588 3839 1645 3895 in
1685 3857 1885 3896 vanum

289 3929 677 3988 laboraverunt
715 3933 880 4000 (Psal.
911 3933 1144 4002 cxxvr),
1192 3933 1283 4006 qui
1331 3933 1386 3990 id
1415 3933 1602 3990 modis
1631 3934 1887 3991 omnibus

285 4023 632 4097 satagebant,
663 4024 720 4080 id
762 4025 940 4081 conati
969 4035 1115 4094 sunt,
1147 4034 1412 4098 quatenus
1451 4028 1510 4082 in
1540 4041 1654 4082 uno
1683 4027 1890 4085 Christi

288 4134 544 4190 corpore,
576 4117 724 4192 quod
759 4127 841 4175 est
871 4119 1135 4189 Ecclesia,
1181 4134 1282 4176 nec
1313 4121 1382 4175 ab
1411 4119 1889 4178 excellentioribus

288 4212 559 4269 membris
584 4213 794 4270 minora
821 4221 1193 4286 gravarentur,
1219 4229 1320 4268 nec
1347 4211 1606 4268 inferiora
1637 4215 1886 4286 superio-

286 4305 444 4363 ribus
518 4309 862 4365 resultarent.
917 4307 1108 4364 Multai
1164 4306 1383 4362 illorum
1437 4307 1887 4374 constitutiones,

285 4414 469 4457 causa
514 4401 813 4472 quaeinter
861 4417 964 4458 nos
1006 4401 1307 4457 ventilatur
1335 4408 1728 4473 congruentes,
1785 4400 1890 4457 hoc

1988 467 2074 524 bis
2099 470 2190 542 qui
2231 472 2620 528 communione
2645 471 2949 544 privantur,
2991 487 3086 529 seu
3124 490 3187 531 ex
3213 475 3360 532 clero
3386 490 3482 532 seu
3519 490 3584 531 ex

1986 562 2125 619 laico
2156 563 2368 630 ordine,
2405 565 2474 621 ab
2499 565 2788 638 episcopis,
2825 575 2887 622 ut
2913 565 2967 621 hi
2994 567 3088 639 qui
3109 567 3375 640 abjiciunt
3406 577 3463 624 et
3491 568 3582 642 qui

1988 655 2320 727 abjiciuntur
2379 660 2615 726 [videtur
2679 660 2854 716 deesse
2915 662 3100 716 vocula
3148 661 3579 731 innotescerent,

1987 750 2070 805 vel
2095 750 2330 819 similis],
2355 751 2430 807 ita
2461 752 2898 824 subjunxerunt:
2939 757 3277 825 Requiratur
3311 760 3493 811 autem
3519 771 3584 811 ne

1982 844 2468 915 pusillanimitate,
2526 851 2626 900 aut
2671 849 3024 911 contentione,
3075 849 3156 904 vel
3200 849 3306 903 alio
3351 849 3584 918 quolibet

1990 940 2224 1008 episcopi
2283 940 2417 993 vitio
2481 939 2729 994 videatur
2799 956 2834 994 a
2893 944 3294 1011 congregatione
3353 943 3582 998 seclusus

1993 1034 2212 1097 (Niccen.
2261 1034 2444 1087 consil.
2505 1047 2626 1104 cap.
2680 1036 2752 1099 5).
2797 1033 3042 1102 Qualiter
3081 1043 3264 1091 autem
3317 1035 3584 1106 quibusve

1991 1124 2171 1181 modis
2197 1124 2586 1197 inquirendum
2621 1125 2712 1194 sit,
2745 1126 3104 1182 nihilominus
3139 1127 3470 1184 addiderunt
3496 1128 3582 1184 his

1992 1218 2172 1274 verbis
2206 1237 2218 1274 :
2254 1222 2322 1275 Ut
2359 1235 2479 1288 ergo
2516 1220 2789 1274 decentius
2831 1222 3170 1290 inquiratur,
3220 1221 3343 1275 bene
3374 1222 3584 1291 placuit

1992 1314 2158 1368 annis
2197 1313 2423 1381 singulis
2444 1329 2547 1383 per
2572 1328 3004 1384 unamquamque
3035 1314 3370 1385 provinciam
3403 1313 3480 1368 bis
3526 1316 3583 1368 in

1991 1423 2130 1462 anno
2176 1407 2397 1461 concilia
2447 1407 2711 1461 celebra-re
2773 1410 2909 1474 (Nic.
2954 1422 3121 1470 cana,
3167 1408 3270 1463 loc.
3325 1407 3476 1474 cit.);
3533 1415 3588 1462 et

1991 1509 2184 1557 caetera
2211 1514 2333 1572 quae
2361 1508 2684 1570 sequuntur.
3511 1485 3514 1492 ’

2064 1594 2238 1666 Igitur
2282 1591 2374 1666 qui
2417 1591 2488 1648 ad
2515 1591 2807 1649 decentem
2857 1592 2933 1648 rei
2986 1592 3150 1665 hujus
3179 1591 3586 1663 inquisitionem

1992 1687 2222 1744 concilia
2268 1685 2595 1742 celebranda
2638 1701 2758 1742 esse
2786 1685 3161 1751 decreverunt,
3212 1701 3582 1759 nequaquam,

1989 1789 2048 1836 ut
2090 1796 2233 1836 nunc
2277 1779 2447 1836 moris
2497 1788 2580 1836 est
2591 1820 2610 1849 ,
2653 1765 2903 1836 arbitrati
2950 1787 3078 1836 sunt
3126 1778 3195 1836 ad
3246 1779 3587 1851 probandam

1988 1889 2182 1931 eorum
2236 1875 2327 1945 qui
2397 1873 2589 1945 abiecti
2639 1882 2771 1929 sunt
2828 1872 3196 1930 innocentiam
3253 1871 3359 1929 hoc
3427 1888 3588 1946 posse

1988 1967 2258 2036 sufﬁcere,
2304 1968 2352 2023 si
2400 1967 2599 2038 passim
2639 1981 2882 2039 vageque
2932 1966 2988 2022 in
3033 1981 3165 2023 suos
3202 1967 3588 2024 excommuni-

1988 2069 2202 2118 catores
2227 2059 2481 2116 absentes
2507 2061 2828 2130 convitia_et
2863 2060 3292 2116 obtrectationes
3318 2067 3584 2117 eructent.

1988 2159 2134 2228 Ergo
2185 2154 2278 2226 qui
2332 2160 2523 2210 contra
2575 2169 2760 2210 sacros
2809 2168 3050 2210 canones
3107 2153 3390 2222 Nicaanos,
3437 2153 3587 2209 nulla

1990 2247 2242 2304 condicta
2292 2247 2536 2320 synodo,
2595 2247 2742 2303 nulla
2809 2246 3154 2320 praecedente
3206 2246 3583 2319 inquisitione,

1992 2343 2259 2398 canonica
2307 2342 2700 2398 communione
2744 2341 2990 2415 privatos
3040 2341 3094 2395 in
3138 2341 3589 2397 communionem

1992 2436 2288 2507 recipiunt,
2318 2436 2545 2492 audiant
2586 2435 2628 2490 si
2681 2434 2927 2506 ejusdem
2983 2434 3196 2490 concilii
3227 2442 3424 2490 statuta
3475 2443 3589 2489 tam

1994 2529 2186 2585 leviter
2213 2528 2466 2584 violanda
2498 2527 2607 2582 sint
2637 2537 2692 2583 et
2735 2528 3167 2592 contemnenda;
3207 2527 3431 2584 audiant
3461 2528 3589 2599 quid

1995 2631 2216 2678 sanctus
2244 2621 2542 2692 Gregorius
2571 2620 2639 2678 de
2687 2621 3008 2676 auctoritate
3055 2630 3289 2692 quatuor
3331 2621 3589 2676 concilio-

1996 2730 2120 2770 rum
2165 2713 2576 2786 principalium,
2626 2729 2864 2786 quorum
2916 2713 3061 2768 istud
3114 2713 3447 2785 praecipuum
3489 2721 3589 2781 est,

1995 2808 2218 2864 sentiat.
2264 2806 2544 2879 Siquidem
2573 2805 2628 2860 in
2669 2807 2895 2876 epistola
2947 2806 3341 2874 Alexandrino,
3394 2808 3591 2862 Antio-

1995 2901 2199 2969 cheno,
2258 2899 2759 2973 Hierosolymitauo
2827 2884 3152 2970 patriarchis
3224 2898 3455 2966 directa,
3514 2901 3591 2956 sic

1998 2997 2073 3050 ait
2119 2996 2230 3064 (lib.
2260 3010 2305 3061 I,
2337 2995 2494 3064 epist.
2524 2999 2616 3061 24)
2643 3015 2654 3049 :
2685 2995 2834 3049 Sicut
2857 2995 3029 3048 sancti
3057 2995 3339 3062 Evangelii
3360 2997 3593 3064 quatuor

1995 3091 2188 3153 libros,
2219 3092 2296 3145 sic
2325 3093 2559 3159 quatuor
2594 3087 2821 3142 concilia
2856 3089 3120 3157 suscipere
3157 3091 3206 3141 et
3230 3090 3476 3142 venerari
3511 3104 3594 3143 me

1991 3187 2191 3253 fateor,
2232 3185 2363 3253 quia
2388 3185 2445 3235 in
2476 3182 2579 3245 his,
2602 3181 2748 3235 velut
2775 3184 2830 3235 in
2867 3181 3134 3252 quadrato
3165 3180 3366 3251 lapide,
3395 3185 3594 3236 sancta:

1993 3278 2122 3348 ﬁdei
2166 3280 2441 3331 structura
2486 3277 2783 3343 consurgit,
2833 3280 2882 3329 et
2933 3275 3221 3343 cujuslibet
3263 3277 3387 3330 vitae
3429 3279 3592 3346 atque

1997 3371 2220 3424 actionis
2263 3385 2453 3422 norma
2491 3370 2750 3423 consistit.
2787 3369 3038 3438 Quisquis
3057 3383 3238 3423 eorum
3265 3369 3592 3424 soliditatem

1997 3480 2102 3518 non
2132 3468 2289 3531 tenet,
2330 3464 2545 3516 etiamsi
2571 3460 2714 3531 lapis
2753 3476 2864 3516 esse
2907 3462 3176 3525 videatur,
3208 3468 3387 3517 tamen
3433 3467 3591 3517 extra

1997 3559 2287 3626 (editicium
2307 3556 2471 3625 jacet.

2069 3654 2231 3717 Item,
2263 3657 2388 3722 post
2404 3664 2598 3720 pauca,
2639 3647 2709 3705 de
2733 3647 2929 3704 iisdem
2959 3647 3199 3704 conciliis
3229 3669 3241 3706 :
3272 3650 3431 3717 Quia,
3462 3649 3592 3704 dum

1997 3745 2294 3800 universali
2342 3747 2468 3798 sunt
2497 3758 2748 3798 consensu
2776 3743 3099 3811 constituta,
3147 3758 3200 3797 se
3251 3746 3302 3798 et
3345 3758 3450 3796 non
3495 3743 3590 3797 illa

1997 3840 2230 3893 destruit
2271 3839 2516 3908 quisquis
2549 3839 2834 3907 praesumit
2862 3840 2959 3890 aut
2985 3836 3184 3890 solvere
3221 3851 3347 3906 quos
3377 3837 3588 3906 ligant,

1999 3938 2096 3987 aut
2139 3933 2311 4001 ligare
2345 3947 2478 4002 quos
2508 3932 2743 3986 solvunt.
2777 3931 3031 4000 Quisquis
3077 3945 3197 3998 ergo
3223 3930 3378 3984 aliud
3420 3933 3585 4002 sapit,

1999 4027 2285 4081 anathema
2308 4029 2396 4081 sit.

2071 4120 2317 4176 Audiant
2342 4120 2508 4176 etiam
2555 4119 2645 4192 qui
2674 4127 2828 4176 tanto
2859 4117 3051 4175 adnisu
3102 4115 3276 4173 sancti
3303 4132 3366 4173 ac
3408 4116 3592 4190 magni

2001 4213 2218 4268 concilii
2262 4213 2468 4269 Nicaeni
2504 4221 2704 4270 statuta
2735 4211 3025 4268 annullare
3052 4218 3330 4284 satagunt,
3375 4212 3591 4283 pecia-

2001 4307 2107 4362 lem
2131 4306 2198 4362 de
2228 4306 2321 4361 illo
2349 4306 2493 4362 beati
2526 4307 2724 4361 Leonis
2746 4305 3084 4362 sententiam
3115 4306 3291 4376 (epist.
3326 4306 3412 4377 53)
3450 4325 3461 4360 :
3495 4309 3591 4362 Leo

2001 4403 2273 4470 episcopus
2302 4401 2592 4456 Anatholio
2620 4402 2878 4471 episcopo.
2924 4400 3039 4454 Non
3070 4401 3340 4461 trecentis,
3392 4398 3591 4470 inquit,

283 4510 431 4551 novo
495 4491 753 4568 dogmate
793 4493 1129 4552 frustrantur
1183 4503 1238 4550 et
1285 4495 1340 4551 in
1397 4495 1612 4552 irritum
1666 4494 1884 4551 cadunt.
1926 4493 1974 4554 D
2003 4495 2175 4549 decem
2216 4499 2378 4564 atque
2427 4498 2535 4547 octo
2583 4494 2856 4563 episcopis,
2891 4491 3287 4562 quantumlibet
3336 4493 3596 4562 cepiosior

284 4590 544 4659 Quorum
590 4587 880 4662 synodicas
932 4595 987 4644 et
1027 4587 1326 4645 decretales
1364 4588 1659 4646 sententias
1706 4589 1752 4645 si
1801 4589 1888 4644 hic

285 4682 618 4752 inserimus,
667 4680 900 4738 fortasse
940 4679 1226 4738 fastidium
1270 4682 1572 4754 legentibus
1611 4684 1884 4755 ingerent,

283 4793 355 4834 eo
407 4774 562 4849 quod
617 4776 764 4834 tritae
807 4783 937 4832 sunt
982 4783 1037 4832 et
1075 4783 1191 4831 tam
1233 4791 1336 4847 usu
1373 4791 1540 4848 quam
1569 4775 1891 4832 auctoritate

281 4871 617 4931 notissimae.
664 4868 1116 4941 Quandoquidem
1156 4876 1341 4924 autem
1387 4869 1462 4924 illi
1492 4869 1580 4940 qui
1618 4870 1891 4926 contraria

279 4974 468 5040 agunt
494 4972 611 5020 tam
649 4978 856 5019 serenae
893 4963 996 5018 luci
1042 4962 1328 5034 caliginem
1374 4961 1572 5018 inferre
1600 4973 1890 5033 conantur,

282 5059 669 5120 necessarium
715 5055 994 5123 ducimus,
1047 5064 1235 5111 contra
1281 5055 1594 5128 ingruentes
1639 5056 1898 5113 novitatis

285 5155 463 5228 hujus
519 5150 909 5220 obscuritates,
956 5150 1235 5220 antiquam
1295 5159 1348 5204 et
1396 5161 1584 5205 notam
1635 5150 1897 5208 Ecclesiae

289 5251 582 5306 lucernam
623 5261 785 5316 super
827 5242 1220 5300 candelabrum
1250 5258 1453 5313 ponere
1503 5246 1647 5309 (Luc.
1686 5247 1802 5315 χι),
1836 5253 1898 5300 ut

290 5341 448 5417 quod
478 5340 559 5397 illi
605 5347 760 5396 tanto
802 5344 1000 5396 conatu
1053 5335 1305 5392 oblivioni
1352 5335 1566 5393 tradere
1606 5345 1896 5406 conantur,

294 5453 406 5495 nos
443 5433 517 5492 ad
562 5435 896 5491 memoriam
937 5445 1275 5500 revocemus,
1307 5431 1434 5487 satis
1474 5432 1803 5488 aestimantes
1829 5431 1899 5489 ad

297 5530 676 5587 defensionem
715 5536 962 5585 nostram
990 5533 1120 5582 nota
1158 5525 1417 5598 replicare
1454 5542 1620 5599 quam
1658 5533 1719 5581 ut
1757 5542 1896 5583 nova

302 5622 677 5681 introduxisse
703 5621 1001 5678 videamur.

375 5719 569 5776 Sancti
615 5719 804 5774 Patres
848 5718 905 5773 in
954 5717 1139 5774 Nicaea
1185 5717 1528 5790 congregati,
1577 5731 1704 5772 cum
1749 5717 1903 5788 juxta

303 5813 716 5872 institutionem
753 5811 1150 5885 apostolorum,
1171 5819 1229 5867 et
1255 5825 1449 5868 eorum
1475 5810 1906 5884 apostolicorum

1999 4592 2070 4642 sit
2115 4604 2367 4643 numerus
2393 4587 2756 4655 sacerdotum,
2803 4587 2886 4640 vel
2921 4599 3233 4655 comparare
3285 4601 3342 4640 se
3395 4586 3596 4639 audeat

1998 4684 2079 4738 vel
2116 4684 2418 4752 prta/erre;
2445 4696 2560 4735 cum
2583 4685 2732 4734 tanto
2763 4679 3034 4734 divinitus
3058 4679 3343 4748 privilegio
3373 4681 3591 4736 Niccena

1999 4777 2235 4845 synodus
2263 4777 2334 4829 sit
2354 4779 2684 4841 consecrata,
2715 4777 2776 4828 ut
2803 4775 2915 4829 sive
2934 4787 3030 4842 per
3047 4774 3336 4842 pauciores
3365 4775 3474 4828 sive
3496 4788 3598 4844 per

1995 4871 2179 4941 plu-res
2224 4870 2572 4924 ecclesiastica
2591 4867 2807 4935 judicia
2829 4867 3172 4928 celebrentur,
3214 4869 3362 4921 omni
3379 4869 3595 4937 penitus

2003 4964 2321 5018 auctoritate
2360 4964 2432 5017 sit
2473 4977 2706 5015 vacuum
2753 4961 3025 5031 quidquid
3071 4961 3140 5015 ab
3168 4961 3386 5016 illorum
3425 4961 3601 5028 fuerit

2002 5058 2372 5111 constitutio-ne
2418 5055 2707 5110 dive-rsum.

2076 5156 2208 5205 Item
2236 5149 2303 5204 de
2327 5148 2518 5205 eadem
2549 5163 2607 5203 re
2637 5169 2647 5204 :
2681 5148 2865 5204 Sancti
2892 5151 2942 5202 et
2969 5147 3290 5202 venerabiles
3321 5149 3510 5202 Patres
3537 5150 3596 5200 in

2005 5245 2137 5299 urbe
2167 5247 2402 5312 Nica’na,
2433 5244 2690 5311 sacrilego
2718 5245 2852 5299 Ario
2879 5258 2996 5296 cum
3019 5256 3117 5295 sua
3142 5242 3421 5310 impietate
3451 5240 3601 5295 dam-

2006 5343 2154 5401 nato,
2196 5353 2480 5394 mansuras
2502 5352 2674 5408 usque
2699 5338 2760 5391 in
2786 5338 2943 5404 ﬁnem
2970 5334 3161 5389 mundi
3190 5335 3326 5402 leges
3357 5335 3599 5391 ecclesia-

2006 5435 2256 5487 sticarum
2303 5447 2559 5486 canonum
2587 5429 2957 5491 condiderunt,
2989 5433 3040 5484 et
3069 5427 3217 5497 apud
3247 5443 3361 5495 nos,
3412 5431 3470 5483 in
3499 5433 3602 5485 toto

2009 5526 2132 5582 orbe
2174 5530 2462 5592 terrarum,
2496 5527 2550 5578 in
2576 5526 2688 5578 suis
2732 5523 3198 5579 constitutionibus
3224 5525 3434 5586 vivunt,
3466 5527 3515 5577 et
3554 5537 3604 5576 si

2010 5620 2144 5690 quid
2171 5634 2398 5689 usquam
2439 5619 2598 5673 aliter
2644 5632 2808 5688 quam
2831 5617 2921 5670 illi
2963 5620 3273 5671 statuerunt
3311 5616 3602 5687 pressu-mi-

2012 5719 2124 5782 tur,
2154 5715 2265 5768 sine
2301 5714 2636 5767 cunctatio-ne
2664 5713 2911 5764 cassatur
2949 5725 2968 5762 :
3005 5710 3144 5764 Ecce
3173 5723 3277 5764 nos
3306 5720 3519 5776 sumus,
3551 5706 3604 5762 in

2011 5823 2151 5881 quos
2178 5809 2307 5877 ﬁnes
2335 5807 2648 5864 saeculorum
2676 5803 2998 5859 devenerunt
3026 5806 3084 5868 (I
3109 5802 3230 5858 Cor.
3254 5805 3350 5866 x),
3382 5799 3442 5854 in
3471 5813 3606 5872 quo-
