4048 6174
410 288 417 295 ι
491 260 594 315 855

1495 252 1586 308 AD
1625 248 1851 309 OPERA
1887 250 1947 311 S.
1985 248 2307 309 GREGORII
2347 251 2783 308 APPENDICES.

3675 254 3784 307 856

440 356 447 361 1
482 388 618 440 ’rum
644 378 984 455 temporibus
1008 377 1113 434 illa:
1140 376 1356 450 penitus
1383 377 1525 449 leges
1552 376 1929 444 destruuntur,
1949 391 2083 448 quas
2111 380 2163 443 Α
2192 391 2338 444 mus,
2377 375 2510 433 illud
2537 375 2788 433 videlicet
2820 374 2913 432 ubi
2937 372 3139 432 dicitur
3176 392 3190 430 :
3218 375 3355 443 Quia
3378 378 3582 444 oportet
3612 377 3660 430 ei
3687 380 3789 446 qui

495 472 668 534 sancti
721 474 972 531 doctores
1000 485 1173 544 usque
1229 470 1289 525 in
1332 466 1499 526 linem
1553 469 1746 528 mundi
1798 484 2086 526 mansuras

493 569 882 643 praedixerunt.
1808 578 1811 585 ’

564 658 1019 733 Quandoquidem
1061 658 1229 731 igitur
1256 658 1470 731 synodo
1513 656 1669 731 cujus
1707 657 1796 714 hic
1826 657 2084 715 testimo-

492 760 582 813 nia
633 755 834 810 inserta
881 762 1043 823 sunt,
1098 769 1297 811 omnes
1346 752 1540 826 synodi
1589 768 1715 826 qua
1756 752 2087 810 authenticai

492 859 641 919 sunt,
674 864 923 923 quasque
955 849 1197 906 Ecclesia
1224 848 1440 920 recipit,
1480 847 1845 921 principatum
1883 863 2085 904 conce-

492 942 652 1014 dunt,
677 944 918 1019 singulas
942 943 1177 999 aliarum
1205 940 1507 999 sententias
1523 949 1943 998 annecterenon
1968 950 2083 997 tam

492 1038 863 1095 necessarium
894 1045 979 1094 est
1016 1051 1183 1108 quam
1214 1035 1514 1107 prolixum.
1559 1037 1761 1091 Unum
1804 1044 1995 1091 tamen
2031 1043 2088 1090 et

491 1130 743 1205 pluribus
791 1130 860 1188 de
892 1128 1195 1187 Sardicensi
1235 1129 1470 1197 concilio
1503 1144 1811 1200 excerpere,
1839 1145 1954 1184 non
1992 1128 2089 1185 abs

490 1241 552 1282 re
578 1225 850 1282 ducimus.
882 1225 941 1279 In
987 1223 1151 1296 hujus
1196 1238 1439 1294 namque
1471 1222 1689 1278 concilii
1737 1222 2081 1293 praefatione,

493 1335 622 1376 cum
669 1319 739 1376 de
793 1317 1026 1374 diversis
1073 1317 1415 1373 diversorum
1467 1315 1831 1373 conciliorum
1888 1316 2088 1389 regulis

491 1420 841 1480 tractaretur,
864 1410 941 1467 ita
984 1409 1206 1467 tandem
1232 1409 1580 1483 subjunctum
1614 1418 1698 1464 est
1730 1427 1743 1463 :
1776 1399 1880 1465 Sed
1907 1412 1968 1464 in
2007 1411 2088 1465 his

493 1509 735 1562 omnibus
790 1506 887 1559 illa
931 1507 1085 1575 sequi
1108 1504 1354 1560 debemus
1400 1519 1736 1573 quaecunque
1789 1520 1835 1571 α
1876 1506 2088 1561 Nicleno

495 1602 715 1655 concilio
738 1603 788 1653 et
814 1615 849 1653 a
877 1602 1063 1653 sancta
1088 1603 1250 1668 atque
1283 1598 1573 1667 apostolica
1605 1598 1851 1652 Romana
1881 1599 2082 1666 [Eccle-

492 1696 597 1762 sia]
625 1708 730 1748 non
761 1693 1064 1762 discrepare
1088 1691 1353 1745 videmus.

561 1785 722 1861 Quod
773 1794 961 1843 autem
1030 1785 1085 1840 in
1157 1784 1408 1857 ejusdem
1459 1783 1676 1840 concilii
1734 1784 1969 1857 capitulo
2023 1790 2085 1840 17

489 1881 799 1949 invenitur,
851 1879 971 1936 illos
1031 1878 1270 1935 velimus
1320 1876 1606 1935 attendere
1670 1878 1763 1951 qui
1820 1887 1936 1934 tam
2001 1878 2082 1935 fa-

489 1975 590 2031 cile
635 1976 806 2031 etiam
858 1972 1233 2046 quorumlibet
1262 1973 1672 2045 episcoporum,
1724 1972 1933 2029 nedum
1971 1975 2084 2029 Ro-

378 2118 397 2125 -
490 2070 643 2125 mani
682 2066 957 2140 pontiﬁcis
1008 2067 1344 2123 sententiam
1399 2067 1516 2122 sine
1580 2067 1743 2140 legali
1796 2067 2086 2123 examina-

490 2167 642 2221 tione
692 2163 1042 2230 rescindunt;
1090 2163 1245 2234 quasi
1288 2161 1628 2220 discussione
1676 2179 1791 2220 non
1844 2163 2088 2237 indigeat

492 2256 761 2331 quidquid
836 2256 1061 2312 illorum
1117 2255 1296 2311 verbis
1342 2255 1456 2312 sive
1509 2256 1726 2328 justum
1774 2257 1886 2313 sive
1938 2257 2085 2330 inju-

489 2359 642 2408 stum
670 2349 948 2406 asseritur.
995 2348 1326 2406 Continetur
1360 2356 1550 2405 autem
1590 2350 1665 2405 sic
1712 2351 1769 2405 in
1816 2350 2085 2422 praeﬁnito

490 2444 728 2517 capitulo
758 2463 771 2500 :
799 2446 859 2501 Si
877 2446 1155 2515 episcopus
1175 2445 1297 2514 quis
1320 2445 1459 2510 forte
1477 2445 1791 2513 iracundus,
1817 2445 1960 2514 quod
1980 2461 2087 2502 esse

488 2557 592 2597 non
630 2541 799 2602 debet,
828 2542 931 2593 cito
971 2543 1023 2593 et
1050 2553 1236 2609 aspere
1262 2545 1654 2595 commoveatur
1680 2540 1933 2595 adversus
1955 2556 2083 2610 pre-

490 2636 767 2704 sbyterum
791 2634 898 2688 sive
919 2632 1207 2687 diaconum
1227 2647 1404 2695 suum,
1428 2637 1479 2687 et
1501 2635 1863 2688 exterminare
1881 2649 1998 2688 eum
2018 2633 2084 2688 de

493 2730 728 2785 Ecclesia
751 2726 1006 2790 voluerit,
1031 2725 1430 2796 prouidendum
1458 2731 1535 2782 est
1562 2742 1628 2781 ne
1650 2727 2084 2782 innocens-dam-

488 2827 664 2891 netur,
710 2824 809 2875 aut
852 2819 1051 2891 perdat
1099 2822 1529 2875 communionem.
1585 2822 1681 2888 Et,
1706 2820 1892 2892 paucis
1919 2821 2084 2877 inter-

489 2914 692 2982 missis,
731 2912 810 2969 sic
838 2912 1065 2969 demum
1094 2911 1439 2969 concluditur
1472 2932 1485 2968 :
1521 2916 1736 2981 Tamen,
1764 2917 2089 2985 priusquam

493 3012 677 3066 omnia
730 3008 1021 3078 diligenter
1084 3012 1133 3062 et
1181 3007 1409 3077 ﬁdeliter
1488 3009 1893 3076 examinentur,
1965 3025 2083 3063 eum

2119 1749 2167 1811 B

2195 472 2433 541 abjectus
2463 475 2538 526 est
2581 487 2687 526 non
2721 486 2920 541 negare
2953 471 3293 525 audientiam
3336 471 3592 540 roganti;
3620 476 3670 524 et
3696 472 3787 525 ille

2194 569 2465 637 episcopus
2488 568 2585 635 qui
2615 581 2733 622 eum
2747 567 2894 635 juste
2919 566 3002 619 uel
3038 565 3236 634 injuste
3261 562 3477 632 abjecit,
3519 568 3789 635 patienter

2196 662 2428 731 accipiat
2452 664 2511 714 ut
2534 661 2803 729 negotium
2836 659 3180 714 discutiatur.
3225 657 3392 725 Hinc,
3422 665 3483 713 ut
3506 667 3784 728 putamus,

2194 752 2267 809 ad
2302 753 2653 810 excusandas
2681 752 3060 809 excusationes
3089 749 3252 817 (Psal.
3284 756 3453 820 CXL),
3474 752 3788 809 occasiones

2196 856 2443 916 sumunt,
2493 847 2647 919 quasi
2695 856 2916 919 propter
2954 846 3080 909 hoc,
3127 845 3486 914 examinatio,
3531 846 3679 902 sicut
3704 846 3790 903 de-

2194 942 2336 1011 buit,
2365 941 2484 998 ﬁeri
2523 957 2637 998 non
2665 941 2940 999 debuisset
2972 944 3141 1007 (453),
3173 938 3321 1012 quod
3349 941 3793 997 excommunica-

2196 1046 2285 1093 tor
2320 1036 2390 1092 ad
2423 1036 2759 1108 probandam
2785 1035 2865 1092 vel
2895 1033 3317 1107 improbandam
3350 1034 3686 1091 sententiam
3715 1035 3792 1092 eis

2199 1130 2523 1202 patientiam
2549 1146 2662 1186 non
2695 1129 3023 1186 exhibuerit.

2271 1222 2358 1280 Ad
2378 1223 2533 1295 quod
2565 1222 2914 1280 refutandum
2952 1210 3064 1279 non
3101 1224 3511 1297 Scripturarum
3539 1226 3792 1281 testimo-

2197 1318 2310 1386 nia,
2339 1334 2454 1374 non
2501 1333 2774 1374 canonum
2819 1317 3132 1385 auctoritas,
3163 1316 3260 1373 sed
3306 1319 3421 1390 ipse
3461 1334 3655 1373 rerum
3702 1335 3793 1391 ge-

2200 1421 2415 1468 starum
2440 1410 2579 1467 ordo
2608 1410 2954 1483 respondeat.
2987 1414 3195 1467 Notum
3229 1412 3374 1467 enim
3410 1413 3675 1468 omnibus
3700 1413 3797 1468 cir-

2199 1520 2546 1577 cumquaque
2584 1512 2695 1572 est,
2743 1505 3029 1561 anathema
3073 1504 3211 1561 illud
3255 1504 3323 1562 de
3362 1521 3471 1578 quo
3511 1505 3701 1579 agitur
3740 1507 3794 1562 in

2197 1599 2409 1673 synodo
2447 1601 2703 1655 Romana
2732 1614 2855 1672 qua:
2899 1604 3080 1666 (1080)
3122 1598 3299 1671 prima
3341 1597 3795 1673 Quadragesima

2198 1691 2542 1750 hebdomade
2583 1709 2648 1748 ex
2678 1708 2835 1748 more
2875 1692 3144 1748 celebrata
3176 1700 3259 1749 est
3285 1694 3561 1765 prolatum
3600 1693 3790 1750 fuisse.

2199 1786 2361 1859 Quod
2406 1803 2535 1844 cum
2595 1788 2653 1842 in
2709 1795 2891 1859 partes
2948 1787 3278 1843 Teutonicas
3326 1787 3690 1857 insonuisset,
3742 1789 3794 1844 in

2198 1882 2453 1954 proximo
2498 1880 2739 1946 Pascha,
2797 1881 3042 1953 episcopi
3085 1881 3182 1954 qui
3226 1880 3283 1937 in
3324 1881 3541 1938 civitate
3584 1882 3792 1939 Babin-

2196 1990 2358 2048 perga
2381 1974 2587 2031 festum
2613 1973 2751 2031 illud
2785 1975 3154 2043 celebrarunt,
3189 1975 3250 2030 in
3288 1973 3376 2031 die
3404 1984 3618 2044 sancto,
3652 1977 3795 2035 inter

2195 2069 2493 2129 missarum
2516 2067 2784 2125 solemnia
2808 2069 2983 2124 multa
3006 2078 3061 2124 et
3083 2067 3374 2126 inhonesta
3398 2068 3453 2124 in
3481 2070 3790 2126 Dominum

2196 2178 2395 2233 papam
2428 2164 2674 2233 (Gregor.
2714 2164 2832 2226 Vll)
2879 2161 3007 2217 vitia
3036 2161 3361 2235 jaculantes,
3405 2163 3673 2220 omnibus
3702 2166 3795 2237 qui

2196 2256 2505 2328 congregati
2567 2264 2696 2311 sunt
2754 2254 3215 2313 denuntiaverunt
3260 2272 3330 2312 ex
3381 2263 3509 2312 tunc
3567 2258 3623 2312 in
3676 2258 3795 2313 reli-

2194 2366 2365 2423 quum
2407 2364 2758 2422 nequaquam
2802 2364 2900 2423 pro
2944 2349 3244 2422 apostolico
3290 2348 3600 2405 habendum
3640 2366 3789 2418 esse;

2195 2443 2376 2517 ibique
2434 2442 2786 2514 incipientes,
2849 2443 3280 2514 pertransierunt
3323 2459 3419 2514 per
3474 2443 3795 2501 universum

2191 2553 2421 2610 regnum
2468 2537 2661 2594 eadem
2708 2535 3081 2609 pradicando,
3112 2536 3386 2611 adiunctis
3433 2536 3532 2593 sibi
3575 2546 3632 2593 et
3666 2537 3793 2594 aliis

2195 2632 2439 2706 ejusdem
2481 2631 2631 2687 verbi
2660 2631 2952 2710 ministris.
2987 2631 3151 2701 Quod
3178 2632 3224 2688 si
3252 2632 3385 2689 talia
3412 2647 3471 2688 se
3500 2647 3563 2687 ea
3589 2646 3793 2687 neces-

2187 2726 2347 2783 sitate
2393 2741 2677 2800 aggressos
2708 2741 2825 2781 esse
2852 2725 3158 2781 obtendunt
3196 2722 3346 2797 quod
3385 2724 3666 2782 audientia
3715 2727 3795 2781 eis

2195 2820 2465 2893 denegata
2513 2819 2738 2887 fuisset,
2777 2818 3032 2894 judicent
3072 2834 3268 2875 omnes
3317 2819 3406 2891 qui
3450 2833 3657 2875 sanum
3703 2835 3794 2875 sa-

2196 2912 2352 2985 piunt
2392 2914 2439 2968 si
2483 2912 2537 2967 in
2578 2912 2671 2968 tali
2714 2912 2980 2984 temporis
3023 2911 3302 2968 intervallo
3347 2911 3453 2969 hoc
3482 2911 3596 2968 ullo
3627 2912 3795 2969 modo

2197 3006 2317 3063 ﬁeri
2346 3006 2583 3078 potuerit
2610 3014 2898 3078 quatenus,
2929 3014 3053 3079 post
3080 3005 3415 3079 agnitionem
3457 3007 3695 3078 prolatae
3738 3007 3791 3062 in

491 3107 591 3176 qui
635 3104 832 3170 fuerat
883 3117 918 3155 a
963 3102 1326 3155 communione
1376 3105 1681 3171 separatus,
1742 3106 1867 3156 ante
1906 3106 2085 3171 cogni-
2124 3126 2170 3190 ρ
2196 3115 2256 3156 se
2304 3100 2619 3167 sententia,
2662 3099 2852 3156 sedem
2899 3100 3256 3173 apostolicam
3303 3116 3403 3172 pro
3451 3099 3795 3156 discutienda

490 3200 686 3253 tionem
732 3194 917 3251 nullus
944 3194 1097 3250 debet
1116 3210 1450 3265 praesumere
1475 3199 1539 3250 ut
1576 3211 1695 3250 eum
1739 3200 2092 3254 communioni

492 3293 675 3346 societ.

559 3385 704 3439 Ecce
734 3383 793 3438 in
823 3382 932 3439 hoc
956 3382 1079 3440 loco
1107 3383 1406 3456 specialiter
1432 3382 1502 3441 de
1527 3383 1619 3439 illo
1643 3370 2113 3441 excommunica-‘

490 3476 656 3533 tionis
713 3471 911 3550 genere
958 3477 1164 3549 agitur,
1214 3476 1394 3549 quod,
1447 3476 1730 3534 iracundia
1767 3487 2047 3551 grassante
2072 3521 2087 3547 ,

490 3568 1054 3641 committitur,'quod
1082 3585 1317 3641 propero
1342 3578 1397 3626 et
1422 3585 1616 3643 aspero
1645 3578 1800 3627 motu
1823 3573 2092 3629 accelera-

490 3671 610 3729 tur;
638 3670 693 3717 et
720 3671 911 3718 tamen
939 3677 1291 3736 summopere
1315 3671 1539 3719 cavetur
1559 3680 1629 3720 ne
1657 3665 1741 3721 vel
1771 3665 1850 3721 sic
1871 3681 2088 3722 excom~

491 3754 834 3812 municatum
872 3762 1001 3811 ante
1040 3754 1361 3830 diligentem
1391 3756 1859 3815 examinationem
1896 3759 2090 3832 aliquis

491 3847 734 3920 recipiat.

562 3944 697 3997 Haec
727 3949 783 3997 et
810 3940 897 3996 his
929 3940 1128 3997 similia
1162 3941 1217 3997 in
1251 3942 1500 3998 conciliis
1535 3952 1590 3998 et
1618 3945 1675 3999 in
1704 3946 2089 4001 Romanorum

492 4035 792 4109 praesulum
829 4033 1065 4090 decretis
1095 4035 1253 4108 quasi
1291 4050 1461 4109 usque
1490 4036 1558 4092 ad
1601 4036 1879 4093 fastidium
1915 4039 2089 4095 incul-

491 4137 711 4185 cantur.
742 4130 858 4184 Nec
882 4126 989 4184 hoc
1016 4127 1234 4201 quidem
1262 4128 1670 4200 intermittitur,
1699 4131 1877 4203 qualis
1904 4139 2086 4188 utros-

490 4237 598 4293 que
639 4219 879 4277 vindicta
921 4229 1186 4294 sequatur
1238 4243 1250 4278 :
1305 4222 1460 4290 istos,
1508 4225 1554 4279 si
1603 4226 2089 4282 excommunicatis

490 4315 730 4372 scienter
760 4322 815 4371 et
856 4322 986 4371 ante
1033 4315 1319 4388 utriusque
1361 4318 1531 4388 partis
1568 4317 1776 4389 justam
1801 4321 2084 4376 examina-

489 4408 701 4465 tionem
775 4408 1214 4471 communicant,
1272 4409 1615 4481 latebrasque
1667 4411 2084 4481 defensionum,

2198 3210 2357 3251 causa
2389 3193 2837 3266 interpellassent,
2876 3209 3049 3267 eaque
3073 3195 3179 3250 hoc
3217 3193 3521 3266 denegante
3560 3195 3618 3250 in
3654 3210 3794 3266 prte-

2195 3287 2339 3344 dicto
2378 3287 2499 3343 loco
2546 3296 2603 3343 et
2640 3295 2888 3358 tempore
2932 3287 3074 3344 hanc
3113 3286 3438 3344 seditionem
3465 3288 3799 3343 commovis-

2196 3391 2337 3438 sent.
2385 3382 2586 3453 Liquet
2621 3381 2865 3453 profecto
2894 3380 3062 3455 quod,
3104 3382 3205 3438 etsi
3250 3381 3502 3437 voluntas
3548 3379 3660 3437 hoc
3695 3380 3797 3436 illis

2194 3483 2534 3548 suggereret,
2562 3475 2702 3531 sicut
2730 3490 2832 3530 nec
2858 3474 3011 3542 fecit,
3047 3483 3231 3530 tamen
3258 3474 3522 3547 temporis
3542 3473 3795 3547 augustia

2194 3587 2303 3626 non
2338 3578 2633 3640 pateretur.
2665 3566 2827 3626 Unde
2867 3577 3048 3625 totum
3082 3567 3212 3624 illud
3240 3568 3438 3640 pariter
3465 3568 3797 3640 comproba-

2196 3671 2307 3730 tur,
2335 3662 2484 3734 quod
2507 3678 2608 3718 nec
2641 3661 2904 3719 discussio
2931 3660 3072 3718 facta
3100 3670 3201 3731 est,
3234 3677 3335 3718 nec
3372 3669 3435 3717 ut
3464 3659 3620 3718 ﬁeret
3646 3677 3800 3735 qua:-

2197 3756 2364 3812 situm
2396 3763 2478 3812 est
2516 3757 2597 3812 vel
2644 3755 2989 3829 denegatum.
3024 3759 3253 3814 Constat
3299 3771 3430 3829 ergo
3468 3755 3798 3812 temeritatis

2195 3849 2375 3921 potius
2411 3849 2648 3921 impulsu
2684 3865 2848 3922 quam
2887 3850 3222 3907 necessitatis
3264 3848 3318 3905 id
3346 3856 3531 3906 actum
3573 3864 3698 3907 esse
3735 3856 3794 3907 ut

2197 3943 2652 3999 excommunicati
2680 3952 2807 4000 ante
2830 3943 3207 4015 probationem
3230 3943 3535 4015 legitimam
3560 3942 3615 3999 in
3640 3959 3793 3999 com-

2199 4037 2518 4094 munionem
2542 4038 2932 4109 reciperentur.
2960 4037 3123 4106 Quod
3156 4035 3619 4109 quemadmodum
3649 4051 3789 4107 prae-

2196 4128 2323 4185 fatis
2370 4131 2615 4187 conciliis
2659 4140 2715 4187 et
2759 4129 2994 4187 decretis
3042 4131 3311 4187 invenitur
3353 4131 3673 4197 adversum,
3712 4130 3787 4187 ita

2198 4227 2359 4280 etiam
2398 4241 2509 4281 non
2545 4234 2755 4290 nostro,
2792 4224 2887 4281 sed
2917 4225 3155 4281 virorum
3189 4223 3615 4298 apostolicorum
3649 4225 3795 4282 Gre-

2197 4320 2333 4392 gorii
2359 4328 2520 4390 atque
2537 4319 2741 4374 Leonis
2768 4319 3010 4391 [judicio]
3027 4320 3178 4375 omni
3203 4319 3531 4375 auctoritate
3558 4333 3795 4374 vacuum

2196 4420 2252 4467 et
2277 4413 2394 4468 sine
2420 4412 2766 4469 cunctatione
2814 4412 3161 4469 cessandum.
3193 4415 3264 4469 Et
3297 4412 3432 4485 .quia
3469 4427 3577 4469 non
3609 4416 3797 4469 minus

488 4503 784 4574 quominus
826 4501 894 4558 ad
938 4501 1374 4559 satisfactionem
1404 4477 1798 4576 perducantur,
1852 4477 2087 4577 praeteri;
2113 4477 2165 4539 D
2196 4505 2574 4562 ecclesiasticis
2612 4506 3092 4564 consuetudinibus
3119 4522 3283 4578 quam
3314 4477 3529 4578 legibus
3554 4505 3799 4579 refraga-

490 4593 662 4664 dunt;
695 4596 1201 4652 excommunicatos
1229 4604 1433 4664 autem,
1474 4598 1521 4653 si
1560 4606 1720 4666 ante,
1751 4598 2085 4657 audientiam

487 4688 894 4744 communicare
942 4692 1412 4762 praisumpserint,
1459 4691 1503 4746 si
1532 4707 1712 4750 causae
1741 4708 1854 4749 sua:
1898 4693 2086 4750 adesse

485 4781 843 4853 neglexerint,
881 4782 925 4836 si
956 4781 1098 4839 infra
1149 4784 1515 4841 constitutum
1544 4787 1848 4843 terminum
1895 4803 2084 4845 coram

487 4873 598 4929 suis
637 4876 1274 4933 excommunicatoribus
1323 4893 1545 4935 causam
1592 4896 1751 4936 suam
1802 4897 1915 4938 non
1965 4898 2081 4953 per-

487 4968 719 5039 egerint,
765 4968 809 5023 si
847 4968 1197 5027 interdictum
1235 4970 1338 5027 sibi
1384 4972 1753 5030 ministerium
1796 4991 2088 5047 usurpave-

486 5061 632 5130 rint;
662 5076 787 5133 quw
810 5062 939 5134 quia
978 5063 1114 5119 nulli
1148 5049 1424 5139 incognita
1464 5075 1611 5135 sunt,
1641 5066 1801 5122 latius
1830 5066 1917 5122 hic
1949 5084 2081 5123 enu-

485 5169 704 5211 merare
728 5171 830 5212 nec
858 5157 1156 5215 necessitas
1178 5159 1367 5233 exigit,
1388 5175 1490 5216 nec
1512 5159 1753 5216 brevitas
1780 5157 2084 5231 epistolaris

492 5244 752 5304 admittit.

551 5339 660 5398 Sed
682 5343 811 5416 quia
840 5343 1101 5401 adversus
1142 5345 1245 5400 ista
1290 5346 1567 5400 excusatio
1600 5346 1783 5401 locum
1816 5362 1932 5401 non
1976 5347 2078 5403 ha-

480 5435 598 5503 bet,
628 5433 859 5493 fortasse
887 5452 952 5493 ex
981 5438 1112 5508 ipsis
1136 5435 1401 5510 quiddam
1436 5436 1596 5493 nobis
1625 5439 1900 5510 objicitur,
1930 5441 2079 5513 quod

480 5527 542 5583 in
586 5529 855 5600 praedicto
903 5530 1148 5604 capitulo
1191 5538 1457 5587 statutum
1507 5540 1619 5601 est;
1648 5533 1796 5605 quod
1825 5550 1927 5589 nos
1954 5535 2074 5607 qui-

460 5614 628 5687 dem,
659 5623 803 5679 sicut
849 5624 952 5679 alia
1002 5623 1278 5695 quaedam,
1308 5625 1621 5699 compendii
1660 5643 1822 5684 causa
1849 5630 2073 5686 reticui-

2195 4608 2314 4668 tur,
2359 4598 2635 4671 praedictis
2679 4601 2895 4657 duobus
2951 4598 3217 4668 testibus,
3265 4600 3517 4667 tertium,
3567 4600 3797 4657 beatum

2197 4694 2567 4766 Augustinum
2614 4692 3015 4766 conjungendo,
3062 4680 3335 4767 triplicem
3363 4692 3678 4750 funiculum
3723 4693 3801 4750 fa-

2195 4787 2425 4843 ciamus.
2461 4788 2591 4857 Qui,
2633 4786 2704 4844 ad
2740 4787 3067 4843 Casulanum
3113 4787 3489 4860 presbyterum
3527 4786 3797 4855 scribens,

2195 4880 2466 4936 inter‘alia
2515 4882 2591 4937 sic
2632 4882 2710 4937 ait
2740 4899 2753 4934 :
2786 4883 2933 4951 Sicut
2955 4884 3404 4952 praevaricatores
3440 4882 3617 4950 legum
3647 4883 3798 4937 divi-

2193 4990 2411 5042 narum,
2457 4977 2541 5029 ita
2570 4981 2622 5029 et
2656 4979 3034 5045 contemptores
3071 4975 3517 5031 consuetudinum
3551 4976 3800 5031 ecclesia-

2191 5070 2454 5123 sticarum
2493 5068 2765 5123 coercendi
2791 5073 2934 5123 sunt.
2970 5070 3115 5124 Item
3153 5076 3207 5123 et
3256 5068 3581 5124 Ianuarium
3611 5087 3624 5123 :
3663 5070 3793 5126 Om-

2190 5163 2285 5215 nia
2315 5163 2472 5230 talia,
2500 5178 2618 5231 qua
2644 5177 2739 5216 nec
2772 5167 3081 5216 sanctarum
3110 5163 3515 5232 Scripturarum
3542 5164 3796 5217 auctori-

2190 5256 2394 5309 tatibus
2420 5257 2783 5322 continentur,
2814 5271 2906 5310 nec
2934 5259 3291 5327 episcoporum
3315 5257 3558 5311 conciliis
3578 5261 3792 5311 statuta

2188 5351 2571 5418 reperiuntur,
2620 5364 2713 5401 nec
2758 5349 3134 5403 consuetudine
3174 5348 3497 5403 universalis
3540 5349 3794 5404 Ecclesia

2187 5443 2435 5497 roborata
2455 5446 2599 5503 sunt,
2622 5442 2911 5496 resecando
2936 5444 3206 5497 eaistimo.

2258 5537 2457 5590 Verum
2504 5534 2572 5591 de
2613 5534 2880 5592 militibus
2917 5535 3220 5591 Dominicis
3260 5536 3481 5591 interim
3526 5534 3788 5602 tacendo,

2186 5629 2253 5685 ad
2291 5628 2459 5701 ipsius
2490 5630 2715 5686 Domini
2752 5629 2970 5689 illorum
3013 5629 3177 5687 verba
3206 5630 3506 5699 veniamus,
3553 5627 3792 5687 dicentis

552 5806 696 5879 (453)
729 5807 953 5866 Videtur
981 5810 1134 5868 locus
1163 5822 1455 5887 corruptus
1482 5824 1535 5872 et
1563 5815 1671 5889 leg.
1711 5817 1859 5872 Sicut
1886 5816 2075 5872 debuit
2100 5819 2241 5887 ﬁeri,
2271 5816 2421 5885 facta
2448 5833 2552 5873 non
2582 5819 2806 5885 fuisset.
