4024 6170
214 302 320 358 857

1123 292 1408 354 APPEND.
1448 295 1532 355 111.
1572 328 1641 340 -
1681 298 2097 354 MONUMENTA
2134 298 2592 354 GREGOBIANA.

3407 306 3509 358 858

211 424 269 479 in
299 423 596 496 Evangelia
644 443 657 478 :
693 427 805 480 Non
833 428 910 478 est
937 423 1238 494 discipulus
1266 439 1427 494 super
1482 397 1803 493 magistrum
1833 429 1889 492 Α
1916 423 2124 496 synodo
2152 431 2207 480 et
2240 439 2342 480 suo
2367 432 2642 494 tempore,
2691 423 2987 494 apostolica
3017 424 3352 482 auctoritate
3377 440 3510 482 con-

211 523 434 589 (Matth.
465 523 547 586 x).
581 522 721 577 Vere
746 520 1121 593 evangelicam
1150 529 1204 576 et
1225 520 1582 591 apostolicam
1610 520 1808 576 doctri-

214 631 344 671 nam
375 624 502 670 ante
533 623 756 686 tempus
807 613 1171 687 judicaverint
1198 615 1291 685 qui
1321 622 1438 670 tam
1491 614 1809 671 inordinate

212 725 327 764 non
359 709 540 764 solum
564 708 903 765 sententiam
938 708 1141 764 summi
1172 707 1471 780 pontiﬁcis,
1501 707 1600 763 sed
1631 717 1685 764 et
1726 707 1806 780 ip-

211 819 338 857 sum
395 801 834 858 condemnantes
869 801 1270 873 judicaverunt,
1317 801 1587 857 sententia
1637 801 1807 858 indis-

207 912 388 962 cussa,
417 903 700 951 auctorem
730 896 1038 962 sententiae,
1071 894 1407 961 inauditum,
1432 896 1807 951 inconvictum

207 1006 315 1047 nec
343 989 680 1058 confessum,
707 990 803 1046 sed
829 1004 1004 1060 neque
1032 997 1362 1045 conventum
1385 988 1467 1045 vel
1489 990 1806 1046 commoni-

208 1093 333 1140 tum
354 1088 368 1138 l
393 1085 720 1140 sententiam
743 1083 989 1157 quidem,
1015 1099 1138 1154 quae
1164 1083 1519 1156 talitempore
1548 1100 1576 1138 a
1598 1083 1806 1155 synodo

209 1181 469 1234 Romana
529 1177 872 1249 promulgata
905 1185 1006 1244 est,
1039 1176 1264 1248 quando
1314 1177 1462 1233 nulla
1517 1176 1588 1233 de
1615 1179 1804 1249 praesi-

208 1271 378 1328 dente
414 1271 778 1326 contradictio
817 1271 957 1337 fuit;
1008 1270 1193 1341 ipsum
1245 1269 1653 1342 prasidentem,
1711 1272 1803 1325 cui

204 1374 341 1424 tunc
369 1364 641 1438 temporis
691 1380 803 1420 non
832 1365 1011 1420 solum
1040 1379 1100 1420 ea
1129 1379 1256 1435 quae
1286 1364 1344 1419 in
1397 1365 1514 1420 istis
1563 1365 1806 1436 partibus

205 1468 290 1515 est
323 1460 582 1524 Ecclesia,
619 1458 717 1514 sed
740 1457 828 1513 illa
866 1473 988 1530 quae
1032 1459 1088 1512 in
1140 1466 1258 1512 toto
1307 1457 1442 1513 orbe
1485 1456 1687 1514 diffusa
1723 1467 1805 1513 est

199 1552 448 1609 debitam
471 1552 872 1625 subjectionem
902 1550 1185 1617 exhibuit;
1217 1551 1398 1619 illum,
1429 1551 1672 1621 inquam,
1701 1567 1800 1608 suo

199 1656 257 1703 et
304 1661 418 1702 non
443 1644 688 1718 synodali
701 1645 911 1716 judicio
949 1643 1352 1712 refutaverunt,
1387 1653 1441 1701 et
1464 1645 1656 1713 alium,
1705 1646 1798 1717 qui

198 1740 370 1812 paulo
403 1748 529 1795 ante
558 1755 587 1794 a
633 1738 762 1793 sede
802 1738 1103 1809 apostolica
1138 1737 1436 1794 damnatus
1463 1747 1565 1807 est,
1595 1738 1795 1806 eidem,

1917 528 2125 587 vocata,
2149 517 2384 590 judicari
2440 525 2534 573 aut
2563 517 2816 573 damnari
2865 518 3069 589 possit;
3115 527 3168 574 et
3203 519 3351 592 quod
3399 520 3512 575 sine

1917 612 2111 683 primae
2140 611 2284 668 sedis
2312 611 2637 666 auctoritate
2663 611 2891 667 concilia
2915 619 3034 667 rata
3089 627 3206 667 esse
3229 627 3344 668 non
3376 628 3508 682 pos—

1916 703 2043 760 sint.
2073 706 2209 761 Haac
2253 704 2345 776 qui
2392 706 2607 776 quaerit,
2655 705 2894 761 invenire
2947 705 3150 776 poterit
3194 705 3254 760 in
3293 706 3510 777 scriptis

1915 799 2344 870 apostolicorum
2371 798 2525 867 Julii,
2555 799 2805 865 Damasi,
2836 799 3100 867 Marcelli,
3125 798 3325 855 Gelasii
3350 799 3493 855 alio~

1915 909 2174 964 rumque,
2209 893 2372 948 beato
2400 891 2612 947 Isidoro
2640 891 2878 963 idipsum
2905 900 3218 949 attestante.

1990 985 2303 1042 Mirandum
2335 987 2496 1058 igitur
2531 993 2615 1042 est
2649 986 2790 1042 viros
2831 985 3129 1058 prudentes
3177 986 3316 1044 adeo
3368 996 3503 1042 nota

1916 1080 2174 1136 oblivioni
2230 1079 2548 1146 tradidisse,
2598 1081 2714 1150 qui,
2754 1079 2906 1136 nulla
2951 1079 3218 1137 existente
3267 1082 3502 1154 synodo,

1914 1175 2069 1229 illum
2100 1174 2416 1245 episcopum
2442 1173 2749 1243 judicantes
2778 1173 3213 1245 reprobaverunt
3252 1175 3365 1231 sine
3408 1193 3504 1233 cu-

1908 1267 1998 1338 jus
2048 1268 2371 1323 auctoritate
2415 1282 2520 1322 nec
2574 1268 2893 1338 episcOpum
2939 1267 3179 1338 aliquem
3212 1269 3502 1337 damnare,
3599 1331 3602 1334 ,

1915 1376 2014 1416 nec
2048 1361 2296 1433 generale
2341 1361 2637 1416 concilium
2662 1361 2792 1416 licet
2818 1376 3172 1433 congregare.
3217 1366 3357 1418 Ecce
3406 1379 3505 1418 no-

1914 1470 2012 1509 vus
2041 1455 2180 1510 ordo
2197 1453 2550 1526 judiciarius,
2576 1470 2701 1510 ecce
2740 1459 2957 1511 matura
2981 1455 3210 1512 Domini
3240 1456 3501 1512 sacerdo-

1916 1556 2035 1604 tum
2080 1547 2317 1620 judicia!
2369 1549 2463 1603 Isti
2518 1547 2733 1619 judices
2769 1549 2816 1604 si
2867 1563 2932 1603 eo
2983 1564 3096 1619 quo
3119 1548 3505 1620 judicaverunt

1902 1641 2287 1714 judicarentur
2309 1642 2578 1713 [judicio],
2607 1642 2680 1697 ita
2713 1651 2774 1696 ut
2799 1658 2828 1696 a
2853 1640 3085 1698 subditis
3113 1642 3228 1697 suis
3255 1643 3502 1698 eamdem

1912 1735 2395 1807 praedamnationis
2425 1736 2603 1790 vicem
2625 1735 2933 1806 reciperent
2950 1751 3117 1806 quam
3145 1736 3368 1806 praelato
3399 1752 3500 1792 suo

195 1799 317 1890 sedi
353 1849 478 1905 qua:
505 1833 657 1888 illum
685 1832 1063 1897 damnaverat,
1105 1831 1414 1902 pontiﬁcem
1467 1831 1792 1904 designave-
1829 1799 1876 1862 Β
1910 1828 2331 1900 impenderunt;
2358 1843 2709 1900 nequaquam
2751 1828 2856 1883 hoc
2879 1827 3308 1883 ecclesiasticum
3344 1829 3499 1900 judi-

192 1936 351 1994 runt,
417 1929 674 1982 Romana
715 1925 952 1981 Ecclesia
1003 1942 1105 1982 nec
1142 1925 1360 1981 conscia
1409 1941 1511 1981 nec
1563 1941 1796 1981 consen-

186 2021 387 2076 tiente.
423 2020 569 2092 Quid
605 2020 771 2091 igitur
792 2035 1073 2075 canonum
1101 2019 1430 2075 testimoniis
1460 2018 1529 2074 ad
1585 2021 1799 2090 impro-

187 2114 378 2171 banda
413 2112 530 2170 haec
549 2113 758 2186 judicia
811 2111 1144 2184 indigemus,
1178 2127 1302 2184 quae
1331 2128 1432 2168 nec
1482 2112 1798 2168 similitudi-

184 2223 328 2264 nem
351 2216 702 2263 sensatorum
718 2206 1048 2278 judiciorum
1074 2215 1283 2272 tenent,
1309 2205 1403 2262 sed
1428 2206 1586 2279 quasi
1616 2207 1796 2277 prima

180 2301 378 2356 fronte
406 2301 565 2372 plena
596 2300 958 2372 blasphemiae
985 2303 1284 2371 apparent?
1315 2302 1476 2370 Nam,
1510 2308 1573 2356 ut
1604 2315 1796 2356 verum

178 2394 497 2459 fateamur,
513 2394 643 2449 nihil
674 2393 730 2449 in
760 2403 1077 2449 sanctorum
1108 2396 1333 2450 Patrum
1363 2394 1582 2465 scriptis
1609 2403 1796 2450 contra

177 2487 523 2562 hujusmodi
552 2487 1009 2560 praesumptiones
1047 2487 1354 2559 specialiter
1414 2487 1656 2544 edictum
1694 2503 1798 2543 nos

175 2583 472 2640 invenisse
499 2581 893 2649 meminimus,
933 2582 1066 2654 quia.
1117 2581 1344 2637 insaniae
1386 2596 1502 2636 non
1546 2590 1662 2637 erat
1713 2581 1796 2637 lex

172 2676 474 2750 ponenda.
512 2679 601 2738 Ex
635 2674 928 2730 abundanti
981 2683 1166 2730 autem
1193 2674 1260 2729 ab
1289 2673 1526 2745 antiquis
1552 2673 1798 2730 doctori-

170 2771 292 2826 bus
337 2777 607 2824 statutum
640 2777 724 2824 est
765 2776 956 2824 contra
1001 2767 1120 2823 illas
1152 2768 1534 2839 imperitorum
1587 2767 1798 2838 episco-

171 2879 394 2935 porum
427 2861 817 2929 infestationes,
851 2877 992 2932 quae,
1018 2862 1123 2917 etsi
1146 2861 1214 2916 ab
1241 2860 1645 2916 adversantium
1675 2860 1799 2915 insi-

170 2958 292 3013 diis
329 2955 645 3029 procedant,
677 2956 999 3010 nonnullam
1052 2963 1237 3010 tamen
1267 2953 1543 3027 aequitatis
1595 2954 1796 3026 imagi-

169 3066 320 3107 nem
378 3047 741 3121 praatendunt,
801 3049 1009 3104 scilicet
1063 3047 1343 3116 induciis,‘
1374 3047 1796 3117 evocationibus,

1906 1922 2076 1988 cium,
2130 1921 2228 1977 sed
2273 1937 2399 1978 vere
2444 1921 2690 1977 furorem
2730 1921 3079 1993 tyrannicum
3121 1920 3488 1978 nominarent.

1908 2017 2021 2070 Nec
2042 2015 2098 2071 id
2115 2016 2350 2082 mirum;
2369 2031 2520 2079 nam,
2544 2023 2607 2069 ut
2633 2014 2701 2070 de
2729 2014 2999 2085 episcopis
3018 2023 3324 2082 taceamus,
3357 2024 3501 2070 certe

1906 2107 2045 2164 nulli
2076 2108 2392 2169 hominum,
2430 2109 2803 2179 cujuscunque
2823 2105 3182 2178 professionis
3203 2107 3282 2163 vel
3309 2108 3503 2163 condi-

1907 2203 2076 2258 tionis
2107 2203 2214 2269 sit,
2240 2204 2349 2258 tale
2385 2200 2655 2275 judicium
2676 2202 2802 2273 jure
2831 2201 3116 2272 competit,
3150 2200 3309 2272 quale
3334 2201 3391 2257 in
3417 2201 3500 2256 ul-

1908 2297 2020 2352 lum
2059 2299 2325 2368 processit
2368 2298 2459 2367 qui
2507 2311 2538 2350 a
2587 2295 2742 2351 nullo
2789 2294 3014 2350 homine
3049 2294 3375 2366 judicandus
3401 2303 3498 2350 est.

1906 2391 2062 2446 Sicut
2078 2391 2167 2446 ille
2186 2432 2205 2458 ,
2230 2389 2540 2462 apostolicae
2567 2388 2834 2445 doctrina:
2858 2388 3038 2444 adhuc
3064 2388 3298 2455 nescius,
3338 2404 3500 2444 cano-

1906 2499 2041 2538 num
2073 2483 2312 2555 ignarus,
2346 2482 2678 2538 Nicodemus
2701 2482 2876 2538 dixit:
2915 2483 3173 2552 Nunquid
3194 2484 3284 2538 lem
3309 2488 3501 2538 nostra

1899 2578 2114 2646 judieat
2139 2592 2478 2646 quemquam,
2505 2578 2616 2630 nisi
2641 2576 2886 2630 audierit
2908 2576 2975 2629 ab
3006 2578 3122 2645 ipso
3144 2579 3295 2645 prius
3326 2582 3378 2631 et
3409 2593 3499 2632 co-

1906 2673 2150 2739 gnoverit
2167 2670 2305 2738 quid
2321 2672 2532 2735 faciat!
2559 2672 2742 2735 (Joan.
2792 2672 2929 2736 VII.)

1977 2767 2060 2817 De
2093 2763 2186 2817 illo
2215 2772 2403 2818 autem
2444 2763 2764 2832 (Guiberto)
2794 2761 2922 2833 quid
2967 2761 3235 2827 dicamus,
3267 2762 3384 2833 qui,
3433 2762 3499 2818 ad

1906 2855 2272 2928 supplendum
2303 2856 2467 2928 hujus
2491 2854 2720 2927 depositi
2741 2855 2952 2922 locum,
3007 2863 3118 2909 tam
3148 2855 3372 2926 provide
3399 2857 3498 2912 de-

1908 2951 2199 3023 ligentium
2219 2946 2575 3021 dispositione
2621 2957 2836 3022 erectus
2872 2950 2993 3004 est?
3023 2950 3165 3004 Vere
3185 2948 3253 3004 de
3271 2948 3363 3003 illo
3394 2948 3500 3004 hoc

1905 3043 2150 3100 dicimus
2194 3043 2446 3114 verisque
2507 3042 2742 3098 testibus
2793 3041 3180 3113 approbamus,
3205 3040 3501 3114 quod,etsi

170 3142 648 3208 discussionibus,
693 3143 918 3213 aliisque
942 3142 1094 3214 juxta
1146 3150 1397 3197 tenorem
1419 3139 1779 3213 judiciorum.
1820 3169 1866 3235 C
1901 3137 2011 3207 jam
2045 3126 2142 3209 pro
2171 3138 2283 3193 suis
2305 3136 2576 3194 erratibus
2604 3151 2706 3192 nec
2736 3135 3028 3191 damnatus
3047 3144 3192 3191 esset
3214 3151 3319 3190 nec
3349 3134 3498 3190 dam-

174 3237 274 3293 Λᾶ
307 3238 550 3292 istorum
579 3236 898 3292 cautionem
948 3234 1386 3307 distinguendam
1418 3235 1465 3289 si
1488 3235 1789 3290 auctoritas

174 3348 210 3386 a
242 3329 416 3386 nobis
444 3329 765 3400 requiritur,
795 3345 906 3384 non
949 3329 1360 3400 Scripturarum
1400 3335 1655 3399 excerpta
1692 3329 1788 3384 sed

181 3424 475 3479 volumina
516 3423 870 3494 opponimus,
939 3423 1079 3477 sicut
1127 3429 1210 3477 est
1246 3421 1384 3476 liber
1437 3421 1784 3478 decretorum

180 3515 614 3589 pontiﬁcalium,
647 3516 740 3588 qui
783 3531 919 3587 pene
956 3523 1110 3570 totus
1138 3515 1191 3569 in
1221 3515 1413 3570 talium
1445 3514 1787 3570 discussione

178 3611 426 3666 cuditur.
457 3609 560 3665 Sed
588 3626 661 3665 ne
689 3608 820 3664 nihil
852 3609 1057 3664 horum
1108 3608 1177 3664 ad
1216 3623 1458 3678 pl‘zesens
1504 3607 1786 3664 induxisse

181 3703 492 3772 videamur,
526 3703 660 3758 illud
709 3703 908 3758 saltem
965 3702 1111 3757 beati
1160 3701 1412 3780 Gregorii
1457 3702 1782 3771 inseramus,

180 3795 339 3868 quod
367 3796 433 3853 ad
462 3799 738 3852 Joannem
771 3798 1108 3863 Defensorem
1139 3803 1365 3851 euntem
1395 3796 1454 3850 in
1492 3794 1787 3867 Hispanias

183 3888 380 3944 scribit
425 3888 494 3945 de
540 3891 815 3960 Stephano
866 3889 1148 3959 episcopo,
1181 3888 1275 3960 qui
1333 3888 1534 3960 injuste
1580 3904 1700 3944 esse
1729 3904 1786 3944 se

180 3982 504 4054 depositum
524 3990 850 4054 conquestus
881 3989 965 4038 est
989 4025 997 4034 .
1022 3984 1280 4045 Primum,
1309 3981 1511 4052 inquit,
1555 3982 1786 4050 diligen-

181 4082 272 4131 ter
299 4078 647 4147 qua-rendam
677 4082 754 4131 est
789 4079 839 4131 si
857 4076 1132 4144 judicium
1162 4075 1540 4129 ordinabiliter
1579 4081 1652 4128 est
1681 4078 1786 4130 ha-

182 4173 390 4232 bitum,
413 4175 465 4226 si
483 4173 584 4226 alii
607 4175 958 4232 accusatores,
987 4171 1089 4223 alii
1129 4173 1283 4223 testes
1306 4171 1568 4236 fuerunt;
1599 4169 1789 4223 deinde

181 4280 479 4320 causarum
502 4266 758 4335 qualitas,
788 4266 856 4331 si,
881 4268 1123 4318 accusata
1139 4267 1423 4333 praesente,
1466 4262 1565 4317 sub
1583 4263 1787 4332 jureju-

183 4360 366 4413 rando
383 4364 568 4414 contra
594 4374 715 4413 eum
745 4360 1109 4413 testimonium
1137 4357 1345 4411 dictum
1367 4361 1470 4427 est;
1499 4359 1549 4410 si
1576 4371 1789 4426 respon-

178 4452 354 4506 dendi
379 4455 548 4507 locum
574 4453 784 4521 habuit,
817 4454 866 4506 si
892 4452 1222 4506 examinatio
1239 4466 1598 4522 personarum
1627 4465 1785 4504 aecu-

1898 3232 2134 3297 nandus,
2166 3233 2262 3286 sed
2285 3239 2339 3286 et
2366 3229 2550 3286 sedem
2577 3230 2727 3285 illam
2757 3238 3046 3285 vacantem
3073 3228 3389 3298 invenisset,
3409 3229 3501 3285 cui

1896 3342 2046 3382 nunc
2089 3324 2378 3396 superstite
2415 3323 2672 3396 pontiﬁce
2710 3321 3049 3378 adulterinus
3078 3324 3295 3378 invasor
3330 3322 3498 3394 depu-

1895 3428 2041 3475 tatus
2079 3427 2182 3484 est,
2232 3426 2442 3482 tamen,
2473 3426 2610 3473 teste
2645 3417 2803 3472 beato
2826 3419 3036 3485 Leone,
3075 3418 3220 3473 nulla
3249 3420 3381 3476 ratio
3413 3423 3486 3478 si-

1896 3522 2052 3568 neret
2078 3520 2138 3566 ut
2161 3511 2305 3567 inter
2322 3511 2607 3582 episcopos
2632 3511 2946 3579 haberetur,
2971 3527 3139 3581 quem
3179 3527 3282 3567 nec
3317 3514 3498 3574 clerus

1897 3607 2056 3677 elegit
2093 3621 2196 3660 nec
2223 3605 2456 3676 papulus
2485 3603 2756 3675 expetivit.
2800 3605 3048 3675 Cumque
3076 3605 3320 3676 ejusdem
3359 3612 3495 3666 Leo-

1895 3700 1982 3755 nis
2038 3707 2202 3770 atque
2251 3697 2525 3754 leestini
2583 3697 2871 3753 sententiis
2923 3696 3221 3754 difﬁnitum
3285 3701 3355 3756 sit
3437 3711 3496 3758 ut

1897 3793 2064 3848 nullis
2114 3791 2298 3848 invitis
2349 3791 2632 3863 episc0pus
2704 3790 2884 3857 detur,
2937 3800 3139 3862 quanto
3188 3793 3372 3850 minus
3420 3795 3495 3852 illi

1900 3885 2161 3942 Ecclesiae
2220 3885 2429 3942 nolenti
2484 3885 2773 3957 episcopus
2800 3885 3015 3941 aliunde
3045 3888 3524 3958 superponendus,

1897 3989 2038 4046 erat,
2084 3995 2207 4052 quae
2265 3980 2350 4035 sui
2393 3979 2770 4035 incolumitate
2796 3979 3070 4052 pontiﬁcis
3109 3988 3162 4035 et
3204 3981 3492 4038 concordia

1899 4074 2067 4146 potita
2097 4081 2196 4129 est.

1970 4169 2110 4240 Ergo
2138 4166 2267 4238 quia
2293 4182 2421 4222 cum
2467 4165 2781 4239 hujusmodi
2811 4168 3116 4238 portionem
3147 4184 3350 4239 ponere
3381 4185 3492 4226 non

1898 4259 2292 4331 acquievimus,
2324 4259 2717 4316 maledicimur
2761 4269 2818 4316 et
2869 4262 3305 4332 persecutionem
3349 4265 3494 4334 pati-

1897 4369 2024 4408 mur
2065 4352 2384 4423 (Joan.1u),
2436 4361 2492 4408 et
2513 4353 2662 4409 velut
2690 4361 2861 4410 tantm
2908 4354 3196 4412 discordiae
3244 4365 3494 4411 auctores

1895 4447 2080 4502 traditi
2107 4462 2301 4502 sumus
2331 4461 2435 4502 nos
2473 4455 2528 4502 et
2557 4455 2743 4503 nostra
2770 4447 2823 4502 in
2842 4446 3206 4518 direptionem
3230 4449 3492 4504 omnibus

171 4549 422 4601 sontium
449 4563 511 4600 ac
553 4535 957 4616 testificanti-um
984 4546 1304 4614 regulariter
1329 4547 1479 4612 facta
1507 4550 1584 4600 est
1595 4563 1613 4609 ;
1645 4545 1792 4614 quod
1816 4529 1864 4591 Ι)
1897 4541 1989 4612 qui
2031 4541 2090 4596 in
2115 4541 2346 4597 circuitu
2377 4550 2567 4596 nostro
2595 4549 2751 4597 sunt.
2791 4542 2953 4606 Vere,
2995 4549 3056 4596 ut
3087 4541 3260 4607 aiunt,
3293 4541 3359 4596 ab
3389 4540 3492 4596 illis

173 4641 242 4693 si
284 4642 432 4706 forte
468 4641 582 4695 hac
618 4641 926 4695 solemniter
970 4642 1095 4695 acta
1127 4655 1234 4693 non
1282 4644 1432 4699 sunt,
1465 4641 1524 4692 iu
1549 4640 1784 4694 Ecclesia

175 4749 289 4788 sua
319 4735 556 4789 omnibus
597 4733 768 4788 modis
810 4738 1094 4788 revocetur.
1126 4734 1200 4786 Hi
1244 4747 1369 4788 vero
1397 4733 1497 4800 qui
1515 4747 1635 4786 eum
1659 4747 1785 4786 eon-

171 4833 277 4882 tra
318 4831 414 4884 Dei
473 4831 716 4882 timo-rem
760 4832 810 4882 et
859 4831 1066 4882 statuta
1097 4841 1355 4880 canonum
1399 4825 1778 4880 condemnave—

171 4928 340 4990 runt,
389 4923 462 4977 ad
505 4923 770 4991 agendam
795 4922 1165 4992 pwnitentiam
1209 4919 1468 4974 mittendi
1511 4923 1638 4973 sunt
1686 4934 1782 4973 sea:

173 5017 470 5080 mensibus,
503 5019 584 5070 ita
644 5032 770 5071 sane
820 5020 902 5078 ut,
936 5017 984 5069 si
1009 5015 1176 5068 alicui
1201 5029 1378 5068 eorum
1418 5015 1611 5068 mortis
1656 5028 1780 5067 con-

175 5111 374 5175 tigerit
428 5112 702 5164 imminere
747 5109 1062 5171 discrimeu,
1100 5109 1290 5162 viatici
1340 5107 1628 5162 benedictio
1675 5123 1779 5160 non

168 5209 421 5270 negetur.

269 5296 500 5353 Videant
546 5312 673 5368 ergo
712 5293 1104 5368 praedictorum
1141 5294 1470 5367 judiciorum
1502 5296 1778 5351 mediato-

169 5404 303 5452 res,
336 5390 378 5446 si
409 5392 464 5445 in
496 5391 736 5446 Romani
775 5389 1020 5460 praesulis
1051 5387 1377 5443 refutatione
1406 5390 1484 5444 vel
1519 5404 1690 5443 unum
1714 5389 1781 5444 de

167 5483 303 5539 illis
324 5484 497 5540 sancti
528 5485 628 5539 viri
657 5483 949 5554 praeceptis
977 5481 1412 5546 observaverint,
1441 5497 1565 5555 quae
1603 5482 1695 5538 ille
1722 5483 1780 5538 in

163 5575 348 5632 unius
421 5577 708 5650 cujuslibet
757 5577 1003 5648 episcopi
1051 5575 1388 5633 discussione
1441 5577 1778 5633 observanda

153 5683 306 5727 esse
343 5672 607 5728 decrevit.

245 5764 381 5824 Huc
423 5764 634 5821 accedit
657 5762 804 5834 quod
834 5763 1026 5821 multis
1055 5774 1374 5822 sanctorum
1403 5764 1629 5820 statutis
1669 5763 1780 5820 dif-

141 5853 408 5918 ﬁnitum
465 5866 550 5914 est
589 5863 653 5911 ut
687 5855 865 5911 nullus
909 5858 1213 5930 episcopus,
1266 5859 1374 5918 nisi
1423 5858 1478 5915 in
1535 5857 1772 5930 legitima

1893 4635 1987 4706 qui
2006 4633 2126 4690 haec
2151 4634 2376 4704 faciunt,
2392 4634 2795 4702 discordamus,
2818 4632 2914 4689 sed
2941 4649 3052 4689 non
3083 4649 3270 4690 amore
3291 4633 3494 4690 discor-

1891 4728 2019 4796 diae,
2047 4728 2159 4784 imo
2185 4729 2391 4784 timore
2422 4735 2701 4800 perpetua:
2735 4727 3126 4794 damnationis,
3178 4729 3311 4784 certi
3343 4729 3492 4801 quod

1890 4821 2180 4878 anathema
2210 4823 2371 4878 nobis
2417 4831 2560 4879 esset
2601 4821 2718 4878 sine
2760 4821 2893 4890 ﬁne,
2943 4823 2986 4878 si
3040 4823 3096 4877 in
3137 4822 3344 4879 talibus
3389 4839 3492 4879 nos

1889 4917 2228 4988 contingeret
2249 4917 2414 4972 vitam
2445 4917 2633 4973 ﬁuere.

1961 5013 2099 5066 Ecce
2147 5019 2208 5066 ut
2237 5010 2464 5082 jussisti,
2510 5027 2542 5066 ο
2582 5010 2934 5067 dilectissime
2982 5013 3204 5082 praasul,
3262 5010 3395 5082 quid
3433 5011 3491 5065 in

1888 5104 1988 5160 hac
2016 5120 2074 5160 re
2119 5103 2493 5160 mediocritati
2547 5112 2756 5161 nostra:
2804 5105 3072 5169 videatur,
3108 5104 3493 5160 charitatitua:

1889 5199 2192 5270 expositum
2246 5208 2346 5255 est.
2393 5198 2448 5255 Si
2487 5206 2669 5254 autem
2711 5215 2739 5253 a
2787 5197 3233 5270 prudentioribus
3279 5197 3491 5268 potiora

1888 5292 2203 5363 audiemus,
2253 5293 2513 5350 obaudire
2553 5294 2724 5364 parati
2767 5308 2978 5361 sumus,
3026 5309 3088 5348 ea
3131 5299 3321 5347 tamen
3351 5291 3491 5346 inter

1888 5403 1988 5442 nos
2017 5395 2072 5442 et
2099 5403 2192 5442 eos
2239 5389 2333 5460 qui
2385 5403 2414 5442 a
2475 5387 2637 5444 nobis
2681 5387 2893 5444 diversa
2936 5387 3179 5442 sentiunt
3223 5385 3488 5440 vicissitu-

1891 5481 2016 5536 dine
2065 5488 2299 5549 servata,
2335 5489 2397 5536 ut
2429 5497 2540 5536 non
2588 5497 2684 5552 per
2722 5481 2982 5552 ambages
3025 5481 3106 5536 vel
3153 5480 3489 5536 extrinsecus

1889 5574 2129 5630 detortas
2159 5574 2658 5632 virisimilitudines
2688 5590 2774 5629 res
2805 5582 3016 5645 agatur.
3051 5575 3165 5632 Nec
3182 5573 3343 5633 bonae
3364 5575 3486 5646 qui-

1887 5667 2013 5724 dem
2044 5667 2430 5724 testimationis
2470 5679 2574 5734 est,
2618 5668 2688 5723 ibi
2737 5664 3026 5737 exquisitis
3066 5668 3487 5741 circumquaque

1887 5761 2218 5833 argumentis
2240 5761 2421 5829 inniti,
2449 5761 2540 5815 ubi
2569 5760 2638 5815 de
2666 5760 2780 5829 ipsa
2821 5773 2880 5812 re
2907 5764 2994 5810 tot
3037 5761 3299 5829 speciales
3325 5767 3490 5829 atque

1884 5853 2190 5918 dil‘ﬂnitivae
2216 5853 2526 5916 sententiae,
2577 5866 2664 5907 ua:
2690 5847 2838 5904 nulla
2868 5857 3103 5920 possunt
3129 5855 3336 5914 ratione
3353 5866 3494 5910 con-
