4048 6174
546 321 654 375 859

1551 309 1641 363 an
1678 306 1905 363 ornus
1942 306 1999 362 s.
2039 305 2359 377 esseom
2397 306 2834 364 APPENDICES.

3732 310 3837 364 860

549 444 695 511 velli,
748 460 777 499 a
836 442 1031 498 sanctis
1078 437 1330 494 Patribus
1378 431 1742 507 promulgatae
1781 439 1932 501 sunt,
1964 431 2038 488 ita
2084 439 2145 486 ut
2171 435 2219 500 Α
2254 431 2369 488 lum
2397 439 2480 489 est
2510 440 2565 489 et
2590 431 2768 490 modis
2795 431 3058 488 omnibus
3081 431 3405 490 cavendum.
3436 432 3537 490 Illa
3564 440 3751 489 autem
3766 432 3841 490 di-

552 538 763 594 nullum
785 532 1076 590 dubietatis
1100 530 1421 601 scrupulum
1449 526 1790 598 reliquerint.
1817 526 1973 591 Ecce,
1991 526 2141 580 omni

553 628 996 702 tergiversatione
1026 632 1261 691 remota,
1282 637 1458 679 causa}
1486 636 1517 676 a
1546 619 1708 676 nobis
1736 618 1994 691 exposita:
2015 627 2141 674 sunt

551 724 619 780 de
648 723 754 778 hoc
781 720 929 792 quod
959 716 1474 785 excommunicatis,
1512 715 1711 787 quibus
1729 714 1799 768 illi
1831 713 2139 769 communi-

548 824 712 882 cant,
751 830 860 870 non
905 812 1414 878 communicamus;
1465 808 1613 881 quod
1659 806 1976 880 apostolicae
2001 806 2141 862 sedis

550 908 812 982 pontiﬁci,
873 916 926 964 et
971 906 1111 963 beati
1163 906 1307 963 Petri
1360 902 1558 960 vicario
1612 900 1992 957 abrenuntiare
2031 916 2141 956 non

547 1002 969 1075 praesumimus;
998 999 1142 1071 quod
1170 998 1387 1065 eodem,
1424 996 1638 1051 vivente
1665 1003 1719 1051 et
1744 1009 1872 1049 cum
1888 997 2141 1049 Romana

550 1096 789 1153 Ecclesia
830 1093 1172 1150 concorditer
1212 1099 1425 1164 agente,
1468 1090 1637 1145 alium
1686 1088 1755 1144 ad
1776 1087 2025 1143 eamdem
2054 1103 2137 1143 se-

554 1190 677 1247 dem
721 1189 914 1258 eligere
943 1195 1040 1243 aut
1085 1184 1410 1258 eligentibus
1438 1183 1745 1239 consentire
1777 1198 1892 1238 non
1924 1182 2139 1254 acquie-

551 1284 775 1341 scimus.
814 1286 959 1354 Ergo
986 1282 1033 1337 si
1059 1280 1131 1337 illi
1159 1280 1250 1352 qui
1281 1278 1553 1335 contraria
1581 1285 1795 1349 gerunt,
1842 1276 2141 1332 verioribus

550 1384 604 1432 et
623 1374 1153 1448 praepollentioribus
1181 1371 1533 1429 documentis
1551 1386 1615 1426 ea
1644 1370 1807 1426 licere
1837 1371 2143 1443 approbant

546 1486 668 1543 quae
703 1486 806 1526 nos
836 1469 1023 1525 illicita
1069 1483 1188 1524 esse
1237 1466 1751 1532 demonstravimus,
1793 1481 2011 1538 aequum
2059 1477 2141 1523 est

549 1572 613 1620 ut
640 1564 877 1620 rectiora
915 1561 1236 1618 docentibus
1275 1570 1326 1615 et
1355 1558 1609 1615 auditum
1648 1568 2009 1617 etassensum
2053 1577 2139 1617 ac-

548 1656 991 1713 commodemus.

616 1750 721 1807 Sed
752 1750 836 1805 his
866 1765 992 1822 qum
1017 1749 1087 1806 ad
1105 1765 1226 1805 rem
1258 1748 1535 1820 pertinent
1560 1748 1816 1816 omissis,
1847 1748 1975 1803 vitia
1996 1753 2135 1817 [con-

547 1848 704 1916 vicia]
726 1855 779 1903 et
807 1846 1247 1917 vituperationes,
1270 1853 1330 1901 ut
1358 1844 1577 1910 dicitur,
1596 1844 1649 1899 in
1683 1843 1985 1901 Dominum
2013 1861 2140 1916 apo—
2180 1838 2219 1897 ις

547 1941 803 1997 stolieum
840 1940 1133 2007 dictitant;
1164 1938 1295 2011 quid
1333 1938 1437 1995 hoc
1468 1948 1652 1993 nostra
1682 1938 1947 1995 interest?
1992 1939 2045 1994 Si
2074 1939 2140 1995 de

555 2038 665 2091 vita
706 2034 848 2090 illius
878 2034 1079 2105 agitur,
1117 2047 1221 2088 nos
1249 2048 1360 2087 non
1407 2047 1502 2101 pro
1530 2030 1650 2088 vitae
1678 2046 1791 2087 suae
1824 2032 2141 2088 considera-

549 2131 699 2184 tione
730 2126 822 2182 ille
851 2125 1141 2182 obedimus
1168 2166 1184 2192 ,
1211 2125 1307 2181 sed
1350 2141 1448 2196 pro
1486 2124 1796 2180 ministerio
1830 2125 2041 2183 collatae
2083 2126 2140 2182 in

546 2222 701 2276 illum
748 2219 1049 2291 dignitatis.
1096 2221 1237 2273 Nam
1268 2218 1595 2274 meritorum
1643 2233 1867 2273 suorum
1908 2218 2141 2290 qualitas

553 2312 875 2371 sacerdotali
892 2311 1075 2368 officio
1098 2327 1211 2367 non
1238 2310 1575 2383 praejudicat.
1602 2312 1945 2384 QuaprOpter
1973 2329 2141 2384 quan-

548 2406 808 2463 tumlibet
828 2405 1008 2471 docte,
1039 2404 1448 2478 quantumlibet
1461 2403 1751 2460 artiﬁciose
1778 2406 1834 2460 in
1851 2406 2139 2477 reprehen-

549 2503 733 2558 siones
770 2500 917 2556 illius
945 2500 1289 2569 invehantur,
1344 2508 1533 2554 tamen
1570 2499 1815 2555 convicia
1859 2516 1955 2571 pro
1985 2516 2141 2558 accu-

551 2596 761 2651 satione
790 2593 1100 2665 recipienda
1117 2609 1231 2648 non
1254 2601 1402 2648 sunt.
1438 2592 1543 2663 Ipsi
1559 2593 1726 2661 enim,
1760 2602 1821 2648 ut
1844 2594 2136 2665 sapientes,

551 2697 755 2745 norunt
802 2687 973 2759 probe
999 2687 1145 2742 hunc
1183 2703 1308 2742 vere
1344 2685 1636 2742 confusum
1665 2695 1720 2741 et
1741 2696 2138 2758 praeposterum

549 2781 965 2859 ordinemgesse,
997 2781 1043 2835 si
1074 2780 1255 2846 illum,
1309 2795 1472 2851 quem
1508 2781 1628 2836 sine
1681 2782 2030 2837 accusatione
2057 2784 2137 2838 vel

549 2875 883 2932 discussione
908 2873 1439 2945 praedamnaverunt,
1462 2890 1607 2929 nunc
1635 2873 1865 2930 tandem
1893 2882 2017 2946 post
2054 2875 2137 2932 fa-

548 2977 700 3025 ctum
726 2968 996 3039 judicium
1015 2975 1271 3023 accusent
1300 2976 1356 3023 et
1388 2966 1707 3024 discutiant.

520 3074 529 3077 ί
619 3062 725 3119 Sed
755 3062 882 3118 etin
902 3060 1028 3130 hoc,
1055 3069 1117 3117 ut
1132 3060 1406 3125 audimus,
1437 3060 1683 3118 studium
1710 3062 1993 3131 exhibent,
2016 3079 2143 3136 qua-

546 3167 709 3213 tenus
738 3171 803 3211 ex
818 3156 1009 3211 multis
1035 3154 1444 3227 Scripturarum
1476 3155 1894 3212 collectionibus
1920 3158 2035 3213 suis
2059 3174 2141 3214 se-

466 3284 479 3297 κ
547 3250 806 3322 quacibus
844 3248 1139 3305 ostendant
1161 3248 1351 3320 quanti
1404 3248 1447 3304 si
1498 3257 1678 3304 reatus
1717 3249 2014 3322 perjurium
2053 3252 2137 3306 in-

547 3360 784 3413 currere,
816 3352 871 3399 et
896 3358 1103 3399 nomen
1121 3342 1345 3399 Domini
1362 3342 1421 3398 in
1434 3357 1635 3399 vanum
1647 3358 1927 3400 assumere
1940 3347 2135 3410 (Exod.

553 3438 682 3511 xx).
715 3440 783 3493 Et
808 3437 877 3493 de
907 3436 1198 3508 episcopis,
1253 3437 1401 3492 sicut
1433 3437 1594 3508 paulo
1626 3445 1755 3493 ante
1781 3437 2139 3509 praediximus

548 3532 675 3603 quia
700 3530 943 3587 insontes
972 3530 1285 3587 damnando
1310 3530 1408 3586 sibi
1440 3530 1561 3600 plus
1587 3539 1784 3586 nocent
1821 3548 1989 3603 quam
2017 3534 2138 3604 qui-

550 3626 654 3680 bus
675 3640 872 3691 nqcere
896 3624 1144 3693 cupiunt,
1176 3638 1299 3694 qum
1322 3622 1547 3695 quidem
1574 3632 1702 3679 sunt
1730 3626 2002 3683 rationem
2043 3642 2139 3682 ve-

548 3717 724 3772 ritatis
744 3716 998 3773 habentia
1017 3756 1031 3783 ,
1055 3716 1098 3771 si
1130 3716 1350 3787 quando
1389 3732 1489 3772 suo
1518 3718 1600 3772 vel
1629 3718 1752 3773 loco
1780 3719 1863 3775 vel
1889 3728 2140 3791 tempore

545 3808 919 3882 proferuntur,
949 3807 1211 3880 quiddam
1259 3810 1413 3865 enim
1443 3808 1599 3865 aliud
1656 3827 1827 3881 quam
1866 3812 2015 3883 quod
2046 3829 2139 3870 so-

548 3910 707 3968 nant,
742 3916 1033 3973 suggerere
1061 3909 1341 3972 putantur,
1368 3900 1437 3957 ad
1496 3904 1899 3971 percutiendam
1943 3905 2139 3976 simpli-

548 3996 763 4051 ciorum
802 3995 1034 4050 fratrum
1083 3994 1361 4049 inﬁrmam
1396 3994 1808 4063 conscientiam,
1862 4007 2133 4069 quatenus

548 4090 625 4146 eis
652 4089 753 4145 sub
796 4088 977 4160 specie
1008 4087 1227 4159 pietatis
1273 4088 1531 4160 laqueum
1582 4088 1845 4160 injiciant,
1879 4099 1935 4147 et
1980 4093 2133 4163 quasi

548 4199 671 4240 vera
700 4182 931 4239 dicendo
964 4181 1188 4250 fallant;
1219 4180 1532 4255 diligentius
1560 4191 1741 4239 autem
1772 4184 2136 4255 intuentibus,

549 4276 622 4333 ad
676 4285 880 4333 nostrae
906 4276 1336 4333 controversiam
1360 4292 1537 4334 causae
1581 4277 1712 4333 nihil
1752 4280 2026 4349 pertinere
2054 4282 2132 4336 vi-

548 4370 769 4427 dentur.
803 4370 1097 4440 Quomodo
1131 4370 1277 4426 enim
1307 4370 1373 4427 ad
1414 4371 1560 4427 litem
1584 4372 1725 4428 inter
1748 4388 1850 4429 nos
1882 4375 2138 4446 agitatam

548 4466 653 4521 hoc
690 4466 984 4536 pertineat,
1034 4464 1088 4520 in
1117 4481 1226 4537 quo
1274 4481 1499 4536 prorsus
1547 4466 1678 4521 nihil
1736 4467 2136 4535 discordamus,

476 4616 481 4623 ,
548 4559 642 4615 sed
666 4575 728 4615 ex
755 4568 989 4631 utraque
1028 4567 1179 4629 parte
1214 4573 1386 4614 unum
1414 4558 1671 4629 idemque
1701 4558 1973 4615 fatemur?
1995 4565 2135 4617 Nam

2249 525 2390 583 vina:
2416 526 2550 599 legis
2585 533 2851 598 praecepta
2883 525 3095 598 quibus
3128 527 3465 595 innituntur,
3517 527 3645 582 licet
3686 527 3835 583 omni

2250 619 2598 676 veneratione
2626 620 2950 691 dignissima
2970 620 3082 676 sint
3101 662 3114 688 ,
3147 629 3462 676 nontamen
3491 628 3551 676 ut
3576 620 3652 676 illi
3685 621 3833 676 intel-

2247 713 2336 786 ligi
2368 715 2559 770 volunt
2582 714 2943 785 intelligimus
2976 735 2987 769 :
3027 713 3274 770 videlicet
3303 722 3363 770 ut
3385 713 3652 787 quidquid
3682 716 3835 786 quis-

2248 822 2352 881 que
2372 807 2539 878 juret,
2570 806 2942 864 indifferenter
2975 816 3028 863 et
3054 808 3170 864 sine
3193 808 3579 864 retractatione
3622 822 3838 865 servan-

2247 900 2381 958 dum
2412 901 2513 969 sit;
2574 902 2705 973 quin
2736 901 2914 973 potius
2941 901 3066 961 hoc.
3092 899 3238 973 quod
3278 900 3542 972 scriptum
3572 909 3654 957 est
3680 923 3692 958 :
3727 904 3844 958 Non

2242 998 2448 1066 pollues
2488 1012 2677 1051 nomen
2701 998 2801 1053 Dei
2826 998 2912 1051 tui
2940 998 2996 1050 in
3023 1012 3218 1051 vanum
3248 998 3437 1063 (Leuit.
3480 998 3698 1063 xvm);
3727 998 3843 1053 Non

2246 1091 2557 1161 perjurabis
2602 1095 2659 1144 in
2716 1106 2825 1146 meo
2866 1093 3074 1145 nomine
3120 1092 3301 1156 (Leuit.
3362 1094 3508 1158 xxx),
3586 1090 3843 1146 cautione

2248 1186 2448 1253 [caute]
2479 1183 2732 1240 omnibus
2755 1183 3157 1240 observandum
3185 1198 3301 1239 esse
3329 1182 3626 1252 credimus,
3656 1192 3721 1239 ut
3745 1193 3843 1239 aut

2248 1276 2379 1332 nihil
2411 1278 2599 1350 jurent.
2644 1292 2766 1348 quae
2790 1276 3026 1350 juranda
3073 1293 3185 1332 non
3213 1285 3357 1347 sunt,
3407 1286 3461 1333 et
3500 1293 3620 1350 quae
3662 1278 3844 1349 jurata

2247 1372 2451 1428 servari
2481 1386 2583 1427 nec
2611 1370 2811 1428 debent
2838 1386 2939 1427 nec
2968 1380 3215 1442 possunt,
3254 1371 3335 1425 vel
3357 1379 3571 1427 servata
3605 1370 3661 1426 in
3696 1371 3843 1428 aliud

2249 1466 2431 1538 majus
2457 1472 2551 1523 aut
2590 1480 2743 1536 aeque
2784 1481 3049 1537 magnum
3104 1464 3408 1537 periculum
3450 1464 3737 1521 inducunt.
3783 1467 3842 1523 Si

2248 1560 2341 1633 qui
2376 1560 2632 1616 doctores
2677 1557 2923 1615 subditos
2951 1574 3082 1615 suos
3120 1566 3213 1614 aut
3242 1559 3469 1615 omnino
3497 1575 3607 1615 non
3625 1560 3840 1631 jurare,

2250 1665 2343 1711 aut.
2365 1656 2480 1710 aliis
2495 1655 2842 1727 juramentis,
2864 1655 2907 1709 si
2944 1654 3075 1727 quia
3107 1654 3424 1710 necessitate
3438 1653 3597 1721 ﬁunt,
3616 1653 3846 1725 diligen-

2249 1752 2383 1805 tiam
2408 1749 2663 1805 adhibere
2688 1765 2796 1804 non
2823 1748 3044 1817 docent,
3066 1747 3186 1815 sed,
3218 1747 3466 1820 quolibet
3490 1746 3661 1804 modo
3700 1747 3847 1804 ﬁant

2256 1846 2331 1899 vel
2367 1842 2507 1899 facta
2542 1843 2669 1910 siut,
2702 1841 3029 1899 exsolvenda
3063 1841 3391 1914 praedicant;
3424 1841 3546 1898 talis
3592 1840 3847 1898 doctrina

2248 1939 2399 1996 nullo
2428 1952 2670 2010 unquam
2695 1944 2944 2008 tempore
2974 1951 3103 1992 sana
3133 1935 3368 2004 exstitit;
3401 1934 3627 1992 minime
3650 1943 3846 1991 autem

2250 2036 2305 2090 in
2334 2034 2460 2098 isto,
2500 2032 2558 2086 in
2593 2046 2703 2103 quo
2752 2045 2893 2104 pene
2930 2045 3095 2086 omne
3128 2028 3276 2102 quod
3298 2029 3540 2102 loquitur
3578 2028 3844 2102 populus,

2248 2125 2554 2199 conjuratio
2574 2133 2675 2181 est.

2320 2224 2599 2293 Quorsum
2620 2226 2805 2275 autem
2829 2216 2949 2275 haec
2964 2216 3380 2290 medicamenta
3397 2215 3643 2283 tendant,
3670 2217 3849 2273 omis-

2247 2315 2321 2371 sis
2362 2312 2702 2385 ambagibus,
2746 2312 2901 2383 quasi
2953 2311 3021 2369 ad
3058 2312 3241 2367 vivum
3280 2308 3553 2383 tangendo
3585 2309 3847 2367 edissera-

2249 2424 2391 2464 mus.
2427 2410 2548 2463 Hoc
2577 2406 2691 2462 siue
2737 2406 2901 2463 dubio
2939 2405 3054 2462 suis
3081 2403 3570 2461 machinationibus
3611 2404 3850 2461 moliun-

2249 2511 2359 2569 tur,
2385 2501 2454 2557 ad
2479 2500 2583 2557 hoc
2608 2515 2867 2572 sequaces
2912 2515 3041 2564 suos
3065 2501 3363 2572 perducere
3395 2506 3667 2570 satagunt,
3708 2514 3853 2571 qua-

2248 2604 2408 2652 tenus
2430 2593 2582 2668 quod
2621 2609 2908 2651 summum
2937 2593 3089 2650 nefas
3125 2602 3211 2649 est
3242 2590 3328 2649 fas
3365 2607 3481 2649 esse
3512 2593 3849 2687 putent,\ita

2250 2689 2472 2761 quidem
2509 2696 2571 2744 ut
2610 2688 2701 2761 qui
2731 2688 2966 2760 propriis
3006 2694 3322 2759 gravantur,
3370 2685 3554 2742 alienis
3580 2685 3851 2740 commu-

2246 2784 2433 2839 nicare
2457 2798 2567 2839 non
2596 2782 2826 2838 timeant
2855 2780 3107 2854 peccatis,
3131 2777 3594 2836 communicando
3622 2793 3853 2836 excom-

2248 2876 2561 2943 municatis,
2593 2884 2673 2945 ut,
2706 2874 2854 2931 nulla
2883 2873 3147 2931 suadente
3175 2874 3409 2941 ratione,
3435 2872 3529 2928 sed
3557 2888 3657 2945 pro
3687 2869 3851 2927 libitu

2249 2970 2527 3027 saecularis
2592 2968 2867 3041 potentiae,
2922 2968 3067 3023 illius
3119 2967 3408 3041 potestatis
3452 2983 3483 3022 a
3549 2981 3610 3023 se
3641 2966 3851 3038 jugum

2249 3064 2534 3136 projiciant
2560 3064 2616 3119 in
2643 3079 2746 3134 qua
2783 3062 3060 3119 Dominus
3087 3070 3144 3118 et
3169 3061 3424 3119 Salvator
3445 3067 3636 3117 noster
3674 3058 3853 3117 totius

2252 3158 2507 3215 Ecclesiae
2530 3156 2713 3229 posuit
2741 3156 3134 3227 principatum,
3166 3163 3225 3212 ut
3251 3154 3311 3211 in
3340 3153 3529 3210 sedem
3558 3153 3695 3209 adeo
3723 3168 3853 3225 spe.

2178 3254 2221 3315 ('1
2250 3252 2456 3306 cialiter
2484 3251 2837 3306 constitutam
2867 3250 3131 3306 violenter
3151 3247 3480 3305 irruentibus
3510 3262 3849 3305 consensum

2250 3354 2302 3402 et
2321 3344 2583 3401 auxilium
2612 3343 2915 3416 praebeant.

2317 3439 2399 3496 Ad
2431 3436 2833 3511 persuadendas
2878 3445 3066 3494 autem
3109 3437 3243 3492 tales
3292 3434 3666 3508 blasphemias
3714 3437 3848 3508 quia

2248 3532 2623 3591 convenientia
2653 3531 2964 3588 testimonia
3009 3546 3125 3587 non
3174 3530 3479 3598 inveniunt,
3530 3529 3748 3586 ratione
3796 3539 3851 3585 et

2248 3627 2569 3684 auctoritate
2602 3625 2934 3691 deﬁcientes,
2962 3623 3034 3681 ad
3070 3625 3379 3698 iuramenta
3406 3621 3729 3696 confugium
3758 3622 3850 3680 fa-

2247 3722 2419 3787 ciunt,
2449 3720 2628 3793 quasi,
2652 3719 2996 3791 jurationum
3021 3733 3247 3775 suarum
3274 3717 3618 3787 necessitate,
3656 3732 3851 3775 neces-

2248 3815 2391 3870 sario
2431 3813 2520 3869 illa
2551 3803 2913 3885 perpetranda
2959 3812 3073 3868 sint
3113 3827 3239 3885 quae
3283 3809 3636 3885 propheticis,
3677 3827 3852 3869 evan-

2248 3908 2431 3980 gelicis
2468 3916 2523 3961 et
2565 3906 2877 3977 apostolicis
2918 3904 3174 3963 institutis
3225 3914 3413 3978 aperta
3442 3904 3619 3962 fronte
3666 3906 3850 3962 refra-

2248 4009 2459 4075 gantur.
2489 4000 2826 4072 Propheticis
2871 3999 3117 4073 quidem,
3148 3999 3290 4055 sicut
3317 4000 3377 4055 in
3414 3998 3853 4055 Deuteronomio

2248 4095 2610 4168 legislatorcm
2637 4102 2692 4149 et
2715 4092 3043 4165 prophetam
3065 4080 3262 4150 dixisse
3285 4094 3544 4149 novimus
3575 4112 3588 4148 :
3620 4092 3730 4159 Qui
3750 4107 3855 4146 su-

2242 4193 2525 4263 perbiertt,
2566 4192 2747 4247 nolens
2793 4190 3006 4246 obedire
3040 4190 3331 4246 sacerdotis
3375 4191 3588 4261 impen'o
3632 4190 3737 4258 qui
3789 4204 3858 4243 eo

2250 4292 2477 4356 tempore
2504 4287 2779 4340 ministrat
2816 4287 2918 4339 Deo
2945 4288 3054 4347 tuo,
3080 4300 3148 4338 ea:
3189 4285 3395 4340 decreto
3414 4284 3617 4353 judicis
3646 4285 3859 4337 morie-

2248 4385 2336 4434 tur
2353 4380 2505 4434 homo
2530 4380 2639 4441 ille,
2668 4382 2716 4433 et
2730 4380 2943 4445 auferes
2973 4379 3175 4432 malum
3197 4377 3261 4432 de
3288 4377 3459 4432 Israel
3477 4380 3650 4440 (Deut.
3677 4380 3855 4444 xvn);

2248 4472 2550 4541 evangelica
2594 4479 2776 4525 autem
2806 4470 2939 4526 tuba
2983 4471 3192 4527 intonat
3223 4489 3235 4525 :
3288 4474 3405 4528 Non
3440 4475 3517 4527 est
3545 4471 3863 4540 discipulus

2248 4581 2408 4635 super
2434 4567 2749 4633 magistrum
2775 4566 2990 4632 (Matth.
3032 4566 3122 4636 x);
3163 4564 3539 4637 apostolorum
3568 4572 3771 4619 autem
3802 4574 3863 4619 et

549 4652 669 4722 quis
707 4668 854 4709 sana:
896 4653 1093 4708 mentis
1130 4653 1431 4724 perjurium
1469 4667 1633 4722 grave
1690 4661 1972 4724 peccatum
2019 4671 2136 4711 esse
2172 4641 2217 4703 Ῐ)
2248 4659 2673 4730 apostolicorum
2715 4662 2885 4726 (454),
2916 4666 2972 4715 et
3000 4667 3218 4730 quantae
3246 4658 3306 4712 in
3338 4657 3463 4713 illos
3489 4655 3861 4714 animadver-

547 4744 805 4802 dubitet?
833 4746 1117 4811 Similiter,
1149 4746 1296 4817 quod
1328 4745 1399 4802 de
1429 4746 1516 4801 illa
1548 4747 1811 4819 praecipiti
1837 4749 2132 4805 sententia-

548 4853 675 4894 rum
700 4838 1002 4908 prolatione
1033 4838 1623 4907 dicunt,dicimus,sed
1644 4840 1873 4914 adquod
1904 4842 2137 4899 dicendo

2246 4753 2427 4809 siones
2458 4752 2770 4824 procedant,
2797 4752 2886 4823 qui
2914 4760 3108 4808 contra
3137 4750 3322 4808 sedem
3347 4750 3493 4809 beati
3522 4749 3669 4807 Petri
3702 4753 3864 4824 ejus-

2248 4862 2354 4920 que
2394 4862 2732 4903 successores
2779 4860 2837 4901 se
2877 4845 3109 4918 erigant,
3163 4860 3258 4918 per
3308 4845 3524 4919 singula
3571 4844 3867 4913 evolvere,

547 4930 799 4999 tendunt,
828 4948 939 4986 non
964 4934 1361 5004 prosequimur.
1394 4934 1569 4990 Verba
1607 4936 1825 4991 illorum
1869 4936 2015 4993 aliud
2041 4954 2136 4994 so—

546 5032 715 5094 nant,
764 5024 910 5081 aliud
935 5027 1178 5098 sapiunt.
1227 5026 1388 5098 Quod
1417 5035 1606 5083 contra
1650 5029 1988 5087 iuordinatas
2016 5033 2136 5102 epi-

545 5135 837 5191 scoporum
863 5120 1331 5191 promulgationes
1351 5121 1420 5175 ab
1437 5121 1672 5193 antiquis
1706 5122 1952 5178 Patribus
1968 5140 2135 5195 gene-

547 5213 731 5269 raliter
749 5213 1076 5284 disputatur,
1105 5212 1176 5268 ita
1212 5213 1508 5269 laudamus
1554 5222 1617 5269 ut
1636 5214 1965 5283 nullatenus,
1997 5218 2133 5273 sicut

546 5305 777 5362 modum
804 5305 1011 5379 [modo]
1048 5308 1264 5371 nolunt,
1295 5306 1577 5377 speciatim
1629 5308 1861 5381 alicujus
1896 5310 2133 5383 episcopi

545 5401 1105 5457 sententiamtemere
1144 5409 1199 5457 et
1227 5400 1434 5472 absque
1465 5401 1783 5471 probatione
1807 5404 2131 5463 refutemus.

550 5498 686 5550 item
715 5494 783 5551 de
820 5494 1058 5566 perjurio
1098 5495 1157 5551 id
1192 5496 1377 5566 ipsum
1410 5494 1558 5567 quod
1600 5505 1656 5554 et
1684 5496 1786 5566 illi,
1827 5498 1941 5555 imo
1989 5501 2135 5573 quod

547 5603 742 5645 omnes
766 5588 973 5655 dicunt,
1015 5588 1279 5656 dicimus;
1309 5590 1433 5662 quia
1464 5590 1657 5663 ingens
1700 5593 1902 5650 animae
1930 5596 2135 5666 pericu-

2247 4940 2677 5012 snpersedimus;
2726 4939 2848 5011 quia
2901 4939 3094 4995 tritum
3136 4948 3189 4995 et
3224 4938 3498 5011 prolixum
3544 4947 3655 4995 est.
3705 4940 3870 4997 lllud

2248 5044 2433 5091 tamen
2486 5035 2656 5091 sancti
2716 5034 2965 5106 Gregorii
3014 5034 3190 5105 quarti
3231 5037 3398 5104 (455),
3441 5049 3548 5106 quo
3588 5049 3871 5105 expresse

2246 5128 2556 5185 sacerdotes
2599 5126 2714 5183 sedi
2762 5128 3072 5199 apostolica
3101 5128 3449 5183 adversantes
3483 5126 3870 5197 denotamur,

2240 5239 2352 5279 non
2382 5221 2716 5278 reticendum
2766 5230 3021 5293 putamus
3072 5240 3084 5277 :
3142 5224 3246 5290 Sit,
3278 5221 3472 5293 inquit,
3531 5224 3709 5276 ruina:
3744 5240 3874 5279 sua

2245 5318 2424 5373 dolore
2445 5320 2772 5387 prostratus,
2804 5318 3103 5386 quicunque
3141 5318 3447 5386 apostolicis
3468 5317 3704 5371 uoluerit
3728 5333 3876 5372 cono

2248 5412 2421 5466 t-rai-re
2461 5410 2680 5465 decretis
2727 5426 2821 5465 nec
2852 5412 3019 5466 locum
3047 5411 3315 5481 deinceps,
3364 5412 3509 5465 inter
3546 5411 3878 5468 sacerdota

2245 5505 2469 5571 habeat;
2510 5504 2603 5558 sed
2632 5506 2863 5559 emtorris
2893 5522 2929 5559 α
2956 5510 3139 5560 sancto
3164 5508 3264 5574 ﬁat
3302 5505 3623 5560 ministerio.

2319 5600 2388 5653 Et
2433 5606 2555 5669 post
2586 5613 2755 5669 pauca
2799 5618 2810 5654 :
2843 5600 2980 5667 Quia
3026 5600 3251 5670 majoris
3279 5599 3879 5656 ewcmnmunicationis

619 5804 769 5886 (c511)
792 5799 1139 5886 Yidetur_hi_c
1168 5802 1375 5886 aliquid
1400 5803 1612 5886 deesse.

617 5876 768 5939 (455)
794 5876 960 5947 Greg.
994 5876 1059 5931 IV
1094 5874 1151 5930 in
1195 5874 1356 5946 epist.
1389 5874 1457 5931 ad
1498 5876 1736 5942 univers,
1774 5876 1960 5947 episc.,
1978 5886 2127 5937 tom.
2156 5883 2235 5939 III
2265 5881 2500 5952 Concil.,
2530 5880 2627 5938 fol.
2662 5887 2786 5939 539.
