4024 6170
250 310 351 379 sol

1161 328 1447 383 APPEND.
1488 329 1576 384 III.
1618 358 1687 371 —
1723 329 2140 386 MONUMENTA
2180 328 2641 385 GREGORIANA.

3444 338 3548 391 862

251 450 547 518 dejectimte
594 455 670 506 est
700 451 995 519 exigendus
1042 454 1130 505 cui
1169 457 1370 507 sancta
1424 456 1669 510 Ecclesia:
1702 472 1841 511 com-
1956 454 2146 511 tranda
2172 453 2379 525 ﬂagitia
2415 461 2643 509 cruento
2668 454 2975 512 ministerio
3006 463 3258 525 utuntur,
3294 457 3550 519 homines

254 546 419 598 missa
439 545 609 610 fuerit
642 544 950 613 disciplina,
987 548 1084 614 qui
1104 561 1213 601 non
1240 548 1411 601 solum
1434 550 1688 617 praefata:
1719 565 1845 604 san-

254 642 356 691 cta:
394 638 637 693 Ecclesia
678 638 1017 707 jussionibus
1061 655 1263 709 pare-re
1293 642 1499 709 debuit,
1549 644 1642 697 sed
1683 647 1847 699 etiam

253 732 387 785 aliis
424 747 487 785 ne
509 734 852 801 prater-irent
891 735 1180 789 insinuare.
1228 735 1610 792 Communiter
1661 744 1843 793 autem

254 824 519 880 omnibus
550 824 858 880 timendum
887 834 970 881 est
996 827 1145 898 quod
1175 827 1287 898 ipse
1322 829 1528 899 primus
1564 831 1845 902 apostolo—

255 934 385 974 rum
412 917 481 973 de
511 918 690 989 primo
724 934 822 973 suo
843 934 1159 975 successore
1185 922 1427 993 loquitur
1458 942 1470 977 :
1498 926 1559 981 Si
1584 928 1725 993 quis,
1747 925 1844 992 ait,

254 1028 399 1067 nunc
421 1014 843 1067 constristaverz’t
864 1012 1158 1081 Christum,
1182 1017 1277 1085 qui
1290 1018 1339 1070 ei
1358 1018 1671 1073 cathedram
1688 1021 1849 1073 credi-

255 1107 361 1173 dit,
398 1121 504 1161 non
544 1108 796 1176 recipiet;
828 1112 877 1161 et
905 1108 1024 1163 ideo
1066 1125 1157 1163 nec
1186 1112 1300 1179 ipse
1339 1112 1628 1181 recipietu-r
1678 1115 1733 1165 in
1762 1130 1847 1167 rc-

258 1216 428 1267 gnum
454 1202 720 1255 caelorum.
758 1200 957 1256 Dicant
985 1217 1115 1273 ergo
1154 1202 1246 1274 qui
1278 1203 1438 1259 verba
1481 1204 1613 1275 legis
1639 1205 1708 1261 ad
1751 1206 1845 1262 de—

256 1292 579 1349 struendam
608 1294 785 1365 legem
809 1304 1121 1362 assumunt,
1161 1297 1205 1350 si
1240 1306 1461 1368 propter
1488 1299 1669 1369 aliqua
1694 1300 1845 1371 jura-

255 1394 449 1442 menta
479 1386 537 1441 in
575 1386 691 1442 illas
720 1389 1196 1459 pravaricationes
1236 1390 1594 1447 recidendum
1634 1393 1703 1448 sit
1728 1410 1849 1465 qua

255 1480 309 1535 in
336 1480 520 1536 Veteri
542 1482 892 1537 Testamento
918 1489 1099 1538 morte
1120 1483 1471 1553 mulctantur,
1503 1485 1561 1540 in
1581 1488 1736 1542 Novo
1758 1503 1849 1544 au-

263 1582 382 1630 tem
405 1615 420 1642 ,
460 1574 603 1631 sicut
631 1574 946 1646 Discipulus
982 1577 1231 1632 veritatis
1260 1578 1451 1645 docet,
1494 1596 1523 1634 a
1553 1580 1773 1637 Christo
1802 1592 1857 1638 et

266 1685 294 1723 a
330 1683 501 1740 regno
548 1669 818 1724 calorum
852 1677 1124 1741 separant.
1163 1672 1489 1744 Quicunque
1531 1673 1585 1729 in
1624 1675 1745 1730 istis
1793 1692 1850 1731 se

264 1770 706 1833 transgressuros
724 1762 1083 1835 jurejurando
1106 1766 1537 1835 spoponderunt,
1562 1783 1709 1823 nunc
1728 1785 1848 1825 sero

1954 548 2181 621 quidem
2210 548 2519 604 litterarum
2538 557 2804 619 expertes,
2824 548 3057 621 ideoque
3075 550 3146 605 ad
3167 551 3545 608 seductionem

1955 658 2113 699 suam
2138 641 2368 708 creduli,
2402 642 2475 697 ita
2501 642 2657 697 novis
2686 642 2793 698 illis
2818 642 2887 700 de
2917 644 3161 700 cavendo
3182 646 3423 717 perjurio
3444 645 3541 702 do.

1954 737 2227 809 gmatibus
2259 735 2440 791 infecti
2484 744 2633 801 sunt,
2671 744 2733 792 ut
2760 736 2926 793 levius
2958 746 3119 809 atque
3157 739 3420 795 venialius
3442 755 3544 809 pu-

1956 838 2073 887 tent
2132 829 2505 900 quorumlibet
2564 830 2835 886 scelerum
2905 847 3223 887 mensuram
3282 833 3539 904 implere,

1957 940 2121 997 quam
2163 925 2343 980 stultae
2390 939 2453 979 ac
2502 924 2949 992 pravaricatoria
2999 926 3379 996 promissionis
3430 941 3547 982 sua

1957 1027 2081 1075 vota
2124 1018 2451 1089 infringere;
2501 1033 2615 1073 non
2655 1017 2997 1073 attendentes
3035 1016 3183 1089 quod
3222 1027 3277 1073 et
3312 1018 3401 1073 illa
3442 1017 3538 1088 ju-

1956 1122 2207 1167 ramenta
2247 1128 2370 1184 qua
2399 1128 2464 1166 ex
2508 1126 2661 1167 more
2702 1110 2845 1166 ﬁunt
2886 1119 2938 1166 et
2976 1111 3213 1183 legitima
3260 1111 3534 1179 dicuntur,

1956 1205 2249 1273 interdum,
2278 1212 2499 1277 propter
2519 1204 2694 1261 varios
2715 1220 2901 1260 rerum
2925 1204 3369 1261 intercidentium
3394 1222 3546 1262 even-

1958 1308 2065 1369 tus,
2088 1299 2353 1371 gravioris
2378 1307 2563 1355 reatus
2588 1298 2787 1354 timore
2800 1297 3221 1365 rescinduntur;
3244 1298 3386 1355 sicut
3404 1314 3549 1369 sape

1958 1393 2157 1449 milites
2187 1409 2216 1448 a
2235 1392 2345 1448 suis
2373 1407 2518 1463 sape
2547 1392 2782 1459 famulis,
2814 1392 2925 1447 sive
2953 1392 3272 1447 satellitium
3301 1391 3407 1447 sibi
3432 1407 3550 1462 pro-

1956 1486 2139 1555 fessis,
2194 1486 2503 1557 juramenta
2552 1501 2707 1540 more
2771 1484 2975 1541 usitato
3037 1486 3258 1557 exigunt
3311 1494 3366 1541 et
3413 1485 3552 1541 acci-

1959 1581 2131 1651 piunt.
2165 1579 2265 1649 Qui
2304 1579 2348 1635 si
2378 1594 2530 1634 versa
2573 1578 2687 1634 vice
2730 1578 3093 1649 promissores
3121 1576 3246 1633 ﬁdei
3286 1578 3357 1635 ad
3400 1594 3551 1635 exer-

1959 1674 2125 1730 cenda
2148 1672 2435 1729 latrocinia
2470 1671 2779 1737 invitantur,
2815 1672 2895 1726 vel
2933 1671 3000 1727 ad
3030 1671 3371 1727 tractandam
3397 1672 3549 1742 prin-

1958 1768 2092 1838 cipis
2140 1775 2233 1823 aut
2260 1766 2501 1821 virorum
2554 1765 3043 1821 ecclesiasticarum
3088 1779 3309 1833 necem,
3355 1781 3451 1820 seu
3480 1766 3548 1821 ad

258 1855 329 1911 de
370 1856 677 1927 juramenti
729 1858 937 1913 cautela
983 1858 1285 1927 provident.
1348 1860 1662 1916 (lertissime
1704 1864 1847 1918 enim
1885 1851 1931 1912 Β
1961 1859 2326 1933 infringendas
2355 1876 2419 1915 ac
2452 1858 2764 1931 spoliandas
2793 1857 3064 1926 ecclesias,
3096 1874 3196 1913 seu
3224 1857 3294 1914 ad
3332 1867 3552 1929 raptum

259 1957 479 2004 constat
518 1949 641 2021 quia
677 1950 790 2018 ipsa
828 1949 959 2006 hora
1001 1968 1104 2022 qua
1136 1952 1398 2023 jurabaut
1424 1954 1570 2025 quod
1610 1972 1725 2011 non
1764 1958 1850 2028 ju-

255 2042 499 2099 randum
524 2058 639 2099 esse
665 2044 1013 2113 ignorabant,
1047 2045 1359 2116 polluerunt
1382 2063 1587 2104 nomen
1609 2051 1709 2105 Dei
1745 2052 1849 2117 sui,

258 2146 310 2192 et
334 2146 750 2209 assumpserunt
768 2154 973 2195 nomen
1000 2140 1103 2195 Dei
1121 2140 1203 2197 sui
1220 2140 1270 2195 in
1289 2157 1487 2196 vanum
1507 2141 1703 2213 (Brod.
1722 2148 1847 2213 xx).

330 2231 503 2303 Igitur
531 2246 656 2286 cum
685 2232 941 2302 apostolis
968 2249 997 2288 a
1023 2233 1265 2289 Domino
1288 2233 1500 2291 dictum
1530 2238 1599 2291 sit
1631 2254 1645 2291 :
1677 2240 1853 2295 Nolite

257 2328 475 2379 omnino
494 2327 684 2395 jurare
724 2328 934 2391 (Matth.
977 2330 1052 2393 v),
1100 2344 1284 2384 nonne
1314 2338 1505 2384 contra
1548 2332 1850 2387 Dominum

260 2418 360 2473 fuit
402 2426 465 2472 ut
494 2418 757 2489 episcopi,
789 2419 1167 2490 apostolorum
1197 2420 1368 2476 vicem
1401 2431 1664 2491 tenentes,
1696 2425 1852 2481 illum

257 2512 579 2583 episcOpum
618 2512 711 2583 qui
750 2513 1013 2584 principis
1038 2514 1417 2583 apostolorum
1453 2517 1627 2572 vicem
1671 2526 1850 2585 tenet,

258 2606 577 2677 abjurarent
622 2613 676 2661 et
707 2608 1152 2677 proscriberent?
1191 2608 1399 2665 Audire
1447 2626 1576 2682 ergo
1625 2613 1852 2668 velimus

262 2715 290 2755 e
331 2698 549 2754 duobus
594 2701 897 2767 contrariis,
942 2717 1181 2773 quorum
1226 2702 1551 2759 alterutrum
1584 2704 1853 2761 inﬁrmari

264 2809 487 2849 necesse
513 2792 603 2861 sit,
631 2802 818 2849 utrum
840 2803 1024 2850 tamen
1059 2795 1312 2851 Ecclesia
1338 2798 1513 2869 magis
1541 2797 1851 2868 eligendum

262 2888 331 2942 sit
372 2906 383 2941 :
419 2903 489 2942 an
538 2886 683 2960 quod
734 2888 1032 2959 propheta,
1064 2888 1214 2960 quod
1264 2890 1517 2961 apostoli,
1568 2892 1715 2961 quod
1741 2892 1853 2963 ipse

261 2981 496 3051 denique
522 2981 909 3053 prophetarum
932 2991 986 3037 et
1008 2984 1384 3053 apostolorum
1411 2984 1670 3057 magister
1700 2986 1852 3043 insti—

263 3076 397 3144 tuit;
425 3091 522 3132 seu
541 3075 691 3147 quod
707 3084 898 3132 contra
922 3075 1041 3132 hac
1064 3077 1251 3133 omnia
1273 3077 1524 3134 moderni
1549 3079 1851 3151 pontiﬁces,

262 3171 373 3225 imo
424 3186 491 3225 ex
545 3168 897 3240 pontiﬁcibus
942 3171 1165 3241 palatini
1207 3172 1589 3244 conjuratores
1636 3173 1851 3239 effecti,

264 3264 481 3319 noviter
511 3263 923 3319 conﬂaverunt?
959 3264 1089 3333 Sed,
1130 3274 1191 3321 ut
1218 3264 1285 3321 de
1313 3266 1727 3323 sublimioribus
1753 3272 1853 3324 Ec-

263 3359 449 3413 clesiae
477 3356 829 3413 documentis
858 3366 1157 3427 taceamus,
1191 3369 1375 3416 utrum
1408 3361 1584 3433 major
1611 3377 1858 3417 reveren-

264 3451 335 3508 tia
375 3451 607 3507 debetur
654 3451 757 3507 illis
790 3457 893 3507 318
924 3453 1014 3523 qui
1065 3452 1120 3507 in
1148 3453 1282 3508 urbe
1310 3455 1496 3510 Nicaa
1546 3455 1599 3510 in
1627 3457 1854 3513 nomine

266 3546 493 3601 Domini
524 3546 833 3617 congregati
877 3555 1025 3612 sunt,
1066 3563 1137 3601 an
1167 3546 1286 3603 istis
1331 3549 1425 3618 qui
1469 3550 1611 3620 (456)
1646 3558 1858 3620 prater-

265 3640 407 3694 erito
440 3654 582 3694 anno
608 3639 844 3694 Brixina
872 3648 1248 3695 convenerunt
1272 3640 1529 3697 adversus
1554 3642 1858 3700 Dominum

266 3742 321 3788 et
371 3731 639 3789 adversus
681 3733 957 3789 Christum
1005 3734 1157 3805 ejus?
1186 3736 1349 3800 (Psal.
1396 3737 1485 3804 II.)
1536 3738 1680 3792 Nam
1710 3738 1858 3809 quod

269 3827 341 3882 illi
378 3827 583 3898 Spiritu
636 3836 847 3894 sancto,
880 3835 940 3882 ut
987 3827 1325 3884 credendum
1374 3837 1474 3898 est,
1527 3829 1771 3887 dictante
1800 3832 1857 3887 in

270 3930 460 3975 sancta
499 3920 587 3975 illa
635 3928 690 3976 et
724 3921 1163 3977 nominatissima
1209 3922 1423 3994 synodo
1465 3924 1858 3993 condiderunt,

264 4014 374 4069 hoc
420 4013 520 4085 ipsi
569 4014 771 4083 absque
796 4014 1041 4086 synodali
1067 4024 1337 4071 conventu
1368 4018 1420 4071 in
1467 4018 1636 4074 curia
1684 4020 1861 4077 tribu-

264 4108 489 4164 nalibus
550 4107 953 4179 abjuraverunt.
1016 4108 1303 4181 Siquidem
1364 4111 1571 4166 Nicani
1627 4128 1863 4169 canones

264 4202 668 4259 communione
723 4205 959 4273 privatos
1006 4204 1319 4259 nullatenus
1370 4204 1574 4277 absque
1615 4205 1861 4276 legitima

262 4296 684 4354 examinatione
710 4296 1047 4367 recipiendos
1066 4295 1295 4362 docent;
1330 4298 1419 4353 isti
1452 4307 1637 4354 autem
1669 4316 1700 4354 a
1731 4316 1861 4356 san-

262 4400 351 4447 cta
383 4399 438 4446 et
468 4390 762 4461 apostolica
816 4390 944 4446 sede
982 4391 1492 4447 excomlnunicatos
1532 4409 1645 4449 non
1676 4394 1859 4450 solum

266 4486 397 4541 sine
428 4484 766 4541 discussione
794 4493 1133 4556 receperunt,
1181 4501 1368 4541 verum
1409 4496 1483 4555 et,
1515 4487 1587 4544 ad
1620 4488 1860 4560 ignomi-

1960 1964 2297 2010 sacratarum
2345 1958 2462 2010 Deo
2492 1952 2795 2025 virginum;
2827 1951 3073 2024 nunquid
3110 1967 3225 2007 non
3262 1951 3381 2025 jam
3411 1953 3549 2009 stul—

1963 2057 2082 2104 tum
2107 2057 2249 2105 esset
2272 2063 2368 2104 eos
2404 2048 2497 2118 qui
2542 2047 2843 2102 invitantur
2877 2046 2944 2101 ad
2974 2053 3335 2117 utrorumque
3365 2044 3551 2117 perni-

1962 2143 2101 2197 ciem
2127 2142 2421 2213 expetitam
2442 2156 2601 2212 opem
2635 2142 2796 2206 ferre,
2832 2146 2906 2205 et,
2936 2137 3041 2194 sub
3068 2138 3294 2193 nomine
3322 2138 3550 2194 ﬁdelita-

1962 2238 2053 2303 tis,
2078 2235 2318 2306 perﬁdia
2338 2242 2392 2290 et
2419 2232 2756 2289 crudelitatis
2786 2248 2951 2304 opera
2975 2232 3240 2303 implere?
3269 2232 3358 2287 Sic
3387 2232 3553 2288 etiam

1963 2329 2258 2402 episcopis,
2303 2327 2563 2395 ducibus,
2619 2326 2845 2399 aliisque
2876 2327 2931 2381 in
2982 2324 3315 2382 sublimitate
3366 2326 3554 2397 positis

1963 2424 2031 2479 ab
2076 2422 2311 2477 Ecclesia
2356 2422 2436 2477 vel
2486 2421 2604 2476 ﬁsci
2653 2418 2967 2475 hominibus
3008 2428 3350 2476 sacramenta
3396 2420 3541 2475 exhi-

1962 2517 2078 2573 beri
2117 2516 2312 2571 solent.
2362 2515 2468 2583 Qui
2511 2516 2554 2570 si
2588 2514 2741 2586 juxta
2790 2515 2970 2585 legum
3008 2513 3451 2583 constitutiones,
3496 2523 3555 2569 ut

1962 2609 2260 2680 aliquando
2310 2608 2403 2677 ﬁt,
2455 2624 2486 2663 a
2525 2608 2637 2664 suis
2679 2607 2978 2663 honoribus
3024 2606 3421 2675 destituuntur,
3461 2608 3552 2681 ju-

1964 2711 2177 2757 ratores
2216 2701 2321 2768 sui,
2350 2717 2475 2755 cum
2512 2700 2649 2756 alios
2669 2700 2972 2755 sortiuntur
2994 2699 3272 2768 dominos,
3304 2701 3373 2755 ab
3402 2709 3554 2757 ante-

1963 2796 2168 2851 riorum
2197 2794 2375 2865 iurata
2403 2793 2513 2848 ﬁde
2545 2802 2596 2849 et
2620 2793 3033 2863 subiectionese
3056 2792 3406 2849 subtrahunt.
3436 2795 3552 2861 Isti,

1964 2888 2409 2961 quandoquidem
2434 2904 2543 2943 non
2576 2886 2897 2953 voluntarie,
2928 2886 3022 2942 sed
3051 2886 3315 2956 compulsi
3339 2887 3554 2957 jurato-

1966 2984 2105 3040 riam
2136 2981 2558 3055 promissionem
2602 2980 2811 3036 irritam
2850 2978 3075 3047 faciunt,
3110 2978 3243 3051 quid
3269 2979 3474 3035 mirum
3513 2983 3555 3037 si

1965 3079 2032 3134 ab
2064 3076 2333 3149 aliquibus
2360 3074 2560 3147 ligandi
2600 3083 2765 3146 atque
2796 3072 3039 3129 solvendi
3065 3080 3335 3144 potestate
3361 3075 3555 3146 pradi-

1965 3174 2037 3229 tis
2088 3172 2232 3227 illius
2267 3170 2442 3242 culpa
2478 3168 2867 3240 indulgentiam
2912 3175 3341 3239 consequantur,
3391 3184 3557 3240 quam

1964 3284 2031 3323 ex
2055 3266 2329 3336 inopinata
2364 3264 2686 3319 necessitate
2707 3263 2881 3334 magis
2919 3277 3087 3334 quam
3115 3262 3259 3317 mala
3280 3261 3559 3319 voluntate

1966 3360 2314 3417 inciderunt?
2340 3357 2443 3414 Sed
2470 3358 2591 3413 novi
2617 3355 2969 3427 dogmatista
2989 3397 3003 3423 ,
3036 3356 3195 3425 longe
3224 3355 3379 3412 aliter
3408 3355 3559 3427 judi-

1968 3462 2175 3521 cantes,
2214 3452 2406 3507 talium
2437 3450 2846 3506 absolutionum
2877 3450 3185 3519 ministros,
3214 3449 3563 3507 subversores

1970 3557 2129 3619 atque
2174 3545 2539 3618 perjuriorum
2576 3560 2923 3616 persuasores
2964 3544 3283 3611 nominant,
3318 3543 3559 3615 ideoque

1969 3658 2063 3698 eos
2076 3657 2242 3713 super
2269 3640 2585 3696 cathedram
2614 3639 2783 3709 Moysi
2795 3640 2914 3711 jam
2936 3654 3045 3693 non
3065 3638 3253 3694 sedere
3274 3646 3556 3706 astruunt;

1968 3736 2089 3807 quia
2122 3738 2335 3803 Moyses
2354 3733 2489 3789 dixit
2519 3752 2531 3787 :
2566 3736 2681 3789 Non
2703 3733 3013 3802 peijurabts
3044 3734 3185 3797 (Leu.
3218 3735 3372 3799 XIX).
3398 3732 3561 3803 Quod

1970 3832 2011 3886 si
2042 3829 2160 3885 hac
2194 3829 2388 3884 littera
2422 3834 2657 3883 vetustas
2686 3826 2893 3898 absque
2934 3841 3075 3882 nova
3102 3824 3324 3897 spiritus
3353 3825 3562 3882 discre-

1970 3924 2121 3981 tione
2147 3922 2559 3980 immutabiliter
2588 3919 2820 3976 tenenda
2850 3927 2953 3987 est,
2981 3928 3212 3991 possunt
3238 3918 3461 3990 quidem
3487 3919 3568 3975 di-

1970 4035 2092 4076 cere
2125 4026 2178 4074 et
2206 4017 2386 4089 ipsum
2417 4019 2648 4087 Moysen
2688 4014 2861 4086 Moysi
2905 4013 3163 4070 cathedra
3196 4012 3561 4069 descendisse.

1970 4118 2087 4185 Ipse
2128 4114 2271 4168 enim
2303 4114 2397 4184 qui
2448 4110 2579 4165 dicit
2612 4127 2624 4164 :
2658 4113 2773 4168 Non
2814 4110 3156 4180 perjurabt’s,
3186 4107 3328 4164 dixit
3355 4108 3561 4163 etiam:

1970 4212 2085 4265 Non
2125 4208 2322 4261 occides
2362 4205 2557 4271 (Exod.
2594 4208 2724 4271 xx);
2770 4211 2824 4259 ct
2854 4211 3046 4258 tamen
3096 4210 3220 4273 post
3251 4200 3566 4273 frequenter

1972 4300 2153 4355 intulit
2186 4319 2197 4354 :
2235 4302 2337 4365 Qui
2356 4301 2448 4352 hoc
2478 4300 2558 4352 vel
2586 4297 2721 4350 illud
2750 4300 2955 4363 fecerit,
2987 4296 3279 4351 occidatur.
3508 4282 3509 4291 ‘

2044 4396 2272 4463 Propter
2295 4408 2429 4463 quas
2458 4390 2851 4447 sententiarum
2876 4390 3184 4456 varietates,
3215 4404 3395 4460 neque
3424 4404 3563 4461 pra-

1969 4488 2239 4544 dictorum
2278 4487 2565 4558 culparum
2595 4484 2913 4540 remissores
2968 4483 3166 4554 Moysi,
3207 4498 3309 4538 nec
3351 4484 3569 4553 Moyses

266 4580 431 4634 niam
458 4588 514 4633 et
541 4578 923 4634 confusionem
950 4579 1123 4634 totius
1172 4580 1559 4638 ecclesiastica
1604 4582 1865 4654 regionis,
1892 4586 1942 4646 Ι)
1980 4584 2093 4653 ipse
2122 4581 2223 4637 sibi
2254 4581 2564 4639 contrarius
2594 4586 2704 4645 est;
2739 4577 2833 4632 sed
2861 4575 3255 4648 dispensatoria
3284 4590 3568 4631 sacrarum

267 4689 337 4729 ex
375 4672 509 4745 ipsis
535 4671 1007 4727 anathematizatis
1037 4673 1395 4743 apostolicum
1426 4676 1524 4730 sibi
1554 4676 1863 4748 elegerunt,

269 4766 379 4835 vel,
428 4774 489 4820 ut
531 4766 712 4821 verius
755 4765 1042 4833 fateamur,
1093 4769 1442 4836 apostolicum
1492 4768 1647 4823 illum
1684 4770 1865 4824 nomi-

268 4870 470 4917 nantes
487 4868 751 4931 apostata
766 4860 959 4931 angelo
978 4859 1486 4932 conﬁguraverunt;
1509 4878 1674 4933 quem
1698 4865 1866 4919 etiam

267 4954 459 5009 eidem
493 4952 626 5019 sedi,
654 4969 681 5006 a
717 4970 823 5025 qua
850 4952 1140 5009 damnatus
1183 4962 1283 5020 est,
1326 4970 1451 5010 esse
1500 4956 1867 5026 imposituros

259 5047 632 5120 jurejurando
660 5046 875 5118 polliciti
909 5056 1070 5115 sunt;
1098 5056 1151 5102 et
1183 5064 1331 5103 nunc
1354 5048 1603 5120 quidem,
1633 5059 1691 5105 ut
1719 5050 1867 5121 quod

270 5142 460 5213 inique
510 5142 906 5212 promiserunt,
956 5140 1244 5197 crudeliter
1270 5141 1626 5214 adimpleant,
1668 5144 1723 5198 in
1772 5160 1867 5201 ore

270 5234 462 5308 gladii,
509 5235 565 5290 in
603 5235 882 5307 sanguinis
922 5232 1187 5291 effusione
1212 5252 1325 5292 non
1348 5236 1585 5303 modica,
1618 5238 1670 5292 in
1685 5233 1867 5296 sacri-

273 5330 397 5401 lega
433 5330 705 5385 bonorum
741 5329 884 5384 beati
915 5330 1061 5386 Petri
1090 5330 1393 5385 vastatione
1423 5340 1757 5403 grassantur.

350 5423 458 5479 Sed
486 5440 586 5479 nec
622 5424 773 5496 regni
805 5422 1305 5494 proﬁigationibus,
1337 5441 1440 5480 nec
1486 5426 1869 5482 eccclesiarum

273 5517 745 5574 destructionibus
790 5516 1054 5589 parcitur,
1114 5516 1253 5573 dum
1306 5518 1524 5575 illorum
1567 5520 1872 5592 conjuratio

275 5610 476 5668 effectu
511 5628 621 5668 non
651 5620 850 5668 careat.
886 5611 967 5665 llli
992 5626 1119 5668 vero
1152 5628 1385 5684 quorum
1429 5612 1499 5669 ad
1537 5614 1653 5671 hac
1681 5630 1875 5686 perpe-

1976 4676 2382 4732 institutionum
2413 4673 2606 4738 edicta,
2647 4672 2714 4725 ad
2752 4670 2900 4727 aliud
2924 4678 2979 4725 et
3005 4668 3155 4725 aliud
3188 4668 3383 4733 relata,
3415 4678 3569 4726 utro-

1954 4758 2137 4841 bique
2186 4778 2371 4823 tamen
2402 4766 2615 4821 veritati
2668 4774 2722 4821 et
2753 4763 2983 4835 justitia
3018 4780 3263 4819 consona
3310 4773 3572 4831 sunt,at

1978 4878 2265 4917 causarum
2317 4860 2494 4916 ordini
2525 4874 2786 4931 congrua.
2832 4861 2975 4914 Ecce
3034 4858 3309 4929 legislator
3352 4866 3572 4931 propter

1977 4956 2082 5011 hoc
2107 4955 2335 5025 legalem
2374 4954 2703 5009 sententiam
2734 4953 3008 5019 immutat,
3059 4963 3117 5007 ut
3148 4969 3178 5008 a
3224 4953 3356 5024 legis
3386 4961 3570 5009 trans-

1977 5050 2254 5123 gressione
2317 5056 2583 5105 coerceat.
2640 5050 2681 5102 E
2734 5048 3009 5103 contrario
3057 5047 3183 5102 novi
3234 5046 3573 5119 legislatores

1976 5154 2199 5217 propter
2225 5144 2328 5199 hoc
2357 5144 2539 5215 legum
2571 5152 3009 5215 transgressores
3033 5142 3159 5198 facti
3185 5149 3335 5208 sunt,
3360 5150 3420 5197 ut
3441 5157 3573 5197 con-

1970 5238 2257 5311 jurationis
2283 5253 2396 5295 sua
2423 5238 2688 5294 sententia
2709 5254 2822 5293 non
2849 5238 3191 5293 immutetur.
3215 5236 3355 5291 Sunt
3386 5243 3572 5292 autem

1979 5349 2045 5390 ex
2092 5334 2220 5405 ipsis
2248 5333 2517 5405 episcopis
2558 5333 2648 5405 qui
2679 5349 2791 5389 non
2837 5349 2893 5387 se
2931 5350 3059 5389 cum
3100 5331 3218 5387 aliis
3253 5331 3575 5403 juramento

1980 5426 2249 5497 obligatos
2275 5426 2539 5493 fatentur,
2571 5435 2627 5482 et
2665 5435 2849 5483 tamen
2877 5428 2933 5481 in
2964 5425 3217 5481 eamdem
3249 5425 3573 5481 sententiam

1982 5527 2168 5575 votum
2237 5521 2442 5577 vovisse
2510 5536 2623 5576 non
2685 5528 2923 5591 negant;
2992 5520 3079 5575 cui
3144 5518 3368 5576 illorum
3435 5519 3577 5574 facto

1983 5630 2092 5670 non
2122 5614 2270 5670 aliud
2293 5630 2457 5687 quam
2493 5613 2908 5687 conspirationis
2936 5614 3157 5686 culpam
3191 5616 3345 5688 parvi
3374 5614 3581 5672 faciunt

355 5833 503 5896 (456)
542 5827 755 5896 Scripta
800 5836 889 5902 _e_st
921 5842 1050 5902 ergo
1093 5826 1211 5902 hac
1245 5831 1475 5902 epistola
1508 5847 1537 5886 a
1575 5831 1633 5885 S.
1662 5828 1963 5887 Gebhardo
1990 5847 2137 5888 anno
2185 5834 2345 5897 1081,
2377 5830 2497 5899 quia
2542 5821 2996 5899 pseudosynodus
3020 5827 3380 5894 \Brixinensis
3406 5825 3589 5883 habita

276 5909 364 5958 est
384 5916 528 5956 anno
566 5904 733 5963 1080;
766 5897 883 5953 vide
910 5897 1133 5964 Baron.,
1158 5897 1263 5957 hoc
1279 5897 1444 5973 anno,
1476 5911 1617 5959 tom.
1653 5903 1757 5957 XI.
