4048 6174
510 332 612 386 863

1511 319 1601 377 AD
1637 321 1866 378 orans
1905 320 1963 378 s.
2001 318 2321 376 caecos"
2356 317 2792 375 APPENDICES.
3117 289 3120 292 ”
3692 319 3786 374 su

509 457 764 512 novimus
794 454 954 524 (457).
989 451 1044 506 Si
1073 449 1166 520 qui
1195 455 1378 503 autem
1419 443 1836 518 conspirationis
1873 447 2093 518 culpam
2124 453 2175 514 Α
2205 447 2500 513 interimat,
2543 459 2717 498 nonne
2753 443 2970 498 solvisse
2996 445 3183 497 contra
3216 443 3463 511 ofﬁcium
3509 443 3623 496 est?
3658 443 3789 498 Item

512 548 657 621 parvi
672 547 894 612 facitmt,
916 541 1376 600 Chalcedonensis
1393 540 1609 596 concilii
1628 546 1831 596 statuta
1851 539 2096 611 relegant

511 644 650 710 (ean.
697 645 797 703 t8),
828 637 949 705 ubi,
975 637 1116 692 inter
1131 636 1406 708 juratores
1434 642 1491 691 et
1511 635 1913 706 conspiratores
1944 633 2093 689 nullo

507 733 815 792 discrimine
842 729 1050 797 habito,
1081 731 1293 802 utrique
1321 730 1439 800 pari
1484 711 1710 785 censura
1756 729 2090 800 plectuntur.

577 823 1032 898 Quandoquidem
1069 823 1234 896 igitur
1265 824 1410 878 hanc
1451 822 1876 895 promissionem
1912 837 2091 890 suam,

504 921 876 992 cuiuscunque
911 917 1159 973 vocabuli
1201 917 1290 983 sit,
1338 924 1483 971 tanta
1515 917 1726 972 cautela
1755 914 2093 982 custodiunt,

505 1029 631 1069 cum
669 1028 801 1084 pace
842 1013 1063 1067 illorum
1106 1010 1428 1081 inquirimus
1467 1025 1577 1080 quo
1609 1008 1819 1077 ordine,
1865 1025 1974 1080 qua
2002 1024 2091 1064 ra-

505 1108 655 1162 tione
675 1122 882 1161 novum
908 1105 1037 1160 illud
1074 1112 1261 1159 votum
1291 1103 1582 1175 antiquiori
1609 1102 1916 1174 praeferant,
1947 1103 2095 1174 quod

505 1203 560 1256 in
590 1200 678 1256 die
705 1199 1064 1256 ordinationis
1091 1213 1204 1252 sua:
1243 1206 1526 1264 voverunt,
1558 1212 1686 1252 cum
1718 1195 1786 1252 ad
1815 1212 2096 1252 summum

510 1294 880 1350 sacerdotium
911 1291 1268 1363 promovendi
1299 1291 1367 1346 de
1388 1290 1494 1346 ﬁde
1515 1299 1571 1344 et
1597 1289 1907 1346 obedientia
1931 1292 2096 1346 inter-

506 1397 854 1460 rogarentur.
899 1387 1188 1443 Credimus
1229 1387 1376 1440 enim
1405 1385 1688 1440 memoria:
1735 1385 1957 1440 illorum
1990 1401 2098 1440 non

509 1483 770 1538 excidisse
816 1481 963 1552 quod
1008 1481 1064 1534 in
1107 1495 1265 1534 sacro
1310 1480 1403 1534 illo
1441 1479 1824 1549 episcoporum
1867 1486 1923 1533 et
1969 1479 2098 1534 cleri

508 1585 779 1633 conventu
800 1575 964 1644 (458),
981 1573 1048 1629 ad
1072 1573 1491 1645 promerendam
1515 1573 1917 1644 promotionem
1939 1587 2098 1628 suam

509 1671 664 1725 beato
701 1671 864 1723 Petro
892 1667 1111 1738 suisque
1153 1667 1366 1722 vicariis
1409 1675 1465 1722 et
1493 1667 1904 1721 successoribus
1935 1666 2099 1721 ﬁdem

507 1773 560 1818 et
617 1762 1013 1834 subjectionem
1060 1777 1119 1816 se
1167 1766 1477 1816 servaturos
1538 1759 1948 1831 promiserunt;
2005 1761 2095 1831 qui

507 1866 692 1912 tamen
723 1870 896 1927 nuper
921 1855 990 1910 ad
1030 1855 1283 1926 injuriam
1310 1853 1558 1926 ejusdem
1591 1853 1845 1925 principis
1874 1863 2098 1925 aposto-

446 1941 448 1944 ’
508 1952 688 2006 lorum
735 1949 1036 2005 successori
1081 1949 1198 2018 ejus
1237 1949 1570 2020 promissam
1609 1946 1771 2002 ﬁdem
1815 1955 1869 2002 et
1913 1947 2101 2019 subje-

508 2045 748 2098 ctionem
779 2042 994 2113 publica
1032 2041 1367 2111 professione
1395 2040 1821 2110 abnegaverunt.
1854 2040 1996 2095 Illud
2035 2056 2098 2096 ex

509 2135 860 2206 antiquorum
901 2142 1214 2188 sanctorum
1277 2135 1502 2188 Patrum
1551 2132 1872 2188 auctoritate
1919 2133 2100 2187 edocti

511 2227 791 2294 fecerunt;
823 2227 879 2282 in
923 2227 1029 2282 isto
1059 2234 1247 2282 autem
1277 2227 1451 2282 solam
1482 2226 1775 2282 mundanae
1824 2227 2104 2297 potestatis

508 2321 846 2376 voluntatem
871 2321 1109 2378 exsecuti
1145 2328 1294 2375 sunt.
1327 2319 1621 2388 Quomodo
1645 2335 1776 2392 ergo
1807 2320 1910 2376 hoc
1937 2321 2104 2392 pluris

508 2412 732 2481 faciunt,
779 2413 927 2486 quod
957 2413 1012 2468 in
1059 2413 1316 2468 cubiculo
1345 2413 1458 2468 sive
1503 2413 1560 2467 in
1605 2415 1728 2469 aula
1772 2413 1917 2486 regis
1965 2415 2104 2469 inter

507 2507 774 2579 palatinos
794 2506 1055 2578 strepitus
1071 2505 1536 2577 conspiraverunt,
1563 2522 1733 2577 quam
1760 2506 1917 2574 illud,
1954 2507 2102 2577 quod

507 2616 692 2657 coram
739 2614 896 2656 sacro
941 2599 1096 2654 altari
1139 2600 1451 2670 sanctisque
1497 2609 1820 2655 sanctorum
1853 2600 2103 2672 reliquiis

507 2694 609 2750 sub
629 2693 944 2750 testimonio
972 2693 1172 2749 Christi
1205 2701 1263 2748 et
1294 2693 1552 2749 Ecclesiae
1577 2693 1803 2764 professi
1832 2697 1997 2748 sunt?

569 2792 642 2844 At
675 2787 928 2854 fortasse,
968 2787 1037 2844 ad
1071 2803 1228 2842 suam
1269 2785 1643 2842 defensionem
1687 2796 1934 2843 nostram
1976 2804 2101 2843 vero

507 2881 1009 2954 exprobrationem,
1073 2879 1216 2960 illiu
1256 2880 1554 2951 juramenti
1604 2881 1752 2952 quod
1810 2882 2101 2938 nobiscum

506 2990 803 3031 commune
832 2975 1041 3030 habent
1058 2975 1438 3031 necessitatem
1466 2975 1824 3047 praetenderit,
1858 2975 2105 3031 dicentes

507 3085 565 3126 se
599 3069 840 3140 juratam
871 3068 1189 3124 ﬁdelitatem
1235 3067 1535 3140 infringere
1564 3070 1764 3124 veritos
1805 3069 1908 3124 nisi
1941 3071 2106 3141 regia:

2204 539 2339 610 (cap.
2386 543 2470 602 I2)
2505 557 2517 592 :
2558 541 2657 593 Est
2695 539 2892 592 etenim
2919 551 3302 606 nonnunquam
3335 540 3519 590 contra
3559 537 3790 603 ofﬁcium

2199 636 2528 703 promissum
2557 633 2774 696 solvere,
2797 635 3124 686 sacramenta
3141 629 3430 696 custodire,
3451 634 3514 683 ut
3542 629 3788 692 Herodes,

2203 728 2299 796 qui
2307 727 2543 796 juravit,
2567 730 2618 780 et
2643 740 2820 780 necem
2840 726 3064 780 Joannis
3085 725 3363 795 prastitit,
3394 738 3461 778 ne
3473 724 3792 793 promissum

2201 825 2444 889 negaret.

2273 917 2409 969 Item
2429 922 2553 985 post
2577 913 2756 984 aliqua
2775 931 2787 966 :
2813 915 3189 982 Unusquisque
3203 913 3494 980 simplicem
3508 926 3796 966 sermonem

2200 1009 2464 1078 proferat,
2489 1024 2582 1061 nec
2598 1009 2831 1074 fratrem
2855 1009 3322 1075 cirumseriptione
3339 1007 3619 1060 verborum
3641 1005 3798 1058 indu-

2205 1107 2315 1164 cat,
2338 1103 2474 1155 nihil
2496 1103 2781 1170 promittat
2808 1100 3165 1154 inhonestum.
3199 1102 3279 1155 Ac
3297 1103 3346 1154 si
3363 1102 3702 1168 promiserit,
3732 1104 3800 1153 to-

2207 1198 2316 1250 lera
2325 1197 2485 1250 bilius
2513 1200 2588 1250 est
2598 1198 2927 1264 promissum
2943 1210 3049 1248 non
3069 1195 3272 1261 facere,
3288 1209 3449 1263 quam
3469 1195 3645 1260 facere
3660 1194 3799 1262 quod

2207 1295 2362 1359 turpe
2399 1294 2495 1344 est.
2526 1291 2698 1358 Saepe,
2726 1289 2924 1360 inquit,
2967 1290 3211 1358 plerique
3229 1303 3282 1342 se
3304 1289 3682 1355 constringunt
3703 1288 3799 1355 ju-

2204 1383 2516 1450 risiurandi
2540 1388 2889 1444 sacramento,
2921 1387 2971 1436 et
3008 1398 3127 1435 cum
3157 1383 3265 1450 ipsi
3293 1383 3637 1449 cognoverint
3671 1396 3800 1450 pro-

2208 1477 2530 1530 mittendum
2566 1492 2670 1530 non
2701 1477 2894 1543 fuisse,
2921 1477 3252 1530 sacramenti
3273 1479 3451 1528 tamen
3472 1472 3798 1543 contempla-

2211 1573 2350 1624 tione
2390 1572 2604 1637 faciunt
2649 1571 2793 1639 quod
2819 1570 3244 1640 spoponderunt.
3297 1570 3366 1623 Et
3411 1567 3572 1638 paulo
3611 1575 3742 1638 post
3784 1587 3796 1622 :

2211 1665 2398 1718 Melius
2423 1669 2502 1717 est
2519 1668 2697 1717 votum
2726 1679 2833 1717 non
2853 1665 3075 1730 solvere,
3101 1662 3246 1731 quod
3268 1663 3378 1715 sibi
3393 1665 3438 1715 is
3464 1665 3558 1715 cui
3581 1665 3803 1731 promit-

2210 1761 2346 1811 titur
2370 1758 2503 1812 nolit
2557 1758 2780 1812 exsolvi.
2830 1760 2943 1813 Non
2984 1771 3197 1826 semper
3243 1759 3513 1826 promissa
3552 1756 3801 1810 solvenda

2208 1857 2332 1906 sunt
2360 1853 2555 1905 omnia.
2600 1853 2838 1920 Denique
2877 1853 2988 1920 ipse
3026 1853 3313 1919 Dominus,
3353 1853 3490 1904 sicut
3523 1852 3802 1919 Scriptum

2213 1946 2438 2008 indicat,
2469 1947 2783 2015 frequenter
2809 1959 2963 1999 suam
2988 1950 3164 2000 mutat
3189 1946 3527 1999 sententiam.

2283 2042 2514 2095 Sanctus
2536 2037 2781 2094 Isidorus
2811 2038 2870 2093 in
2895 2039 3034 2094 libro
3065 2038 3474 2094 Sententiarum
3511 2054 3521 2090 :
3552 2039 3671 2094 Non
3705 2042 3797 2104 est,

2213 2133 2408 2204 inquit,
2459 2135 2781 2188 servandum
2829 2139 3218 2188 sacramentum
3251 2134 3394 2202 quod
3433 2134 3574 2186 male
3625 2137 3681 2187 et
3721 2137 3800 2186 in-

2211 2233 2364 2280 caute
2391 2230 2752 2296 promittitur,
2793 2225 2964 2281 veluti
2991 2230 3040 2281 si
3079 2230 3351 2297 quispiam
3376 2227 3645 2282 adultera:
3688 2244 3800 2281 cum

2211 2337 2271 2374 ea
2301 2321 2652 2390 permanendi
2688 2320 2846 2390 ﬁdem
2882 2321 3235 2391 polliceatur;
3287 2321 3624 2374 tolerabilius
3666 2324 3801 2374 enim

2213 2419 2289 2469 est
2325 2430 2429 2469 non
2465 2415 2688 2484 implere
2715 2419 3130 2477 sacramentum,
3183 2430 3351 2483 quam
3396 2429 3718 2483 permanere
3747 2417 3802 2468 in

2212 2511 2394 2578 stupri
2417 2511 2645 2577 flagitio.
2679 2507 2943 2563 Similiter
2968 2508 3022 2562 in
3055 2507 3655 2578 libro-Soliloquiorum
3694 2525 3716 2561 :
3739 2509 3802 2562 In

2212 2603 2368 2656 malis
2384 2604 2662 2671 promissis
2685 2603 2924 2657 rescinde
2947 2602 3125 2670 ﬁdem,
3158 2604 3215 2655 in
3233 2604 3387 2671 turpi
3413 2606 3525 2655 voto
3539 2606 3691 2654 muta
3713 2600 3800 2654 de-

2213 2700 2432 2750 cretum.
2477 2697 2627 2764 Quod
2682 2698 2890 2750 incaute
2937 2698 3150 2757 vovisti,
3211 2711 3274 2748 ne
3301 2697 3506 2761 facias;
3547 2697 3804 2764 insipiens

2210 2795 2286 2845 est
2304 2792 2600 2859 promissio
2629 2807 2749 2860 quae
2774 2790 2962 2845 scelere
2991 2789 3334 2859 adimpletur.
3366 2788 3471 2844 Sed
3499 2796 3552 2844 et
3569 2790 3807 2843 Venera~

2212 2883 2338 2940 bilis
2371 2884 2518 2940 Beda
2552 2884 2605 2938 in
2637 2884 3032 2956 Explanatione
3072 2884 3398 2955 evangelica,
3442 2897 3566 2954 quae
3598 2883 3808 2954 publice

2211 2977 2507 3048 quotannis
2548 2979 2604 3031 in
2639 2977 2881 3033 Ecclesia
2929 2978 3315 3049 pronuntiatur
3341 2977 3399 3031 in
3445 2975 3808 3032 decollatione

2211 3071 2385 3126 sancti
2413 3071 2639 3126 Joannis
2656 3070 2916 3142 Baptista:
2943 3091 2955 3126 :
2989 3073 3050 3126 Si
3063 3073 3226 3138 forte,
3252 3069 3448 3142 inquit,
3474 3072 3696 3140 aliquid
3719 3086 3806 3125 nos

505 3163 767 3218 voluntati
808 3177 1023 3218 morem
1062 3171 1334 3234 gererent.
1377 3162 1461 3218 Ad
1504 3162 1652 3234 quod
1692 3163 2097 3234 respondendo,
2139 3187 2184 3250 ο
2213 3167 2422 3218 incaute
2437 3165 2658 3234 ju-rasse
2689 3167 2992 3232 contigerit,
3029 3166 3177 3234 quod
3205 3166 3546 3218 observatum
3571 3166 3807 3234 pejorem

503 3256 575 3312 de
600 3258 709 3312 illis
737 3256 1087 3313 inhonestum
1116 3255 1320 3327 aliquid
1343 3257 1524 3328 eloqui
1549 3273 1660 3312 non
1691 3257 2096 3328 praesumimus.

509 3353 590 3405 De
618 3351 779 3406 nobis
801 3360 1008 3418 autem,
1037 3358 1313 3422 quotquot
1331 3351 1563 3422 principi
1581 3350 1744 3406 ﬁdem
1765 3353 2096 3422 juravimus,

507 3444 612 3501 hoc
626 3460 750 3500 vere
765 3453 819 3499 et
832 3445 1270 3516 irrefragabiliter
1285 3452 1610 3501 attestamur
1633 3444 1780 3516 quod
1791 3487 1805 3512 ,
1820 3444 1883 3511 si,
1909 3455 2099 3502 nostro

511 3539 742 3595 consilio
768 3541 1049 3595 animatus
1072 3548 1368 3610 nostraque
1396 3555 1498 3610 Ope
1531 3538 1724 3608 fretus,
1761 3538 1894 3596 illud
1916 3555 2098 3611 agres-

508 3649 601 3689 sus
629 3642 773 3690 esset
809 3633 956 3689 unde
999 3641 1218 3689 tantum
1253 3633 1453 3689 animae
1506 3633 1832 3703 periculum,
1881 3641 2098 3689 tantum

507 3727 656 3796 regni
687 3735 742 3781 et
760 3727 891 3796 regii
913 3725 1139 3780 honoris
1163 3725 1436 3782 delectum
1463 3725 1760 3794 incidisset,
1787 3727 1902 3782 sine
1933 3727 2099 3783 dubio

509 3828 564 3875 et
587 3819 913 3874 sacramenti
941 3819 1230 3875 violatores
1253 3827 1309 3874 et
1335 3818 1460 3874 ﬁdei
1490 3820 1879 3888 existeremus,
1902 3831 1958 3876 et
1987 3839 2102 3877 non

510 3919 730 3967 tantum
788 3912 1170 3968 ecclesiasticae
1217 3912 1481 3982 regioni,
1543 3912 1637 3968 sed
1686 3923 1741 3968 et
1787 3915 2100 3986 reipublicae

512 4006 710 4078 publici
750 4005 934 4062 hostes
965 4005 1425 4078 adjudicaremur.
1459 4007 1722 4076 Quamvis
1745 4009 1897 4064 enim
1919 4009 2102 4064 senior

509 4100 796 4172 dignitate,
829 4108 991 4156 aetate
1022 4108 1204 4156 tamen
1253 4099 1464 4171 iuvenis
1507 4098 1605 4156 fuit
1647 4101 1736 4156 cui
1767 4101 1885 4158 haec
1932 4101 2106 4158 ﬁdelis

478 4179 732 4267 sponsio
778 4191 918 4250 facta
955 4201 1054 4248 est.
1101 4196 1450 4265 Quapropter
1478 4193 1534 4251 id
1561 4195 1738 4266 potius
1785 4194 1910 4252 ﬁdei
1959 4206 2104 4264 erat,

509 4294 780 4358 quatenus
825 4285 1231 4358 provectiorum
1276 4295 1409 4343 aetas
1445 4287 1705 4358 juvenilis
1749 4289 1918 4344 animi
1969 4291 2107 4346 irra-

512 4379 797 4436 tionabiles
853 4381 1126 4436 motiones
1177 4381 1353 4453 magis
1397 4382 1672 4454 mitigaret
1723 4398 1893 4454 quam
1942 4385 2104 4439 noxia

512 4478 876 4534 assentatione
914 4478 1184 4534 incitaret.
1227 4481 1368 4546 Hoc,
1401 4479 1642 4550 inquam,
1692 4479 1817 4535 ﬁdei
1869 4489 2012 4536 esset
2052 4490 2106 4535 et

2209 3263 2397 3326 vergat
2424 3261 2481 3312 in
2503 3260 2728 3325 exitum,
2756 3260 2975 3313 consilio
2998 3260 3136 3313 illud
3165 3259 3458 3312 salubriore
3479 3259 3807 3312 mutandum

2206 3355 2528 3406 noverimus.
2555 3355 2626 3407 Et
2647 3351 2808 3423 paulo
2828 3360 2985 3424 post:
3011 3355 3126 3409 Non
3148 3351 3321 3408 solum
3340 3354 3398 3406 in
3420 3352 3698 3421 jurando,
3721 3352 3810 3406 sed

2204 3447 2266 3500 in
2304 3449 2454 3500 omni
2495 3447 2637 3515 quod
2684 3449 2896 3517 agimus
2943 3447 3052 3500 haec
3082 3451 3158 3501 est
3212 3447 3502 3501 moderatio
3547 3444 3810 3500 solertius

2207 3541 2553 3603 observanda,
2584 3542 2715 3595 utsi
2740 3540 2905 3596 talem
2921 3542 3064 3608 forte
3086 3542 3146 3595 in
3175 3540 3389 3609 lapsum
3416 3541 3622 3594 versuti
3642 3537 3810 3594 hostis

2207 3635 2420 3688 insidiis
2459 3635 2782 3702 incidimus,
2821 3651 2888 3688 ea:
2913 3650 3020 3703 quo
3050 3636 3164 3688 sine
3195 3635 3430 3700 contagio
3454 3647 3680 3700 surgere
3708 3648 3809 3686 non

2205 3730 2486 3796 possimus,
2504 3729 2659 3782 illum
2665 3730 2844 3797 potius
2859 3727 3120 3782 evadendi
3129 3713 3340 3781 aditum
3349 3731 3621 3796 petamus,
3637 3729 3697 3780 in
3709 3743 3813 3796 quo

2209 3823 2489 3875 minimum
2503 3821 2741 3889 periculi
2750 3837 2845 3876 nos
2865 3836 3200 3890 perpessums
3223 3836 3334 3875 esse
3353 3823 3614 3874 cernimus
3641 3824 3808 3887 (459).

2280 3912 2586 3969 Mirandum
2635 3914 2798 3985 igitur
2848 3929 2959 3968 non
3013 3921 3096 3969 est
3122 3914 3365 3969 seniores
3392 3913 3808 3983 Scripturarum

2210 4007 2432 4081 peritos,
2471 4023 2602 4063 cum
2632 4007 2700 4063 de
2735 4008 3068 4080 juramentis
3105 4006 3337 4063 verbum
3365 4005 3639 4070 facerent,
3673 4007 3808 4061 nihil

2213 4102 2283 4159 de
2321 4101 2578 4173 praedicta
2611 4101 2832 4174 jurandi
2867 4101 3120 4157 cautione
3157 4101 3421 4172 attigisse,
3453 4098 3548 4156 sed
3575 4099 3681 4154 hoc
3708 4114 3803 4155 so-

2214 4195 2502 4252 lummodo
2522 4195 2591 4251 ad
2608 4195 2948 4267 probandum
2965 4195 3291 4265 suscepisse,
3309 4193 3377 4250 de
3390 4209 3499 4266 quo
3518 4207 3808 4265 nunquam

2215 4289 2442 4362 quaistio
2485 4298 2637 4344 mota
2670 4289 2787 4343 fuit.
2837 4289 3032 4344 Nullus
3062 4289 3212 4344 enim
3240 4295 3424 4360 negat,
3469 4287 3563 4343 ed
3611 4303 3812 4343 omnes

2211 4399 2367 4454 aeque
2392 4382 2638 4439 fatentur
2668 4382 2966 4454 perjurium
2996 4383 3206 4439 malum
3235 4397 3372 4439 esse.
3403 4385 3552 4454 Ergo
3599 4383 3647 4438 si
3697 4398 3815 4439 ma-

2215 4477 2327 4532 lum
2379 4485 2483 4542 est,
2531 4477 2646 4531 imo
2689 4475 2815 4548 quia
2847 4476 3056 4532 malum
3106 4485 3207 4546 est,
3257 4483 3486 4532 caveant
3511 4475 3822 4548 prudentes

511 4571 710 4640 ofﬁcii;
756 4573 870 4640 sed,
921 4573 1022 4628 sub
1061 4572 1186 4628 ﬁdei
1235 4573 1433 4644 specie,
1490 4573 1733 4628 nocitura
1779 4574 2104 4644 persolvere,
2137 4584 2190 4646 ι)
2218 4585 2286 4625 ne
2328 4570 2404 4624 sic
2423 4571 2609 4642 jurent
2646 4579 2912 4641 quatenus
2955 4570 3199 4643 pejerare
3228 4570 3652 4642 compellantur,
3710 4571 3819 4626 hoc

511 4674 700 4720 contra
737 4666 905 4721 ﬁdem
935 4676 993 4721 et
1032 4665 1284 4722 ofﬁcium
1318 4675 1420 4734 est,
1451 4666 1589 4722 sicut
1613 4674 1837 4722 sanctus
1865 4667 2099 4724 Ambro-

512 4758 628 4814 sius
651 4766 882 4813 testatur
904 4759 958 4813 in
992 4759 1131 4815 libro
1169 4775 1248 4816 ιη
1275 4763 1357 4815 De
1381 4758 1578 4815 ofﬁciis
1606 4765 1741 4830 (cap.
1779 4765 1883 4829 12),
1912 4761 2006 4818 ubi
2035 4761 2103 4818 de

512 4851 811 4908 Herodiani
841 4853 1172 4908 sacramenti
1199 4852 1437 4909 nefanda
1459 4852 1857 4924 adimpletione
1880 4863 2099 4911 tractat.

513 4946 664 5013 Quod
705 4947 1046 5000 aestimatum
1085 4951 1182 5008 est,
1230 4946 1428 5016 inquit,
1493 4949 1622 5016 ﬁdei
1664 4958 1819 5010 esse,‘
1847 4953 2104 5004 amentia:

511 5041 640 5106 fuit.
671 5040 811 5096 Item
850 5037 902 5092 in
945 5037 1137 5094 eodem
1173 5038 1312 5093 libro
1357 5040 1490 5109 (cap.
1551 5046 1662 5105 50),
1699 5039 1767 5096 de
1817 5042 2103 5099 exhibendi

513 5132 679 5188 ofﬁcii
730 5132 1061 5189 discretione
1112 5153 1124 5187 :
1179 5135 1431 5202 Ofﬁcium
1479 5142 1580 5201 est,
1631 5135 1726 5200 ait,
1791 5137 2104 5207 depositum

515 5242 726 5281 servare
741 5232 792 5281 et
817 5229 1060 5283 reddere.
1108 5229 1213 5283 Sed
1238 5229 1509 5281 interdum
1535 5231 1878 5283 commutatio
1899 5233 1961 5298 ﬁt
2008 5236 2104 5285 aut

514 5326 756 5392 tempore
794 5326 889 5375 aut
924 5325 1254 5383 necessitate,
1294 5327 1352 5376 ut
1380 5338 1484 5376 non
1510 5325 1581 5377 sit
1622 5325 1858 5392 ofﬁcium
1885 5325 2105 5380 reddere

512 5415 654 5484 quod
691 5418 980 5484 acceperis,
1007 5418 1152 5470 velut
1190 5418 1241 5470 si
1264 5417 1406 5485 quis,
1453 5420 1639 5471 contra
1673 5420 1919 5490 patriam
1952 5435 2103 5491 opem

510 5508 690 5581 ferens
711 5509 987 5577 barbaris,
1010 5512 1296 5580 pecuniam
1319 5517 1536 5580 apertus
1560 5512 1730 5569 hostis
1745 5520 2004 5584 reposcat,
2024 5517 2106 5570 vel

511 5605 807 5658 insanienti
832 5604 1091 5671 gladium
1115 5605 1418 5675 depositum
1443 5622 1549 5661 non
1579 5623 1760 5677 neges,
1786 5625 1890 5678 quo
1913 5613 2028 5679 ipse
2050 5626 2104 5664 se

583 5745 732 5809 (457)
766 5744 946 5798 Locus
969 5741 1296 5811 mendosus;
1321 5758 1509 5801 sensus
1536 5755 1620 5801 est
1647 5766 1658 5797 :
1686 5750 1824 5814 Quos
1844 5763 1938 5802 suo
1959 5751 2105 5814 facto

512 5829 639 5895 non.
668 5813 820 5868 aliud
846 5831 1010 5885 quam
1045 5819 1456 5886 conspirationis
1487 5813 1713 5886 culpam
1735 5821 1903 5889 parvi
1931 5813 2106 5885 facere

514 5897 784 5939 novimus.

2213 4679 2312 4740 pro
2355 4672 2504 4719 certo
2532 4663 2762 4718 scientes
2809 4664 2931 4736 quia
2958 4679 3016 4718 se
3053 4665 3199 4735 ipsos
3232 4664 3373 4718 male
3402 4672 3457 4719 et
3484 4664 3710 4720 incaute
3728 4665 3821 4736 ju-

2212 4759 2384 4817 rando
2408 4758 2688 4815 destruere
2709 4765 2974 4830 possunt;
3000 4758 3175 4830 legem
3193 4767 3378 4813 autem
3409 4757 3637 4812 Domini
3663 4767 3723 4814 et
3749 4759 3821 4814 le-

2214 4869 2338 4927 gem
2368 4855 2598 4908 Patrum
2626 4859 2941 4908 nostrorum
2951 4851 3194 4923 jurando
3215 4850 3516 4918 destruere,
3543 4854 3670 4907 Deo
3691 4867 3824 4924 pro-

2214 4947 2372 5020 pitio,
2402 4962 2515 5003 non
2537 4954 2785 5018 possunt.
2819 4947 2961 5001 Ecce
2996 4944 3051 5001 in
3084 4945 3382 5017 praelibatis
3410 4943 3820 5000 catholicorum

2215 5043 2440 5098 Patrum
2459 5039 2744 5096 sententiis
2770 5039 2906 5095 satis
2929 5039 3362 5095 demonstratum
3389 5046 3467 5092 est
3484 5037 3638 5109 quod
3661 5039 3824 5110 jura-

2214 5143 2398 5191 menta
2419 5134 2619 5206 injuste
2632 5134 2897 5205 promissa
2916 5133 3042 5188 etin
3061 5133 3240 5210 majus
3260 5130 3564 5205 periculum
3582 5148 3822 5204 vergen-

2212 5229 2289 5284 tia
2315 5229 2567 5300 [mutare]
2596 5227 2866 5298 cogimur,
2887 5227 3018 5299 quia
3049 5226 3180 5282 nihil
3210 5227 3460 5298 iniquum
3474 5225 3817 5298 juravimus.

2283 5322 2387 5381 Sed
2439 5321 2641 5377 dicitur
2670 5319 2829 5376 nobis
2880 5340 2892 5375 :
2950 5320 3124 5377 Fideli
3154 5319 3386 5392 principi
3432 5320 3690 5391 jurastis,
3725 5321 3817 5375 cui

2213 5419 2254 5474 si
2307 5416 2493 5472 ﬁdeles
2534 5432 2652 5471 esse
2692 5415 2870 5484 vultis,
2914 5415 3077 5472 ﬁdem
3128 5414 3358 5471 domino
3409 5416 3717 5488 apostolico
3767 5424 3827 5471 et

2214 5510 2585 5567 obedientiam
2617 5509 2905 5581 abnegate,
2945 5518 2999 5565 et
3031 5509 3450 5582 abnegationem
3481 5508 3632 5564 illam
3651 5509 3824 5580 jura-

2215 5613 2404 5661 mento
2439 5603 2520 5659 vel
2554 5603 2756 5676 scripto
2785 5604 3024 5672 ﬁrmate,
3051 5612 3106 5660 et
3139 5604 3207 5660 ab
3245 5603 3748 5660 excommunicatis
3793 5620 3826 5658 a

2287 5745 2431 5814 (458)
2464 5745 2525 5797 In
2559 5742 2918 5814 conciliabulo
2950 5743 3278 5810 Brixinensi,
3323 5757 3474 5797 anno
3507 5747 3661 5797 1080.

2280 5817 2434 5941 t(45%)
2461 5815 2657 5941 Exstat
2681 5814 2796 5870 haec
2825 5813 3048 5870 homilia
3076 5822 3210 5870 tom.
3240 5815 3338 5870 VII
3357 5815 3610 5885 Operum
3640 5814 3828 5869 Vene-

2215 5905 2273 5944 ra
2322 5929 2333 5941 .
2430 5902 2458 5941 e
2500 5901 2565 5941 ae.
