4048 6174
295 314 390 366 865

1194 316 1479 374 APPEND.
1523 315 1608 370 lll.
1650 345 1720 402 τ-
1755 316 2172 375 MONUMENTA
2211 321 2670 379 GREGORlANA.

3477 328 3582 386 866

289 433 417 491 sede
442 437 742 506 apostolica
794 453 908 494 non
931 437 1222 507 abstinete,
1255 450 1314 496 et
1340 458 1454 497 non
1485 442 1874 500 abstinendum
1904 448 1958 509 Α
1983 455 2272 518 urgentem
2294 451 2656 521 praecedentis
2675 452 2892 524 injuria
2906 455 3303 524 necessitatem,
3329 473 3582 514 omnem-

289 527 506 596 docete;
539 530 689 602 quod
716 532 760 586 si
798 546 908 588 non
946 531 1206 602 feceritis,
1239 535 1388 591 velut
1418 536 1683 606 inﬁdeles,
1716 540 1878 612 regia

288 625 574 680 sententia
603 625 982 697 subjacebitis.
1023 631 1175 684 Dura
1202 625 1528 701 propositio,
1559 640 1614 686 et
1641 632 1880 704 antiqua

287 717 364 772 illi
392 717 632 788 quodam
653 719 820 776 modo
843 719 1173 789 conformis,
1195 739 1302 794 qua
1316 723 1517 780 dicitur
1535 747 1547 780 :
1567 728 1627 781 Si
1641 730 1720 780 vis
1736 726 1882 781 (mii-

285 827 377 866 cus
407 828 512 868 esse
536 815 786 883 Casart's,
821 817 1070 886 sacriﬁca
1094 817 1238 885 diis;
1269 820 1413 888 quod
1453 822 1503 874 si
1534 837 1638 874 non
1667 823 1876 886 fecer-is,

282 909 549 975 punieris.
599 908 654 963 Si
697 923 820 964 eam
852 925 1019 981 quam
1069 910 1335 982 jubemur
1380 912 1708 969 ﬁdelitatem
1764 915 1880 986 regi

282 999 675 1071 impendimus,
700 1018 815 1058 non
835 1011 1054 1060 tantum
1079 1021 1269 1062 coram
1301 1007 1410 1062 isto
1431 1023 1559 1079 rege
1579 1006 1672 1065 sed
1691 1023 1880 1064 coram

282 1095 541 1151 omnium
580 1110 770 1167 regum
817 1102 965 1170 Rege
997 1099 1239 1170 perﬁdia
1268 1107 1490 1156 reatum
1522 1102 1876 1168 incurrimus,

280 1205 417 1245 nam
467 1205 664 1246 omnes
717 1191 1027 1249 divinarum
1071 1193 1257 1267 legum
1301 1203 1495 1268 sponte
1554 1195 1874 1260 violatores,

273 1285 715 1356 sicutScriptura
728 1286 912 1355 docet,
939 1297 1206 1358 apostata
1227 1288 1560 1346 efﬁciuntur.
1581 1289 1877 1359 Quomodo

277 1394 417 1451 ergo
446 1377 516 1434 ad
540 1381 874 1450 apostasiam
904 1391 958 1436 et
1008 1381 1292 1453 perﬁdiam
1325 1386 1477 1455 quasi
1525 1401 1623 1454 pro
1641 1383 1877 1455 jurisju—

277 1472 441 1530 randi
477 1473 741 1546 religione
769 1476 1225 1548 constringimur,
1257 1477 1350 1549 qui
1390 1477 1529 1532 nihil
1573 1478 1682 1532 nisi
1713 1477 1878 1533 ﬁdem

268 1566 495 1637 jurassc
524 1566 803 1624 dicimur?
835 1568 970 1624 Mira
993 1585 1079 1625 res
1111 1574 1124 1624 ε
1159 1569 1326 1625 ﬁdem
1335 1571 1672 1641 juravimus,
1695 1579 1751 1626 et
1777 1570 1880 1625 nisi

275 1658 574 1730 perﬁdiam
627 1659 910 1731 faciamus,
970 1661 1173 1735 perjuri
1223 1663 1462 1719 dicimur
1503 1672 1558 1719 et
1604 1663 1877 1730 inﬁdeles;

274 1753 417 1808 nihil
467 1769 714 1826 unquam
757 1754 1088 1827 juravimus,
1142 1756 1246 1810 nisi
1289 1755 1438 1828 quod
1479 1757 1628 1813 salvo
1681 1756 1878 1814 ordine

271 1855 476 1903 nostro
505 1846 624 1903 ﬁeri
652 1859 866 1919 posset.

357 1939 658 1998 Videamus
708 1942 874 2014 igitur
929 1944 974 1997 si
1017 1943 1376 2000 sacerdotalis
1428 1944 1508 2000 vel
1547 1944 1760 2000 ordinis
1797 1945 1880 2000 vel

271 2032 452 2090 ofﬁcii
492 2035 560 2090 sit
605 2033 674 2091 ad
705 2035 812 2092 hoc
837 2037 1132 2092 consilium
1167 2038 1249 2093 vel
1280 2053 1444 2110 opem
1474 2038 1796 2094 ministrare
1818 2047 1881 2092 ut

271 2127 628 2185 Christianus
646 2130 900 2202 princeps
923 2145 952 2186 a
967 2131 1278 2187 Christiana
1298 2131 1413 2204 lege
1439 2131 1697 2187 homines
1717 2139 1880 2205 cogat

270 2221 587 2289 discedere,
617 2231 673 2278 et
700 2222 984 2280 discedere
1013 2224 1261 2280 nolentes
1292 2225 1507 2296 publica
1535 2224 1881 2282 animadver-

266 2317 435 2372 sione
453 2325 812 2388 persequatur
840 2325 920 2384 ut,
950 2317 1145 2390 fugatis
1165 2334 1222 2374 sa
1251 2317 1595 2387 cerdotibus,
1617 2322 1878 2375 Sanctua-

270 2413 366 2466 ria
383 2412 501 2474 Dei,
527 2414 688 2481 quasi
714 2412 1024 2468 hereditate
1043 2415 1317 2483 possideat
1333 2414 1496 2485 (Psal.
1528 2417 1797 2484 LXXXII);
1818 2421 1880 2470 ut

269 2504 592 2561 oblationes
642 2505 886 2562 ﬁdelium
933 2514 988 2562 et
1025 2507 1357 2579 patrimonia
1407 2522 1733 2580 pauperum,
1765 2506 1879 2563 suis

268 2613 621 2670 suorumque
654 2599 841 2656 usibus
881 2600 1387 2672 incomparabiliter
1417 2600 1873 2672 [irrecuperabili-

267 2696 384 2761 ter]
403 2700 664 2763 usurpet;
686 2701 767 2760 ut,
783 2694 1020 2750 Neronis
1036 2695 1312 2766 exemplo,
1329 2696 1556 2750 Petrum
1569 2703 1623 2749 et
1643 2695 1877 2750 Paulimt
1921 2755 1926 2764 ,

269 2785 489 2842 iterum
524 2787 583 2840 in
629 2787 898 2842 membris
934 2787 1048 2842 suis
1097 2788 1210 2858 pati
1256 2786 1455 2854 faciat;
1499 2796 1562 2842 ut
1589 2788 1876 2845 Simonem

266 2880 507 2951 Magum
537 2895 728 2936 rursus
755 2889 947 2936 contra
974 2880 1263 2938 Simonem
1289 2884 1517 2938 Petrum
1543 2883 1778 2948 excitet;
1818 2888 1880 2936 ut

267 2976 446 3029 intret
474 2973 532 3029 in
573 2972 1064 3031 sanctiﬁcationem
1092 2993 1220 3031 cum
1263 2975 1538 3048 superbia,
1585 2974 1677 3032 ubi
1707 2989 1880 3046 usque

267 3067 450 3124 modo
489 3065 694 3137 ﬁdeles,
742 3065 797 3124 in
826 3067 992 3124 corde
1039 3069 1281 3126 contrito
1317 3079 1372 3126 et
1413 3069 1726 3138 humiliato,
1780 3085 1878 3139 pro

264 3161 608 3218 remissione
650 3171 1005 3234 peccatorum
1055 3180 1288 3220 suorum
1331 3163 1494 3220 nudis
1539 3161 1773 3234 pedibus
1820 3163 1876 3217 in

262 3254 568 3312 ecclesiam
597 3255 861 3328 [introire]
880 3266 1312 3326 consueverunt;
1336 3265 1396 3312 ut
1416 3259 1537 3312 loca
1553 3265 1874 3313 sanctorum

262 3348 550 3415 sanguine
565 3357 881 3406 consecrata
908 3348 1242 3408 famulorum
1274 3352 1452 3407 sancti
1477 3351 1622 3406 Petri
1649 3356 1876 3406 cruenta

261 3453 463 3515 strage
487 3444 714 3514 polluat.
748 3445 1015 3517 Nunquid
1043 3445 1333 3518 pastoralis
1362 3443 1530 3501 ofﬁcii
1568 3453 1650 3501 est
1678 3444 1876 3500 talibus

261 3546 406 3594 actu
422 3537 508 3592 vel
529 3538 756 3616 consilio
780 3539 1150 3610 participare?
1179 3539 1440 3610 Nunquid
1456 3538 1707 3594 ﬁdelitati
1733 3553 1878 3593 com-

262 3632 418 3702 petit
441 3630 658 3703 regibus
679 3631 1009 3704 persuadere
1033 3641 1114 3701 ut,
1130 3632 1330 3688 Christi
1356 3633 1606 3688 tunicam
1628 3640 1682 3686 et
1700 3647 1878 3687 sacer-

263 3726 480 3782 dotum
515 3725 630 3796 ejus
681 3726 1006 3782 vestimenta
1049 3726 1384 3794 scindentes,
1430 3724 1606 3782 scindi
1634 3740 1665 3779 a
1705 3743 1763 3782 se
1787 3743 1872 3783 re-

263 3836 458 3893 gnum
485 3827 807 3876 mereantur
821 3823 846 3874 Ρ

345 3912 461 3969 Sed
493 3911 808 3970 bacomnia
851 3914 982 3970 novi
1002 3913 1259 3970 doctores
1275 3914 1521 3971 ﬁdelitati
1543 3913 1875 3979 attribuunt,

263 4008 531 4064 dicentes
575 4022 633 4062 se
656 4007 879 4078 quidem
909 4007 1070 4065 beato
1098 4011 1258 4063 Petro
1309 4015 1475 4080 atque
1510 4008 1627 4064 sedi
1655 4017 1877 4080 aposto-

262 4103 397 4158 licae
437 4099 667 4156 devotos
701 4101 958 4169 existere;
1013 4101 1226 4157 sedenti
1261 4109 1448 4157 autem
1490 4117 1652 4172 super
1696 4101 1880 4158 sedem

264 4195 431 4252 illam
476 4193 723 4250 insolitas
757 4195 987 4267 injurias
1017 4196 1220 4251 merito
1250 4194 1500 4267 irrogari,
1540 4195 1635 4266 qui
1688 4195 1746 4249 in
1776 4195 1881 4250 ho-

267 4289 462 4345 mines
489 4288 829 4356 immeritos,
861 4304 1047 4360 regem
1091 4288 1297 4344 scilicet
1343 4297 1398 4343 et
1425 4288 1732 4359 episcopos,
1765 4296 1880 4342 tam

265 4382 567 4439 insolitam
587 4381 958 4440 damnationis
982 4383 1314 4438 sententiam
1343 4381 1731 4453 promulgavit.
1761 4379 1879 4450 Qui-

197 4460 200 4462 ⁷
267 4476 378 4533 bus
407 4475 862 4548 respondendum
885 4484 972 4532 est
987 4474 1158 4547 quod,
1182 4484 1239 4531 et
1260 4475 1302 4531 si
1329 4475 1382 4530 in
1405 4475 1511 4531 illis
1527 4473 1883 4548 synodalibus

1909 1821 1958 1884 B

1989 553 2094 610 que
2122 539 2282 613 hujus
2302 543 2514 600 discidii
2547 545 2765 616 culpam
2792 547 2860 602 ad
2883 547 3250 605 inchoationis
3279 550 3581 622 primordia

1989 632 2195 688 referri.
2229 637 2493 707 Audiant,
2535 640 2783 710 inquam,
2816 641 2984 712 quod,
3007 643 3222 700 etiamsi
3250 644 3582 703 Christiana

1988 726 2068 780 vel
2135 729 2516 787 ecclesiastica
2583 734 2863 805 religionis
2931 745 3074 792 esset
3127 737 3330 793 talibus
3370 739 3583 810 iniuriis

1989 818 2122 874 tales
2157 821 2556 880 vicissitudines
2582 827 2896 899 rependere,
2947 838 3098 886 certe
3125 847 3228 888 nec
3263 831 3370 888 hoc
3412 832 3579 888 modo

1990 910 2384 971 inexcusabiles
2408 917 2527 972 ﬁeri
2547 929 2770 989 possent
2802 941 2815 976 :
2848 938 2975 978 nam
3004 925 3314 994 apostolica
3333 926 3578 982 animad-

1976 1006 2280 1074 ‘versionis,
2323 1025 2429 1080 qua
2467 1026 2526 1066 se
2565 1012 2853 1084 injuriatos
2897 1026 3208 1084 causantur,
3249 1019 3364 1090 ipse
3401 1020 3582 1091 potius

1990 1114 2150 1154 causa
2170 1100 2515 1172 exstiterunt,
2547 1113 2602 1160 et
2625 1105 2774 1162 unde
2791 1122 2851 1164 se
2861 1124 3118 1166 accensos
3141 1122 3576 1182 conqueruntur,

1987 1190 2092 1247 hoc
2141 1193 2244 1265 ipsi
2285 1196 2436 1265 prius
2482 1199 2874 1270 incenderant;
2926 1202 3156 1274 ideoque
3196 1204 3420 1276 injurias
3464 1223 3581 1263 non

1986 1292 2101 1340 tam
2130 1289 2435 1346 retulerunt
2462 1307 2628 1362 quam
2653 1294 2977 1352 intulerunt.
3001 1297 3142 1354 Cum
3166 1297 3314 1353 enim
3337 1299 3582 1368 primum

1985 1377 2052 1434 ad
2081 1379 2406 1440 initiandam
2438 1385 2580 1441 hanc
2618 1403 2734 1443 rem
2758 1393 2901 1454 (460)
2922 1390 3255 1446 Wormatja
3287 1391 3582 1447 conﬁnxis-

1992 1481 2133 1539 sent,
2165 1474 2254 1530 ubi
2285 1478 2471 1532 omnis
2509 1495 2677 1551 quam
2714 1483 2959 1552 patimur
2986 1483 3270 1539 calamitas
3298 1483 3582 1541 exordium
3633 1487 3636 1490 ’

1989 1568 2243 1637 sumpsit,
2266 1570 2473 1626 nullam
2493 1572 2672 1630 adhuc
2690 1573 2957 1632 dominus
2981 1592 3116 1647 papa
3136 1579 3582 1634 excommunica-

1988 1658 2158 1714 tionis
2181 1663 2262 1718 vel
2282 1665 2652 1722 anathematis
2676 1670 3001 1725 sententiam
3024 1670 3336 1738 destinavit,
3357 1671 3451 1727 sed
3481 1671 3584 1742 ipsi

1987 1754 2168 1827 (primi
2175 1756 2265 1813 tia
2280 1756 2718 1829 discordiarum),
2735 1762 2852 1834 ipso
2879 1763 3160 1835 ignorante
3183 1773 3237 1820 et
3250 1764 3383 1820 nihil
3406 1764 3591 1820 minus

1991 1858 2234 1920 putaute,
2251 1852 2566 1923 pralationi
2597 1871 2712 1912 sua
2727 1856 2961 1929 superba
2983 1866 3037 1912 et
3058 1857 3345 1929 repentina
3371 1858 3589 1934 temeri-

1990 1953 2104 2000 tate
2121 1946 2663 2005 abrenuntiaverunt.
2679 1949 2830 2005 Initia
2845 1949 3104 2006 dolorum
3118 1951 3236 2008 hac
3249 1954 3438 2018 (Marc.
3454 1951 3586 2023 xm)

1991 2039 2251 2110 primum.
2307 2043 2428 2096 Hoc
2465 2041 2801 2099 fermentum
2828 2051 3002 2099 totam
3034 2044 3294 2101 Ecclesia
3340 2059 3589 2101 massam

1988 2135 2235 2205 corrupit
2259 2138 2308 2199 (Ι
2342 2137 2462 2190 Cor.
2502 2136 2574 2206 v).
2617 2134 2780 2207 Quod
2806 2136 2850 2191 si
2866 2138 3012 2216 ,quis
3054 2147 3240 2210 negat,
3282 2137 3438 2194 facile
3461 2155 3586 2210 pro-

1987 2225 2105 2281 bari
2134 2235 2336 2298 potest,
2365 2230 2410 2284 si
2434 2238 2602 2302 gesta
2631 2230 2708 2285 rei
2737 2238 2793 2286 et
2819 2231 3089 2300 temporis
3111 2231 3284 2286 series
3312 2246 3590 2288 recensea-

1988 2330 2098 2376 tur.
2129 2322 2444 2378 Conventus
2470 2323 2619 2379 enim
2645 2323 2760 2392 ille,
2789 2323 2858 2380 de
2887 2339 2997 2395 quo
3021 2323 3275 2390 dicimus,
3308 2324 3450 2380 inter
3473 2328 3590 2381 Na-

1988 2414 2258 2471 tivitatem
2283 2417 2633 2474 Dominicam
2656 2427 2711 2474 et
2733 2427 3062 2491 sequentem
3093 2417 3588 2492 Quadragesimam

1987 2510 2318 2566 constitutus
2344 2519 2447 2576 est,
2477 2511 2551 2567 ita
2575 2511 2908 2568 distantibus
2938 2511 3132 2584 spatiis
3157 2520 3217 2568 ut
3243 2528 3588 2586 quacunque

1986 2612 2310 2674 gererentur
2334 2606 2587 2660 Romam
2609 2604 2803 2677 synodi
2824 2613 3077 2676 tempore
3104 2603 3315 2662 differri
3339 2614 3581 2679 possent.

1986 2696 2091 2752 Sed
2120 2705 2245 2751 ante
2266 2697 2852 2754 eamdemNativitatis
2877 2699 3188 2755 Dominica
3215 2698 3584 2764 festivitatem,

1987 2806 2119 2845 cum
2136 2806 2227 2845 rex
2253 2789 2565 2846 natalitium
2588 2787 2734 2846 diem
2763 2790 3001 2847 Andrea
3026 2780 3588 2866 apostoliBapinberg

1987 2883 2335 2951 celebrasset,
2363 2893 2516 2940 tanta
2557 2883 2741 2939 adhuc
2787 2885 2933 2940 inter
2955 2899 3189 2956 regnum
3217 2892 3273 2940 et
3300 2901 3585 2942 summum

1988 2974 2354 3034 sacerdotium
2383 2973 2676 3032 cancordia
2707 2975 2899 3047 viguit,
2933 2961 2994 3033 ut
3034 2990 3196 3031 omne
3245 2975 3393 3048 quod
3442 2977 3584 3048 (46I)

1991 3069 2062 3125 ibi
2101 3070 2156 3124 in
2182 3069 2447 3126 destituto
2481 3066 2735 3141 ejusdem
2766 3069 2871 3123 loci
2913 3068 3172 3140 episcopo
3210 3069 3424 3142 alioque
3461 3069 3586 3126 sub-

1988 3163 2184 3219 stituto
2213 3171 2400 3219 actum
2425 3171 2526 3231 est,
2558 3170 2739 3218 totum
2757 3161 2998 3233 jussioni
3029 3170 3086 3218 et
3109 3160 3439 3218 obedientia
3467 3166 3585 3219 Ro-

1988 3258 2136 3314 mani
2174 3257 2538 3328 imputaretur
2565 3255 2856 3328 pontiﬁcis.
2902 3259 2975 3311 Et
3016 3255 3134 3326 ipse
3171 3255 3396 3328 quidem
3434 3257 3583 3328 prin-

1983 3367 2109 3422 ceps
2131 3351 2234 3406 hoc
2263 3351 2462 3417 verbis,
2508 3349 2617 3406 hoc
2654 3349 2852 3404 litteris
2891 3367 2922 3404 a
2965 3348 3096 3406 sede
3129 3349 3428 3420 apostolica
3458 3349 3586 3406 cha-

1985 3444 2198 3500 ritative
2235 3443 2458 3500 directis
2490 3443 2803 3515 injunctum
2848 3442 2952 3497 sibi
3003 3441 3172 3498 fuisse
3207 3450 3440 3499 testatus
3479 3451 3584 3500 est.

1984 3540 2125 3593 Ecce
2154 3536 2438 3592 manifesta
2483 3535 2681 3591 indicia
2724 3535 2829 3592 hoc
2860 3551 3032 3607 usque
3062 3537 3430 3607 permanentis
3457 3553 3589 3593 con-

1983 3632 2202 3688 cordia.
2227 3631 2373 3703 Quid
2399 3647 2532 3702 ergo
2558 3638 2670 3685 tam
2693 3630 2803 3684 cito
2831 3629 3161 3685 intercidere
3186 3630 3384 3700 potuit,
3407 3630 3584 3698 utille,

1986 3729 2079 3799 qui
2118 3728 2178 3784 in
2219 3728 2474 3799 proximo
2514 3735 2640 3782 ante
2672 3725 3033 3781 Nativitatem
3073 3725 3299 3780 Domini
3337 3734 3503 3782 tanta
3529 3726 3587 3781 in

1983 3823 2224 3877 Ecclesia
2236 3820 2678 3892 magniﬁcentia
2708 3817 2818 3874 fuit
2837 3827 2898 3874 ut
2919 3819 2987 3876 ad
3014 3826 3214 3875 nutum
3241 3818 3389 3874 illius
3411 3817 3586 3892 digni-

1985 3923 2168 3971 tatum
2214 3914 2550 3971 mutationes
2583 3913 2810 3980 ﬁerent;
2861 3911 3010 3969 idem
3035 3911 3222 3983 paucis
3235 3921 3360 3983 post
3377 3913 3591 3969 Nativi-

1986 4017 2157 4064 tatem
2192 4008 2405 4076 diebus,
2439 4008 2822 4075 inconventus,
2863 4004 3162 4073 inauditus,
3214 4006 3384 4062 totius
3418 4007 3586 4063 etiam

1991 4102 2214 4174 ignarus
2259 4101 2634 4168 dissensionis,
2681 4099 3148 4172 proscriberetur?
3179 4099 3268 4156 Ab
3304 4099 3390 4156 illa
3437 4101 3588 4164 enim

1988 4195 2093 4263 die,
2129 4196 2224 4268 qui
2254 4196 2390 4250 tanti
2418 4194 2638 4250 habitus
2676 4200 2764 4249 est
2801 4193 2872 4249 ab
2913 4193 3014 4261 eis,
3053 4194 3170 4249 imo
3203 4193 3273 4249 ab
3303 4189 3586 4261 omnibus,

1991 4288 2199 4344 nullam
2236 4304 2428 4344 eorum
2467 4288 2798 4359 legationem
2835 4287 3067 4358 accepit,
3107 4301 3282 4358 usque
3324 4286 3460 4344 dum
3495 4287 3586 4342 illa

1993 4383 2201 4435 veniret
2236 4397 2346 4452 qua
2377 4379 2585 4435 dictum
2626 4387 2746 4435 est:
2777 4381 3059 4442 Descende,
3105 4380 3377 4444 descende,
3421 4384 3587 4436 inter-

1989 4477 2216 4530 dicimus
2237 4473 2340 4529 tibi
2359 4489 2509 4528 omne
2523 4474 2618 4542 jus
2637 4478 2903 4542 papatus;
2935 4471 3147 4542 aliaque
3177 4473 3512 4544 hujusmodi.

259 4571 506 4642 judiciis
533 4569 806 4626 districtio
834 4569 1321 4626 mansuetudinem
1350 4569 1686 4634 excessisset,
1717 4569 1791 4623 ita
1821 4576 1883 4623 ut
1914 4580 1960 4641 [)
2064 4567 2261 4624 Dicant
2298 4582 2428 4638 ergo
2477 4566 2644 4637 hujus
2688 4565 2970 4637 legationis
3025 4565 3443 4636 compositores,
3490 4567 3585 4638 qui

266 4665 526 4721 domnus
561 4664 894 4734 apostolicus
927 4663 1047 4734 plus
1080 4663 1244 4718 solito
1288 4671 1342 4718 et
1373 4678 1484 4717 non
1513 4679 1614 4733 pro
1657 4661 1881 4718 materia

266 4775 451 4830 super
496 4772 594 4813 eos
635 4773 863 4813 manum
890 4757 1259 4830 congravarit,
1289 4755 1545 4813 decuerat
1571 4763 1758 4811 tamen
1787 4772 1881 4810 or-

267 4851 561 4909 thodoxos
618 4852 925 4925 episcopos,
992 4851 1262 4907 catholico
1321 4849 1553 4920 principi
1610 4848 1884 4918 [suadere]

262 4953 557 5019 quatenus
585 4944 663 5000 sic
694 4945 954 5016 injuriam
981 4960 1141 5000 suam
1167 4943 1522 4999 ulcisceretur
1543 4957 1614 4998 ne
1637 4941 1884 4997 divinam

268 5040 560 5097 ultionem
587 5038 646 5093 in
674 5053 731 5094 se
771 5045 1116 5109 provocaret,
1146 5052 1216 5092 ne
1246 5036 1505 5092 Ecclesia
1546 5035 1759 5109 regulas
1790 5051 1883 5106 pe-

260 5135 428 5189 nitus
465 5130 866 5200 confunderet,
892 5147 959 5187 ne
998 5131 1263 5198 cadibus,
1311 5129 1596 5196 incendiis,
1629 5129 1888 5184 vastatio-

265 5227 447 5282 nibus
490 5225 550 5281 id
595 5234 780 5298 ageret
833 5223 981 5298 quod
1027 5222 1411 5281 ecclesiasticis
1450 5221 1886 5280 discussionibus

267 5318 563 5392 agendum
592 5325 732 5374 erat.

355 5411 540 5481 Aliud,
570 5411 718 5484 quod
763 5409 1162 5468 attendendum
1192 5418 1295 5480 est,
1321 5411 1553 5468 velimus
1589 5409 1884 5468 attendere

269 5514 408 5563 tam
451 5505 602 5576 illos,
641 5521 810 5578 quam
837 5505 934 5578 qui
963 5504 1031 5560 ab
1059 5505 1165 5561 illis
1188 5505 1371 5562 edocti
1412 5515 1544 5562 sunt
1568 5514 1629 5561 ut
1658 5503 1886 5561 credant

269 5600 408 5656 hac
453 5599 642 5656 omnia
676 5599 824 5656 licite
872 5607 929 5655 et
957 5598 1180 5671 impune
1224 5598 1624 5656 committenda
1648 5599 1886 5671 propter

364 5742 508 5803 (460)
537 5736 806 5794 Habitum
834 5745 915 5793 est
944 5736 1050 5793 hoc
1081 5736 1514 5795 conciliabulum
1543 5753 1688 5795 anno
1722 5741 1885 5793 1076.

272 5809 654 5866 VideBaron.
683 5816 823 5865 tom.
855 5811 960 5865 XI.

364 5884 514 5949 (461)
539 5880 807 5953 Loquitur
849 5877 920 5937 de
952 5880 1279 5939 Hermanno
1321 5881 1577 5953 episcopo
1621 5881 1886 5940 Bamber-
1923 5936 1929 5944 .

1991 4661 2282 4719 conventui
2328 4660 2652 4716 Wormatia
2693 4658 2879 4713 habito
2923 4660 3243 4725 intererant,
3280 4657 3373 4712 ubi
3417 4659 3584 4731 gratis

1991 4773 2021 4813 a
2061 4772 2119 4812 se
2140 4756 2338 4829 jugum
2368 4753 2673 4824 disciplina
2704 4752 3069 4824 projecerunt,
3096 4752 3188 4808 ubi
3215 4761 3419 4810 sancta
3449 4754 3586 4810 obe-

1990 4850 2206 4908 dientia
2233 4847 2478 4905 libellum
2517 4845 2731 4916 repudii
2766 4846 3234 4917 conscripserunt,
3263 4846 3357 4902 ubi
3388 4861 3588 4903 novam

1993 4943 2130 5000 hanc
2155 4941 2363 4999 mundo
2399 4940 2573 5013 legem
2613 4938 2983 4996 condiderunt
3012 4948 3070 4996 ut
3113 4955 3303 4997 servus
3333 4940 3589 5013 principis

1991 5054 2214 5096 summo
2243 5034 2487 5108 pontiﬁci
2507 5033 2822 5090 cathedram
2843 5034 3206 5105 episcopalem
3226 5033 3587 5092 interdicendi

1986 5131 2282 5205 jushabeat
2296 5149 2310 5186 :
2325 5129 2517 5186 dicant
2529 5144 2680 5200 ergo,
2703 5128 2923 5199 dicant;
2944 5136 3001 5184 et
3015 5129 3064 5184 si
3081 5143 3192 5183 non
3202 5129 3377 5195 nobis,
3397 5137 3589 5184 tamen

1993 5224 2249 5280 Ecclesia
2287 5223 2432 5295 juste
2485 5222 2748 5278 adversus
2808 5237 2902 5277 eos
2957 5220 3318 5293 proclamanti
3371 5236 3590 5292 respon-

1987 5317 2156 5375 deant
2183 5317 2381 5389 quibus
2417 5314 2864 5387 pracedentibus
2889 5315 3068 5370 causis
3107 5315 3234 5369 talia
3287 5329 3353 5370 ex
3392 5313 3586 5370 debito

1994 5408 2483 5484 recompensarint.
2523 5409 2581 5464 Si
2634 5416 2822 5464 autem
2871 5413 3275 5480 competentem
3317 5407 3589 5466 rationem

1993 5504 2220 5562 reddere
2249 5517 2361 5558 non
2389 5509 2638 5574 possunt,
2667 5502 2777 5556 imo
2807 5501 2937 5574 quia
2959 5515 3077 5556 non
3098 5507 3348 5571 possunt,
3380 5497 3594 5556 fatean-

1994 5607 2086 5655 tur
2121 5611 2341 5654 necesse
2364 5605 2448 5652 est
2481 5600 2630 5663 (462)
2661 5609 2817 5651 nova
2844 5609 2904 5650 se
2941 5591 3279 5649 confusionis
3316 5602 3588 5661 auctores,

1995 5736 2150 5810 gensi
2191 5734 2262 5810 ob
2290 5735 2594 5810 Simoniam
2625 5732 2896 5805 deposito,
2926 5737 2982 5786 et
3009 5729 3070 5788 in
3113 5730 3292 5787 locum
3323 5731 3439 5802 ejus
3467 5731 3589 5786 Ru-

1996 5806 2147 5882 perto
2166 5806 2485 5882 substituto.
2585 5876 2596 5882 _
2682 5875 2693 5882 _
2832 5872 2844 5882 _
2941 5873 2952 5882 ι
3030 5874 3040 5882 ⁸
3140 5873 3151 5882 _

2073 5879 2357 5951 (462)Hic,
2372 5887 2434 5936 ut
2460 5875 2698 5934 orationi
2735 5872 2911 5945 major
2937 5873 3071 5930 insit
3103 5873 3202 5942 vis,
3233 5872 3594 5944 perspicuitas
