4024 6170
205 230 309 285 869

1114 232 1402 289 APPEND.
1436 233 1529 289 ιιι.
1569 264 1640 275 -
1677 217 2094 291 MONUMENTA
2132 235 2593 302 GB-EGORIANA.

3399 245 3504 298 870

198 351 543 426 temporibus
579 353 910 426 profundior
929 356 1229 425 inhorruit,
1257 373 1319 415 ea
1350 359 1639 416 luminaria
1667 375 1792 432 qua:
1819 364 1878 427 Α
1904 362 2111 418 rimum
2129 377 2289 434 posse
2314 377 2483 435 quem
2521 361 2618 419 tibi
2642 371 2736 418 tua
2762 362 2969 420 sanitas
3008 363 3206 436 probat
3234 365 3404 422 etiam
3426 368 3501 422 in-

201 447 384 519 posuit
404 447 461 503 in
485 447 840 506 ﬁrmamento
863 457 927 507 ut
946 451 1165 508 luceant
1181 466 1348 524 super
1377 449 1583 510 terram
1600 495 1616 522 ,
1649 469 1796 510 non-

199 556 484 615 nunquam
502 542 704 600 clarius
748 543 1033 618 effulgere,
1060 555 1116 602 et
1136 561 1262 619 quae
1287 545 1502 604 dudum
1541 547 1644 604 sibi
1671 555 1795 604 tan-

198 642 323 691 tum
352 634 766 693 interluxe'runt
793 653 924 695 cum
946 638 1315 710 jucunditate,
1343 640 1510 698 etiam
1551 641 1794 698 homini-

199 727 304 784 bus
349 729 648 788 clementer
680 729 821 798 ,l'acit
862 732 1224 791 innotescere.

223 849 232 854 τ
274 825 427 881 Inter
452 839 576 898 qua
619 841 720 899 ego
762 843 874 884 non
904 827 1190 886 immerito
1228 832 1564 888 numerarim
1600 833 1662 886 B.
1694 833 1792 887 Al-

199 927 496 976 tmannu‘m
521 920 856 978 Pataviensis
879 923 1136 980 Ecclesia}
1175 924 1552 982 venerandum
1581 926 1795 982 antisti-

199 1021 336 1079 tem,
362 1013 457 1087 qui
500 1019 627 1086 post
662 1029 929 1072 occasum
972 1016 1140 1090 hujus
1179 1019 1426 1076 mortalis
1472 1019 1598 1076 vitae
1647 1022 1793 1076 inter

196 1106 379 1164 sidera
407 1107 532 1166 caeli
557 1109 876 1180 collocatus,
925 1119 1038 1167 tam
1099 1112 1292 1170 crebro
1345 1113 1533 1183 nobis;
1559 1113 1794 1186 desuper

194 1217 338 1259 novo
386 1201 554 1259 micat
601 1203 912 1276 splendore,
943 1204 1196 1263 videlicet
1225 1206 1283 1262 in
1311 1207 1605 1264 virtutibus
1632 1216 1691 1265 et
1715 1209 1792 1265 si-

194 1297 351 1369 gnis,
392 1312 518 1370 quae
555 1312 653 1370 per
681 1312 810 1354 eum
848 1307 1111 1371 operatur
1157 1301 1431 1357 mirabilis
1478 1303 1538 1357 in
1585 1303 1792 1359 sanctis

197 1391 315 1448 suis
341 1392 524 1460 Deus,
552 1399 613 1448 ut
636 1407 751 1448 non
771 1392 1072 1466 incongrue
1101 1393 1170 1451 ad
1201 1410 1329 1451 eum
1358 1396 1424 1451 B.
1454 1396 1560 1452 Job
1589 1395 1793 1453 dixisse

190 1483 439 1556 iudicem
474 1486 716 1546 :Cumte
751 1493 1122 1558 consumptum
1160 1492 1472 1558 putaveris.
1498 1493 1690 1546 oneris
1731 1495 1792 1546 ut

195 1579 395 1648 lucifer
431 1578 542 1649 (Job
598 1579 710 1651 χι).
755 1579 843 1636 Ad
889 1581 1008 1653 ejus
1035 1581 1187 1638 enim
1245 1583 1439 1639 merita
1467 1583 1794 1640 declaranda

184 1671 412 1744 fugiimt
443 1671 748 1739 dmmones,
771 1674 1050 1746 paralytici
1095 1685 1380 1744 curantur,
1403 1677 1791 1735 illuminantur

1907 455 2190 513 visibiliter
2209 455 2473 513 adfuisse.
2512 456 2753 513 Proinde
2781 456 2941 514 crede
2967 466 3240 526 sanctum,
3271 458 3504 531 prmdica

1907 549 2220 622 probatum,
2259 550 2348 622 qui
2373 550 2493 622 jam
2534 566 2648 608 non
2695 567 2770 622 se,
2812 550 2912 608 sed
2957 568 3123 624 quem
3170 556 3323 609 Deus
3351 569 3504 609 como

1905 645 2136 700 mendat
2160 646 2239 714 (Π
2261 644 2380 701 Cor.
2417 649 2502 717 x);
2529 645 2620 716 qui
2643 644 2764 718 jam
2804 661 2920 701 non
2948 645 3017 702 de
3055 662 3114 702 se
3161 647 3281 718 ipso
3342 647 3500 706 testi-

1907 739 2157 794 monium
2181 738 2314 794 dicit
2343 742 2512 804 (Joan.
2543 739 2701 809 v1.11),
2728 739 2827 796 sed
2844 739 2930 794 cui
2959 739 3095 797 dant
3118 739 3503 798 testimonium

1905 839 2034 900 tres,
2075 831 2170 904 qui
2221 841 2352 888 sunt
2381 832 2437 888 in
2459 833 2620 902 coelo,
2649 837 2832 902 Pater,
2863 842 2920 890 et
2946 834 3134 902 Filius,
3176 844 3238 890 et
3264 834 3503 905 Spiritus

1903 933 2120 981 sanctus
2151 930 2196 994 (Ι
2219 929 2373 981 Joan.
2401 927 2478 996 v).
2507 929 2696 999 Itaque
2728 928 2775 983 si
2797 927 3018 1000 leprosi,
3051 928 3144 998 qui
3176 927 3505 984 habitabant

1903 1019 1958 1074 in
1993 1027 2148 1091 porta
2167 1021 2447 1089 Samarize,
2476 1021 2798 1091 semetipsos
2828 1030 3100 1094 arguunt,
3131 1023 3179 1078 si
3198 1022 3340 1079 diem
3368 1021 3496 1078 boni

1904 1113 2084 1170 nuntii
2137 1122 2322 1170 tacent
2349 1114 2562 1170 civitati
2607 1115 2714 1184 (IV
2767 1120 2891 1186 Reg.
2926 1119 3056 1183 v11),
3105 1115 3278 1171 multo
3327 1114 3502 1188 magis

1902 1222 2014 1264 non
2049 1207 2338 1281 arguendi,
2368 1218 2421 1264 et
2459 1208 2851 1266 incredulitatis
2897 1217 3062 1280 atque
3093 1207 3500 1280 ingratitudinis

1902 1309 2125 1372 peccato
2150 1300 2356 1358 erimus
2390 1302 2637 1370 notandi,
2669 1302 2712 1357 si
2757 1302 3018 1360 Ecclesiae
3047 1301 3147 1358 Dei
3181 1310 3357 1357 tantas
3398 1301 3499 1358 Dei

1903 1395 2111 1461 laudes,
2160 1404 2312 1451 tanta
2364 1395 2528 1468 hujus
2553 1396 2729 1452 sancti
2776 1396 3071 1468 praeconia,
3105 1405 3325 1452 tantum
3355 1395 3500 1468 apud

1903 1506 2006 1546 nos
2055 1489 2354 1562 repositum
2399 1489 2714 1546 thesaurum
2767 1490 3103 1546 invideamus
3133 1491 3214 1546 vel
3266 1491 3500 1547 abscon—

1900 1583 2114 1640 damus.

1971 1677 2225 1734 Conabor
2264 1678 2673 1753 quamobrem,
2721 1677 2913 1733 vestris
2961 1678 3134 1733 victus
3189 1685 3241 1732 et
3284 1675 3526 1748 adjutus.

185 1766 347 1830 caici,
405 1767 678 1824 contracti
703 1767 1091 1838 restituuntur,
1141 1779 1195 1825 et
1217 1769 1492 1827 variarum
1515 1771 1792 1842 pelluntur
1827 1743 1878 1806 Β
1903 1751 2468 1843 p’recibus,reverendi
2487 1771 2698 1826 domini
2724 1780 2779 1826 et
2795 1769 3015 1838 fratres,
3038 1770 3272 1826 scribere
3297 1768 3500 1842 aliquid

183 1858 393 1916 damna
421 1859 967 1918 incommoditatnm.
996 1862 1186 1920 Erisne
1211 1879 1346 1936 ergo
1376 1880 1616 1936 praesens
1659 1874 1794 1922 aetas

185 1952 328 2011 adeo
355 1969 520 2022 caeca,
568 1962 631 2011 ut
656 1954 796 2011 tanti
825 1955 1048 2013 luminis
1074 1956 1321 2028 claritas,
1352 1975 1462 2030 quo
1483 1962 1634 2016 Deus
1662 1959 1790 2016 illu-

183 2056 333 2105 strat
377 2057 435 2105 et
458 2047 721 2106 miriﬁcat
759 2057 1016 2106 sanctum
1059 2065 1225 2108 suum
1245 2093 1260 2120 ,
1303 2052 1554 2125 ingratos
1601 2053 1790 2110 oculos

183 2149 318 2198 tuos
359 2157 475 2199 non
501 2143 869 2216 perstringat?
897 2153 1013 2201 non
1041 2150 1394 2203 conterreat?
1422 2146 1634 2204 Dixerit
1651 2147 1786 2204 buc-

181 2250 412 2309 nsque:
471 2237 514 2294 Ο
555 2239 828 2307 generatio
876 2249 1051 2308 praua
1106 2244 1157 2294 et
1203 2244 1571 2311 exasperatis!
1616 2243 1782 2308 (Psal.

179 2334 420 2397 Lxxvn)
441 2333 608 2401 signa.
636 2336 824 2388 nostra
851 2347 958 2387 non
979 2332 1237 2402 uidimus,
1254 2335 1378 2404 jam
1414 2351 1523 2390 non
1546 2339 1623 2391 est
1659 2338 1787 2392 Pro-

173 2426 352 2495 pheta
367 2425 536 2490 (Psal.
562 2429 804 2493 LXXIII).
835 2427 947 2493 En,
975 2425 1067 2498 qui
1089 2425 1220 2482 facit
1243 2426 1533 2484 nobiscum
1559 2428 1784 2501 signum

176 2517 237 2574 in
263 2517 480 2574 bonum
503 2521 669 2585 (Psal.
695 2523 950 2587 Lxxxv),
989 2527 1046 2575 et
1067 2521 1380 2578 consolatur
1401 2537 1504 2579 nos
1547 2537 1646 2594 per
1669 2537 1784 2578 me-
1811 2525 1814 2528 ’

178 2611 290 2668 rita
319 2609 518 2668 famuli
529 2612 633 2679 sui,
655 2615 874 2668 innovat
921 2615 1100 2683 signa,
1121 2619 1173 2669 et
1213 2615 1469 2671 immutat
1505 2617 1783 2671 mirabilia
1800 2620 1834 2637 ‘

177 2720 358 2777 usque
370 2706 448 2761 ad
465 2705 610 2761 diem
633 2707 776 2762 hanc
795 2708 980 2775 (Eccli.
1004 2711 1241 2774 xxxvr).
1262 2710 1481 2780 Ergone
1500 2707 1782 2765 dubitabis

174 2797 250 2856 de
263 2798 392 2856 viro
416 2797 544 2864 hoc,
574 2815 608 2856 ο
636 2798 938 2868 incredule,
970 2799 1123 2872 quod
1150 2800 1268 2873 ipse
1294 2815 1409 2857 non
1430 2801 1705 2857 introierit
1724 2803 1783 2858 in

155 2893 463 2968 potentias
504 2894 758 2967 Domini)
790 2897 958 2963 (Psal.
1007 2899 1174 2966 axx),
1222 2896 1318 2968 qui
1369 2904 1480 2953 tam
1531 2903 1782 2969 potenter

169 2987 375 3046 adesse
405 3003 520 3046 non
533 2988 717 3046 tardat
739 2989 1082 3062 supplicibus
1099 2989 1256 3048 suis?
1280 2991 1408 3047 Non
1431 2989 1654 3062 quidem
1678 3005 1778 3048 au-

166 3083 257 3142 dis
301 3098 519 3154 vooem,
549 3083 811 3141 umbram
838 3099 953 3141 non
984 3083 1164 3151 vides;
1195 3101 1428 3143 manum
1446 3100 1563 3142 non
1591 3085 1778 3153 sentis,

166 3186 231 3234 ut
282 3177 572 3250 quondam
595 3178 656 3236 in
677 3177 944 3252 apostolis
974 3179 1104 3252 aegri
1147 3179 1464 3249 audiebant,
1521 3178 1779 3238 videbant

165 3280 223 3328 et
286 3271 640 3344 sentiebant;
689 3279 746 3330 et
783 3280 977 3330 tamen
1034 3273 1204 3330 sentis
1249 3273 1536 3344 beneﬁcia,
1589 3280 1649 3331 et
1710 3273 1780 3330 ad

163 3365 590 3424 invocationem
609 3365 728 3439 ejus
751 3365 980 3439 pristina
1006 3365 1214 3440 gaudes
1242 3366 1642 3424 incolumitate.

233 3458 427 3519 Crede
448 3458 612 3532 igitur
638 3459 787 3533 apud
812 3463 996 3517 Deum
1015 3461 1221 3526 vivere,
1251 3467 1306 3517 et
1327 3459 1473 3532 apud
1497 3475 1628 3517 eum
1655 3461 1777 3532 plu-

1899 1866 1968 1921 de
1987 1865 2093 1922 vita
2122 1874 2176 1922 et
2203 1865 2483 1923 miraculis
2522 1865 2656 1920 tanti
2685 1863 2971 1937 pontiﬁcis,
3005 1881 3110 1918 non
3146 1867 3200 1918 in
3218 1865 3498 1934 persuasi-

1901 1960 2093 2016 b-ilibus
2142 1960 2390 2015 humano:
2444 1960 2731 2030 sapientiae
2767 1958 2942 2014 verbis
2972 1960 3022 2026 (1
3067 1958 3185 2012 Cor.
3232 1958 3324 2028 11),
3376 1972 3499 2029 qua:

1898 2052 2038 2108 mihi
2055 2053 2207 2110 nulla
2233 2061 2340 2122 est,
2365 2062 2420 2108 et
2443 2067 2615 2124 quam
2639 2067 2739 2124 ego
2755 2067 2885 2107 cum
2905 2051 3169 2122 Apostolo
3196 2049 3496 2105 stultitiam

1897 2147 2024 2202 novi
2062 2145 2181 2203 fore
2207 2145 2354 2219 apud
2383 2149 2596 2214 Deum;
2651 2144 2745 2202 sed
2771 2160 3030 2202 sermone
3057 2142 3292 2215 simplici
3323 2150 3376 2198 et
3403 2141 3493 2214 pio

1897 2256 2205 2314 proponam
2247 2239 2435 2297 lectori
2490 2238 2754 2312 quidquid
2797 2255 2864 2294 ex
2907 2236 3313 2310 antiquioribus
3369 2236 3491 2307 qui-

1893 2333 2125 2392 busdam
2152 2334 2371 2406 scriptis
2408 2333 2722 2405 recentique
2771 2331 3042 2388 memoria
3073 2346 3192 2399 vos,
3225 2329 3320 2386 ﬁlii
3353 2329 3492 2386 veri-

1889 2428 2035 2496 tatis,
2074 2427 2452 2486 indicaveritis
2491 2435 2545 2484 et
2599 2426 2965 2484 astruxeritis.
3013 2424 3266 2482 Scribere
3306 2432 3491 2482 autem

1892 2535 2019 2593 quae
2047 2521 2115 2578 ad
2163 2537 2283 2584 rem
2314 2537 2428 2576 non
2456 2520 2758 2592 pertinent,
2785 2528 2841 2576 et
2868 2517 3238 2592 ampliﬁcandi
3268 2532 3431 2574 causa
3453 2533 3486 2574 a

1892 2615 2210 2671 narratione
2240 2613 2454 2686 longius
2482 2612 2716 2686 digredi,
2742 2628 2844 2669 nec
2872 2629 2969 2669 vos
2999 2611 3206 2684 petitis,
3229 2627 3332 2668 nec
3360 2626 3493 2684 ergo

1887 2707 2152 2780 spondeo.
2184 2695 2440 2779 Spondeo
2470 2722 2621 2775 vero,
2658 2706 2702 2762 si
2731 2705 2866 2779 quid
2893 2706 2947 2762 in
2978 2705 3064 2761 his
3112 2704 3330 2778 scriptis
3365 2720 3487 2760 cor-

1891 2800 2199 2874 rigendum,
2228 2798 2584 2868 mutandum,
2607 2806 2702 2855 aut
2727 2797 3039 2855 tollendum
3061 2796 3491 2866 aestimaveritis,

1890 2894 1943 2951 id
1962 2909 2184 2967 aequum
2208 2894 2342 2950 mihi
2359 2909 2474 2951 non
2495 2892 2720 2949 turbare
2746 2891 3021 2961 animum,
3043 2891 3247 2963 quippe
3275 2889 3369 2962 qui
3383 2905 3488 2947 nec

1887 2988 2098 3058 amicis,
2127 3003 2366 3060 quorum
2393 2986 2540 3044 oculi
2573 2987 2707 3056 :non
2757 2992 2885 3043 sunt
2927 2984 3338 3052 columbarum,
3391 2982 3487 3040 sed

1886 3081 2214 3155 aquilarum,
2258 3080 2378 3138 haec
2415 3079 2686 3153 carpenda
2710 3094 2888 3152 nego;
2919 3093 3018 3151 pro
3048 3077 3246 3151 quibus
3274 3077 3486 3134 nullam

1869 3167 2074 3250 quaero
2113 3175 2366 3247 gloriam,
2397 3173 2493 3232 sed
2529 3180 2750 3230 tantum
2783 3171 2936 3230 vobis
2963 3171 3203 3230 debitam
3228 3169 3486 3229 exhibere

1889 3268 2278 3336 obedientiam,
2310 3275 2366 3324 et
2389 3267 2528 3341 ejus,
2555 3266 2624 3324 de
2647 3284 2758 3340 quo
2784 3267 3104 3336 scribimus,
3133 3261 3280 3338 apud
3305 3267 3486 3320 Deum

1891 3362 2336 3421 intercessionem
2364 3369 2418 3417 et
2447 3360 2912 3418 misericordiam.

2382 3456 2625 3526 Emplicit
2645 3455 2922 3528 prologue.

159 3612 3476 3642 WWW

989 3769 1460 3866 INCIPIT
1526 3773 1822 3866 VITA
1891 3771 1988 3862 S.
2058 3768 2673 3860 ALTMANNI

1432 3933 1870 3991 PATAVIENSIS
1909 3932 2230 3990 EPISCOPI.

1680 4090 1998 4108 —

223 4210 455 4270 Beams
485 4210 644 4286 igitur
664 4213 994 4269 Altmannus
1011 4211 1080 4269 de
1100 4219 1261 4286 gente
1283 4211 1564 4268 Saxonum
1587 4212 1774 4268 oriun-
1808 4217 1857 4278 D
1889 4215 2015 4284 (Isa.
2044 4210 2233 4280 LXVI.)
2258 4207 2425 4266 Unde
2441 4206 2636 4276 etiam,
2669 4205 2974 4264 secundum
3003 4205 3122 4279 ejus
3149 4205 3478 4282 sententiam

146 4308 301 4377 dus;
334 4306 480 4364 nihil
513 4315 694 4364 tamen
723 4305 901 4364 ferum
929 4315 1028 4363 aut
1047 4322 1276 4364 saxeum
1302 4305 1372 4363 ab
1393 4306 1481 4363 illa
1500 4305 1769 4363 didicerat

145 4404 422 4470 natione,
450 4400 567 4468 sed,
611 4409 876 4474 tanquam
923 4415 1144 4474 gemma
1210 4399 1605 4473 pretiosissima
1645 4416 1766 4472 quae

141 4512 210 4552 ex
235 4511 397 4554 auro
419 4493 724 4568 fulgentior
737 4495 898 4563 nitet,
928 4493 1010 4550 sic
1037 4494 1130 4550 ille
1167 4494 1326 4551 claris
1344 4494 1672 4566 parentibus
1708 4495 1766 4551 in

137 4589 317 4646 omni
337 4587 594 4645 bonitate
619 4596 676 4644 et
701 4588 988 4645 honestate
1015 4587 1214 4643 clarior
1242 4585 1464 4644 effulsit.
1493 4588 1602 4658 Qui
1626 4587 1765 4644 libe-

132 4685 371 4743 ralibus
400 4683 648 4740 traditus
675 4681 896 4750 studiis,
945 4698 1009 4738 eo
1055 4681 1208 4737 intus
1252 4681 1529 4753 aspirante
1570 4690 1625 4738 et
1669 4682 1767 4737 do-

127 4787 314 4837 cente
338 4779 446 4849 qui
465 4775 618 4833 docet
639 4777 903 4832 hominem
926 4777 1208 4830 scientiam
1230 4774 1396 4846 (Psal.
1423 4774 1621 4846 xcm),
1646 4783 1764 4831 tam

123 4873 356 4929 divinis
415 4885 586 4942 quam
612 4865 1002 4943 philosophicis
1047 4866 1457 4940 elegantissime
1479 4867 1768 4926 institutus

128 4973 226 5024 est
258 4962 602 5037 disciplinis.
627 4966 700 5020 Et
727 4963 852 5020 licet
871 4962 1167 5020 nonnullos
1193 4961 1426 5019 scientia
1456 4961 1576 5018 ham
1607 4961 1766 5018 inﬁet

122 5056 177 5132 (1
207 5062 358 5118 Cor.
390 5057 552 5131 vui),
583 5058 732 5115 hunc
761 5065 951 5115 tamen
1000 5057 1179 5114 virum
1208 5056 1302 5113 illa
1348 5071 1463 5112 non
1495 5056 1746 5123 inﬂabat,

123 5154 239 5214 sed
273 5152 550 5221 ornabat,
599 5151 693 5210 sed
722 5151 1166 5209 commendabat.
1196 5151 1386 5223 Longe
1413 5150 1519 5208 fuit
1543 5159 1598 5206 et
1624 5151 1763 5206 alter

123 5250 206 5307 ab
243 5248 356 5305 bis
385 5245 478 5319 qui
529 5246 652 5319 plus
675 5246 898 5318 sapiunt
933 5251 1102 5318 quam
1124 5253 1342 5317 oportet
1369 5259 1558 5317 sapere
1587 5245 1760 5310 (Rom.

120 5347 286 5416 xu),
342 5339 490 5397 fastu
517 5339 764 5397 scientiae
788 5351 902 5396 suae
929 5345 1200 5412 spernunt
1235 5338 1531 5411 simplices,
1556 5347 1613 5394 et
1633 5349 1762 5394 con-

118 5439 393 5496 culcant
409 5421 664 5492 humiles;
686 5431 1073 5506 Alioquin,nisi
1092 5431 1394 5489 humilibus
1411 5432 1759 5501 assensisset,

116 5539 183 5590 et
247 5537 635 5600 nequaquam
679 5527 788 5584 alta
815 5525 1087 5599 sapuisset
1114 5526 1274 5594 (Ibid.
1297 5529 1338 5596 ),
1361 5525 1642 5598 quomodo
1671 5526 1762 5580 in-

117 5628 380 5686 transet
407 5621 462 5678 in
490 5637 619 5680 eum
640 5621 880 5700 Spiritus
906 5623 1174 5677 sanctus?
1200 5619 1314 5688 ille,
1353 5620 1448 5692 qui
1474 5630 1755 5676 sacrarum

111 5715 529 5779 scientiarum
561 5715 833 5772 Dominus
861 5723 972 5783 est;
1004 5729 1129 5769 cum
1168 5728 1281 5770 non
1308 5712 1616 5785 requiescat
1654 5711 1761 5769 nisi

109 5826 319 5886 super
378 5805 631 5866 hmnilem
656 5813 707 5866 et
742 5810 1006 5881 quietum,
1035 5810 1085 5863 et
1112 5810 1417 5866 trementem
1439 5807 1597 5863 verba
1621 5810 1761 5861 sua?

1875 4306 1970 4377 qui
1997 4303 2140 4360 dixit
2158 4301 2310 4375 quod
2335 4303 2592 4356 humilem
2609 4303 2871 4370 spiritum
2894 4303 3138 4371 sequitur
3169 4299 3331 4366 (forte
3361 4315 3476 4355 sus-

1874 4400 2050 4469 capiet)
2073 4398 2267 4466 gloria,
2299 4394 2500 4468 dignus
2527 4393 2746 4450 habitus
2790 4401 2873 4448 est
2921 4394 3167 4462 exaltari,
3220 4393 3316 4465 qui
3365 4401 3480 4448 tam

1828 4523 1834 4532 -
1856 4491 2177 4562 lprudenter
2195 4488 2343 4560 apud
2371 4503 2429 4544 se
2442 4486 2726 4544 didicerat
2743 4486 3027 4542 humiliari

1927 4586 2012 4640 ..ιη
2044 4583 2286 4640 Ecclesia
2310 4597 2434 4655 quae
2462 4580 2663 4638 dicitur
2691 4579 3104 4646 Paderbrunne,
3147 4594 3263 4635 non
3286 4577 3471 4635 solum

1873 4678 2196 4746 canonicos,
2247 4692 2436 4733 verum
2467 4675 2628 4731 etiam
2659 4672 2729 4729 ad
2757 4673 3000 4746 regimen
3053 4671 3367 4730 scholarum
3388 4673 3478 4730 de-

1875 4773 2047 4830 lectus
2089 4779 2144 4827 et
2169 4769 2374 4836 multis
2419 4768 2571 4824 annis
2603 4768 2858 4823 astrictus
2887 4775 2988 4824 est.
3021 4769 3320 4827 Crescente
3342 4783 3470 4824 vero

1871 4865 2010 4923 tanti
2036 4864 2133 4920 viri
2153 4863 2318 4931 fama,
2341 4869 2746 4933 consequenter
2769 4861 2940 4918 crevit
2968 4869 3022 4916 et
3044 4861 3238 4934 gloria.
3278 4862 3463 4934 Quare

1873 4957 1931 5015 in
1968 4958 2058 5015 illa
2081 4956 2252 5016 nobili
2308 4954 2550 5012 Ecclesia
2597 4953 2946 5027 Aquisgrani,
2997 4969 3119 5026 quae
3154 4955 3317 5028 longe
3356 4954 3474 5026 jam

1871 5052 2218 5125 antiquitate,
2247 5049 2379 5109 sede
2411 5048 2699 5106 Teutonici
2729 5048 3022 5110 decoratur
3071 5048 3250 5121 regni,
3298 5064 3472 5104 cano-

1871 5147 2120 5205 nicorum
2170 5143 2495 5217 praepositus
2533 5141 2737 5199 meruit
2785 5141 3089 5199 sublimari.
3137 5144 3219 5197 Eo
3241 5157 3474 5214 quoque

1871 5241 1931 5297 in
1978 5248 2226 5313 tempore
2263 5239 2320 5296 in
2377 5236 2578 5308 palatio
2622 5235 2866 5292 Heinrici
2887 5236 3032 5294 tertii
3053 5235 3474 5308 imperatorisin

1869 5335 2031 5393 rebus
2051 5331 2281 5408 agendis
2324 5330 2502 5387 ﬁdelis
2544 5339 2600 5387 et
2620 5329 2862 5402 prudens
2900 5330 3150 5400 inventus
3191 5337 3295 5388 est.
3327 5331 3470 5387 Puto

1866 5429 2015 5502 quod
2056 5437 2189 5486 tunc
2236 5425 2619 5499 experiebatur
2648 5429 2798 5482 Deus
2825 5426 2884 5481 in
2907 5423 3118 5482 famulo
3153 5439 3255 5482 suo
3293 5440 3362 5481 an
3389 5423 3471 5481 di-

1869 5540 2010 5598 gnus
2044 5521 2262 5580 futurus
2302 5531 2452 5578 esset
2497 5521 2586 5576 cui
2636 5519 2784 5594 quod
2827 5518 3004 5592 majus
3053 5527 3172 5576 erat
3217 5517 3464 5576 credere-
3504 5543 3509 5554 ι

1869 5628 1983 5686 tur,
2010 5616 2077 5682 si,
2109 5616 2164 5672 in
2187 5630 2253 5672 eo
2282 5613 2432 5688 quod
2481 5613 2779 5670 minimum
2808 5621 2913 5678 est,
2959 5611 3180 5668 ﬁdelem
3223 5599 3466 5681 compro-

1870 5711 2073 5768 basset.
2108 5707 2384 5766 Defuncto
2414 5707 2601 5778 itaque
2649 5705 3012 5775 imperatore,
3044 5703 3104 5758 in
3141 5704 3260 5778 ipso
3281 5711 3466 5757 tamen

1870 5802 2100 5876 probata
2136 5801 2372 5860 ﬁdelitas
2398 5797 2662 5857 defuncta
2693 5810 2805 5852 non
2833 5802 2936 5864 est,
2963 5808 3130 5865 quam
3158 5792 3470 5866 infatigabi-
