4024 6170
572 240 671 298 871

1577 241 1669 295 AD
1706 224 1930 295 opm
1970 239 2025 294 s.
2065 224 2386 296 eitneomi
2425 233 2864 295 APPENDICES.
3110 246 3115 251 λ
3302 198 3311 201 ”
3734 247 3809 302 872

580 388 703 445 liter
730 388 962 444 servavit
1004 388 1203 459 Agneti
1234 387 1566 459 im’peratrici
1615 386 1756 442 inter
1794 386 2040 443 turbines
2091 402 2156 443 ce
2193 390 2247 452 Α
2273 389 2332 442 in
2370 392 2516 442 terra
2546 390 2692 443 visus
2728 392 2824 453 est,
2853 391 2904 441 et
2932 402 3049 441 eum
3083 386 3383 441 hominibus
3434 393 3817 444 conversatusest

576 481 760 538 fsuum
803 482 1163 547 diversorum,
1215 480 1412 552 quibus
1450 487 1585 537 tunc
1630 480 2015 536 miserabiliter
2057 497 2162 536 con

581 575 889 632 undebatur
916 591 1151 648 regnum
1181 584 1234 631 et
1258 574 1653 631 sacerdotium.

646 671 721 723 Ea
751 678 1076 741 tempestate
1116 669 1367 725 nonnulli
1401 669 1690 737 nobilium,
1744 687 1932 727 amore
1962 687 2024 726 ac
2066 670 2162 726 de-

575 763 773 819 siderio
803 765 1143 821 Hierusalem
1173 766 1408 821 cmlestis
1437 781 1560 837 quae
1588 782 1805 821 sursum
1836 775 1917 821 est
1954 774 2007 821 et
2036 780 2160 838 quae

574 855 738 912 libera
765 866 847 913 est
870 859 1011 924 (Gal.
1060 861 1150 927 1v)
1176 867 1229 913 et
1275 868 1357 915 est
1391 868 1572 914 mater
1615 868 1826 926 nostra,
1860 859 2003 914 hanc
2047 867 2158 913 ter-

568 966 758 1006 renam
780 954 1127 1010 Hierusalem
1154 955 1211 1009 in
1235 969 1339 1025 qua
1370 953 1712 1025 Redemptor
1740 953 1965 1009 humani
1996 969 2157 1025 gene—

474 1092 486 1103 .
569 1045 641 1099 ris
670 1062 807 1115 opus
836 1047 1023 1104 salutis
1051 1057 1277 1113 nostra,
1320 1047 1467 1119 quod
1498 1046 1648 1102 dedit
1668 1049 1716 1102 ei
1747 1050 1908 1102 Pater
1936 1055 1998 1101 ut
2026 1045 2159 1101 face-

570 1147 652 1193 ret
700 1142 877 1206 (Joan.
920 1148 1024 1207 ιγ),
1074 1142 1462 1197 misericorder
1499 1141 1902 1197 consummavit
1941 1142 2153 1207 (Matth.

569 1239 819 1300 xxvm),
851 1237 1087 1307 aggressi
1125 1244 1253 1291 sunt
1298 1237 1531 1291 invisere
1583 1240 1761 1303 (463),
1796 1244 1871 1303 et,
1903 1235 2155 1305 eXempIo

566 1336 877 1383 sanctarum
919 1330 1210 1385 mulierum
1251 1346 1373 1401 quae
1402 1328 1678 1401 quondam
1706 1338 1974 1385 venerunt
2024 1345 2153 1384 cum

565 1421 923 1491 aromatibus,
955 1424 1120 1478 etiam
1154 1423 1253 1495 ipsi
1297 1440 1425 1479 cum
1477 1423 1850 1479 odoramentis
1890 1431 2149 1478 votorum

564 1530 627 1569 ac
658 1530 882 1585 precum
911 1532 1153 1584 suarum,
1205 1518 1387 1572 locum
1422 1517 1571 1573 adire
1613 1526 1667 1572 et
1726 1516 1909 1573 videre
1952 1516 2006 1571 in
2041 1532 2150 1587 quo

562 1610 773 1679 positus
801 1618 917 1664 erat
952 1610 1215 1666 Dominus
1246 1614 1388 1681 (Luc.
1416 1616 1609 1679 xxw).
1651 1610 1785 1679 Quis
1810 1610 2021 1681 opinari
2049 1626 2151 1665 au—

557 1700 685 1758 deat
704 1700 1041 1759 diversarum
1072 1705 1356 1759 civitatum
1388 1704 1691 1774 pontiﬁces,
1721 1705 1867 1759 viros
1913 1704 2149 1775 pruden-

2272 484 2499 547 Baruch,
2544 486 2666 547 III),
2702 489 2757 536 et
2786 480 3059 551 praecipue
3088 480 3214 536 loco
3246 480 3517 551 passionis
3542 481 3655 552 ejus
3680 490 3725 537 et
3749 498 3813 538 re-

2273 574 2653 642 surrectionis,
2686 581 2849 646 atque
2876 574 2932 627 in
2964 573 3135 630 caelos
3181 574 3545 641 ascensionis,
3593 574 3703 645 quia
3736 592 3817 631 non

2273 666 2543 723 habebant
2569 668 2645 723 ibi
2691 675 3008 724 manentem
3038 667 3341 736 civitatem,
3373 666 3473 724 sed
3498 665 3743 734 futuram,
3761 670 3820 724 in-

2270 761 2565 834 quirebant
2597 759 2826 833 patriam
2852 761 3037 829 (Hebr.
3078 767 3217 825 xm)
3248 775 3413 833 quam
3463 759 3725 831 liquerant
3756 776 3817 816 re-

2270 856 2460 920 visere,
2485 864 2539 911 et
2567 854 2761 911 exinde
2797 854 2865 910 ad
2904 854 3144 925 patriam
3184 854 3462 910 caelestem
3510 856 3819 927 transmigra-

2268 964 2328 1004 re
2374 948 2761 1004 communibus
2822 948 2962 1002 votis
3022 955 3369 1017 optaverunt.
3421 950 3485 1001 In
3524 948 3821 1003 Pannoniam

2268 1058 2398 1099 vero
2428 1043 2820 1114 pervenientes,
2865 1056 2993 1097 cum
3024 1041 3079 1095 in
3107 1049 3291 1097 castro
3336 1042 3485 1112 quod
3527 1049 3713 1098 nostra
3750 1042 3823 1097 lin-

2267 1154 2371 1209 gua
2413 1136 2779 1193 Wizzeburch
2840 1134 3146 1207 appellatur
3184 1134 3565 1209 (Albaregalis)
3621 1135 3823 1192 demora-

2266 1242 2476 1299 rentur,
2508 1233 2827 1290 Guntherus
2858 1229 3179 1287 venerabilis
3208 1231 3497 1302 episcopus
3522 1228 3594 1287 de
3626 1230 3723 1286 hoc
3751 1246 3822 1286 saa-

2265 1327 2386 1383 culo
2404 1326 2657 1399 migravit
2682 1326 2751 1381 ad
2776 1324 3106 1391 Dominum;
3135 1323 3445 1391 auditurus,
3467 1333 3531 1381 ut
3548 1340 3819 1396 speramus,

2264 1419 2395 1475 illud
2423 1439 2435 1474 :
2460 1424 2624 1489 Euge,
2656 1435 2799 1474 serve
2827 1420 2953 1473 bone
2976 1422 3117 1483 (Luc.
3144 1420 3297 1486 xxx),
3329 1419 3417 1489 qui
3445 1435 3544 1490 pro
3572 1428 3821 1491 apportata

2262 1522 2319 1569 et
2344 1514 2704 1585 multiplicato
2729 1512 2942 1568 talento
2972 1520 3196 1567 vocatur
3214 1512 3362 1567 intus
3383 1513 3441 1567 in
3456 1512 3717 1585 gaudium
3735 1517 3819 1569 Do-

2264 1607 2397 1661 mini
2433 1605 2515 1662 sui
2540 1606 2750 1672 (Ibid)
2786 1604 3119 1677 Defungitur
3147 1602 3340 1659 eodem
3391 1612 3644 1675 tempore
3690 1606 3819 1661 etiam

2261 1700 2578 1772 Egelbertus
2623 1698 2953 1755 Pataviensis
2978 1699 3283 1769 episcopus,
3314 1698 3421 1754 illis
3473 1698 3738 1755 admistus
3776 1699 3818 1754 in

559 1796 630 1849 tia
651 1811 712 1851 ac
729 1797 1008 1852 nobilitate
1025 1798 1284 1870 insignes,
1306 1814 1560 1854 summos
1581 1798 1847 1865 honores,
1894 1767 2148 1870 patriam,
2182 1767 2230 1829 Β
2260 1795 2409 1850 caelis
2435 1808 2672 1866 quorum
2700 1793 2963 1865 dignitate
2996 1792 3296 1849 adornatus
3345 1802 3428 1848 est
3463 1793 3523 1848 in
3568 1796 3736 1850 terris.

556 1898 834 1962 cognatos,
869 1891 1190 1963 divitiasque
1214 1892 1617 1963 contempsisse
1649 1908 1749 1963 pro
1773 1891 2007 1964 quadam
2033 1892 2148 1948 vul-

555 1987 668 2056 gari
695 1987 976 2057 opinione,
998 1986 1148 2057 quasi
1174 1985 1292 2043 dies
1320 1988 1548 2043 extremi
1574 1988 1807 2043 instaret
1827 1987 2051 2059 judicii;
2082 2004 2147 2044 eo

554 2077 705 2151 quod
754 2079 963 2135 Pascha
992 2081 1084 2136 illo
1132 2081 1186 2135 in
1217 2097 1360 2136 anno
1387 2080 1782 2137 celebrandum
1824 2082 2150 2137 occurrisset

551 2189 608 2227 νι
635 2172 759 2227 Kal.
801 2173 1001 2244 Apri|.,
1035 2189 1144 2245 quo
1176 2174 1425 2230 videlicet
1450 2174 1774 2230 inscribitur
1818 2175 2146 2231 resurrectio

552 2265 782 2322 Christi?
814 2269 931 2337 Ego
958 2266 1128 2337 magis
1159 2267 1463 2339 putaverim
1494 2268 1581 2338 pia
1611 2268 1903 2323 devotione
1929 2284 2146 2340 permo-

550 2366 658 2429 tos,
685 2367 779 2415 aut
800 2359 1274 2416 crebrescentibus
1307 2361 1548 2433 undique
1578 2362 1736 2417 malis
1791 2362 2146 2418 conturbatos

551 2452 797 2509 laborem
823 2452 988 2526 hujus
1043 2455 1505 2526 peregrinationis
1534 2454 1851 2527 arripuisse,
1898 2464 1952 2511 et
1998 2456 2144 2528 quod

549 2547 778 2604 decebat
798 2547 1072 2619 sapientes
1086 2556 1141 2604 et
1164 2548 1464 2621 religiosos,
1493 2547 1610 2605 dies
1635 2549 1814 2605 malos
1845 2549 2024 2620 potius
2065 2551 2142 2605 in—

550 2658 768 2698 sumere
796 2642 1029 2698 voluisse
1052 2643 1109 2697 in
1137 2641 1425 2698 reddendis
1448 2642 1585 2698 votis
1614 2642 1852 2698 Domino
1873 2647 1992 2699 Deo
2016 2660 2138 2711 suo,

548 2752 714 2807 quam
741 2736 860 2791 sine
883 2734 1065 2792 fructu
1090 2736 1241 2791 omni
1270 2736 1326 2791 in
1358 2735 1557 2791 talium
1589 2744 1901 2808 temporum
1928 2738 2141 2809 pericu-

548 2830 600 2885 lo
627 2831 958 2885 conversari.
986 2830 1231 2885 Fuerunt
1268 2830 1321 2884 in
1344 2829 1444 2885 hac
1481 2829 1843 2887 multitudine
1871 2830 1968 2886 viri
1999 2848 2138 2905 pra:-

546 2923 690 2997 cipui
741 2941 756 2979 :
812 2922 1049 2980 Sifridus
1118 2924 1520 2996 Moguntiensis
1567 2923 2027 2997 archiepiscopus,
2087 2935 2141 2981 et

545 3017 867 3074 Guntherus
914 3016 1388 3089 Babenbergensis
1444 3016 1756 3089 episcopus,
1790 3027 1843 3073 et
1888 3034 2019 3073 cum
2064 3020 2141 3074 eis

544 3110 637 3167 viri
666 3111 933 3167 nominati
959 3119 1074 3167 tam
1101 3110 1284 3165 clerici
1326 3127 1497 3183 quam
1528 3111 1648 3166 laici
1679 3113 1842 3181 (464).
1888 3111 1988 3167 His
2012 3128 2137 3184 quo-

541 3222 645 3278 que
671 3209 725 3262 S.
748 3207 1080 3263 Altmannus
1121 3222 1245 3261 cum
1275 3204 1514 3277 pluribus
1537 3204 1821 3261 honoratis
1843 3203 1909 3261 de
1932 3207 2135 3277 palatio

541 3317 729 3357 comes
763 3300 1057 3373 adjunctus
1072 3308 1171 3356 est.

611 3395 783 3466 Igitur
830 3394 1058 3466 ingressi
1099 3395 1201 3450 iter
1235 3393 1587 3466 propositum
1626 3392 1943 3450 inciderunt
1973 3395 2029 3449 in
2062 3395 2135 3449 Ia—

539 3497 741 3544 trones.
782 3488 995 3544 Inimici
1032 3504 1268 3559 namque
1309 3487 1490 3543 crucis
1519 3487 1749 3553 Christi,
1804 3504 1997 3543 eorum
2041 3505 2132 3544 co-

537 3590 855 3655 operatores
878 3590 932 3637 et
954 3581 1107 3640 socii.
1135 3582 1205 3637 de
1221 3581 1422 3652 quibus
1453 3580 1628 3635 David
1652 3581 2003 3652 conqueritur
2035 3585 2131 3637 :In

536 3680 623 3730 via
668 3677 784 3741 hac,
825 3692 937 3744 qua
967 3676 1333 3735 ambulabam,
1362 3674 1754 3729 absconderant
1799 3677 2015 3745 superbi
2064 3677 2133 3729 la-

536 3784 727 3839 queum
761 3768 899 3823 mihi
920 3769 1083 3833 (Psat.
1116 3767 1400 3835 cxxxrx),
1442 3765 1656 3821 insidiis
1694 3783 1790 3837 eos
1833 3768 2129 3823 circumve-

534 3862 745 3917 nientes
771 3861 1084 3930 complures
1131 3876 1324 3916 eorum
1369 3858 1829 3929 despoliaverunt,
1880 3862 2129 3916 vulnera-

533 3963 727 4010 verunt
752 3962 807 4009 et
826 3963 1173 4025 peremerunt
1202 3953 1395 4022 (464‘).
1427 3956 1704 4007 Docemur
1732 3961 1876 4009 certe
1896 3952 1988 4009 hic
2017 3971 2128 4010 non

534 4047 700 4104 modo
724 4046 1114 4104 descendentes
1157 4046 1225 4101 ab
1256 4046 1598 4101 Hierusalem
1628 4045 1683 4100 in
1726 4045 1947 4100 Jericho
1984 4046 2127 4117 peri-

531 4142 653 4197 cula
692 4142 805 4213 pati
847 4142 1146 4207 latronum,
1176 4155 1366 4195 verum
1388 4139 1753 4195 nihilominus
1774 4140 2127 4196 ascendentes

531 4235 599 4289 ab
627 4234 848 4290 Jericho
876 4236 1019 4299 (Luc.
1048 4234 1128 4305 x),
1151 4233 1204 4288 id
1233 4242 1315 4288 est
1342 4234 1410 4289 ab
1452 4233 1557 4289 hoc
1593 4232 1805 4290 mundo
1850 4234 1903 4288 in
1934 4234 2125 4289 Hieru-

528 4329 722 4394 salem,
762 4344 874 4383 non
912 4329 1089 4383 solum
1114 4326 1465 4382 invisibilium
1508 4328 1603 4383 sed
1634 4327 1797 4383 etiam
1828 4328 2122 4383 visibilium

526 4420 750 4479 insidias
765 4422 1033 4478 sustinere
1065 4421 1440 4477 inimicorum.
1463 4424 1845 4492 Utrorumque
1898 4421 2126 4477 insidias

2329 1891 2461 1944 Post
2503 1888 2659 1960 cujus
2708 1902 3012 1954 excessum,
3073 1887 3274 1943 collato
3326 1886 3558 1943 invicem
3602 1889 3817 1953 consilio,

2258 1984 2471 2039 favente
2496 1990 2704 2055 Agnete
2751 1983 3117 2053 imperatrice,
3156 1998 3258 2038 nec
3290 1984 3474 2039 minus
3517 1986 3669 2056 regni
3710 1984 3820 2055 opti-

2254 2078 2512 2145 matibus,
2540 2078 2794 2134 omnium
2827 2077 2944 2148 pari
2980 2076 3325 2133 conniventia
3376 2078 3574 2135 beatus
3604 2079 3819 2137 Altman-

2254 2188 2357 2227 nus
2385 2173 2442 2227 in
2479 2172 2659 2227 locum
2697 2170 2941 2227 defuncti
2989 2172 3045 2226 in
3082 2172 3386 2228 Pataviensi
3437 2171 3573 2229 sede
3629 2176 3816 2245 episeo-

2254 2282 2356 2336 pus
2401 2264 2781 2321 denominatus
2832 2274 2939 2322 est.
2996 2265 3297 2337 Applaudit
3357 2266 3563 2335 clerus,
3617 2266 3819 2341 populus

2251 2359 2583 2431 congaudet,
2614 2368 2689 2426 et,
2718 2361 2941 2415 nemine
2969 2358 3349 2427 dissentiente,
3383 2359 3530 2416 hunc
3558 2360 3823 2433 pontiﬁca-

2252 2452 2395 2508 libus
2422 2452 2607 2509 infulis
2644 2452 3032 2525 dignissimum
3083 2453 3410 2525 approbant,
3440 2470 3629 2525 quem
3680 2455 3822 2511 decus

2251 2548 2485 2618 generis,
2519 2547 2643 2603 vitae
2668 2547 2950 2614 sanctitas,
3004 2547 3212 2603 sanitas
3257 2546 3543 2615 doctrinas,
3591 2557 3644 2604 et
3676 2547 3821 2604 testi-

2252 2639 2499 2696 monium
2538 2638 2958 2696 commendaret
2986 2638 3151 2695 famae
3189 2639 3482 2697 inviolatae.
3536 2641 3812 2696 Mittuntur

2249 2731 2475 2805 proinde
2493 2734 2547 2789 in
2576 2733 2800 2790 obviam
2824 2733 2925 2789 viri
2944 2733 3227 2800 honorati,
3249 2734 3344 2805 qui
3372 2734 3582 2806 virgam
3596 2742 3819 2805 pastora-

2249 2828 2354 2883 lem
2402 2837 2460 2883 et
2495 2828 2757 2883 annulum
2788 2826 3153 2897 pontiﬁcalem
3175 2828 3347 2883 electo
3396 2828 3451 2882 in
3482 2829 3817 2885 Pannoniam

2248 2921 2513 2989 deferant,
2542 2938 2604 2976 ac
2632 2922 2832 2978 talibus
2862 2921 3169 2994 insignibus
3207 2920 3341 2994 quid
3386 2922 3455 2979 de
3489 2937 3557 2978 eo
3593 2934 3815 2994 superna
3844 2962 3854 2969 ι

2251 3017 2582 3073 ordinaverit
2608 3017 2893 3089 dispositio
2923 3016 3154 3073 ﬁdeliter
3177 3025 3528 3074 attestentur.

2318 3114 2556 3167 Vocatus
2580 3127 2711 3183 ergo
2727 3127 2758 3167 a
2786 3115 2904 3167 Deo
2932 3120 3195 3185 tanquam
3224 3116 3430 3180 Aaron,
3452 3128 3567 3170 non
3594 3115 3706 3185 ipse
3727 3111 3819 3169 sibi

2245 3222 2469 3262 sumens
2518 3205 2785 3262 honorem
2809 3206 2993 3277 (Hebr.
3043 3207 3121 3277 v),
3164 3222 3264 3263 nec
3313 3208 3487 3263 instar
3535 3209 3820 3265 multorum

2239 3300 2538 3371 fugientem
2562 3299 2874 3372 insequens,
2900 3310 2996 3356 aut
3011 3301 3412 3357 reclamantem
3442 3302 3713 3374 obsequiis
3736 3301 3819 3355 de-

2242 3394 2456 3457 linieus,
2488 3394 2556 3448 ab
2586 3392 2778 3449 ovibus
2803 3393 2907 3448 sibi
2967 3394 3367 3451 commendatis
3414 3410 3547 3451 cum
3594 3395 3819 3450 maximo

2243 3487 2475 3557 tripudio
2501 3496 2785 3557 exceptus;
2812 3495 2867 3543 et
2896 3495 3020 3559 post
3044 3486 3330 3543 modicum
3357 3504 3387 3543 a
3440 3488 3728 3545 reverenda
3745 3502 3819 3542 ar-

2241 3580 2583 3651 chiepiscopo
2609 3580 2934 3637 Gebehardo
2974 3581 3417 3654 [Salisburgensi]
3450 3580 3635 3637 debita
3676 3582 3820 3638 bene-

2242 3674 2481 3730 dictione
2508 3682 2883 3741 consecrata,
2910 3690 2941 3729 a
2996 3674 3221 3745 Spiritu,
3271 3674 3654 3731 testimonium
3701 3670 3816 3730 red-

2238 3767 2399 3825 dente
2412 3767 2620 3839 Spiritui
2644 3776 2832 3841 nostro
2849 3767 2977 3839 quia
2996 3767 3091 3851 filii
3140 3768 3242 3823 Dei
3263 3784 3454 3825 sumus
3480 3772 3649 3835 (Rom.
3666 3768 3811 3835 vm),

2239 3860 2612 3916 testimonium
2658 3850 2866 3933 accepit
2909 3860 3057 3933 quod
3101 3877 3225 3917 vere
3254 3862 3325 3918 sit
3377 3862 3495 3934 ipse
3538 3863 3705 3919 Filius
3729 3860 3807 3917 cui

2239 3954 2295 4008 S.
2328 3955 2488 4009 Pater
2542 3952 2839 4009 efficaciter
2896 3954 3237 4027 imprecatus
3293 3963 3403 4020 est,
3443 3955 3675 4013 dicens:
3719 3956 3815 4022 Qui

2234 4048 2579 4102 material-perit
2626 4047 2749 4111 tibi,
2791 4050 2863 4101 sit
2902 4050 2991 4102 ille
3032 4049 3381 4118 nutierlictus;
3431 4055 3483 4104 et
3529 4053 3622 4120 qui
3667 4050 3801 4102 bene-

2235 4143 2437 4196 direrit
2459 4142 2581 4208 tibi,
2627 4140 3072 4196 benedictionibus
3102 4143 3375 4212 repleatur
3405 4144 3561 4209 (Gen.
3600 4146 3795 4205 nm).

2234 4235 2482 4290 Directus
2520 4234 2683 4289 estin
2718 4249 2784 4288 eo
2806 4236 2876 4288 ab
2916 4234 3014 4289 illo
3046 4233 3136 4289 die
3165 4243 3224 4290 et
3277 4235 3538 4307 deinceps
3592 4233 3804 4306 Spiritus

2240 4328 2480 4383 Domini.
2518 4330 2644 4383 Jam
2666 4326 2867 4383 exhinc
2890 4336 3040 4385 totus
3079 4328 3435 4385 succenditur
3482 4329 3538 4384 in
3577 4342 3802 4386 amorem

2236 4424 2363 4487 Dei;
2394 4431 2468 4487 et,
2499 4422 2637 4477 illius
2668 4421 2908 4480 refectus
2928 4423 3153 4493 visione,
3180 4424 3366 4480 minus
3399 4423 3468 4480 de
3493 4425 3699 4496 reliquo
3722 4438 3802 4478 re-

527 4524 583 4572 et
608 4517 830 4588 laqueos
852 4514 1231 4581 considerans,
1277 4522 1505 4570 sanctus
1545 4515 1839 4570 conﬁtetur
1865 4522 1921 4568 et
1940 4513 2077 4569 dicit
2103 4534 2115 4567 :
2148 4500 2201 4563 D
2229 4516 2405 4588 spexit
2431 4516 2491 4570 in
2516 4516 2776 4573 vanitates
2804 4526 2859 4573 et
2888 4518 3125 4574 insanias
3153 4516 3316 4573 falsas
3350 4519 3529 4585 (Psal.
3561 4522 3801 4581 xxxrx);

528 4611 683 4666 Oculi
724 4613 829 4665 mei
865 4624 1071 4678 semper
1106 4609 1180 4663 ad
1228 4611 1507 4665 Dominum
1549 4610 1802 4676 quoniam
1837 4610 1947 4677 ipse
1994 4612 2122 4663 evel—

522 4704 593 4758 let
634 4702 698 4758 de
729 4703 920 4773 laqueo
948 4702 1108 4771 pedes
1138 4718 1275 4757 meos
1303 4703 1467 4766 (Psal.
1498 4705 1691 4765 XXIV).
1721 4703 1791 4755 Et
1820 4701 2019 4757 iterum
2051 4701 2122 4758 de

526 4796 767 4851 Domino
815 4794 984 4849 dicit:
1018 4798 1135 4864 Ipse
1174 4796 1424 4849 liberavit
1469 4811 1550 4849 me
1592 4794 1657 4848 de
1700 4795 1886 4864 laqueo
1924 4812 2120 4850 venan-

521 4887 677 4955 tium,
705 4894 755 4945 ει
782 4890 988 4943 avei'bo
1017 4904 1205 4956 aspero
1233 4889 1394 4949 (Psul.
1428 4892 1539 4952 xc).
1596 4895 1667 4943 At
1720 4889 1817 4943 viri
1873 4889 2114 4959 virtutis,

519 4998 753 5055 quorum
786 4990 905 5038 erat
932 4982 990 5035 in
1018 4980 1219 5036 timore
1249 4982 1479 5037 Domini
1511 4982 1709 5037 ﬁducia
1736 4982 2108 5051 fortitudinis,

516 5074 678 5132 rebus
707 5075 945 5141 adversis
976 5073 1250 5139 fortiores,
1280 5091 1376 5146 per
1410 5074 1608 5130 damna
1648 5081 1701 5129 et
1739 5073 1996 5143 ludibria,
2028 5084 2111 5130 at-

515 5185 621 5242 que
648 5169 893 5235 verbera,
926 5167 1128 5241 quibus
1167 5183 1260 5223 eos
1301 5167 1594 5224 crudeliter
1633 5176 1691 5223 et
1736 5168 2111 5239 multipliciter

515 5260 697 5317 affecit
743 5277 886 5319 sava
927 5261 1225 5330 barbaries,
1258 5261 1475 5319 tandem
1524 5261 1959 5333 Hierosolymam
1991 5278 2111 5333 per-

515 5365 813 5420 venerunt;
855 5356 970 5423 ubi,
1012 5350 1302 5411 reddentes
1332 5359 1450 5411 Deo
1490 5363 1615 5411 vota
1669 5371 1792 5427 quae
1842 5355 2107 5412 distinxe-

511 5458 634 5505 rant
661 5449 802 5505 labia
848 5466 943 5506 sua
973 5452 1135 5516 (Psal.
1175 5450 1341 5520 va),
1375 5455 1429 5505 et
1457 5449 1695 5505 visitatis
1722 5449 1906 5506 debita
1940 5465 2105 5507 vene-

510 5544 721 5599 ratione
746 5543 876 5598 locis
905 5541 961 5597 in
990 5542 1191 5615 quibus
1226 5544 1497 5599 Dominus
1542 5551 1596 5599 et
1624 5543 1872 5600 Salvator
1918 5552 2107 5600 noster

582 5683 723 5753 (463)
752 5682 1003 5754 instituta
1041 5689 1125 5754 est
1171 5680 1288 5754 haec
1339 5682 1704 5754 peregrinatio
1745 5697 1891 5737 anno
1927 5686 2105 5754 _1064,

511 5749 647 5808 duce
674 5751 955 5825 Sigefridg
978 5749 1292 5820 archiepisc.
1326 5749 1669 5824 Moguntino.

585 5822 897 5890 (464)'Vide
922 5823 1125 5876 Baron.
1155 5829 1289 5877 tom.
1321 5822 1596 5891 Xl,'anuo
1630 5826 1785 5879 1064.

2231 4618 2487 4667 constans
2525 4611 2581 4665 in
2610 4610 2842 4683 jejuniis,
2874 4612 2934 4667 in
2963 4610 3157 4683 vigiliis
3184 4627 3570 4684 perseverans;
3633 4609 3806 4669 creber

2230 4706 2288 4759 in
2328 4704 2671 4761 orationibus
2696 4706 2998 4773 laborabat,
3029 4722 3124 4777 per
3150 4706 3392 4779 singulas
3417 4715 3613 4763 noctes
3640 4707 3696 4762 in
3721 4718 3803 4776 ge-

2231 4798 2369 4853 mitu
2410 4812 2509 4853 suo
2546 4806 2601 4852 et
2628 4797 2883 4870 lacrymis
2911 4806 3146 4854 stratum
3189 4814 3355 4855 suum
3389 4800 3607 4871 rigabat
3654 4796 3803 4861 (Psai.

2229 4896 2330 4958 v1).
2361 4890 2743 4947 Abscondebat
2766 4892 3141 4963 eleemosynas
3180 4892 3238 4947 in
3268 4892 3388 4948 sinu
3418 4908 3735 4964 pauperum,
3754 4895 3803 4944 ut

2221 4984 2324 5056 ipsi
2359 4992 2577 5041 orarent
2600 5000 2700 5055 pro
2724 5000 2813 5053 eo,
2840 5000 2969 5040 cum
2996 4985 3091 5041 ille
3115 5000 3276 5041 orare
3301 4986 3483 5043 minus
3527 4986 3797 5058 potuisset.

2221 5081 2292 5134 Et
2316 5078 2433 5135 haec
2452 5077 2679 5150 quidem
2701 5078 2900 5149 agebat
2926 5079 2982 5133 in
3010 5078 3355 5147 abscondito,
3380 5088 3442 5135 ut
3469 5081 3632 5137 Pater
3657 5090 3795 5138 suus.

2217 5173 2311 5242 qui
2325 5172 2471 5228 videt
2486 5174 2544 5227 in
2568 5171 2911 5240 abscondito,
2944 5171 3199 5229 redderet
3224 5172 3275 5228 ei
3324 5174 3547 5243 (Matth.
3580 5173 3664 5241 ν).

2288 5264 2393 5321 Sed
2414 5264 2675 5336 quoniam
2713 5274 3000 5337 acceperat
3029 5264 3098 5322 ab
3123 5265 3387 5338 Apostolo
3438 5265 3726 5338 providere
3751 5273 3801 5315 se

2215 5357 2413 5414 debere
2435 5357 2577 5413 bona
2617 5372 2729 5414 non
2767 5358 2952 5415 solum
2989 5374 3178 5415 coram
3228 5361 3367 5428 Deo,
3414 5374 3608 5416 verum
3648 5356 3796 5413 etiam

2214 5466 2404 5508 coram
2432 5450 2687 5508 omnibus
2719 5450 3038 5509 hominibus
3065 5456 3235 5519 (Rom.
3268 5454 3415 5523 xu);
3458 5451 3609 5525 quod
3631 5468 3664 5507 a
3694 5445 3798 5520 pri-

2217 5559 2386 5602 maeva
2426 5553 2585 5601 astate
2629 5545 2911 5603 decretum
2940 5546 3047 5603 sibi
3082 5545 3276 5613 fuerat,
3306 5546 3531 5619 optimis
3557 5544 3690 5603 foris
3714 5555 3791 5595 or-

2289 5683 2459 5755 (464‘)
2504 5685 2581 5740 Ex
2625 5688 2655 5738 7
2687 5684 2933 5742 millibus
2974 5685 3063 5741 vix
3111 5682 3219 5741 duo
3258 5683 3435 5742 millia
3468 5681 3679 5751 redisse
3718 5671 3795 5731 di-

2218 5765 2438 5813 cuntur.
3716 5764 3719 5767 “
