  <div class='ocr_page' id='page_1' title='image "/cluster/home/n/w/nwhite01/storage/ocr_20150623/148/hvd.32044054760061/442.png"; bbox 0 0 4048 6174; ppageno 0'>
   <div class='ocr_carea' id='block_1_1' title="bbox 259 285 363 336">
    <p class='ocr_par' dir='ltr' id='par_1_1' title="bbox 259 285 363 336">
     <span class='ocr_line' id='line_1_1' title="bbox 259 285 363 336; baseline 0 -1"><span class='ocrx_word' id='word_1_1' title='bbox 259 285 363 336; x_wconf 84' lang='grc'><strong>873</strong></span> 
     </span>
    </p>
   </div>
   <div class='ocr_carea' id='block_1_2' title="bbox 1165 283 2655 345">
    <p class='ocr_par' dir='ltr' id='par_1_2' title="bbox 1165 283 2655 345">
     <span class='ocr_line' id='line_1_2' title="bbox 1165 283 2655 345; baseline 0.005 -8"><span class='ocrx_word' id='word_1_2' title='bbox 1165 283 1452 338; x_wconf 84' lang='lat' dir='ltr'><strong>APPEND.</strong></span> <span class='ocrx_word' id='word_1_3' title='bbox 1492 284 1583 339; x_wconf 86' lang='lat' dir='ltr'><strong>Ill.</strong></span> <span class='ocrx_word' id='word_1_4' title='bbox 1624 313 1691 323; x_wconf 92' lang='lat'><strong>-—</strong></span> <span class='ocrx_word' id='word_1_5' title='bbox 1730 284 2147 341; x_wconf 82' lang='lat' dir='ltr'><strong>MONUMENTA</strong></span> <span class='ocrx_word' id='word_1_6' title='bbox 2186 288 2655 345; x_wconf 80' lang='lat' dir='ltr'><strong>GREGORIANA.</strong></span> 
     </span>
    </p>
   </div>
   <div class='ocr_carea' id='block_1_3' title="bbox 3454 294 3555 348">
    <p class='ocr_par' dir='ltr' id='par_1_3' title="bbox 3454 294 3555 348">
     <span class='ocr_line' id='line_1_3' title="bbox 3454 294 3555 348; baseline 0.01 -1"><span class='ocrx_word' id='word_1_7' title='bbox 3454 294 3555 348; x_wconf 70' lang='grc'><strong>874</strong></span> 
     </span>
    </p>
   </div>
   <div class='ocr_carea' id='block_1_4' title="bbox 254 404 3555 486">
    <p class='ocr_par' dir='ltr' id='par_1_4' title="bbox 254 404 3555 486">
     <span class='ocr_line' id='line_1_4' title="bbox 254 404 3555 486; baseline 0.003 -25"><span class='ocrx_word' id='word_1_8' title='bbox 254 404 500 461; x_wconf 89' lang='lat' dir='ltr'><strong>nabatur</strong></span> <span class='ocrx_word' id='word_1_9' title='bbox 538 405 809 477; x_wconf 89' lang='lat' dir='ltr'><strong>moribus,</strong></span> <span class='ocrx_word' id='word_1_10' title='bbox 839 406 1024 477; x_wconf 78' lang='lat' dir='ltr'><strong>quales</strong></span> <span class='ocrx_word' id='word_1_11' title='bbox 1052 406 1200 462; x_wconf 90' lang='lat' dir='ltr'><strong>idem</strong></span> <span class='ocrx_word' id='word_1_12' title='bbox 1230 407 1430 463; x_wconf 88' lang='lat' dir='ltr'><strong>docere</strong></span> <span class='ocrx_word' id='word_1_13' title='bbox 1461 407 1674 464; x_wconf 89' lang='lat' dir='ltr'><strong>videtur</strong></span> <span class='ocrx_word' id='word_1_14' title='bbox 1705 413 1854 479; x_wconf 82' lang='lat' dir='ltr'><strong>Apo-</strong></span> <span class='ocrx_word' id='word_1_15' title='bbox 1880 412 1934 475; x_wconf 81' lang='grc' dir='ltr'><strong>Α</strong></span> <span class='ocrx_word' id='word_1_16' title='bbox 1972 414 2346 470; x_wconf 88' lang='lat' dir='ltr'><strong>Pataviensem</strong></span> <span class='ocrx_word' id='word_1_17' title='bbox 2388 414 2578 470; x_wconf 88' lang='lat' dir='ltr'><strong>sedem</strong></span> <span class='ocrx_word' id='word_1_18' title='bbox 2627 414 2916 485; x_wconf 89' lang='lat' dir='ltr'><strong>episcopus</strong></span> <span class='ocrx_word' id='word_1_19' title='bbox 2975 414 3306 486; x_wconf 85' lang='lat' dir='ltr'><strong>gubernaho.</strong></span> <span class='ocrx_word' id='word_1_20' title='bbox 3338 416 3555 472; x_wconf 40' lang='lat' dir='ltr'><strong>.Vatici-</strong></span> 
     </span>
    </p>
   </div>
   <div class='ocr_carea' id='block_1_5' title="bbox 253 499 1855 567">
    <p class='ocr_par' dir='ltr' id='par_1_5' title="bbox 253 499 1855 567">
     <span class='ocr_line' id='line_1_5' title="bbox 253 499 1855 567; baseline 0.002 -14"><span class='ocrx_word' id='word_1_21' title='bbox 253 500 454 567; x_wconf 90' lang='lat' dir='ltr'><strong>stolus,</strong></span> <span class='ocrx_word' id='word_1_22' title='bbox 483 514 609 554; x_wconf 90' lang='lat' dir='ltr'><strong>cum</strong></span> <span class='ocrx_word' id='word_1_23' title='bbox 632 501 749 554; x_wconf 85' lang='lat' dir='ltr'><strong>sive</strong></span> <span class='ocrx_word' id='word_1_24' title='bbox 786 499 1139 556; x_wconf 75' lang='lat' dir='ltr'><strong>Timotheum</strong></span> <span class='ocrx_word' id='word_1_25' title='bbox 1184 502 1293 567; x_wconf 82' lang='lat' dir='ltr'><strong>sive</strong></span> <span class='ocrx_word' id='word_1_26' title='bbox 1316 503 1503 557; x_wconf 83' lang='lat' dir='ltr'><strong>Titum</strong></span> <span class='ocrx_word' id='word_1_27' title='bbox 1528 503 1754 557; x_wconf 84' lang='lat' dir='ltr'><strong>instruit</strong></span> <span class='ocrx_word' id='word_1_28' title='bbox 1770 502 1855 557; x_wconf 87' lang='lat' dir='ltr'><strong>di-</strong></span> 
     </span>
    </p>
   </div>
   <div class='ocr_carea' id='block_1_6' title="bbox 253 595 1858 666">
    <p class='ocr_par' dir='ltr' id='par_1_6' title="bbox 253 595 1858 666">
     <span class='ocr_line' id='line_1_6' title="bbox 253 595 1858 666; baseline 0.002 -18"><span class='ocrx_word' id='word_1_29' title='bbox 253 610 390 649; x_wconf 90' lang='lat' dir='ltr'><strong>cens</strong></span> <span class='ocrx_word' id='word_1_30' title='bbox 438 611 450 646; x_wconf 92' lang='lat'>:</span> <span class='ocrx_word' id='word_1_31' title='bbox 501 595 719 663; x_wconf 77' lang='lat' dir='ltr'><strong>Oportet</strong></span> <span class='ocrx_word' id='word_1_32' title='bbox 760 602 943 650; x_wconf 85' lang='lat' dir='ltr'><strong>autem</strong></span> <span class='ocrx_word' id='word_1_33' title='bbox 989 599 1292 665; x_wconf 73' lang='lat' dir='ltr'><strong>episcopum</strong></span> <span class='ocrx_word' id='word_1_34' title='bbox 1338 596 1858 666; x_wconf 71' lang='lat' dir='ltr'><strong>irreprehensibilem</strong></span> 
     </span>
    </p>
   </div>
   <div class='ocr_carea' id='block_1_7' title="bbox 253 689 1859 761">
    <p class='ocr_par' dir='ltr' id='par_1_7' title="bbox 253 689 1859 761">
     <span class='ocr_line' id='line_1_7' title="bbox 253 689 1859 761; baseline 0.002 -19"><span class='ocrx_word' id='word_1_35' title='bbox 253 704 387 755; x_wconf 84' lang='lat' dir='ltr'><strong>esse,</strong></span> <span class='ocrx_word' id='word_1_36' title='bbox 415 689 673 755; x_wconf 77' lang='lat' dir='ltr'><strong>sobrium,</strong></span> <span class='ocrx_word' id='word_1_37' title='bbox 699 690 1043 758; x_wconf 64' lang='lat' dir='ltr'><strong>prudentem,</strong></span> <span class='ocrx_word' id='word_1_38' title='bbox 1076 692 1357 760; x_wconf 72' lang='lat' dir='ltr'><strong>pudicum,</strong></span> <span class='ocrx_word' id='word_1_39' title='bbox 1396 693 1733 761; x_wconf 76' lang='lat' dir='ltr'><strong>hospitalem,</strong></span> <span class='ocrx_word' id='word_1_40' title='bbox 1770 692 1859 745; x_wconf 83' lang='lat' dir='ltr'><strong>be-</strong></span> 
     </span>
    </p>
   </div>
   <div class='ocr_carea' id='block_1_8' title="bbox 254 784 1861 855">
    <p class='ocr_par' dir='ltr' id='par_1_8' title="bbox 254 784 1861 855">
     <span class='ocr_line' id='line_1_8' title="bbox 254 784 1861 855; baseline 0.002 -20"><span class='ocrx_word' id='word_1_41' title='bbox 254 786 507 850; x_wconf 72' lang='lat' dir='ltr'><strong>nignum,</strong></span> <span class='ocrx_word' id='word_1_42' title='bbox 529 784 844 850; x_wconf 80' lang='lat' dir='ltr'><strong>modestum,</strong></span> <span class='ocrx_word' id='word_1_43' title='bbox 878 790 926 838; x_wconf 86' lang='lat' dir='ltr'><strong>et</strong></span> <span class='ocrx_word' id='word_1_44' title='bbox 953 786 1351 855; x_wconf 84' lang='lat' dir='ltr'><strong>amplectentem</strong></span> <span class='ocrx_word' id='word_1_45' title='bbox 1377 801 1515 853; x_wconf 85' lang='lat' dir='ltr'><strong>eum,</strong></span> <span class='ocrx_word' id='word_1_46' title='bbox 1551 788 1649 855; x_wconf 78' lang='lat' dir='ltr'><strong>qui</strong></span> <span class='ocrx_word' id='word_1_47' title='bbox 1670 801 1861 839; x_wconf 83' lang='lat' dir='ltr'><strong>secun-</strong></span> 
     </span>
    </p>
   </div>
   <div class='ocr_carea' id='block_1_9' title="bbox 254 877 1858 947">
    <p class='ocr_par' dir='ltr' id='par_1_9' title="bbox 254 877 1858 947">
     <span class='ocr_line' id='line_1_9' title="bbox 254 877 1858 947; baseline 0.002 -17"><span class='ocrx_word' id='word_1_48' title='bbox 254 877 394 930; x_wconf 84' lang='lat' dir='ltr'><strong>dum</strong></span> <span class='ocrx_word' id='word_1_49' title='bbox 420 892 621 931; x_wconf 82' lang='lat' dir='ltr'><em>sanam</em></span> <span class='ocrx_word' id='word_1_50' title='bbox 640 878 941 932; x_wconf 70' lang='lat' dir='ltr'><strong>doctrinam</strong></span> <span class='ocrx_word' id='word_1_51' title='bbox 967 885 1062 947; x_wconf 85' lang='lat' dir='ltr'><strong>est,</strong></span> <span class='ocrx_word' id='word_1_52' title='bbox 1085 880 1293 947; x_wconf 80' lang='lat' dir='ltr'><strong>ﬁdelem</strong></span> <span class='ocrx_word' id='word_1_53' title='bbox 1325 896 1615 935; x_wconf 84' lang='lat' dir='ltr'><em>sermonem</em></span> <span class='ocrx_word' id='word_1_54' title='bbox 1643 883 1692 945; x_wconf 86' lang='grc' dir='ltr'><strong>(Ι</strong></span> <span class='ocrx_word' id='word_1_55' title='bbox 1722 882 1858 934; x_wconf 66' lang='lat' dir='ltr'><em>Tim.</em></span> 
     </span>
    </p>
   </div>
   <div class='ocr_carea' id='block_1_10' title="bbox 256 970 1859 1045">
    <p class='ocr_par' dir='ltr' id='par_1_10' title="bbox 256 970 1859 1045">
     <span class='ocr_line' id='line_1_10' title="bbox 256 970 1859 1045; baseline 0.001 -20"><span class='ocrx_word' id='word_1_56' title='bbox 256 985 360 1035; x_wconf 85' lang='lat' dir='ltr'><strong>III;</strong></span> <span class='ocrx_word' id='word_1_57' title='bbox 394 974 498 1025; x_wconf 82' lang='lat' dir='ltr'><strong>Tit.</strong></span> <span class='ocrx_word' id='word_1_58' title='bbox 531 970 596 1041; x_wconf 85' lang='grc' dir='ltr'><strong>ι).</strong></span> <span class='ocrx_word' id='word_1_59' title='bbox 630 974 701 1025; x_wconf 84' lang='lat' dir='ltr'><strong>Et</strong></span> <span class='ocrx_word' id='word_1_60' title='bbox 726 980 917 1027; x_wconf 90' lang='lat' dir='ltr'><strong>tamen</strong></span> <span class='ocrx_word' id='word_1_61' title='bbox 942 973 994 1026; x_wconf 92' lang='lat' dir='ltr'><strong>in</strong></span> <span class='ocrx_word' id='word_1_62' title='bbox 1026 975 1285 1028; x_wconf 91' lang='lat' dir='ltr'><strong>omnibus</strong></span> <span class='ocrx_word' id='word_1_63' title='bbox 1316 973 1407 1045; x_wconf 82' lang='lat' dir='ltr'><strong>his</strong></span> <span class='ocrx_word' id='word_1_64' title='bbox 1436 972 1504 1028; x_wconf 88' lang='lat' dir='ltr'><strong>ad</strong></span> <span class='ocrx_word' id='word_1_65' title='bbox 1539 974 1859 1043; x_wconf 83' lang='lat' dir='ltr'><strong>exemplum</strong></span> 
     </span>
    </p>
   </div>
   <div class='ocr_carea' id='block_1_11' title="bbox 250 1063 1862 1138">
    <p class='ocr_par' dir='ltr' id='par_1_11' title="bbox 250 1063 1862 1138">
     <span class='ocr_line' id='line_1_11' title="bbox 250 1063 1862 1138; baseline 0.002 -20"><span class='ocrx_word' id='word_1_66' title='bbox 250 1067 325 1118; x_wconf 91' lang='lat' dir='ltr'><strong>B.</strong></span> <span class='ocrx_word' id='word_1_67' title='bbox 354 1064 481 1130; x_wconf 89' lang='lat' dir='ltr'><strong>Job,</strong></span> <span class='ocrx_word' id='word_1_68' title='bbox 522 1081 633 1119; x_wconf 90' lang='lat' dir='ltr'><strong>non</strong></span> <span class='ocrx_word' id='word_1_69' title='bbox 663 1063 799 1119; x_wconf 91' lang='lat' dir='ltr'><strong>vidit</strong></span> <span class='ocrx_word' id='word_1_70' title='bbox 836 1067 1009 1121; x_wconf 88' lang='lat' dir='ltr'><strong>solem</strong></span> <span class='ocrx_word' id='word_1_71' title='bbox 1039 1083 1168 1121; x_wconf 91' lang='lat' dir='ltr'><strong>cum</strong></span> <span class='ocrx_word' id='word_1_72' title='bbox 1196 1067 1431 1138; x_wconf 78' lang='lat' dir='ltr'><strong>fulgeret</strong></span> <span class='ocrx_word' id='word_1_73' title='bbox 1462 1067 1713 1137; x_wconf 87' lang='lat' dir='ltr'><strong>desuper,</strong></span> <span class='ocrx_word' id='word_1_74' title='bbox 1759 1082 1862 1121; x_wconf 88' lang='lat' dir='ltr'><strong>nec</strong></span> 
     </span>
    </p>
   </div>
   <div class='ocr_carea' id='block_1_12' title="bbox 252 1157 1861 1233">
    <p class='ocr_par' dir='ltr' id='par_1_12' title="bbox 252 1157 1861 1233">
     <span class='ocr_line' id='line_1_12' title="bbox 252 1157 1861 1233; baseline 0.002 -22"><span class='ocrx_word' id='word_1_75' title='bbox 252 1157 449 1213; x_wconf 87' lang='lat' dir='ltr'><strong>lunam</strong></span> <span class='ocrx_word' id='word_1_76' title='bbox 476 1157 823 1214; x_wconf 85' lang='lat' dir='ltr'><strong>incedentem</strong></span> <span class='ocrx_word' id='word_1_77' title='bbox 849 1158 994 1214; x_wconf 91' lang='lat' dir='ltr'><strong>clare</strong></span> <span class='ocrx_word' id='word_1_78' title='bbox 1013 1162 1132 1226; x_wconf 84' lang='lat' dir='ltr'><strong>(Job</strong></span> <span class='ocrx_word' id='word_1_79' title='bbox 1156 1162 1353 1233; x_wconf 80' lang='lat' dir='ltr'><strong>XXXI);</strong></span> <span class='ocrx_word' id='word_1_80' title='bbox 1378 1162 1527 1231; x_wconf 90' lang='lat' dir='ltr'><strong>quia,</strong></span> <span class='ocrx_word' id='word_1_81' title='bbox 1560 1169 1621 1215; x_wconf 91' lang='lat' dir='ltr'><strong>ut</strong></span> <span class='ocrx_word' id='word_1_82' title='bbox 1650 1163 1708 1214; x_wconf 90' lang='grc' dir='ltr'><strong>Β.</strong></span> <span class='ocrx_word' id='word_1_83' title='bbox 1729 1162 1861 1215; x_wconf 88' lang='lat' dir='ltr'><strong>Gre-</strong></span> 
     </span>
    </p>
   </div>
   <div class='ocr_carea' id='block_1_13' title="bbox 254 1252 1859 1325">
    <p class='ocr_par' dir='ltr' id='par_1_13' title="bbox 254 1252 1859 1325">
     <span class='ocr_line' id='line_1_13' title="bbox 254 1252 1859 1325; baseline 0.001 -19"><span class='ocrx_word' id='word_1_84' title='bbox 254 1252 402 1325; x_wconf 85' lang='lat' dir='ltr'><strong>gorii</strong></span> <span class='ocrx_word' id='word_1_85' title='bbox 426 1252 608 1307; x_wconf 82' lang='lat' dir='ltr'><strong>verbis</strong></span> <span class='ocrx_word' id='word_1_86' title='bbox 633 1261 776 1317; x_wconf 87' lang='lat' dir='ltr'><strong>utar,</strong></span> <span class='ocrx_word' id='word_1_87' title='bbox 808 1270 927 1307; x_wconf 85' lang='lat' dir='ltr'><strong>cum</strong></span> <span class='ocrx_word' id='word_1_88' title='bbox 970 1270 1101 1323; x_wconf 85' lang='lat' dir='ltr'><strong>opus</strong></span> <span class='ocrx_word' id='word_1_89' title='bbox 1140 1271 1296 1309; x_wconf 79' lang='lat' dir='ltr'><strong>suum</strong></span> <span class='ocrx_word' id='word_1_90' title='bbox 1335 1259 1499 1309; x_wconf 75' lang='lat' dir='ltr'><em>etiam</em></span> <span class='ocrx_word' id='word_1_91' title='bbox 1527 1256 1650 1309; x_wconf 72' lang='lat' dir='ltr'><em>aliis</em></span> <span class='ocrx_word' id='word_1_92' title='bbox 1679 1270 1859 1308; x_wconf 63' lang='lat' dir='ltr'><strong>caem-</strong></span> 
     </span>
    </p>
   </div>
   <div class='ocr_carea' id='block_1_14' title="bbox 252 1347 1861 1418">
    <p class='ocr_par' dir='ltr' id='par_1_14' title="bbox 252 1347 1861 1418">
     <span class='ocr_line' id='line_1_14' title="bbox 252 1347 1861 1418; baseline 0.001 -19"><span class='ocrx_word' id='word_1_93' title='bbox 252 1347 473 1415; x_wconf 83' lang='lat' dir='ltr'><strong>plorum</strong></span> <span class='ocrx_word' id='word_1_94' title='bbox 519 1348 686 1400; x_wconf 77' lang='lat' dir='ltr'><strong>lucem</strong></span> <span class='ocrx_word' id='word_1_95' title='bbox 720 1347 1001 1410; x_wconf 75' lang='lat' dir='ltr'><strong>tribueret,</strong></span> <span class='ocrx_word' id='word_1_96' title='bbox 1032 1350 1105 1402; x_wconf 85' lang='lat' dir='ltr'><strong>ad</strong></span> <span class='ocrx_word' id='word_1_97' title='bbox 1145 1351 1592 1418; x_wconf 74' lang='lat' dir='ltr'><strong>prcesumptionis</strong></span> <span class='ocrx_word' id='word_1_98' title='bbox 1632 1350 1861 1415; x_wconf 76' lang='lat' dir='ltr'><em>gloriam</em></span> 
     </span>
    </p>
   </div>
   <div class='ocr_carea' id='block_1_15' title="bbox 256 1440 1861 1511">
    <p class='ocr_par' dir='ltr' id='par_1_15' title="bbox 256 1440 1861 1511">
     <span class='ocr_line' id='line_1_15' title="bbox 256 1440 1861 1511; baseline 0.001 -18"><span class='ocrx_word' id='word_1_99' title='bbox 256 1443 349 1493; x_wconf 70' lang='lat' dir='ltr'><strong>vir</strong></span> <span class='ocrx_word' id='word_1_100' title='bbox 375 1445 585 1495; x_wconf 76' lang='lat' dir='ltr'><strong>sanctus</strong></span> <span class='ocrx_word' id='word_1_101' title='bbox 612 1440 754 1494; x_wconf 79' lang='lat' dir='ltr'><strong>illud</strong></span> <span class='ocrx_word' id='word_1_102' title='bbox 784 1457 891 1495; x_wconf 81' lang='lat' dir='ltr'><strong>non</strong></span> <span class='ocrx_word' id='word_1_103' title='bbox 918 1444 1176 1503; x_wconf 77' lang='lat' dir='ltr'><strong>attendit,-</strong></span> <span class='ocrx_word' id='word_1_104' title='bbox 1218 1443 1329 1509; x_wconf 86' lang='lat' dir='ltr'><strong>sed,</strong></span> <span class='ocrx_word' id='word_1_105' title='bbox 1374 1444 1505 1495; x_wconf 81' lang='lat' dir='ltr'><strong>dum</strong></span> <span class='ocrx_word' id='word_1_106' title='bbox 1534 1458 1638 1511; x_wconf 80' lang='lat' dir='ltr'><strong>pro</strong></span> <span class='ocrx_word' id='word_1_107' title='bbox 1677 1458 1733 1495; x_wconf 85' lang='lat' dir='ltr'><strong>eo</strong></span> <span class='ocrx_word' id='word_1_108' title='bbox 1772 1458 1861 1495; x_wconf 71' lang='lat' dir='ltr'><strong>ea:—</strong></span> 
     </span>
    </p>
   </div>
   <div class='ocr_carea' id='block_1_16' title="bbox 257 1535 1862 1596">
    <p class='ocr_par' dir='ltr' id='par_1_16' title="bbox 257 1535 1862 1596">
     <span class='ocr_line' id='line_1_16' title="bbox 257 1535 1862 1596; baseline 0 -8"><span class='ocrx_word' id='word_1_109' title='bbox 257 1535 383 1588; x_wconf 77' lang='lat' dir='ltr'><strong>tolli</strong></span> <span class='ocrx_word' id='word_1_110' title='bbox 428 1536 628 1596; x_wconf 77' lang='lat' dir='ltr'><strong>timuit,</strong></span> <span class='ocrx_word' id='word_1_111' title='bbox 659 1536 727 1587; x_wconf 82' lang='lat' dir='ltr'><strong>ab</strong></span> <span class='ocrx_word' id='word_1_112' title='bbox 776 1536 1033 1589; x_wconf 78' lang='lat' dir='ltr'><strong>intuendo</strong></span> <span class='ocrx_word' id='word_1_113' title='bbox 1077 1552 1133 1589; x_wconf 88' lang='lat' dir='ltr'><strong>eo</strong></span> <span class='ocrx_word' id='word_1_114' title='bbox 1177 1538 1361 1589; x_wconf 81' lang='lat' dir='ltr'><strong>oculos</strong></span> <span class='ocrx_word' id='word_1_115' title='bbox 1410 1538 1602 1589; x_wconf 77' lang='lat' dir='ltr'><strong>mentis</strong></span> <span class='ocrx_word' id='word_1_116' title='bbox 1651 1538 1862 1589; x_wconf 75' lang='lat' dir='ltr'><strong>avertit.</strong></span> 
     </span>
    </p>
   </div>
   <div class='ocr_carea' id='block_1_17' title="bbox 256 1626 1864 1697">
    <p class='ocr_par' dir='ltr' id='par_1_17' title="bbox 256 1626 1864 1697">
     <span class='ocr_line' id='line_1_17' title="bbox 256 1626 1864 1697; baseline -0.001 -14"><span class='ocrx_word' id='word_1_117' title='bbox 256 1630 419 1689; x_wconf 77' lang='lat' dir='ltr'><em>Nam,</em></span> <span class='ocrx_word' id='word_1_118' title='bbox 451 1630 589 1681; x_wconf 76' lang='lat' dir='ltr'><strong>sicut</strong></span> <span class='ocrx_word' id='word_1_119' title='bbox 614 1626 749 1682; x_wconf 85' lang='lat' dir='ltr'><strong>luna</strong></span> <span class='ocrx_word' id='word_1_120' title='bbox 778 1630 1195 1683; x_wconf 79' lang='lat' dir='ltr'><strong>illustrationem</strong></span> <span class='ocrx_word' id='word_1_121' title='bbox 1222 1646 1255 1682; x_wconf 91' lang='lat' dir='ltr'><em>a</em></span> <span class='ocrx_word' id='word_1_122' title='bbox 1284 1630 1443 1683; x_wconf 73' lang='lat' dir='ltr'><strong>radio</strong></span> <span class='ocrx_word' id='word_1_123' title='bbox 1481 1631 1607 1683; x_wconf 83' lang='lat' dir='ltr'><strong>solis</strong></span> <span class='ocrx_word' id='word_1_124' title='bbox 1637 1630 1864 1697; x_wconf 67' lang='lat' dir='ltr'><strong>accipit,</strong></span> 
     </span>
    </p>
   </div>
   <div class='ocr_carea' id='block_1_18' title="bbox 258 1723 1869 1791">
    <p class='ocr_par' dir='ltr' id='par_1_18' title="bbox 258 1723 1869 1791">
     <span class='ocr_line' id='line_1_18' title="bbox 258 1723 1869 1791; baseline 0.001 -17"><span class='ocrx_word' id='word_1_125' title='bbox 258 1725 347 1775; x_wconf 82' lang='lat' dir='ltr'><strong>ita</strong></span> <span class='ocrx_word' id='word_1_126' title='bbox 371 1724 525 1787; x_wconf 81' lang='lat' dir='ltr'><em>fama</em></span> <span class='ocrx_word' id='word_1_127' title='bbox 555 1738 589 1775; x_wconf 78' lang='grc' dir='ltr'><em>α</em></span> <span class='ocrx_word' id='word_1_128' title='bbox 622 1723 752 1776; x_wconf 76' lang='lat' dir='ltr'><strong>bono</strong></span> <span class='ocrx_word' id='word_1_129' title='bbox 780 1738 934 1791; x_wconf 86' lang='lat' dir='ltr'><strong>opere</strong></span> <span class='ocrx_word' id='word_1_130' title='bbox 952 1726 1090 1777; x_wconf 70' lang='lat' dir='ltr'><strong>vires</strong></span> <span class='ocrx_word' id='word_1_131' title='bbox 1119 1729 1169 1777; x_wconf 82' lang='lat' dir='ltr'><strong>et</strong></span> <span class='ocrx_word' id='word_1_132' title='bbox 1189 1725 1396 1789; x_wconf 73' lang='lat' dir='ltr'><em>favoris</em></span> <span class='ocrx_word' id='word_1_133' title='bbox 1427 1726 1682 1791; x_wconf 76' lang='lat' dir='ltr'><strong>gratiam,</strong></span> <span class='ocrx_word' id='word_1_134' title='bbox 1712 1723 1869 1791; x_wconf 77' lang='lat' dir='ltr'><strong>quasi</strong></span> 
     </span>
    </p>
   </div>
   <div class='ocr_carea' id='block_1_19' title="bbox 1966 507 3555 582">
    <p class='ocr_par' dir='ltr' id='par_1_19' title="bbox 1966 507 3555 582">
     <span class='ocr_line' id='line_1_19' title="bbox 1966 507 3555 582; baseline 0.004 -23"><span class='ocrx_word' id='word_1_135' title='bbox 1966 508 2121 562; x_wconf 91' lang='lat' dir='ltr'><strong>nium</strong></span> <span class='ocrx_word' id='word_1_136' title='bbox 2168 507 2271 563; x_wconf 87' lang='lat' dir='ltr'><strong>hoc</strong></span> <span class='ocrx_word' id='word_1_137' title='bbox 2302 524 2487 564; x_wconf 86' lang='lat' dir='ltr'><strong>rerum</strong></span> <span class='ocrx_word' id='word_1_138' title='bbox 2520 508 2771 579; x_wconf 86' lang='lat' dir='ltr'><strong>probavit</strong></span> <span class='ocrx_word' id='word_1_139' title='bbox 2800 516 3056 575; x_wconf 81' lang='lat' dir='ltr'><strong>eventus;</strong></span> <span class='ocrx_word' id='word_1_140' title='bbox 3088 509 3280 579; x_wconf 83' lang='lat' dir='ltr'><strong>singuli</strong></span> <span class='ocrx_word' id='word_1_141' title='bbox 3312 525 3555 582; x_wconf 84' lang='lat' dir='ltr'><strong>namque</strong></span> 
     </span>
    </p>
   </div>
   <div class='ocr_carea' id='block_1_20' title="bbox 1966 602 3556 672">
    <p class='ocr_par' dir='ltr' id='par_1_20' title="bbox 1966 602 3556 672">
     <span class='ocr_line' id='line_1_20' title="bbox 1966 602 3556 672; baseline 0.003 -17"><span class='ocrx_word' id='word_1_142' title='bbox 1966 602 2023 655; x_wconf 87' lang='lat' dir='ltr'><strong>in</strong></span> <span class='ocrx_word' id='word_1_143' title='bbox 2054 602 2314 670; x_wconf 86' lang='lat' dir='ltr'><strong>ecclesiis,</strong></span> <span class='ocrx_word' id='word_1_144' title='bbox 2344 618 2480 672; x_wconf 87' lang='lat' dir='ltr'><strong>quas</strong></span> <span class='ocrx_word' id='word_1_145' title='bbox 2518 602 2616 657; x_wconf 90' lang='lat' dir='ltr'><strong>sibi</strong></span> <span class='ocrx_word' id='word_1_146' title='bbox 2648 602 2982 671; x_wconf 85' lang='lat' dir='ltr'><strong>delegerant,</strong></span> <span class='ocrx_word' id='word_1_147' title='bbox 3030 602 3331 669; x_wconf 89' lang='lat' dir='ltr'><strong>sublimati,</strong></span> <span class='ocrx_word' id='word_1_148' title='bbox 3364 618 3432 659; x_wconf 90' lang='lat' dir='ltr'><strong>ne</strong></span> <span class='ocrx_word' id='word_1_149' title='bbox 3468 606 3556 659; x_wconf 83' lang='lat' dir='ltr'><strong>in-</strong></span> 
     </span>
    </p>
   </div>
   <div class='ocr_carea' id='block_1_21' title="bbox 1965 694 3559 767">
    <p class='ocr_par' dir='ltr' id='par_1_21' title="bbox 1965 694 3559 767">
     <span class='ocr_line' id='line_1_21' title="bbox 1965 694 3559 767; baseline 0.002 -19"><span class='ocrx_word' id='word_1_150' title='bbox 1965 694 2263 750; x_wconf 85' lang='lat' dir='ltr'><strong>fructuosa</strong></span> <span class='ocrx_word' id='word_1_151' title='bbox 2306 696 2530 750; x_wconf 86' lang='lat' dir='ltr'><strong>arbores</strong></span> <span class='ocrx_word' id='word_1_152' title='bbox 2571 694 2638 750; x_wconf 89' lang='lat' dir='ltr'><strong>ab</strong></span> <span class='ocrx_word' id='word_1_153' title='bbox 2685 697 2803 766; x_wconf 91' lang='lat' dir='ltr'><strong>ipso</strong></span> <span class='ocrx_word' id='word_1_154' title='bbox 2845 697 2937 767; x_wconf 90' lang='lat' dir='ltr'><strong>qui</strong></span> <span class='ocrx_word' id='word_1_155' title='bbox 2986 696 3324 766; x_wconf 88' lang='lat' dir='ltr'><strong>plantaverat</strong></span> <span class='ocrx_word' id='word_1_156' title='bbox 3372 712 3465 752; x_wconf 89' lang='lat' dir='ltr'><strong>eos</strong></span> <span class='ocrx_word' id='word_1_157' title='bbox 3506 697 3559 751; x_wconf 90' lang='lat' dir='ltr'><strong>in</strong></span> 
     </span>
    </p>
   </div>
   <div class='ocr_carea' id='block_1_22' title="bbox 1966 787 3562 855">
    <p class='ocr_par' dir='ltr' id='par_1_22' title="bbox 1966 787 3562 855">
     <span class='ocr_line' id='line_1_22' title="bbox 1966 787 3562 855; baseline 0.002 -13"><span class='ocrx_word' id='word_1_158' title='bbox 1966 787 2135 842; x_wconf 93' lang='lat' dir='ltr'><strong>domo</strong></span> <span class='ocrx_word' id='word_1_159' title='bbox 2180 804 2273 843; x_wconf 90' lang='lat' dir='ltr'><strong>sua</strong></span> <span class='ocrx_word' id='word_1_160' title='bbox 2319 788 2712 855; x_wconf 82' lang='lat' dir='ltr'><strong>invenirentur,</strong></span> <span class='ocrx_word' id='word_1_161' title='bbox 2761 788 3115 843; x_wconf 86' lang='lat' dir='ltr'><strong>reddiderunt</strong></span> <span class='ocrx_word' id='word_1_162' title='bbox 3142 788 3383 845; x_wconf 91' lang='lat' dir='ltr'><strong>fructum</strong></span> <span class='ocrx_word' id='word_1_163' title='bbox 3424 798 3562 845; x_wconf 90' lang='lat' dir='ltr'><strong>tem-</strong></span> 
     </span>
    </p>
   </div>
   <div class='ocr_carea' id='block_1_23' title="bbox 1968 882 3562 953">
    <p class='ocr_par' dir='ltr' id='par_1_23' title="bbox 1968 882 3562 953">
     <span class='ocr_line' id='line_1_23' title="bbox 1968 882 3562 953; baseline 0.001 -18"><span class='ocrx_word' id='word_1_164' title='bbox 1968 882 2193 951; x_wconf 85' lang='lat' dir='ltr'><strong>poribus</strong></span> <span class='ocrx_word' id='word_1_165' title='bbox 2247 882 2383 948; x_wconf 88' lang='lat' dir='ltr'><strong>suis;</strong></span> <span class='ocrx_word' id='word_1_166' title='bbox 2436 883 2647 949; x_wconf 83' lang='lat' dir='ltr'><strong>singnla</strong></span> <span class='ocrx_word' id='word_1_167' title='bbox 2705 883 2905 953; x_wconf 89' lang='lat' dir='ltr'><strong>quippe</strong></span> <span class='ocrx_word' id='word_1_168' title='bbox 2961 882 3285 937; x_wconf 89' lang='lat' dir='ltr'><strong>monasteria</strong></span> <span class='ocrx_word' id='word_1_169' title='bbox 3333 882 3391 937; x_wconf 91' lang='lat' dir='ltr'><strong>in</strong></span> <span class='ocrx_word' id='word_1_170' title='bbox 3449 883 3562 937; x_wconf 87' lang='lat' dir='ltr'><strong>suis</strong></span> 
     </span>
    </p>
   </div>
   <div class='ocr_carea' id='block_1_24' title="bbox 1968 974 3564 1045">
    <p class='ocr_par' dir='ltr' id='par_1_24' title="bbox 1968 974 3564 1045">
     <span class='ocr_line' id='line_1_24' title="bbox 1968 974 3564 1045; baseline -0.001 -15"><span class='ocrx_word' id='word_1_171' title='bbox 1968 976 2375 1030; x_wconf 88' lang='lat' dir='ltr'><strong>constituerunt</strong></span> <span class='ocrx_word' id='word_1_172' title='bbox 2421 974 2721 1045; x_wconf 89' lang='lat' dir='ltr'><strong>episcopiis,</strong></span> <span class='ocrx_word' id='word_1_173' title='bbox 2771 983 2825 1029; x_wconf 90' lang='lat' dir='ltr'><strong>et</strong></span> <span class='ocrx_word' id='word_1_174' title='bbox 2877 976 3151 1045; x_wconf 87' lang='lat' dir='ltr'><strong>sepultura</strong></span> <span class='ocrx_word' id='word_1_175' title='bbox 3197 991 3294 1029; x_wconf 89' lang='lat' dir='ltr'><strong>sua</strong></span> <span class='ocrx_word' id='word_1_176' title='bbox 3322 976 3564 1030; x_wconf 89' lang='lat' dir='ltr'><strong>illustra-</strong></span> 
     </span>
    </p>
   </div>
   <div class='ocr_carea' id='block_1_25' title="bbox 1970 1067 3564 1139">
    <p class='ocr_par' dir='ltr' id='par_1_25' title="bbox 1970 1067 3564 1139">
     <span class='ocr_line' id='line_1_25' title="bbox 1970 1067 3564 1139; baseline 0.001 -17"><span class='ocrx_word' id='word_1_177' title='bbox 1970 1078 2181 1124; x_wconf 87' lang='lat' dir='ltr'><strong>verunt.</strong></span> <span class='ocrx_word' id='word_1_178' title='bbox 2217 1067 2546 1124; x_wconf 88' lang='lat' dir='ltr'><strong>Gebhardus</strong></span> <span class='ocrx_word' id='word_1_179' title='bbox 2589 1084 2830 1139; x_wconf 86' lang='lat' dir='ltr'><strong>namque</strong></span> <span class='ocrx_word' id='word_1_180' title='bbox 2857 1067 2912 1121; x_wconf 91' lang='lat' dir='ltr'><strong>in</strong></span> <span class='ocrx_word' id='word_1_181' title='bbox 2951 1068 3328 1133; x_wconf 81' lang='lat' dir='ltr'><strong>Admontensi,</strong></span> <span class='ocrx_word' id='word_1_182' title='bbox 3358 1068 3564 1124; x_wconf 84' lang='lat' dir='ltr'><strong>Albero</strong></span> 
     </span>
    </p>
   </div>
   <div class='ocr_carea' id='block_1_26' title="bbox 1969 1162 3563 1229">
    <p class='ocr_par' dir='ltr' id='par_1_26' title="bbox 1969 1162 3563 1229">
     <span class='ocr_line' id='line_1_26' title="bbox 1969 1162 3563 1229; baseline 0.003 -15"><span class='ocrx_word' id='word_1_183' title='bbox 1969 1179 2097 1217; x_wconf 89' lang='lat' dir='ltr'><strong>vero</strong></span> <span class='ocrx_word' id='word_1_184' title='bbox 2160 1163 2214 1216; x_wconf 91' lang='lat' dir='ltr'><strong>in</strong></span> <span class='ocrx_word' id='word_1_185' title='bbox 2272 1162 2652 1229; x_wconf 89' lang='lat' dir='ltr'><strong>Lambacensi,</strong></span> <span class='ocrx_word' id='word_1_186' title='bbox 2714 1162 3045 1217; x_wconf 85' lang='lat' dir='ltr'><strong>Altmannus</strong></span> <span class='ocrx_word' id='word_1_187' title='bbox 3096 1162 3153 1215; x_wconf 90' lang='lat' dir='ltr'><strong>in</strong></span> <span class='ocrx_word' id='word_1_188' title='bbox 3221 1162 3563 1218; x_wconf 78' lang='lat' dir='ltr'><strong>Kotwicensi</strong></span> 
     </span>
    </p>
   </div>
   <div class='ocr_carea' id='block_1_27' title="bbox 1969 1253 3561 1327">
    <p class='ocr_par' dir='ltr' id='par_1_27' title="bbox 1969 1253 3561 1327">
     <span class='ocr_line' id='line_1_27' title="bbox 1969 1253 3561 1327; baseline -0.001 -16"><span class='ocrx_word' id='word_1_189' title='bbox 1969 1254 2304 1311; x_wconf 88' lang='lat' dir='ltr'><strong>monasterio</strong></span> <span class='ocrx_word' id='word_1_190' title='bbox 2334 1256 2630 1327; x_wconf 88' lang='lat' dir='ltr'><strong>requiescit</strong></span> <span class='ocrx_word' id='word_1_191' title='bbox 2665 1255 2719 1308; x_wconf 91' lang='lat' dir='ltr'><strong>in</strong></span> <span class='ocrx_word' id='word_1_192' title='bbox 2752 1254 3017 1309; x_wconf 89' lang='lat' dir='ltr'><strong>Domino.</strong></span> <span class='ocrx_word' id='word_1_193' title='bbox 3054 1255 3300 1323; x_wconf 89' lang='lat' dir='ltr'><strong>Corpora</strong></span> <span class='ocrx_word' id='word_1_194' title='bbox 3336 1253 3561 1324; x_wconf 85' lang='lat' dir='ltr'><strong>quidem</strong></span> 
     </span>
    </p>
   </div>
   <div class='ocr_carea' id='block_1_28' title="bbox 1966 1346 3566 1419">
    <p class='ocr_par' dir='ltr' id='par_1_28' title="bbox 1966 1346 3566 1419">
     <span class='ocr_line' id='line_1_28' title="bbox 1966 1346 3566 1419; baseline -0.001 -15"><span class='ocrx_word' id='word_1_195' title='bbox 1966 1350 2188 1405; x_wconf 90' lang='lat' dir='ltr'><strong>illorum</strong></span> <span class='ocrx_word' id='word_1_196' title='bbox 2222 1350 2331 1403; x_wconf 92' lang='lat' dir='ltr'><strong>illic</strong></span> <span class='ocrx_word' id='word_1_197' title='bbox 2356 1350 2408 1403; x_wconf 93' lang='lat' dir='ltr'><strong>in</strong></span> <span class='ocrx_word' id='word_1_198' title='bbox 2436 1365 2566 1419; x_wconf 87' lang='lat' dir='ltr'><strong>pace</strong></span> <span class='ocrx_word' id='word_1_199' title='bbox 2595 1348 2802 1417; x_wconf 86' lang='lat' dir='ltr'><strong>sepulta</strong></span> <span class='ocrx_word' id='word_1_200' title='bbox 2832 1357 2979 1416; x_wconf 90' lang='lat' dir='ltr'><strong>sunt,</strong></span> <span class='ocrx_word' id='word_1_201' title='bbox 3008 1346 3102 1402; x_wconf 90' lang='lat' dir='ltr'><strong>sed</strong></span> <span class='ocrx_word' id='word_1_202' title='bbox 3134 1348 3316 1401; x_wconf 88' lang='lat' dir='ltr'><strong>vivent</strong></span> <span class='ocrx_word' id='word_1_203' title='bbox 3340 1348 3566 1402; x_wconf 90' lang='lat' dir='ltr'><strong>nomina</strong></span> 
     </span>
    </p>
   </div>
   <div class='ocr_carea' id='block_1_29' title="bbox 1969 1439 3564 1510">
    <p class='ocr_par' dir='ltr' id='par_1_29' title="bbox 1969 1439 3564 1510">
     <span class='ocr_line' id='line_1_29' title="bbox 1969 1439 3564 1510; baseline -0.004 -12"><span class='ocrx_word' id='word_1_204' title='bbox 1969 1459 2163 1498; x_wconf 91' lang='lat' dir='ltr'><strong>eorum</strong></span> <span class='ocrx_word' id='word_1_205' title='bbox 2186 1444 2241 1496; x_wconf 90' lang='lat' dir='ltr'><strong>in</strong></span> <span class='ocrx_word' id='word_1_206' title='bbox 2273 1450 2563 1498; x_wconf 85' lang='lat' dir='ltr'><strong>aternum.</strong></span> <span class='ocrx_word' id='word_1_207' title='bbox 2590 1444 2768 1507; x_wconf 73' lang='lat' dir='ltr'><strong>(Ecclt.</strong></span> <span class='ocrx_word' id='word_1_208' title='bbox 2798 1447 2994 1505; x_wconf 80' lang='lat' dir='ltr'><strong>XLIV.)</strong></span> <span class='ocrx_word' id='word_1_209' title='bbox 3022 1439 3315 1510; x_wconf 88' lang='lat' dir='ltr'><strong>Quomodo</strong></span> <span class='ocrx_word' id='word_1_210' title='bbox 3344 1455 3461 1494; x_wconf 90' lang='lat' dir='ltr'><strong>non</strong></span> <span class='ocrx_word' id='word_1_211' title='bbox 3483 1439 3564 1501; x_wconf 88' lang='lat' dir='ltr'><strong>vi-</strong></span> 
     </span>
    </p>
   </div>
   <div class='ocr_carea' id='block_1_30' title="bbox 1970 1536 3567 1607">
    <p class='ocr_par' dir='ltr' id='par_1_30' title="bbox 1970 1536 3567 1607">
     <span class='ocr_line' id='line_1_30' title="bbox 1970 1536 3567 1607; baseline -0.003 -16"><span class='ocrx_word' id='word_1_212' title='bbox 1970 1544 2176 1602; x_wconf 89' lang='lat' dir='ltr'><strong>verent,</strong></span> <span class='ocrx_word' id='word_1_213' title='bbox 2219 1551 2342 1607; x_wconf 84' lang='lat' dir='ltr'><strong>qua</strong></span> <span class='ocrx_word' id='word_1_214' title='bbox 2382 1536 2434 1589; x_wconf 91' lang='lat' dir='ltr'><strong>in</strong></span> <span class='ocrx_word' id='word_1_215' title='bbox 2488 1536 2624 1589; x_wconf 92' lang='lat' dir='ltr'><strong>libro</strong></span> <span class='ocrx_word' id='word_1_216' title='bbox 2677 1536 2802 1590; x_wconf 88' lang='lat' dir='ltr'><strong>vita</strong></span> <span class='ocrx_word' id='word_1_217' title='bbox 2851 1536 3083 1605; x_wconf 90' lang='lat' dir='ltr'><strong>ascripta</strong></span> <span class='ocrx_word' id='word_1_218' title='bbox 3125 1543 3397 1597; x_wconf 84' lang='lat' dir='ltr'><strong>tenentur;</strong></span> <span class='ocrx_word' id='word_1_219' title='bbox 3439 1548 3567 1587; x_wconf 89' lang='lat' dir='ltr'><strong>cum</strong></span> 
     </span>
    </p>
   </div>
   <div class='ocr_carea' id='block_1_31' title="bbox 1978 1627 3561 1699">
    <p class='ocr_par' dir='ltr' id='par_1_31' title="bbox 1978 1627 3561 1699">
     <span class='ocr_line' id='line_1_31' title="bbox 1978 1627 3561 1699; baseline -0.001 -17"><span class='ocrx_word' id='word_1_220' title='bbox 1978 1646 2100 1685; x_wconf 90' lang='lat' dir='ltr'><strong>vere</strong></span> <span class='ocrx_word' id='word_1_221' title='bbox 2145 1646 2211 1685; x_wconf 85' lang='lat' dir='ltr'><strong>ex</strong></span> <span class='ocrx_word' id='word_1_222' title='bbox 2240 1630 2343 1684; x_wconf 92' lang='lat' dir='ltr'><strong>illis</strong></span> <span class='ocrx_word' id='word_1_223' title='bbox 2372 1629 2578 1684; x_wconf 85' lang='lat' dir='ltr'><strong>fuerint</strong></span> <span class='ocrx_word' id='word_1_224' title='bbox 2617 1629 2817 1699; x_wconf 91' lang='lat' dir='ltr'><strong>quibus</strong></span> <span class='ocrx_word' id='word_1_225' title='bbox 2868 1628 3135 1682; x_wconf 87' lang='lat' dir='ltr'><strong>Dominus</strong></span> <span class='ocrx_word' id='word_1_226' title='bbox 3163 1627 3499 1697; x_wconf 85' lang='lat' dir='ltr'><strong>repromittit</strong></span> <span class='ocrx_word' id='word_1_227' title='bbox 3548 1646 3561 1681; x_wconf 92' lang='lat'>:</span> 
     </span>
    </p>
   </div>
   <div class='ocr_carea' id='block_1_32' title="bbox 1976 1721 3566 1793">
    <p class='ocr_par' dir='ltr' id='par_1_32' title="bbox 1976 1721 3566 1793">
     <span class='ocr_line' id='line_1_32' title="bbox 1976 1721 3566 1793; baseline -0.003 -15"><span class='ocrx_word' id='word_1_228' title='bbox 1976 1727 2046 1778; x_wconf 86' lang='lat' dir='ltr'><strong>Et</strong></span> <span class='ocrx_word' id='word_1_229' title='bbox 2092 1740 2195 1779; x_wconf 85' lang='lat' dir='ltr'><strong>non</strong></span> <span class='ocrx_word' id='word_1_230' title='bbox 2237 1724 2435 1789; x_wconf 84' lang='lat' dir='ltr'><strong>delebo,</strong></span> <span class='ocrx_word' id='word_1_231' title='bbox 2480 1722 2757 1793; x_wconf 86' lang='lat' dir='ltr'><strong>inquiens,</strong></span> <span class='ocrx_word' id='word_1_232' title='bbox 2811 1722 3032 1776; x_wconf 90' lang='lat' dir='ltr'><strong>nomina</strong></span> <span class='ocrx_word' id='word_1_233' title='bbox 3073 1736 3267 1776; x_wconf 90' lang='lat' dir='ltr'><strong>eorum</strong></span> <span class='ocrx_word' id='word_1_234' title='bbox 3316 1721 3382 1774; x_wconf 88' lang='lat' dir='ltr'><strong>de</strong></span> <span class='ocrx_word' id='word_1_235' title='bbox 3429 1721 3566 1773; x_wconf 81' lang='lat' dir='ltr'><strong>libro</strong></span> 
     </span>
    </p>
   </div>
   <div class='ocr_carea' id='block_1_33' title="bbox 258 1795 3567 1887">
    <p class='ocr_par' dir='ltr' id='par_1_33' title="bbox 258 1795 3567 1887">
     <span class='ocr_line' id='line_1_33' title="bbox 258 1795 3567 1887; baseline -0.001 -18"><span class='ocrx_word' id='word_1_236' title='bbox 258 1815 562 1869; x_wconf 74' lang='lat' dir='ltr'><em>claritatem</em></span> <span class='ocrx_word' id='word_1_237' title='bbox 587 1816 809 1871; x_wconf 75' lang='lat' dir='ltr'><strong>luminis</strong></span> <span class='ocrx_word' id='word_1_238' title='bbox 837 1820 1095 1886; x_wconf 72' lang='lat' dir='ltr'><strong>aspergit.</strong></span> <span class='ocrx_word' id='word_1_239' title='bbox 1130 1817 1361 1871; x_wconf 86' lang='lat' dir='ltr'><strong>Sanctus</strong></span> <span class='ocrx_word' id='word_1_240' title='bbox 1388 1832 1519 1887; x_wconf 88' lang='lat' dir='ltr'><strong>ergo</strong></span> <span class='ocrx_word' id='word_1_241' title='bbox 1556 1817 1659 1881; x_wconf 91' lang='lat' dir='ltr'><strong>vir,</strong></span> <span class='ocrx_word' id='word_1_242' title='bbox 1700 1831 1867 1887; x_wconf 89' lang='lat' dir='ltr'><strong>quem</strong></span> <span class='ocrx_word' id='word_1_243' title='bbox 1900 1795 1947 1856; x_wconf 82' lang='grc' dir='ltr'>Β</span> <span class='ocrx_word' id='word_1_244' title='bbox 1974 1822 2129 1872; x_wconf 65' lang='lat' dir='ltr'><strong>vitae?</strong></span> <span class='ocrx_word' id='word_1_245' title='bbox 2172 1819 2361 1887; x_wconf 84' lang='lat' dir='ltr'><strong>(Apoc.</strong></span> <span class='ocrx_word' id='word_1_246' title='bbox 2394 1817 2505 1885; x_wconf 90' lang='lat' dir='ltr'><strong>III.)</strong></span> <span class='ocrx_word' id='word_1_247' title='bbox 2558 1816 2718 1881; x_wconf 91' lang='lat' dir='ltr'><strong>Sunt,</strong></span> <span class='ocrx_word' id='word_1_248' title='bbox 2763 1816 2858 1884; x_wconf 88' lang='lat' dir='ltr'><strong>qui</strong></span> <span class='ocrx_word' id='word_1_249' title='bbox 2888 1823 3080 1869; x_wconf 90' lang='lat' dir='ltr'><strong>vocant</strong></span> <span class='ocrx_word' id='word_1_250' title='bbox 3108 1814 3338 1869; x_wconf 89' lang='lat' dir='ltr'><strong>nomina</strong></span> <span class='ocrx_word' id='word_1_251' title='bbox 3375 1828 3476 1868; x_wconf 90' lang='lat' dir='ltr'><strong>sua</strong></span> <span class='ocrx_word' id='word_1_252' title='bbox 3506 1814 3567 1867; x_wconf 88' lang='lat' dir='ltr'><strong>in</strong></span> 
     </span>
    </p>
   </div>
   <div class='ocr_carea' id='block_1_34' title="bbox 260 1909 1863 1980">
    <p class='ocr_par' dir='ltr' id='par_1_34' title="bbox 260 1909 1863 1980">
     <span class='ocr_line' id='line_1_34' title="bbox 260 1909 1863 1980; baseline 0.001 -17"><span class='ocrx_word' id='word_1_253' title='bbox 260 1924 370 1964; x_wconf 89' lang='lat' dir='ltr'><strong>nec</strong></span> <span class='ocrx_word' id='word_1_254' title='bbox 411 1923 553 1980; x_wconf 89' lang='lat' dir='ltr'><strong>opus</strong></span> <span class='ocrx_word' id='word_1_255' title='bbox 582 1909 941 1966; x_wconf 83' lang='lat' dir='ltr'><strong>manifestum</strong></span> <span class='ocrx_word' id='word_1_256' title='bbox 984 1925 1084 1966; x_wconf 89' lang='lat' dir='ltr'><strong>nec</strong></span> <span class='ocrx_word' id='word_1_257' title='bbox 1132 1909 1283 1966; x_wconf 87' lang='lat' dir='ltr'><strong>fama</strong></span> <span class='ocrx_word' id='word_1_258' title='bbox 1315 1909 1612 1965; x_wconf 81' lang='lat' dir='ltr'><strong>laudabilis</strong></span> <span class='ocrx_word' id='word_1_259' title='bbox 1651 1910 1863 1977; x_wconf 77' lang='lat' dir='ltr'><strong>extulit,</strong></span> 
     </span>
    </p>
   </div>
   <div class='ocr_carea' id='block_1_35' title="bbox 261 2002 1865 2076">
    <p class='ocr_par' dir='ltr' id='par_1_35' title="bbox 261 2002 1865 2076">
     <span class='ocr_line' id='line_1_35' title="bbox 261 2002 1865 2076; baseline 0.001 -19"><span class='ocrx_word' id='word_1_260' title='bbox 261 2018 368 2058; x_wconf 86' lang='lat' dir='ltr'><strong>nec</strong></span> <span class='ocrx_word' id='word_1_261' title='bbox 397 2003 570 2059; x_wconf 90' lang='lat' dir='ltr'><strong>solem</strong></span> <span class='ocrx_word' id='word_1_262' title='bbox 596 2002 898 2076; x_wconf 82' lang='lat' dir='ltr'><strong>fulgentem</strong></span> <span class='ocrx_word' id='word_1_263' title='bbox 930 2004 1165 2076; x_wconf 83' lang='lat' dir='ltr'><strong>desuper</strong></span> <span class='ocrx_word' id='word_1_264' title='bbox 1188 2006 1269 2059; x_wconf 88' lang='lat' dir='ltr'><strong>vel</strong></span> <span class='ocrx_word' id='word_1_265' title='bbox 1294 2006 1485 2059; x_wconf 90' lang='lat' dir='ltr'><strong>lunam</strong></span> <span class='ocrx_word' id='word_1_266' title='bbox 1515 2004 1865 2059; x_wconf 88' lang='lat' dir='ltr'><strong>incedentem</strong></span> 
     </span>
    </p>
   </div>
   <div class='ocr_carea' id='block_1_36' title="bbox 257 2096 608 2152">
    <p class='ocr_par' dir='ltr' id='par_1_36' title="bbox 257 2096 608 2152">
     <span class='ocr_line' id='line_1_36' title="bbox 257 2096 608 2152; baseline 0 0"><span class='ocrx_word' id='word_1_267' title='bbox 257 2097 412 2152; x_wconf 88' lang='lat' dir='ltr'><strong>clare</strong></span> <span class='ocrx_word' id='word_1_268' title='bbox 455 2096 608 2152; x_wconf 87' lang='lat' dir='ltr'><strong>vidit.</strong></span> 
     </span>
    </p>
   </div>
   <div class='ocr_carea' id='block_1_37' title="bbox 342 2191 1867 2262">
    <p class='ocr_par' dir='ltr' id='par_1_37' title="bbox 342 2191 1867 2262">
     <span class='ocr_line' id='line_1_37' title="bbox 342 2191 1867 2262; baseline 0.001 -17"><span class='ocrx_word' id='word_1_269' title='bbox 342 2193 508 2246; x_wconf 88' lang='lat' dir='ltr'><strong>Porro</strong></span> <span class='ocrx_word' id='word_1_270' title='bbox 526 2207 655 2246; x_wconf 90' lang='lat' dir='ltr'><strong>cum</strong></span> <span class='ocrx_word' id='word_1_271' title='bbox 680 2207 840 2247; x_wconf 90' lang='lat' dir='ltr'><strong>nemo</strong></span> <span class='ocrx_word' id='word_1_272' title='bbox 871 2191 1139 2248; x_wconf 87' lang='lat' dir='ltr'><strong>accendat</strong></span> <span class='ocrx_word' id='word_1_273' title='bbox 1160 2192 1443 2247; x_wconf 87' lang='lat' dir='ltr'><strong>lucernam</strong></span> <span class='ocrx_word' id='word_1_274' title='bbox 1476 2199 1531 2246; x_wconf 91' lang='lat' dir='ltr'><strong>et</strong></span> <span class='ocrx_word' id='word_1_275' title='bbox 1555 2199 1723 2262; x_wconf 89' lang='lat' dir='ltr'><strong>ponat</strong></span> <span class='ocrx_word' id='word_1_276' title='bbox 1742 2206 1867 2246; x_wconf 86' lang='lat' dir='ltr'><strong>eam</strong></span> 
     </span>
    </p>
   </div>
   <div class='ocr_carea' id='block_1_38' title="bbox 259 2283 1867 2357">
    <p class='ocr_par' dir='ltr' id='par_1_38' title="bbox 259 2283 1867 2357">
     <span class='ocr_line' id='line_1_38' title="bbox 259 2283 1867 2357; baseline 0 -19"><span class='ocrx_word' id='word_1_277' title='bbox 259 2284 370 2339; x_wconf 90' lang='lat' dir='ltr'><strong>sub</strong></span> <span class='ocrx_word' id='word_1_278' title='bbox 402 2283 612 2349; x_wconf 90' lang='lat' dir='ltr'><strong>modio,</strong></span> <span class='ocrx_word' id='word_1_279' title='bbox 642 2285 735 2340; x_wconf 91' lang='lat' dir='ltr'><strong>sed</strong></span> <span class='ocrx_word' id='word_1_280' title='bbox 766 2302 927 2357; x_wconf 89' lang='lat' dir='ltr'><strong>super</strong></span> <span class='ocrx_word' id='word_1_281' title='bbox 949 2286 1363 2351; x_wconf 89' lang='lat' dir='ltr'><strong>candelabrum,</strong></span> <span class='ocrx_word' id='word_1_282' title='bbox 1392 2294 1453 2340; x_wconf 90' lang='lat' dir='ltr'><strong>ut</strong></span> <span class='ocrx_word' id='word_1_283' title='bbox 1485 2286 1662 2339; x_wconf 89' lang='lat' dir='ltr'><strong>luceat</strong></span> <span class='ocrx_word' id='word_1_284' title='bbox 1684 2284 1867 2339; x_wconf 92' lang='lat' dir='ltr'><strong>omni-</strong></span> 
     </span>
    </p>
   </div>
   <div class='ocr_carea' id='block_1_39' title="bbox 261 2377 1869 2450">
    <p class='ocr_par' dir='ltr' id='par_1_39' title="bbox 261 2377 1869 2450">
     <span class='ocr_line' id='line_1_39' title="bbox 261 2377 1869 2450; baseline -0.001 -18"><span class='ocrx_word' id='word_1_285' title='bbox 261 2377 376 2432; x_wconf 86' lang='lat' dir='ltr'><strong>bus</strong></span> <span class='ocrx_word' id='word_1_286' title='bbox 419 2379 510 2447; x_wconf 88' lang='lat' dir='ltr'><strong>qui</strong></span> <span class='ocrx_word' id='word_1_287' title='bbox 544 2378 597 2431; x_wconf 92' lang='lat' dir='ltr'><strong>iu</strong></span> <span class='ocrx_word' id='word_1_288' title='bbox 635 2378 805 2434; x_wconf 90' lang='lat' dir='ltr'><strong>domo</strong></span> <span class='ocrx_word' id='word_1_289' title='bbox 834 2388 959 2435; x_wconf 90' lang='lat' dir='ltr'><strong>sunt</strong></span> <span class='ocrx_word' id='word_1_290' title='bbox 1006 2380 1221 2443; x_wconf 82' lang='lat' dir='ltr'><strong>(Matth.</strong></span> <span class='ocrx_word' id='word_1_291' title='bbox 1256 2381 1337 2448; x_wconf 88' lang='lat' dir='ltr'><strong>v),</strong></span> <span class='ocrx_word' id='word_1_292' title='bbox 1370 2379 1577 2450; x_wconf 88' lang='lat' dir='ltr'><strong>placuit</strong></span> <span class='ocrx_word' id='word_1_293' title='bbox 1618 2378 1869 2432; x_wconf 89' lang='lat' dir='ltr'><strong>invisibili</strong></span> 
     </span>
    </p>
   </div>
   <div class='ocr_carea' id='block_1_40' title="bbox 263 2470 1872 2543">
    <p class='ocr_par' dir='ltr' id='par_1_40' title="bbox 263 2470 1872 2543">
     <span class='ocr_line' id='line_1_40' title="bbox 263 2470 1872 2543; baseline -0.001 -18"><span class='ocrx_word' id='word_1_294' title='bbox 263 2480 319 2525; x_wconf 87' lang='lat' dir='ltr'><strong>et</strong></span> <span class='ocrx_word' id='word_1_295' title='bbox 350 2470 453 2525; x_wconf 91' lang='lat' dir='ltr'><strong>soli</strong></span> <span class='ocrx_word' id='word_1_296' title='bbox 482 2474 621 2539; x_wconf 92' lang='lat' dir='ltr'><strong>Deo,</strong></span> <span class='ocrx_word' id='word_1_297' title='bbox 652 2472 743 2543; x_wconf 91' lang='lat' dir='ltr'><strong>qui</strong></span> <span class='ocrx_word' id='word_1_298' title='bbox 774 2473 952 2528; x_wconf 89' lang='lat' dir='ltr'><strong>lucem</strong></span> <span class='ocrx_word' id='word_1_299' title='bbox 978 2473 1185 2527; x_wconf 86' lang='lat' dir='ltr'><strong>habitat</strong></span> <span class='ocrx_word' id='word_1_300' title='bbox 1210 2472 1662 2535; x_wconf 87' lang='lat' dir='ltr'><strong>inaccessibilem,</strong></span> <span class='ocrx_word' id='word_1_301' title='bbox 1696 2471 1872 2525; x_wconf 88' lang='lat' dir='ltr'><strong>lucer-</strong></span> 
     </span>
    </p>
   </div>
   <div class='ocr_carea' id='block_1_41' title="bbox 264 2564 1871 2637">
    <p class='ocr_par' dir='ltr' id='par_1_41' title="bbox 264 2564 1871 2637">
     <span class='ocr_line' id='line_1_41' title="bbox 264 2564 1871 2637; baseline 0 -19"><span class='ocrx_word' id='word_1_302' title='bbox 264 2580 401 2619; x_wconf 89' lang='lat' dir='ltr'><strong>nam</strong></span> <span class='ocrx_word' id='word_1_303' title='bbox 452 2564 592 2619; x_wconf 88' lang='lat' dir='ltr'><strong>hanc</strong></span> <span class='ocrx_word' id='word_1_304' title='bbox 622 2582 790 2637; x_wconf 88' lang='lat' dir='ltr'><strong>quam</strong></span> <span class='ocrx_word' id='word_1_305' title='bbox 835 2568 952 2636; x_wconf 90' lang='lat' dir='ltr'><strong>ipse</strong></span> <span class='ocrx_word' id='word_1_306' title='bbox 990 2569 1152 2621; x_wconf 88' lang='lat' dir='ltr'><strong>Pater</strong></span> <span class='ocrx_word' id='word_1_307' title='bbox 1203 2567 1483 2621; x_wconf 91' lang='lat' dir='ltr'><strong>luminum</strong></span> <span class='ocrx_word' id='word_1_308' title='bbox 1531 2564 1871 2627; x_wconf 84' lang='lat' dir='ltr'><strong>accenderat,</strong></span> 
     </span>
    </p>
   </div>
   <div class='ocr_carea' id='block_1_42' title="bbox 267 2658 1875 2728">
    <p class='ocr_par' dir='ltr' id='par_1_42' title="bbox 267 2658 1875 2728">
     <span class='ocr_line' id='line_1_42' title="bbox 267 2658 1875 2728; baseline -0.001 -17"><span class='ocrx_word' id='word_1_309' title='bbox 267 2666 329 2711; x_wconf 89' lang='lat' dir='ltr'><strong>ut</strong></span> <span class='ocrx_word' id='word_1_310' title='bbox 353 2660 561 2713; x_wconf 90' lang='lat' dir='ltr'><strong>luceret</strong></span> <span class='ocrx_word' id='word_1_311' title='bbox 587 2673 777 2714; x_wconf 88' lang='lat' dir='ltr'><strong>coram</strong></span> <span class='ocrx_word' id='word_1_312' title='bbox 805 2658 1149 2723; x_wconf 89' lang='lat' dir='ltr'><strong>hominibus,</strong></span> <span class='ocrx_word' id='word_1_313' title='bbox 1176 2669 1231 2714; x_wconf 87' lang='lat' dir='ltr'><strong>et</strong></span> <span class='ocrx_word' id='word_1_314' title='bbox 1260 2660 1509 2715; x_wconf 86' lang='lat' dir='ltr'><strong>viderent</strong></span> <span class='ocrx_word' id='word_1_315' title='bbox 1547 2675 1714 2728; x_wconf 84' lang='lat' dir='ltr'><strong>opera</strong></span> <span class='ocrx_word' id='word_1_316' title='bbox 1758 2658 1875 2726; x_wconf 85' lang='lat' dir='ltr'><strong>ejus</strong></span> 
     </span>
    </p>
   </div>
   <div class='ocr_carea' id='block_1_43' title="bbox 264 2750 1876 2824">
    <p class='ocr_par' dir='ltr' id='par_1_43' title="bbox 264 2750 1876 2824">
     <span class='ocr_line' id='line_1_43' title="bbox 264 2750 1876 2824; baseline -0.001 -19"><span class='ocrx_word' id='word_1_317' title='bbox 264 2750 435 2817; x_wconf 89' lang='lat' dir='ltr'><strong>bona,</strong></span> <span class='ocrx_word' id='word_1_318' title='bbox 479 2760 533 2806; x_wconf 87' lang='lat' dir='ltr'><strong>et</strong></span> <span class='ocrx_word' id='word_1_319' title='bbox 580 2753 956 2824; x_wconf 83' lang='lat' dir='ltr'><strong>gloriﬁcarent</strong></span> <span class='ocrx_word' id='word_1_320' title='bbox 991 2758 1165 2809; x_wconf 90' lang='lat' dir='ltr'><strong>Deum</strong></span> <span class='ocrx_word' id='word_1_321' title='bbox 1202 2753 1386 2823; x_wconf 63' lang='lat' dir='ltr'><strong>(Ibid)</strong></span> <span class='ocrx_word' id='word_1_322' title='bbox 1430 2768 1529 2808; x_wconf 90' lang='lat' dir='ltr'><strong>suo</strong></span> <span class='ocrx_word' id='word_1_323' title='bbox 1557 2751 1876 2806; x_wconf 87' lang='lat' dir='ltr'><strong>testimonio</strong></span> 
     </span>
    </p>
   </div>
   <div class='ocr_carea' id='block_1_44' title="bbox 267 2844 1874 2915">
    <p class='ocr_par' dir='ltr' id='par_1_44' title="bbox 267 2844 1874 2915">
     <span class='ocr_line' id='line_1_44' title="bbox 267 2844 1874 2915; baseline -0.001 -16"><span class='ocrx_word' id='word_1_324' title='bbox 267 2844 353 2899; x_wconf 88' lang='lat' dir='ltr'><strong>bis</strong></span> <span class='ocrx_word' id='word_1_325' title='bbox 405 2846 499 2915; x_wconf 90' lang='lat' dir='ltr'><strong>qui</strong></span> <span class='ocrx_word' id='word_1_326' title='bbox 548 2855 769 2903; x_wconf 88' lang='lat' dir='ltr'><strong>tantum</strong></span> <span class='ocrx_word' id='word_1_327' title='bbox 799 2847 983 2903; x_wconf 88' lang='lat' dir='ltr'><strong>vident</strong></span> <span class='ocrx_word' id='word_1_328' title='bbox 1009 2847 1063 2901; x_wconf 91' lang='lat' dir='ltr'><strong>in</strong></span> <span class='ocrx_word' id='word_1_329' title='bbox 1106 2845 1245 2901; x_wconf 87' lang='lat' dir='ltr'><strong>facie</strong></span> <span class='ocrx_word' id='word_1_330' title='bbox 1290 2855 1347 2901; x_wconf 90' lang='lat' dir='ltr'><strong>et</strong></span> <span class='ocrx_word' id='word_1_331' title='bbox 1394 2862 1491 2901; x_wconf 90' lang='lat' dir='ltr'><strong>cor</strong></span> <span class='ocrx_word' id='word_1_332' title='bbox 1546 2845 1745 2899; x_wconf 89' lang='lat' dir='ltr'><strong>intueri</strong></span> <span class='ocrx_word' id='word_1_333' title='bbox 1776 2858 1874 2898; x_wconf 89' lang='lat' dir='ltr'><strong>ne-</strong></span> 
     </span>
    </p>
   </div>
   <div class='ocr_carea' id='block_1_45' title="bbox 265 2942 1872 3012">
    <p class='ocr_par' dir='ltr' id='par_1_45' title="bbox 265 2942 1872 3012">
     <span class='ocr_line' id='line_1_45' title="bbox 265 2942 1872 3012; baseline -0.001 -19"><span class='ocrx_word' id='word_1_334' title='bbox 265 2948 499 3009; x_wconf 86' lang='lat' dir='ltr'><strong>queunt,</strong></span> <span class='ocrx_word' id='word_1_335' title='bbox 523 2942 763 3010; x_wconf 89' lang='lat' dir='ltr'><strong>amplius</strong></span> <span class='ocrx_word' id='word_1_336' title='bbox 784 2952 955 3012; x_wconf 88' lang='lat' dir='ltr'><strong>quam</strong></span> <span class='ocrx_word' id='word_1_337' title='bbox 978 2944 1295 2995; x_wconf 89' lang='lat' dir='ltr'><strong>innotuerat</strong></span> <span class='ocrx_word' id='word_1_338' title='bbox 1319 2942 1659 2995; x_wconf 84' lang='lat' dir='ltr'><strong>innotescere</strong></span> <span class='ocrx_word' id='word_1_339' title='bbox 1683 2947 1736 2992; x_wconf 91' lang='lat' dir='ltr'><strong>et</strong></span> <span class='ocrx_word' id='word_1_340' title='bbox 1756 2953 1872 2991; x_wconf 87' lang='lat' dir='ltr'><strong>ma-</strong></span> 
     </span>
    </p>
   </div>
   <div class='ocr_carea' id='block_1_46' title="bbox 270 3031 1333 3101">
    <p class='ocr_par' dir='ltr' id='par_1_46' title="bbox 270 3031 1333 3101">
     <span class='ocr_line' id='line_1_46' title="bbox 270 3031 1333 3101; baseline 0.003 -15"><span class='ocrx_word' id='word_1_341' title='bbox 270 3031 549 3101; x_wconf 82' lang='lat' dir='ltr'><strong>nifestare;</strong></span> <span class='ocrx_word' id='word_1_342' title='bbox 583 3034 938 3090; x_wconf 85' lang='lat' dir='ltr'><strong>manifestare</strong></span> <span class='ocrx_word' id='word_1_343' title='bbox 966 3043 1152 3090; x_wconf 88' lang='lat' dir='ltr'><strong>autem</strong></span> <span class='ocrx_word' id='word_1_344' title='bbox 1198 3036 1277 3089; x_wconf 92' lang='lat' dir='ltr'><strong>sic</strong></span> <span class='ocrx_word' id='word_1_345' title='bbox 1320 3054 1333 3089; x_wconf 89' lang='lat'><strong>:</strong></span> 
     </span>
    </p>
   </div>
   <div class='ocr_carea' id='block_1_47' title="bbox 352 3126 1874 3199">
    <p class='ocr_par' dir='ltr' id='par_1_47' title="bbox 352 3126 1874 3199">
     <span class='ocr_line' id='line_1_47' title="bbox 352 3126 1874 3199; baseline 0.001 -19"><span class='ocrx_word' id='word_1_346' title='bbox 352 3128 487 3181; x_wconf 81' lang='lat' dir='ltr'><strong>Erat</strong></span> <span class='ocrx_word' id='word_1_347' title='bbox 506 3130 565 3183; x_wconf 90' lang='lat' dir='ltr'><strong>in</strong></span> <span class='ocrx_word' id='word_1_348' title='bbox 584 3129 809 3183; x_wconf 86' lang='lat' dir='ltr'><strong>civitate</strong></span> <span class='ocrx_word' id='word_1_349' title='bbox 836 3128 1139 3184; x_wconf 89' lang='lat' dir='ltr'><strong>Pataviensi</strong></span> <span class='ocrx_word' id='word_1_350' title='bbox 1166 3126 1382 3183; x_wconf 87' lang='lat' dir='ltr'><strong>femina</strong></span> <span class='ocrx_word' id='word_1_351' title='bbox 1415 3127 1693 3199; x_wconf 89' lang='lat' dir='ltr'><strong>quadam,</strong></span> <span class='ocrx_word' id='word_1_352' title='bbox 1718 3127 1874 3197; x_wconf 91' lang='lat' dir='ltr'><strong>cujus</strong></span> 
     </span>
    </p>
   </div>
   <div class='ocr_carea' id='block_1_48' title="bbox 268 3221 1878 3293">
    <p class='ocr_par' dir='ltr' id='par_1_48' title="bbox 268 3221 1878 3293">
     <span class='ocr_line' id='line_1_48' title="bbox 268 3221 1878 3293; baseline -0.004 -11"><span class='ocrx_word' id='word_1_353' title='bbox 268 3228 383 3282; x_wconf 89' lang='lat' dir='ltr'><strong>ﬁlia</strong></span> <span class='ocrx_word' id='word_1_354' title='bbox 439 3225 603 3279; x_wconf 88' lang='lat' dir='ltr'><strong>unica</strong></span> <span class='ocrx_word' id='word_1_355' title='bbox 650 3222 808 3293; x_wconf 82' lang='lat' dir='ltr'><strong>plaga</strong></span> <span class='ocrx_word' id='word_1_356' title='bbox 851 3222 1018 3293; x_wconf 91' lang='lat' dir='ltr'><strong>lepra</strong></span> <span class='ocrx_word' id='word_1_357' title='bbox 1064 3237 1320 3293; x_wconf 87' lang='lat' dir='ltr'><strong>percussa</strong></span> <span class='ocrx_word' id='word_1_358' title='bbox 1364 3229 1466 3277; x_wconf 90' lang='lat' dir='ltr'><strong>est.</strong></span> <span class='ocrx_word' id='word_1_359' title='bbox 1525 3222 1626 3277; x_wconf 90' lang='lat' dir='ltr'><strong>Cui</strong></span> <span class='ocrx_word' id='word_1_360' title='bbox 1678 3221 1878 3291; x_wconf 84' lang='lat' dir='ltr'><strong>sapius</strong></span> 
     </span>
    </p>
   </div>
   <div class='ocr_carea' id='block_1_49' title="bbox 273 3316 1878 3387">
    <p class='ocr_par' dir='ltr' id='par_1_49' title="bbox 273 3316 1878 3387">
     <span class='ocr_line' id='line_1_49' title="bbox 273 3316 1878 3387; baseline -0.005 -10"><span class='ocrx_word' id='word_1_361' title='bbox 273 3320 458 3377; x_wconf 88' lang='lat' dir='ltr'><strong>oranti</strong></span> <span class='ocrx_word' id='word_1_362' title='bbox 486 3326 541 3373; x_wconf 85' lang='lat' dir='ltr'><strong>et</strong></span> <span class='ocrx_word' id='word_1_363' title='bbox 566 3316 804 3373; x_wconf 89' lang='lat' dir='ltr'><strong>salutem</strong></span> <span class='ocrx_word' id='word_1_364' title='bbox 846 3316 974 3372; x_wconf 88' lang='lat' dir='ltr'><strong>ﬁlia</strong></span> <span class='ocrx_word' id='word_1_365' title='bbox 1006 3333 1036 3369; x_wconf 91' lang='lat' dir='ltr'><strong>a</strong></span> <span class='ocrx_word' id='word_1_366' title='bbox 1066 3316 1307 3371; x_wconf 88' lang='lat' dir='ltr'><strong>Domino</strong></span> <span class='ocrx_word' id='word_1_367' title='bbox 1347 3316 1664 3387; x_wconf 89' lang='lat' dir='ltr'><strong>suppliciter</strong></span> <span class='ocrx_word' id='word_1_368' title='bbox 1694 3324 1878 3386; x_wconf 85' lang='lat' dir='ltr'><strong>postu-</strong></span> 
     </span>
    </p>
   </div>
   <div class='ocr_carea' id='block_1_50' title="bbox 268 3409 1877 3477">
    <p class='ocr_par' dir='ltr' id='par_1_50' title="bbox 268 3409 1877 3477">
     <span class='ocr_line' id='line_1_50' title="bbox 268 3409 1877 3477; baseline -0.004 -8"><span class='ocrx_word' id='word_1_369' title='bbox 268 3412 410 3471; x_wconf 86' lang='lat' dir='ltr'><strong>lanti</strong></span> <span class='ocrx_word' id='word_1_370' title='bbox 450 3410 751 3467; x_wconf 86' lang='lat' dir='ltr'><strong>revelatum</strong></span> <span class='ocrx_word' id='word_1_371' title='bbox 784 3418 871 3466; x_wconf 90' lang='lat' dir='ltr'><strong>est</strong></span> <span class='ocrx_word' id='word_1_372' title='bbox 896 3409 954 3464; x_wconf 90' lang='lat' dir='ltr'><strong>in</strong></span> <span class='ocrx_word' id='word_1_373' title='bbox 984 3410 1215 3477; x_wconf 88' lang='lat' dir='ltr'><strong>somnis,</strong></span> <span class='ocrx_word' id='word_1_374' title='bbox 1263 3410 1307 3464; x_wconf 92' lang='lat' dir='ltr'><strong>si</strong></span> <span class='ocrx_word' id='word_1_375' title='bbox 1339 3409 1407 3465; x_wconf 90' lang='lat' dir='ltr'><strong>de</strong></span> <span class='ocrx_word' id='word_1_376' title='bbox 1442 3409 1721 3465; x_wconf 73' lang='lat' dir='ltr'><strong>abluﬁone</strong></span> <span class='ocrx_word' id='word_1_377' title='bbox 1755 3424 1877 3463; x_wconf 90' lang='lat' dir='ltr'><strong>ma-</strong></span> 
     </span>
    </p>
   </div>
   <div class='ocr_carea' id='block_1_51' title="bbox 266 3500 1880 3574">
    <p class='ocr_par' dir='ltr' id='par_1_51' title="bbox 266 3500 1880 3574">
     <span class='ocr_line' id='line_1_51' title="bbox 266 3500 1880 3574; baseline -0.006 -11"><span class='ocrx_word' id='word_1_378' title='bbox 266 3523 448 3563; x_wconf 86' lang='lat' dir='ltr'><strong>nuum</strong></span> <span class='ocrx_word' id='word_1_379' title='bbox 489 3507 551 3560; x_wconf 88' lang='grc' dir='ltr'><strong>Β.</strong></span> <span class='ocrx_word' id='word_1_380' title='bbox 591 3503 878 3559; x_wconf 82' lang='lat' dir='ltr'><strong>Altmanni</strong></span> <span class='ocrx_word' id='word_1_381' title='bbox 919 3512 1045 3574; x_wconf 92' lang='lat' dir='ltr'><strong>post</strong></span> <span class='ocrx_word' id='word_1_382' title='bbox 1090 3512 1432 3559; x_wconf 88' lang='lat' dir='ltr'><strong>sacramenta</strong></span> <span class='ocrx_word' id='word_1_383' title='bbox 1478 3502 1768 3557; x_wconf 88' lang='lat' dir='ltr'><strong>missarum</strong></span> <span class='ocrx_word' id='word_1_384' title='bbox 1808 3500 1880 3554; x_wconf 85' lang='lat' dir='ltr'><strong>ti-</strong></span> 
     </span>
    </p>
   </div>
   <div class='ocr_carea' id='block_1_52' title="bbox 267 3593 1879 3671">
    <p class='ocr_par' dir='ltr' id='par_1_52' title="bbox 267 3593 1879 3671">
     <span class='ocr_line' id='line_1_52' title="bbox 267 3593 1879 3671; baseline -0.004 -15"><span class='ocrx_word' id='word_1_385' title='bbox 267 3603 408 3656; x_wconf 88' lang='lat' dir='ltr'><strong>liam</strong></span> <span class='ocrx_word' id='word_1_386' title='bbox 438 3606 797 3671; x_wconf 82' lang='lat' dir='ltr'><strong>perungeret,</strong></span> <span class='ocrx_word' id='word_1_387' title='bbox 823 3597 1065 3668; x_wconf 90' lang='lat' dir='ltr'><strong>pristina</strong></span> <span class='ocrx_word' id='word_1_388' title='bbox 1092 3597 1317 3652; x_wconf 88' lang='lat' dir='ltr'><strong>sanitari</strong></span> <span class='ocrx_word' id='word_1_389' title='bbox 1346 3594 1689 3651; x_wconf 87' lang='lat' dir='ltr'><strong>redderetur.</strong></span> <span class='ocrx_word' id='word_1_390' title='bbox 1718 3593 1879 3663; x_wconf 90' lang='lat' dir='ltr'><strong>Quod</strong></span> 
     </span>
    </p>
   </div>
   <div class='ocr_carea' id='block_1_53' title="bbox 266 3688 1877 3760">
    <p class='ocr_par' dir='ltr' id='par_1_53' title="bbox 266 3688 1877 3760">
     <span class='ocr_line' id='line_1_53' title="bbox 266 3688 1877 3760; baseline -0.005 -8"><span class='ocrx_word' id='word_1_391' title='bbox 266 3696 414 3752; x_wconf 88' lang='lat' dir='ltr'><strong>dum</strong></span> <span class='ocrx_word' id='word_1_392' title='bbox 435 3694 524 3749; x_wconf 83' lang='lat' dir='ltr'><strong>illa</strong></span> <span class='ocrx_word' id='word_1_393' title='bbox 554 3691 787 3749; x_wconf 88' lang='lat' dir='ltr'><strong>ﬁdeliter</strong></span> <span class='ocrx_word' id='word_1_394' title='bbox 820 3689 1053 3756; x_wconf 83' lang='lat' dir='ltr'><strong>fecisset,</strong></span> <span class='ocrx_word' id='word_1_395' title='bbox 1086 3699 1277 3746; x_wconf 88' lang='lat' dir='ltr'><strong>sanata</strong></span> <span class='ocrx_word' id='word_1_396' title='bbox 1308 3698 1393 3745; x_wconf 88' lang='lat' dir='ltr'><strong>est</strong></span> <span class='ocrx_word' id='word_1_397' title='bbox 1420 3690 1530 3745; x_wconf 90' lang='lat' dir='ltr'><strong>ﬁlia</strong></span> <span class='ocrx_word' id='word_1_398' title='bbox 1555 3689 1673 3760; x_wconf 86' lang='lat' dir='ltr'><strong>ejus</strong></span> <span class='ocrx_word' id='word_1_399' title='bbox 1700 3705 1767 3743; x_wconf 83' lang='lat' dir='ltr'><strong>ex</strong></span> <span class='ocrx_word' id='word_1_400' title='bbox 1791 3688 1877 3744; x_wconf 88' lang='lat' dir='ltr'><strong>illa</strong></span> 
     </span>
    </p>
   </div>
   <div class='ocr_carea' id='block_1_54' title="bbox 268 3783 1880 3859">
    <p class='ocr_par' dir='ltr' id='par_1_54' title="bbox 268 3783 1880 3859">
     <span class='ocr_line' id='line_1_54' title="bbox 268 3783 1880 3859; baseline -0.004 -15"><span class='ocrx_word' id='word_1_401' title='bbox 268 3789 435 3845; x_wconf 90' lang='lat' dir='ltr'><strong>hora.</strong></span> <span class='ocrx_word' id='word_1_402' title='bbox 484 3785 632 3859; x_wconf 86' lang='lat' dir='ltr'><strong>Quid</strong></span> <span class='ocrx_word' id='word_1_403' title='bbox 680 3786 868 3840; x_wconf 91' lang='lat' dir='ltr'><strong>minus</strong></span> <span class='ocrx_word' id='word_1_404' title='bbox 915 3784 1114 3840; x_wconf 88' lang='lat' dir='ltr'><strong>habere</strong></span> <span class='ocrx_word' id='word_1_405' title='bbox 1143 3784 1355 3840; x_wconf 89' lang='lat' dir='ltr'><strong>videtur</strong></span> <span class='ocrx_word' id='word_1_406' title='bbox 1400 3793 1619 3839; x_wconf 90' lang='lat' dir='ltr'><strong>sanctus</strong></span> <span class='ocrx_word' id='word_1_407' title='bbox 1662 3783 1767 3838; x_wconf 91' lang='lat' dir='ltr'><strong>iste</strong></span> <span class='ocrx_word' id='word_1_408' title='bbox 1812 3784 1880 3837; x_wconf 89' lang='lat' dir='ltr'><strong>ab</strong></span> 
     </span>
    </p>
   </div>
   <div class='ocr_carea' id='block_1_55' title="bbox 264 3879 1880 3955">
    <p class='ocr_par' dir='ltr' id='par_1_55' title="bbox 264 3879 1880 3955">
     <span class='ocr_line' id='line_1_55' title="bbox 264 3879 1880 3955; baseline -0.004 -18"><span class='ocrx_word' id='word_1_409' title='bbox 264 3881 370 3938; x_wconf 88' lang='lat' dir='ltr'><strong>illo</strong></span> <span class='ocrx_word' id='word_1_410' title='bbox 417 3895 619 3951; x_wconf 86' lang='lat' dir='ltr'><strong>magno</strong></span> <span class='ocrx_word' id='word_1_411' title='bbox 659 3879 926 3950; x_wconf 87' lang='lat' dir='ltr'><strong>propheta</strong></span> <span class='ocrx_word' id='word_1_412' title='bbox 984 3879 1178 3943; x_wconf 80' lang='lat' dir='ltr'><strong>Eliseo,</strong></span> <span class='ocrx_word' id='word_1_413' title='bbox 1222 3880 1316 3948; x_wconf 91' lang='lat' dir='ltr'><strong>qui</strong></span> <span class='ocrx_word' id='word_1_414' title='bbox 1376 3879 1582 3949; x_wconf 91' lang='lat' dir='ltr'><strong>lepram</strong></span> <span class='ocrx_word' id='word_1_415' title='bbox 1636 3880 1880 3955; x_wconf 81' lang='lat' dir='ltr'><strong>Naaman</strong></span> 
     </span>
    </p>
   </div>
   <div class='ocr_carea' id='block_1_56' title="bbox 267 3970 1878 4047">
    <p class='ocr_par' dir='ltr' id='par_1_56' title="bbox 267 3970 1878 4047">
     <span class='ocr_line' id='line_1_56' title="bbox 267 3970 1878 4047; baseline -0.006 -15"><span class='ocrx_word' id='word_1_416' title='bbox 267 3975 397 4047; x_wconf 85' lang='lat' dir='ltr'><strong>Syri</strong></span> <span class='ocrx_word' id='word_1_417' title='bbox 447 3971 749 4029; x_wconf 86' lang='lat' dir='ltr'><strong>curandam</strong></span> <span class='ocrx_word' id='word_1_418' title='bbox 788 3971 978 4027; x_wconf 90' lang='lat' dir='ltr'><strong>docuit</strong></span> <span class='ocrx_word' id='word_1_419' title='bbox 1029 3972 1089 4026; x_wconf 87' lang='lat' dir='ltr'><strong>in</strong></span> <span class='ocrx_word' id='word_1_420' title='bbox 1138 3970 1426 4027; x_wconf 84' lang='lat' dir='ltr'><strong>Jordane?</strong></span> <span class='ocrx_word' id='word_1_421' title='bbox 1474 3972 1577 4041; x_wconf 85' lang='lat' dir='ltr'><strong>(IV</strong></span> <span class='ocrx_word' id='word_1_422' title='bbox 1614 3975 1746 4039; x_wconf 84' lang='lat' dir='ltr'><strong>Reg.</strong></span> <span class='ocrx_word' id='word_1_423' title='bbox 1795 3972 1878 4041; x_wconf 88' lang='lat' dir='ltr'><strong>v.)</strong></span> 
     </span>
    </p>
   </div>
   <div class='ocr_carea' id='block_1_57' title="bbox 274 4062 1879 4138">
    <p class='ocr_par' dir='ltr' id='par_1_57' title="bbox 274 4062 1879 4138">
     <span class='ocr_line' id='line_1_57' title="bbox 274 4062 1879 4138; baseline -0.005 -14"><span class='ocrx_word' id='word_1_424' title='bbox 274 4069 383 4125; x_wconf 85' lang='lat' dir='ltr'><strong>Ille</strong></span> <span class='ocrx_word' id='word_1_425' title='bbox 438 4066 638 4138; x_wconf 84' lang='lat' dir='ltr'><strong>septies</strong></span> <span class='ocrx_word' id='word_1_426' title='bbox 690 4066 999 4122; x_wconf 88' lang='lat' dir='ltr'><strong>sanandum</strong></span> <span class='ocrx_word' id='word_1_427' title='bbox 1060 4064 1226 4137; x_wconf 91' lang='lat' dir='ltr'><strong>jussit</strong></span> <span class='ocrx_word' id='word_1_428' title='bbox 1279 4064 1477 4128; x_wconf 87' lang='lat' dir='ltr'><strong>lavari;</strong></span> <span class='ocrx_word' id='word_1_429' title='bbox 1539 4063 1657 4118; x_wconf 87' lang='lat' dir='ltr'><strong>hac</strong></span> <span class='ocrx_word' id='word_1_430' title='bbox 1712 4062 1879 4117; x_wconf 87' lang='lat' dir='ltr'><strong>semel</strong></span> 
     </span>
    </p>
   </div>
   <div class='ocr_carea' id='block_1_58' title="bbox 273 4156 1878 4230">
    <p class='ocr_par' dir='ltr' id='par_1_58' title="bbox 273 4156 1878 4230">
     <span class='ocr_line' id='line_1_58' title="bbox 273 4156 1878 4230; baseline -0.005 -13"><span class='ocrx_word' id='word_1_431' title='bbox 273 4163 415 4225; x_wconf 88' lang='lat' dir='ltr'><strong>Iota,</strong></span> <span class='ocrx_word' id='word_1_432' title='bbox 447 4158 686 4215; x_wconf 87' lang='lat' dir='ltr'><strong>secundo</strong></span> <span class='ocrx_word' id='word_1_433' title='bbox 714 4159 876 4214; x_wconf 87' lang='lat' dir='ltr'><strong>lavari</strong></span> <span class='ocrx_word' id='word_1_434' title='bbox 912 4174 1027 4214; x_wconf 89' lang='lat' dir='ltr'><strong>non</strong></span> <span class='ocrx_word' id='word_1_435' title='bbox 1069 4159 1234 4230; x_wconf 83' lang='lat' dir='ltr'><strong>eguit,</strong></span> <span class='ocrx_word' id='word_1_436' title='bbox 1267 4157 1395 4229; x_wconf 89' lang='lat' dir='ltr'><strong>quia</strong></span> <span class='ocrx_word' id='word_1_437' title='bbox 1424 4157 1716 4212; x_wconf 86' lang='lat' dir='ltr'><strong>sanitatem</strong></span> <span class='ocrx_word' id='word_1_438' title='bbox 1770 4156 1878 4210; x_wconf 86' lang='lat' dir='ltr'><strong>illi-</strong></span> 
     </span>
    </p>
   </div>
   <div class='ocr_carea' id='block_1_59' title="bbox 277 4252 1000 4323">
    <p class='ocr_par' dir='ltr' id='par_1_59' title="bbox 277 4252 1000 4323">
     <span class='ocr_line' id='line_1_59' title="bbox 277 4252 1000 4323; baseline -0.01 -12"><span class='ocrx_word' id='word_1_439' title='bbox 277 4271 346 4310; x_wconf 89' lang='lat' dir='ltr'><strong>co</strong></span> <span class='ocrx_word' id='word_1_440' title='bbox 373 4254 549 4309; x_wconf 86' lang='lat' dir='ltr'><strong>sensit</strong></span> <span class='ocrx_word' id='word_1_441' title='bbox 574 4267 740 4323; x_wconf 90' lang='lat' dir='ltr'><strong>quam</strong></span> <span class='ocrx_word' id='word_1_442' title='bbox 770 4252 1000 4321; x_wconf 78' lang='lat' dir='ltr'><strong>aptavit.</strong></span> 
     </span>
    </p>
   </div>
   <div class='ocr_carea' id='block_1_60' title="bbox 355 4343 1885 4412">
    <p class='ocr_par' dir='ltr' id='par_1_60' title="bbox 355 4343 1885 4412">
     <span class='ocr_line' id='line_1_60' title="bbox 355 4343 1885 4412; baseline -0.005 -8"><span class='ocrx_word' id='word_1_443' title='bbox 355 4352 469 4404; x_wconf 76' lang='lat' dir='ltr'><strong>Nec</strong></span> <span class='ocrx_word' id='word_1_444' title='bbox 498 4346 601 4401; x_wconf 88' lang='lat' dir='ltr'><strong>hoc</strong></span> <span class='ocrx_word' id='word_1_445' title='bbox 644 4346 761 4401; x_wconf 92' lang='lat' dir='ltr'><strong>solo</strong></span> <span class='ocrx_word' id='word_1_446' title='bbox 804 4345 1070 4401; x_wconf 87' lang='lat' dir='ltr'><strong>miraculo</strong></span> <span class='ocrx_word' id='word_1_447' title='bbox 1092 4345 1370 4401; x_wconf 86' lang='lat' dir='ltr'><strong>Dominus</strong></span> <span class='ocrx_word' id='word_1_448' title='bbox 1407 4344 1705 4400; x_wconf 84' lang='lat' dir='ltr'><strong>declaravit</strong></span> <span class='ocrx_word' id='word_1_449' title='bbox 1732 4343 1885 4412; x_wconf 88' lang='lat' dir='ltr'><strong>cujus</strong></span> 
     </span>
    </p>
   </div>
   <div class='ocr_carea' id='block_1_61' title="bbox 276 4435 1882 4513">
    <p class='ocr_par' dir='ltr' id='par_1_61' title="bbox 276 4435 1882 4513">
     <span class='ocr_line' id='line_1_61' title="bbox 276 4435 1882 4513; baseline -0.006 -15"><span class='ocrx_word' id='word_1_450' title='bbox 276 4441 431 4513; x_wconf 87' lang='lat' dir='ltr'><strong>apud</strong></span> <span class='ocrx_word' id='word_1_451' title='bbox 454 4456 582 4496; x_wconf 88' lang='lat' dir='ltr'><strong>eum</strong></span> <span class='ocrx_word' id='word_1_452' title='bbox 606 4438 791 4495; x_wconf 87' lang='lat' dir='ltr'><strong>meriti</strong></span> <span class='ocrx_word' id='word_1_453' title='bbox 822 4438 1054 4495; x_wconf 89' lang='lat' dir='ltr'><strong>dilectus</strong></span> <span class='ocrx_word' id='word_1_454' title='bbox 1093 4436 1339 4494; x_wconf 89' lang='lat' dir='ltr'><strong>famulus</strong></span> <span class='ocrx_word' id='word_1_455' title='bbox 1369 4454 1501 4495; x_wconf 91' lang='lat' dir='ltr'><strong>suus</strong></span> <span class='ocrx_word' id='word_1_456' title='bbox 1531 4436 1719 4503; x_wconf 85' lang='lat' dir='ltr'><strong>fuerit;</strong></span> <span class='ocrx_word' id='word_1_457' title='bbox 1750 4435 1882 4507; x_wconf 90' lang='lat' dir='ltr'><strong>quin</strong></span> 
     </span>
    </p>
   </div>
   <div class='ocr_carea' id='block_1_62' title="bbox 1975 1912 3569 1977">
    <p class='ocr_par' dir='ltr' id='par_1_62' title="bbox 1975 1912 3569 1977">
     <span class='ocr_line' id='line_1_62' title="bbox 1975 1912 3569 1977; baseline -0.003 -12"><span class='ocrx_word' id='word_1_458' title='bbox 1975 1912 2131 1967; x_wconf 89' lang='lat' dir='ltr'><strong>terris</strong></span> <span class='ocrx_word' id='word_1_459' title='bbox 2174 1912 2287 1966; x_wconf 89' lang='lat' dir='ltr'><strong>suis</strong></span> <span class='ocrx_word' id='word_1_460' title='bbox 2319 1912 2485 1973; x_wconf 88' lang='lat' dir='ltr'><strong>(PsaI.</strong></span> <span class='ocrx_word' id='word_1_461' title='bbox 2521 1912 2758 1977; x_wconf 79' lang='lat' dir='ltr'><strong>XLVIII),</strong></span> <span class='ocrx_word' id='word_1_462' title='bbox 2796 1925 2897 1963; x_wconf 89' lang='lat' dir='ltr'><strong>nec</strong></span> <span class='ocrx_word' id='word_1_463' title='bbox 2926 1917 3111 1965; x_wconf 89' lang='lat' dir='ltr'><strong>tamen</strong></span> <span class='ocrx_word' id='word_1_464' title='bbox 3160 1915 3569 1968; x_wconf 70' lang='lat' dir='ltr'><strong>cognoscuntur</strong></span> 
     </span>
    </p>
   </div>
   <div class='ocr_carea' id='block_1_63' title="bbox 1976 2000 3567 2073">
    <p class='ocr_par' dir='ltr' id='par_1_63' title="bbox 1976 2000 3567 2073">
     <span class='ocr_line' id='line_1_63' title="bbox 1976 2000 3567 2073; baseline -0.003 -13"><span class='ocrx_word' id='word_1_465' title='bbox 1976 2022 2037 2061; x_wconf 77' lang='lat' dir='ltr'><strong>ex</strong></span> <span class='ocrx_word' id='word_1_466' title='bbox 2064 2005 2291 2060; x_wconf 90' lang='lat' dir='ltr'><strong>nomine</strong></span> <span class='ocrx_word' id='word_1_467' title='bbox 2330 2005 2527 2069; x_wconf 68' lang='lat' dir='ltr'><strong>(Exod.</strong></span> <span class='ocrx_word' id='word_1_468' title='bbox 2560 2002 2813 2073; x_wconf 67' lang='lat' dir='ltr'><strong>XXXIII);</strong></span> <span class='ocrx_word' id='word_1_469' title='bbox 2844 2002 2969 2071; x_wconf 88' lang='lat' dir='ltr'><strong>quia</strong></span> <span class='ocrx_word' id='word_1_470' title='bbox 2995 2001 3155 2056; x_wconf 86' lang='lat' dir='ltr'><strong>deleti</strong></span> <span class='ocrx_word' id='word_1_471' title='bbox 3183 2009 3309 2055; x_wconf 90' lang='lat' dir='ltr'><strong>sunt</strong></span> <span class='ocrx_word' id='word_1_472' title='bbox 3334 2000 3403 2055; x_wconf 92' lang='lat' dir='ltr'><strong>de</strong></span> <span class='ocrx_word' id='word_1_473' title='bbox 3424 2000 3567 2055; x_wconf 88' lang='lat' dir='ltr'><strong>libro</strong></span> 
     </span>
    </p>
   </div>
   <div class='ocr_carea' id='block_1_64' title="bbox 1976 2094 3573 2167">
    <p class='ocr_par' dir='ltr' id='par_1_64' title="bbox 1976 2094 3573 2167">
     <span class='ocr_line' id='line_1_64' title="bbox 1976 2094 3573 2167; baseline -0.004 -14"><span class='ocrx_word' id='word_1_474' title='bbox 1976 2099 2294 2165; x_wconf 73' lang='lat' dir='ltr'><strong>viventium,</strong></span> <span class='ocrx_word' id='word_1_475' title='bbox 2343 2106 2398 2153; x_wconf 88' lang='lat' dir='ltr'><strong>et</strong></span> <span class='ocrx_word' id='word_1_476' title='bbox 2441 2113 2568 2152; x_wconf 88' lang='lat' dir='ltr'><strong>cum</strong></span> <span class='ocrx_word' id='word_1_477' title='bbox 2616 2096 2778 2167; x_wconf 91' lang='lat' dir='ltr'><strong>justis</strong></span> <span class='ocrx_word' id='word_1_478' title='bbox 2827 2110 3177 2166; x_wconf 88' lang='lat' dir='ltr'><strong>nequaquam</strong></span> <span class='ocrx_word' id='word_1_479' title='bbox 3219 2094 3573 2149; x_wconf 68' lang='lat' dir='ltr'><strong>conscribuno</strong></span> 
     </span>
    </p>
   </div>
   <div class='ocr_carea' id='block_1_65' title="bbox 1980 2186 3568 2249">
    <p class='ocr_par' dir='ltr' id='par_1_65' title="bbox 1980 2186 3568 2249">
     <span class='ocr_line' id='line_1_65' title="bbox 1980 2186 3568 2249; baseline -0.004 -2"><span class='ocrx_word' id='word_1_480' title='bbox 1980 2202 2087 2247; x_wconf 91' lang='lat' dir='ltr'><strong>tur.</strong></span> <span class='ocrx_word' id='word_1_481' title='bbox 2141 2189 2304 2249; x_wconf 90' lang='lat' dir='ltr'><strong>Unde</strong></span> <span class='ocrx_word' id='word_1_482' title='bbox 2350 2199 2405 2245; x_wconf 89' lang='lat' dir='ltr'><strong>et</strong></span> <span class='ocrx_word' id='word_1_483' title='bbox 2444 2190 2729 2245; x_wconf 88' lang='lat' dir='ltr'><strong>districtus</strong></span> <span class='ocrx_word' id='word_1_484' title='bbox 2756 2188 2929 2243; x_wconf 87' lang='lat' dir='ltr'><strong>Judex</strong></span> <span class='ocrx_word' id='word_1_485' title='bbox 2976 2188 3225 2242; x_wconf 84' lang='lat' dir='ltr'><strong>dicturus</strong></span> <span class='ocrx_word' id='word_1_486' title='bbox 3270 2194 3353 2241; x_wconf 87' lang='lat' dir='ltr'><strong>est</strong></span> <span class='ocrx_word' id='word_1_487' title='bbox 3399 2186 3483 2241; x_wconf 88' lang='lat' dir='ltr'><strong>eis</strong></span> <span class='ocrx_word' id='word_1_488' title='bbox 3515 2186 3568 2240; x_wconf 90' lang='lat' dir='ltr'><strong>in</strong></span> 
     </span>
    </p>
   </div>
   <div class='ocr_carea' id='block_1_66' title="bbox 1978 2281 3569 2355">
    <p class='ocr_par' dir='ltr' id='par_1_66' title="bbox 1978 2281 3569 2355">
     <span class='ocr_line' id='line_1_66' title="bbox 1978 2281 3569 2355; baseline -0.006 -15"><span class='ocrx_word' id='word_1_489' title='bbox 1978 2287 2065 2341; x_wconf 90' lang='lat' dir='ltr'><strong>illa</strong></span> <span class='ocrx_word' id='word_1_490' title='bbox 2108 2284 2384 2339; x_wconf 89' lang='lat' dir='ltr'><strong>tremenda</strong></span> <span class='ocrx_word' id='word_1_491' title='bbox 2434 2282 2784 2355; x_wconf 88' lang='lat' dir='ltr'><strong>separatione</strong></span> <span class='ocrx_word' id='word_1_492' title='bbox 2832 2281 3106 2336; x_wconf 88' lang='lat' dir='ltr'><strong>bonorum</strong></span> <span class='ocrx_word' id='word_1_493' title='bbox 3148 2288 3202 2335; x_wconf 90' lang='lat' dir='ltr'><strong>et</strong></span> <span class='ocrx_word' id='word_1_494' title='bbox 3229 2281 3503 2335; x_wconf 88' lang='lat' dir='ltr'><strong>malorum</strong></span> <span class='ocrx_word' id='word_1_495' title='bbox 3555 2297 3569 2331; x_wconf 91' lang='lat'><strong>:</strong></span> 
     </span>
    </p>
   </div>
   <div class='ocr_carea' id='block_1_67' title="bbox 1980 2364 3572 2443">
    <p class='ocr_par' dir='ltr' id='par_1_67' title="bbox 1980 2364 3572 2443">
     <span class='ocr_line' id='line_1_67' title="bbox 1980 2364 3572 2443; baseline -0.004 -9"><span class='ocrx_word' id='word_1_496' title='bbox 1980 2364 2246 2435; x_wconf 71' lang='lat' dir='ltr'><strong>Discedite</strong></span> <span class='ocrx_word' id='word_1_497' title='bbox 2314 2395 2349 2432; x_wconf 89' lang='lat' dir='ltr'><em>a</em></span> <span class='ocrx_word' id='word_1_498' title='bbox 2400 2394 2501 2443; x_wconf 88' lang='lat' dir='ltr'><strong>me,</strong></span> <span class='ocrx_word' id='word_1_499' title='bbox 2577 2377 2872 2441; x_wconf 74' lang='lat' dir='ltr'><strong>maledicti,</strong></span> <span class='ocrx_word' id='word_1_500' title='bbox 2944 2377 3004 2428; x_wconf 76' lang='lat' dir='ltr'><strong>in</strong></span> <span class='ocrx_word' id='word_1_501' title='bbox 3082 2376 3256 2442; x_wconf 74' lang='lat' dir='ltr'><strong>ignem</strong></span> <span class='ocrx_word' id='word_1_502' title='bbox 3319 2379 3572 2428; x_wconf 68' lang='lat' dir='ltr'><strong>aeternum</strong></span> 
     </span>
    </p>
   </div>
   <div class='ocr_carea' id='block_1_68' title="bbox 1983 2466 3573 2543">
    <p class='ocr_par' dir='ltr' id='par_1_68' title="bbox 1983 2466 3573 2543">
     <span class='ocr_line' id='line_1_68' title="bbox 1983 2466 3573 2543; baseline -0.004 -14"><span class='ocrx_word' id='word_1_503' title='bbox 1983 2476 2194 2537; x_wconf 84' lang='lat' dir='ltr'><strong>(Matth.</strong></span> <span class='ocrx_word' id='word_1_504' title='bbox 2228 2472 2548 2541; x_wconf 78' lang='lat' dir='ltr'><strong>xxv),qnia</strong></span> <span class='ocrx_word' id='word_1_505' title='bbox 2581 2486 2691 2525; x_wconf 91' lang='lat' dir='ltr'><strong>non</strong></span> <span class='ocrx_word' id='word_1_506' title='bbox 2724 2468 2849 2523; x_wconf 93' lang='lat' dir='ltr'><strong>novi</strong></span> <span class='ocrx_word' id='word_1_507' title='bbox 2879 2484 2993 2523; x_wconf 90' lang='lat' dir='ltr'><strong>vos.</strong></span> <span class='ocrx_word' id='word_1_508' title='bbox 3028 2470 3248 2522; x_wconf 86' lang='lat' dir='ltr'><strong>Horum</strong></span> <span class='ocrx_word' id='word_1_509' title='bbox 3269 2466 3573 2543; x_wconf 88' lang='lat' dir='ltr'><strong>secundum</strong></span> 
     </span>
    </p>
   </div>
   <div class='ocr_carea' id='block_1_69' title="bbox 1981 2560 3574 2633">
    <p class='ocr_par' dir='ltr' id='par_1_69' title="bbox 1981 2560 3574 2633">
     <span class='ocr_line' id='line_1_69' title="bbox 1981 2560 3574 2633; baseline -0.004 -12"><span class='ocrx_word' id='word_1_510' title='bbox 1981 2576 2237 2621; x_wconf 85' lang='lat' dir='ltr'><strong>sanctum</strong></span> <span class='ocrx_word' id='word_1_511' title='bbox 2256 2564 2433 2619; x_wconf 89' lang='lat' dir='ltr'><strong>David</strong></span> <span class='ocrx_word' id='word_1_512' title='bbox 2462 2564 2599 2633; x_wconf 87' lang='lat' dir='ltr'><strong>perit</strong></span> <span class='ocrx_word' id='word_1_513' title='bbox 2626 2562 2898 2617; x_wconf 89' lang='lat' dir='ltr'><strong>memoria</strong></span> <span class='ocrx_word' id='word_1_514' title='bbox 2916 2576 3044 2615; x_wconf 91' lang='lat' dir='ltr'><strong>cum</strong></span> <span class='ocrx_word' id='word_1_515' title='bbox 3068 2561 3254 2615; x_wconf 91' lang='lat' dir='ltr'><strong>sonitu</strong></span> <span class='ocrx_word' id='word_1_516' title='bbox 3277 2560 3441 2618; x_wconf 79' lang='lat' dir='ltr'><strong>(Psal.</strong></span> <span class='ocrx_word' id='word_1_517' title='bbox 3467 2564 3574 2628; x_wconf 85' lang='lat' dir='ltr'><strong>Ix);</strong></span> 
     </span>
    </p>
   </div>
   <div class='ocr_carea' id='block_1_70' title="bbox 1986 2652 3578 2727">
    <p class='ocr_par' dir='ltr' id='par_1_70' title="bbox 1986 2652 3578 2727">
     <span class='ocr_line' id='line_1_70' title="bbox 1986 2652 3578 2727; baseline -0.004 -13"><span class='ocrx_word' id='word_1_518' title='bbox 1986 2664 2098 2721; x_wconf 91' lang='lat' dir='ltr'><strong>aut,</strong></span> <span class='ocrx_word' id='word_1_519' title='bbox 2150 2659 2195 2712; x_wconf 92' lang='lat' dir='ltr'><strong>si</strong></span> <span class='ocrx_word' id='word_1_520' title='bbox 2240 2673 2343 2727; x_wconf 90' lang='lat' dir='ltr'><strong>qua</strong></span> <span class='ocrx_word' id='word_1_521' title='bbox 2392 2665 2493 2721; x_wconf 89' lang='lat' dir='ltr'><strong>est,</strong></span> <span class='ocrx_word' id='word_1_522' title='bbox 2526 2655 2643 2710; x_wconf 86' lang='lat' dir='ltr'><strong>hac</strong></span> <span class='ocrx_word' id='word_1_523' title='bbox 2687 2671 2800 2709; x_wconf 89' lang='lat' dir='ltr'><strong>non</strong></span> <span class='ocrx_word' id='word_1_524' title='bbox 2850 2655 2904 2708; x_wconf 90' lang='lat' dir='ltr'><strong>in</strong></span> <span class='ocrx_word' id='word_1_525' title='bbox 2942 2653 3349 2715; x_wconf 88' lang='lat' dir='ltr'><strong>benedictione,</strong></span> <span class='ocrx_word' id='word_1_526' title='bbox 3378 2652 3473 2707; x_wconf 91' lang='lat' dir='ltr'><strong>sed</strong></span> <span class='ocrx_word' id='word_1_527' title='bbox 3518 2653 3578 2708; x_wconf 90' lang='lat' dir='ltr'><strong>in</strong></span> 
     </span>
    </p>
   </div>
   <div class='ocr_carea' id='block_1_71' title="bbox 1986 2745 3577 2818">
    <p class='ocr_par' dir='ltr' id='par_1_71' title="bbox 1986 2745 3577 2818">
     <span class='ocr_line' id='line_1_71' title="bbox 1986 2745 3577 2818; baseline -0.006 -9"><span class='ocrx_word' id='word_1_528' title='bbox 1986 2750 2367 2809; x_wconf 88' lang='lat' dir='ltr'><strong>maledictione</strong></span> <span class='ocrx_word' id='word_1_529' title='bbox 2417 2756 2518 2803; x_wconf 89' lang='lat' dir='ltr'><strong>est.</strong></span> <span class='ocrx_word' id='word_1_530' title='bbox 2565 2747 2824 2818; x_wconf 85' lang='lat' dir='ltr'><strong>Nunquid</strong></span> <span class='ocrx_word' id='word_1_531' title='bbox 2870 2747 3018 2802; x_wconf 90' lang='lat' dir='ltr'><strong>enim</strong></span> <span class='ocrx_word' id='word_1_532' title='bbox 3070 2762 3266 2817; x_wconf 90' lang='lat' dir='ltr'><strong>parum</strong></span> <span class='ocrx_word' id='word_1_533' title='bbox 3308 2753 3427 2801; x_wconf 91' lang='lat' dir='ltr'><strong>erat</strong></span> <span class='ocrx_word' id='word_1_534' title='bbox 3452 2745 3577 2811; x_wconf 88' lang='lat' dir='ltr'><strong>illis,</strong></span> 
     </span>
    </p>
   </div>
   <div class='ocr_carea' id='block_1_72' title="bbox 1986 2838 3577 2910">
    <p class='ocr_par' dir='ltr' id='par_1_72' title="bbox 1986 2838 3577 2910">
     <span class='ocr_line' id='line_1_72' title="bbox 1986 2838 3577 2910; baseline -0.006 -9"><span class='ocrx_word' id='word_1_535' title='bbox 1986 2847 2249 2902; x_wconf 88' lang='lat' dir='ltr'><strong>molestos</strong></span> <span class='ocrx_word' id='word_1_536' title='bbox 2279 2858 2395 2898; x_wconf 91' lang='lat' dir='ltr'><strong>esse</strong></span> <span class='ocrx_word' id='word_1_537' title='bbox 2421 2840 2756 2906; x_wconf 88' lang='lat' dir='ltr'><strong>hominibus;</strong></span> <span class='ocrx_word' id='word_1_538' title='bbox 2786 2840 2911 2910; x_wconf 89' lang='lat' dir='ltr'><strong>quia</strong></span> <span class='ocrx_word' id='word_1_539' title='bbox 2945 2838 3156 2893; x_wconf 89' lang='lat' dir='ltr'><strong>molesti</strong></span> <span class='ocrx_word' id='word_1_540' title='bbox 3187 2847 3339 2893; x_wconf 88' lang='lat' dir='ltr'><strong>erant</strong></span> <span class='ocrx_word' id='word_1_541' title='bbox 3365 2845 3419 2891; x_wconf 89' lang='lat' dir='ltr'><strong>et</strong></span> <span class='ocrx_word' id='word_1_542' title='bbox 3438 2841 3577 2907; x_wconf 85' lang='lat' dir='ltr'><strong>Deo,</strong></span> 
     </span>
    </p>
   </div>
   <div class='ocr_carea' id='block_1_73' title="bbox 1980 2930 3578 2995">
    <p class='ocr_par' dir='ltr' id='par_1_73' title="bbox 1980 2930 3578 2995">
     <span class='ocr_line' id='line_1_73' title="bbox 1980 2930 3578 2995; baseline -0.006 -2"><span class='ocrx_word' id='word_1_543' title='bbox 1980 2941 2121 2995; x_wconf 88' lang='lat' dir='ltr'><strong>sicut</strong></span> <span class='ocrx_word' id='word_1_544' title='bbox 2168 2937 2235 2992; x_wconf 90' lang='lat' dir='ltr'><strong>de</strong></span> <span class='ocrx_word' id='word_1_545' title='bbox 2279 2934 2552 2992; x_wconf 89' lang='lat' dir='ltr'><strong>similibus</strong></span> <span class='ocrx_word' id='word_1_546' title='bbox 2598 2949 2789 2987; x_wconf 88' lang='lat' dir='ltr'><strong>eorum</strong></span> <span class='ocrx_word' id='word_1_547' title='bbox 2834 2940 3062 2987; x_wconf 88' lang='lat' dir='ltr'><strong>testatus</strong></span> <span class='ocrx_word' id='word_1_548' title='bbox 3099 2938 3182 2985; x_wconf 90' lang='lat' dir='ltr'><strong>est</strong></span> <span class='ocrx_word' id='word_1_549' title='bbox 3226 2930 3422 2986; x_wconf 84' lang='lat' dir='ltr'><strong>Isaias?</strong></span> <span class='ocrx_word' id='word_1_550' title='bbox 3451 2933 3578 2995; x_wconf 89' lang='lat' dir='ltr'><strong>(Isa.</strong></span> 
     </span>
    </p>
   </div>
   <div class='ocr_carea' id='block_1_74' title="bbox 1982 3023 3581 3099">
    <p class='ocr_par' dir='ltr' id='par_1_74' title="bbox 1982 3023 3581 3099">
     <span class='ocr_line' id='line_1_74' title="bbox 1982 3023 3581 3099; baseline -0.006 -12"><span class='ocrx_word' id='word_1_551' title='bbox 1982 3039 2112 3097; x_wconf 83' lang='lat' dir='ltr'><strong>vn.)</strong></span> <span class='ocrx_word' id='word_1_552' title='bbox 2141 3032 2211 3087; x_wconf 85' lang='lat' dir='ltr'><strong>Et</strong></span> <span class='ocrx_word' id='word_1_553' title='bbox 2250 3028 2375 3085; x_wconf 88' lang='lat' dir='ltr'><strong>ideo</strong></span> <span class='ocrx_word' id='word_1_554' title='bbox 2405 3029 2564 3099; x_wconf 90' lang='lat' dir='ltr'><strong>longe</strong></span> <span class='ocrx_word' id='word_1_555' title='bbox 2593 3035 2677 3081; x_wconf 91' lang='lat' dir='ltr'><strong>est</strong></span> <span class='ocrx_word' id='word_1_556' title='bbox 2708 3026 2777 3080; x_wconf 91' lang='lat' dir='ltr'><strong>ab</strong></span> <span class='ocrx_word' id='word_1_557' title='bbox 2825 3027 2903 3080; x_wconf 90' lang='lat' dir='ltr'><strong>eis</strong></span> <span class='ocrx_word' id='word_1_558' title='bbox 2952 3024 3100 3095; x_wconf 90' lang='lat' dir='ltr'><strong>quod</strong></span> <span class='ocrx_word' id='word_1_559' title='bbox 3129 3024 3198 3077; x_wconf 90' lang='lat' dir='ltr'><strong>de</strong></span> <span class='ocrx_word' id='word_1_560' title='bbox 3229 3023 3429 3079; x_wconf 81' lang='lat' dir='ltr'><strong>dilecto</strong></span> <span class='ocrx_word' id='word_1_561' title='bbox 3464 3027 3581 3078; x_wconf 89' lang='lat' dir='ltr'><strong>Deo</strong></span> 
     </span>
    </p>
   </div>
   <div class='ocr_carea' id='block_1_75' title="bbox 1939 3116 3581 3194">
    <p class='ocr_par' dir='ltr' id='par_1_75' title="bbox 1939 3116 3581 3194">
     <span class='ocr_line' id='line_1_75' title="bbox 1939 3116 3581 3194; baseline -0.006 -13"><span class='ocrx_word' id='word_1_562' title='bbox 1939 3174 1955 3194; x_wconf 69' lang='grc'>,</span> <span class='ocrx_word' id='word_1_563' title='bbox 1985 3135 2040 3181; x_wconf 91' lang='lat' dir='ltr'><strong>et</strong></span> <span class='ocrx_word' id='word_1_564' title='bbox 2085 3124 2401 3180; x_wconf 89' lang='lat' dir='ltr'><strong>hominibus</strong></span> <span class='ocrx_word' id='word_1_565' title='bbox 2446 3122 2670 3187; x_wconf 87' lang='lat' dir='ltr'><strong>dicitur,</strong></span> <span class='ocrx_word' id='word_1_566' title='bbox 2722 3119 2880 3191; x_wconf 89' lang='lat' dir='ltr'><strong>cujus</strong></span> <span class='ocrx_word' id='word_1_567' title='bbox 2927 3118 3196 3173; x_wconf 85' lang='lat' dir='ltr'><strong>memoria</strong></span> <span class='ocrx_word' id='word_1_568' title='bbox 3256 3117 3312 3171; x_wconf 91' lang='lat' dir='ltr'><strong>in</strong></span> <span class='ocrx_word' id='word_1_569' title='bbox 3358 3116 3581 3172; x_wconf 87' lang='lat' dir='ltr'><strong>benedi-</strong></span> 
     </span>
    </p>
   </div>
   <div class='ocr_carea' id='block_1_76' title="bbox 1987 3214 2688 3283">
    <p class='ocr_par' dir='ltr' id='par_1_76' title="bbox 1987 3214 2688 3283">
     <span class='ocr_line' id='line_1_76' title="bbox 1987 3214 2688 3283; baseline -0.013 -8"><span class='ocrx_word' id='word_1_570' title='bbox 1987 3221 2168 3275; x_wconf 89' lang='lat' dir='ltr'><strong>ctione</strong></span> <span class='ocrx_word' id='word_1_571' title='bbox 2201 3227 2284 3273; x_wconf 90' lang='lat' dir='ltr'><strong>est</strong></span> <span class='ocrx_word' id='word_1_572' title='bbox 2310 3218 2492 3281; x_wconf 77' lang='lat' dir='ltr'><strong>(Ecclt&#39;.</strong></span> <span class='ocrx_word' id='word_1_573' title='bbox 2522 3214 2688 3283; x_wconf 80' lang='lat' dir='ltr'><strong>XLV).</strong></span> 
     </span>
    </p>
   </div>
   <div class='ocr_carea' id='block_1_77' title="bbox 2062 3302 3587 3380">
    <p class='ocr_par' dir='ltr' id='par_1_77' title="bbox 2062 3302 3587 3380">
     <span class='ocr_line' id='line_1_77' title="bbox 2062 3302 3587 3380; baseline -0.007 -11"><span class='ocrx_word' id='word_1_574' title='bbox 2062 3311 2373 3375; x_wconf 82' lang='lat' dir='ltr'><strong>Attendite,</strong></span> <span class='ocrx_word' id='word_1_575' title='bbox 2427 3323 2635 3380; x_wconf 87' lang='lat' dir='ltr'><strong>quaso,</strong></span> <span class='ocrx_word' id='word_1_576' title='bbox 2669 3303 2952 3375; x_wconf 83' lang='lat' dir='ltr'><strong>pontiﬁces</strong></span> <span class='ocrx_word' id='word_1_577' title='bbox 2981 3302 3164 3360; x_wconf 79' lang='lat' dir='ltr'><strong>saeculi</strong></span> <span class='ocrx_word' id='word_1_578' title='bbox 3208 3304 3405 3368; x_wconf 88' lang='lat' dir='ltr'><strong>nostri,</strong></span> <span class='ocrx_word' id='word_1_579' title='bbox 3462 3316 3587 3374; x_wconf 76' lang='lat' dir='ltr'><strong>qua</strong></span> 
     </span>
    </p>
   </div>
   <div class='ocr_carea' id='block_1_78' title="bbox 1989 3397 3587 3465">
    <p class='ocr_par' dir='ltr' id='par_1_78' title="bbox 1989 3397 3587 3465">
     <span class='ocr_line' id='line_1_78' title="bbox 1989 3397 3587 3465; baseline -0.008 -3"><span class='ocrx_word' id='word_1_580' title='bbox 1989 3406 2141 3461; x_wconf 89' lang='lat' dir='ltr'><strong>vobis</strong></span> <span class='ocrx_word' id='word_1_581' title='bbox 2172 3403 2435 3459; x_wconf 90' lang='lat' dir='ltr'><strong>memoria</strong></span> <span class='ocrx_word' id='word_1_582' title='bbox 2469 3398 2751 3465; x_wconf 81' lang='lat' dir='ltr'><strong>succedat;</strong></span> <span class='ocrx_word' id='word_1_583' title='bbox 2792 3413 2901 3452; x_wconf 90' lang='lat' dir='ltr'><strong>non</strong></span> <span class='ocrx_word' id='word_1_584' title='bbox 2935 3397 3004 3451; x_wconf 91' lang='lat' dir='ltr'><strong>de</strong></span> <span class='ocrx_word' id='word_1_585' title='bbox 3055 3397 3463 3451; x_wconf 84' lang='lat' dir='ltr'><strong>constructione</strong></span> <span class='ocrx_word' id='word_1_586' title='bbox 3503 3411 3587 3451; x_wconf 78' lang='lat' dir='ltr'><strong>eo-</strong></span> 
     </span>
    </p>
   </div>
   <div class='ocr_carea' id='block_1_79' title="bbox 1988 3489 3589 3563">
    <p class='ocr_par' dir='ltr' id='par_1_79' title="bbox 1988 3489 3589 3563">
     <span class='ocr_line' id='line_1_79' title="bbox 1988 3489 3589 3563; baseline -0.009 -8"><span class='ocrx_word' id='word_1_587' title='bbox 1988 3501 2300 3563; x_wconf 86' lang='lat' dir='ltr'><strong>clesiarum,</strong></span> <span class='ocrx_word' id='word_1_588' title='bbox 2334 3495 2427 3551; x_wconf 88' lang='lat' dir='ltr'><strong>sed</strong></span> <span class='ocrx_word' id='word_1_589' title='bbox 2468 3493 2845 3559; x_wconf 88' lang='lat' dir='ltr'><strong>castellorum,</strong></span> <span class='ocrx_word' id='word_1_590' title='bbox 2879 3504 3003 3562; x_wconf 88' lang='lat' dir='ltr'><strong>qua</strong></span> <span class='ocrx_word' id='word_1_591' title='bbox 3044 3505 3138 3544; x_wconf 90' lang='lat' dir='ltr'><strong>vos</strong></span> <span class='ocrx_word' id='word_1_592' title='bbox 3166 3490 3221 3544; x_wconf 90' lang='lat' dir='ltr'><strong>in</strong></span> <span class='ocrx_word' id='word_1_593' title='bbox 3260 3489 3486 3545; x_wconf 83' lang='lat' dir='ltr'><strong>excelsis</strong></span> <span class='ocrx_word' id='word_1_594' title='bbox 3531 3496 3589 3544; x_wconf 88' lang='lat' dir='ltr'><strong>et</strong></span> 
     </span>
    </p>
   </div>
   <div class='ocr_carea' id='block_1_80' title="bbox 1990 3582 3587 3665">
    <p class='ocr_par' dir='ltr' id='par_1_80' title="bbox 1990 3582 3587 3665">
     <span class='ocr_line' id='line_1_80' title="bbox 1990 3582 3587 3665; baseline -0.007 -16"><span class='ocrx_word' id='word_1_595' title='bbox 1990 3593 2275 3665; x_wconf 69' lang='lat' dir='ltr'><strong>praeruptis</strong></span> <span class='ocrx_word' id='word_1_596' title='bbox 2312 3588 2597 3645; x_wconf 89' lang='lat' dir='ltr'><strong>montibus</strong></span> <span class='ocrx_word' id='word_1_597' title='bbox 2645 3601 2952 3657; x_wconf 89' lang='lat' dir='ltr'><strong>pauperum</strong></span> <span class='ocrx_word' id='word_1_598' title='bbox 2992 3582 3192 3639; x_wconf 90' lang='lat' dir='ltr'><strong>sudore</strong></span> <span class='ocrx_word' id='word_1_599' title='bbox 3215 3591 3273 3638; x_wconf 88' lang='lat' dir='ltr'><strong>et</strong></span> <span class='ocrx_word' id='word_1_600' title='bbox 3294 3582 3587 3639; x_wconf 10' lang='lat' dir='ltr'><strong>(viduarum</strong></span> 
     </span>
    </p>
   </div>
   <div class='ocr_carea' id='block_1_81' title="bbox 1988 3676 3589 3750">
    <p class='ocr_par' dir='ltr' id='par_1_81' title="bbox 1988 3676 3589 3750">
     <span class='ocr_line' id='line_1_81' title="bbox 1988 3676 3589 3750; baseline -0.007 -7"><span class='ocrx_word' id='word_1_601' title='bbox 1988 3686 2217 3743; x_wconf 89' lang='lat' dir='ltr'><strong>minutis</strong></span> <span class='ocrx_word' id='word_1_602' title='bbox 2248 3682 2587 3739; x_wconf 90' lang='lat' dir='ltr'><strong>instauratis.</strong></span> <span class='ocrx_word' id='word_1_603' title='bbox 2628 3678 2715 3735; x_wconf 77' lang='lat' dir='ltr'><strong>Ad</strong></span> <span class='ocrx_word' id='word_1_604' title='bbox 2753 3678 2883 3750; x_wconf 90' lang='lat' dir='ltr'><strong>quid</strong></span> <span class='ocrx_word' id='word_1_605' title='bbox 2907 3685 3116 3743; x_wconf 89' lang='lat' dir='ltr'><strong>autem,</strong></span> <span class='ocrx_word' id='word_1_606' title='bbox 3157 3676 3261 3730; x_wconf 89' lang='lat' dir='ltr'><strong>nisi</strong></span> <span class='ocrx_word' id='word_1_607' title='bbox 3303 3685 3366 3731; x_wconf 90' lang='lat' dir='ltr'><strong>ut</strong></span> <span class='ocrx_word' id='word_1_608' title='bbox 3388 3676 3589 3733; x_wconf 86' lang='lat' dir='ltr'><strong>abinde</strong></span> 
     </span>
    </p>
   </div>
   <div class='ocr_carea' id='block_1_82' title="bbox 1989 3769 3591 3853">
    <p class='ocr_par' dir='ltr' id='par_1_82' title="bbox 1989 3769 3591 3853">
     <span class='ocr_line' id='line_1_82' title="bbox 1989 3769 3591 3853; baseline -0.007 -17"><span class='ocrx_word' id='word_1_609' title='bbox 1989 3782 2257 3853; x_wconf 87' lang='lat' dir='ltr'><strong>pellantur</strong></span> <span class='ocrx_word' id='word_1_610' title='bbox 2299 3776 2577 3843; x_wconf 87' lang='lat' dir='ltr'><strong>homines;</strong></span> <span class='ocrx_word' id='word_1_611' title='bbox 2615 3789 2727 3828; x_wconf 90' lang='lat' dir='ltr'><strong>non</strong></span> <span class='ocrx_word' id='word_1_612' title='bbox 2772 3771 3057 3828; x_wconf 87' lang='lat' dir='ltr'><strong>damones</strong></span> <span class='ocrx_word' id='word_1_613' title='bbox 3108 3770 3246 3825; x_wconf 89' lang='lat' dir='ltr'><strong>inibi</strong></span> <span class='ocrx_word' id='word_1_614' title='bbox 3296 3769 3457 3825; x_wconf 90' lang='lat' dir='ltr'><strong>vincti</strong></span> <span class='ocrx_word' id='word_1_615' title='bbox 3499 3784 3591 3840; x_wconf 78' lang='lat' dir='ltr'><strong>ge-</strong></span> 
     </span>
    </p>
   </div>
   <div class='ocr_carea' id='block_1_83' title="bbox 1992 3861 3583 3943">
    <p class='ocr_par' dir='ltr' id='par_1_83' title="bbox 1992 3861 3583 3943">
     <span class='ocr_line' id='line_1_83' title="bbox 1992 3861 3583 3943; baseline -0.009 -13"><span class='ocrx_word' id='word_1_616' title='bbox 1992 3883 2145 3930; x_wconf 89' lang='lat' dir='ltr'><strong>mant</strong></span> <span class='ocrx_word' id='word_1_617' title='bbox 2187 3874 2243 3928; x_wconf 91' lang='lat' dir='ltr'><strong>in</strong></span> <span class='ocrx_word' id='word_1_618' title='bbox 2275 3869 2589 3943; x_wconf 87' lang='lat' dir='ltr'><strong>ergastulis,</strong></span> <span class='ocrx_word' id='word_1_619' title='bbox 2640 3865 2897 3922; x_wconf 88' lang='lat' dir='ltr'><strong>deﬁciant</strong></span> <span class='ocrx_word' id='word_1_620' title='bbox 2942 3865 2999 3918; x_wconf 90' lang='lat' dir='ltr'><strong>in</strong></span> <span class='ocrx_word' id='word_1_621' title='bbox 3047 3863 3346 3935; x_wconf 85' lang='lat' dir='ltr'><strong>suppliciis,</strong></span> <span class='ocrx_word' id='word_1_622' title='bbox 3400 3871 3463 3919; x_wconf 88' lang='lat' dir='ltr'><strong>ut</strong></span> <span class='ocrx_word' id='word_1_623' title='bbox 3510 3861 3583 3917; x_wconf 88' lang='lat' dir='ltr'><strong>ibi</strong></span> 
     </span>
    </p>
   </div>
   <div class='ocr_carea' id='block_1_84' title="bbox 1990 3956 3591 4041">
    <p class='ocr_par' dir='ltr' id='par_1_84' title="bbox 1990 3956 3591 4041">
     <span class='ocr_line' id='line_1_84' title="bbox 1990 3956 3591 4041; baseline -0.009 -17"><span class='ocrx_word' id='word_1_624' title='bbox 1990 3975 2305 4041; x_wconf 89' lang='lat' dir='ltr'><strong>peccatores</strong></span> <span class='ocrx_word' id='word_1_625' title='bbox 2350 3980 2465 4019; x_wconf 90' lang='lat' dir='ltr'><strong>non</strong></span> <span class='ocrx_word' id='word_1_626' title='bbox 2511 3966 2926 4024; x_wconf 86' lang='lat' dir='ltr'><strong>convertantur,</strong></span> <span class='ocrx_word' id='word_1_627' title='bbox 2978 3956 3073 4013; x_wconf 91' lang='lat' dir='ltr'><strong>sed</strong></span> <span class='ocrx_word' id='word_1_628' title='bbox 3115 3956 3440 4027; x_wconf 87' lang='lat' dir='ltr'><strong>puniantur;</strong></span> <span class='ocrx_word' id='word_1_629' title='bbox 3484 3970 3591 4026; x_wconf 84' lang='lat' dir='ltr'><strong>pu-</strong></span> 
     </span>
    </p>
   </div>
   <div class='ocr_carea' id='block_1_85' title="bbox 1991 4048 3592 4126">
    <p class='ocr_par' dir='ltr' id='par_1_85' title="bbox 1991 4048 3592 4126">
     <span class='ocr_line' id='line_1_85' title="bbox 1991 4048 3592 4126; baseline -0.008 -9"><span class='ocrx_word' id='word_1_630' title='bbox 1991 4063 2214 4117; x_wconf 88' lang='lat' dir='ltr'><strong>niantur</strong></span> <span class='ocrx_word' id='word_1_631' title='bbox 2250 4075 2364 4114; x_wconf 90' lang='lat' dir='ltr'><strong>non</strong></span> <span class='ocrx_word' id='word_1_632' title='bbox 2388 4058 2459 4113; x_wconf 89' lang='lat' dir='ltr'><strong>ad</strong></span> <span class='ocrx_word' id='word_1_633' title='bbox 2500 4062 2845 4126; x_wconf 86' lang='lat' dir='ltr'><strong>peccatorum</strong></span> <span class='ocrx_word' id='word_1_634' title='bbox 2884 4049 3118 4117; x_wconf 87' lang='lat' dir='ltr'><strong>veniam,</strong></span> <span class='ocrx_word' id='word_1_635' title='bbox 3158 4048 3254 4107; x_wconf 85' lang='lat' dir='ltr'><strong>sed</strong></span> <span class='ocrx_word' id='word_1_636' title='bbox 3291 4049 3363 4106; x_wconf 87' lang='lat' dir='ltr'><strong>ad</strong></span> <span class='ocrx_word' id='word_1_637' title='bbox 3398 4056 3592 4105; x_wconf 84' lang='lat' dir='ltr'><strong>vestra</strong></span> 
     </span>
    </p>
   </div>
   <div class='ocr_carea' id='block_1_86' title="bbox 1992 4142 3591 4227">
    <p class='ocr_par' dir='ltr' id='par_1_86' title="bbox 1992 4142 3591 4227">
     <span class='ocr_line' id='line_1_86' title="bbox 1992 4142 3591 4227; baseline -0.009 -16"><span class='ocrx_word' id='word_1_638' title='bbox 1992 4156 2205 4227; x_wconf 88' lang='lat' dir='ltr'><strong>injuria</strong></span> <span class='ocrx_word' id='word_1_639' title='bbox 2234 4152 2555 4208; x_wconf 88' lang='lat' dir='ltr'><strong>vindictam.</strong></span> <span class='ocrx_word' id='word_1_640' title='bbox 2582 4150 2693 4203; x_wconf 88' lang='lat' dir='ltr'><strong>Vos</strong></span> <span class='ocrx_word' id='word_1_641' title='bbox 2721 4145 2891 4202; x_wconf 88' lang='lat' dir='ltr'><strong>sancti</strong></span> <span class='ocrx_word' id='word_1_642' title='bbox 2920 4144 3166 4206; x_wconf 87' lang='lat' dir='ltr'><strong>Domini,</strong></span> <span class='ocrx_word' id='word_1_643' title='bbox 3200 4142 3444 4198; x_wconf 90' lang='lat' dir='ltr'><strong>ministri</strong></span> <span class='ocrx_word' id='word_1_644' title='bbox 3484 4142 3591 4198; x_wconf 86' lang='lat' dir='ltr'><strong>Dei</strong></span> 
     </span>
    </p>
   </div>
   <div class='ocr_carea' id='block_1_87' title="bbox 1993 4235 3592 4315">
    <p class='ocr_par' dir='ltr' id='par_1_87' title="bbox 1993 4235 3592 4315">
     <span class='ocr_line' id='line_1_87' title="bbox 1993 4235 3592 4315; baseline -0.008 -12"><span class='ocrx_word' id='word_1_645' title='bbox 1993 4249 2188 4315; x_wconf 91' lang='lat' dir='ltr'><strong>nostri,</strong></span> <span class='ocrx_word' id='word_1_646' title='bbox 2238 4244 2307 4300; x_wconf 89' lang='lat' dir='ltr'><strong>de</strong></span> <span class='ocrx_word' id='word_1_647' title='bbox 2332 4243 2534 4315; x_wconf 83' lang='lat' dir='ltr'><strong>quibus</strong></span> <span class='ocrx_word' id='word_1_648' title='bbox 2565 4240 2725 4296; x_wconf 89' lang='lat' dir='ltr'><strong>nobis</strong></span> <span class='ocrx_word' id='word_1_649' title='bbox 2772 4254 2957 4293; x_wconf 89' lang='lat' dir='ltr'><strong>sermo</strong></span> <span class='ocrx_word' id='word_1_650' title='bbox 2982 4245 3085 4303; x_wconf 90' lang='lat' dir='ltr'><strong>est,</strong></span> <span class='ocrx_word' id='word_1_651' title='bbox 3115 4236 3333 4292; x_wconf 89' lang='lat' dir='ltr'><strong>saniore</strong></span> <span class='ocrx_word' id='word_1_652' title='bbox 3361 4235 3592 4291; x_wconf 83' lang='lat' dir='ltr'><strong>consilio</strong></span> 
     </span>
    </p>
   </div>
   <div class='ocr_carea' id='block_1_88' title="bbox 1995 4329 3594 4396">
    <p class='ocr_par' dir='ltr' id='par_1_88' title="bbox 1995 4329 3594 4396">
     <span class='ocr_line' id='line_1_88' title="bbox 1995 4329 3594 4396; baseline -0.008 1"><span class='ocrx_word' id='word_1_653' title='bbox 1995 4339 2327 4396; x_wconf 82' lang='lat' dir='ltr'><strong>instruxistis</strong></span> <span class='ocrx_word' id='word_1_654' title='bbox 2354 4333 2687 4391; x_wconf 89' lang='lat' dir='ltr'><strong>monasteria</strong></span> <span class='ocrx_word' id='word_1_655' title='bbox 2731 4331 2800 4386; x_wconf 87' lang='lat' dir='ltr'><strong>de</strong></span> <span class='ocrx_word' id='word_1_656' title='bbox 2838 4329 3210 4385; x_wconf 89' lang='lat' dir='ltr'><strong>oblationibus</strong></span> <span class='ocrx_word' id='word_1_657' title='bbox 3256 4329 3501 4385; x_wconf 86' lang='lat' dir='ltr'><strong>ﬁdelium</strong></span> <span class='ocrx_word' id='word_1_658' title='bbox 3537 4335 3594 4384; x_wconf 83' lang='lat' dir='ltr'><strong>et</strong></span> 
     </span>
    </p>
   </div>
   <div class='ocr_carea' id='block_1_89' title="bbox 1994 4420 3591 4493">
    <p class='ocr_par' dir='ltr' id='par_1_89' title="bbox 1994 4420 3591 4493">
     <span class='ocr_line' id='line_1_89' title="bbox 1994 4420 3591 4493; baseline -0.008 -4"><span class='ocrx_word' id='word_1_659' title='bbox 1994 4435 2160 4491; x_wconf 89' lang='lat' dir='ltr'><strong>rebus</strong></span> <span class='ocrx_word' id='word_1_660' title='bbox 2186 4431 2559 4493; x_wconf 89' lang='lat' dir='ltr'><strong>ecclesiarum,</strong></span> <span class='ocrx_word' id='word_1_661' title='bbox 2586 4424 2733 4481; x_wconf 90' lang='lat' dir='ltr'><strong>unde</strong></span> <span class='ocrx_word' id='word_1_662' title='bbox 2772 4424 3068 4492; x_wconf 85' lang='lat' dir='ltr'><strong>abiguntur</strong></span> <span class='ocrx_word' id='word_1_663' title='bbox 3094 4422 3399 4489; x_wconf 87' lang='lat' dir='ltr'><strong>damones,</strong></span> <span class='ocrx_word' id='word_1_664' title='bbox 3417 4430 3473 4477; x_wconf 90' lang='lat' dir='ltr'><strong>et</strong></span> <span class='ocrx_word' id='word_1_665' title='bbox 3498 4420 3591 4478; x_wconf 88' lang='lat' dir='ltr'><strong>ubi</strong></span> 
     </span>
    </p>
   </div>
   <div class='ocr_carea' id='block_1_90' title="bbox 274 4523 3593 4606">
    <p class='ocr_par' dir='ltr' id='par_1_90' title="bbox 274 4523 3593 4606">
     <span class='ocr_line' id='line_1_90' title="bbox 274 4523 3593 4606; baseline -0.007 -14"><span class='ocrx_word' id='word_1_666' title='bbox 274 4535 443 4592; x_wconf 86' lang='lat' dir='ltr'><strong>etiam</strong></span> <span class='ocrx_word' id='word_1_667' title='bbox 477 4550 570 4606; x_wconf 91' lang='lat' dir='ltr'><strong>per</strong></span> <span class='ocrx_word' id='word_1_668' title='bbox 598 4532 981 4589; x_wconf 89' lang='lat' dir='ltr'><strong>antecedentes</strong></span> <span class='ocrx_word' id='word_1_669' title='bbox 1012 4531 1327 4603; x_wconf 84' lang='lat' dir='ltr'><strong>prOphetias</strong></span> <span class='ocrx_word' id='word_1_670' title='bbox 1348 4533 1468 4604; x_wconf 89' lang='lat' dir='ltr'><strong>jam</strong></span> <span class='ocrx_word' id='word_1_671' title='bbox 1498 4531 1706 4587; x_wconf 91' lang='lat' dir='ltr'><strong>dudum</strong></span> <span class='ocrx_word' id='word_1_672' title='bbox 1739 4544 1879 4601; x_wconf 87' lang='lat' dir='ltr'><strong>pra—</strong></span> <span class='ocrx_word' id='word_1_673' title='bbox 1912 4541 1962 4604; x_wconf 79' lang='grc' dir='ltr'><strong>ι)</strong></span> <span class='ocrx_word' id='word_1_674' title='bbox 1994 4529 2333 4601; x_wconf 84' lang='lat' dir='ltr'><strong>recipiuntur</strong></span> <span class='ocrx_word' id='word_1_675' title='bbox 2380 4535 2661 4595; x_wconf 90' lang='lat' dir='ltr'><strong>pauperes,</strong></span> <span class='ocrx_word' id='word_1_676' title='bbox 2706 4523 3102 4573; x_wconf 88' lang='lat' dir='ltr'><strong>convertuntur</strong></span> <span class='ocrx_word' id='word_1_677' title='bbox 3154 4523 3490 4585; x_wconf 88' lang='lat' dir='ltr'><strong>peccatores,</strong></span> <span class='ocrx_word' id='word_1_678' title='bbox 3538 4523 3593 4570; x_wconf 88' lang='lat' dir='ltr'><strong>et</strong></span> 
     </span>
    </p>
   </div>
   <div class='ocr_carea' id='block_1_91' title="bbox 271 4625 1883 4702">
    <p class='ocr_par' dir='ltr' id='par_1_91' title="bbox 271 4625 1883 4702">
     <span class='ocr_line' id='line_1_91' title="bbox 271 4625 1883 4702; baseline -0.006 -15"><span class='ocrx_word' id='word_1_679' title='bbox 271 4632 612 4702; x_wconf 86' lang='lat' dir='ltr'><strong>signaverat,</strong></span> <span class='ocrx_word' id='word_1_680' title='bbox 652 4627 787 4699; x_wconf 90' lang='lat' dir='ltr'><strong>quid</strong></span> <span class='ocrx_word' id='word_1_681' title='bbox 825 4636 951 4699; x_wconf 89' lang='lat' dir='ltr'><strong>post</strong></span> <span class='ocrx_word' id='word_1_682' title='bbox 976 4627 1160 4698; x_wconf 90' lang='lat' dir='ltr'><strong>plures</strong></span> <span class='ocrx_word' id='word_1_683' title='bbox 1189 4642 1370 4682; x_wconf 89' lang='lat' dir='ltr'><strong>annos</strong></span> <span class='ocrx_word' id='word_1_684' title='bbox 1404 4625 1623 4682; x_wconf 90' lang='lat' dir='ltr'><strong>futurus</strong></span> <span class='ocrx_word' id='word_1_685' title='bbox 1650 4633 1785 4681; x_wconf 87' lang='lat' dir='ltr'><strong>erat.</strong></span> <span class='ocrx_word' id='word_1_686' title='bbox 1819 4626 1883 4678; x_wconf 88' lang='lat' dir='ltr'><strong>In</strong></span> 
     </span>
    </p>
   </div>
   <div class='ocr_carea' id='block_1_92' title="bbox 277 4718 1888 4786">
    <p class='ocr_par' dir='ltr' id='par_1_92' title="bbox 277 4718 1888 4786">
     <span class='ocr_line' id='line_1_92' title="bbox 277 4718 1888 4786; baseline -0.004 -6"><span class='ocrx_word' id='word_1_687' title='bbox 277 4725 450 4781; x_wconf 90' lang='lat' dir='ltr'><strong>annis</strong></span> <span class='ocrx_word' id='word_1_688' title='bbox 479 4724 629 4780; x_wconf 82' lang='lat' dir='ltr'><strong>enim</strong></span> <span class='ocrx_word' id='word_1_689' title='bbox 660 4721 1046 4778; x_wconf 85' lang='lat' dir='ltr'><strong>adolescentia</strong></span> <span class='ocrx_word' id='word_1_690' title='bbox 1073 4721 1401 4786; x_wconf 89' lang='lat' dir='ltr'><strong>constituto,</strong></span> <span class='ocrx_word' id='word_1_691' title='bbox 1440 4736 1567 4776; x_wconf 89' lang='lat' dir='ltr'><strong>cum</strong></span> <span class='ocrx_word' id='word_1_692' title='bbox 1608 4718 1773 4774; x_wconf 90' lang='lat' dir='ltr'><strong>simul</strong></span> <span class='ocrx_word' id='word_1_693' title='bbox 1809 4734 1888 4773; x_wconf 92' lang='lat' dir='ltr'><strong>es-</strong></span> 
     </span>
    </p>
   </div>
   <div class='ocr_carea' id='block_1_93' title="bbox 279 4816 1885 4890">
    <p class='ocr_par' dir='ltr' id='par_1_93' title="bbox 279 4816 1885 4890">
     <span class='ocr_line' id='line_1_93' title="bbox 279 4816 1885 4890; baseline -0.004 -15"><span class='ocrx_word' id='word_1_694' title='bbox 279 4828 412 4875; x_wconf 89' lang='lat' dir='ltr'><strong>sent</strong></span> <span class='ocrx_word' id='word_1_695' title='bbox 463 4821 578 4890; x_wconf 90' lang='lat' dir='ltr'><strong>ipse</strong></span> <span class='ocrx_word' id='word_1_696' title='bbox 614 4828 668 4875; x_wconf 93' lang='lat' dir='ltr'><strong>et</strong></span> <span class='ocrx_word' id='word_1_697' title='bbox 710 4818 1058 4887; x_wconf 87' lang='lat' dir='ltr'><strong>Gebhardus,</strong></span> <span class='ocrx_word' id='word_1_698' title='bbox 1091 4819 1244 4889; x_wconf 89' lang='lat' dir='ltr'><strong>cujus</strong></span> <span class='ocrx_word' id='word_1_699' title='bbox 1292 4834 1458 4888; x_wconf 90' lang='lat' dir='ltr'><strong>supra</strong></span> <span class='ocrx_word' id='word_1_700' title='bbox 1504 4816 1885 4883; x_wconf 90' lang='lat' dir='ltr'><strong>meminimus,</strong></span> 
     </span>
    </p>
   </div>
   <div class='ocr_carea' id='block_1_94' title="bbox 275 4909 1884 4983">
    <p class='ocr_par' dir='ltr' id='par_1_94' title="bbox 275 4909 1884 4983">
     <span class='ocr_line' id='line_1_94' title="bbox 275 4909 1884 4983; baseline -0.003 -14"><span class='ocrx_word' id='word_1_701' title='bbox 275 4922 342 4969; x_wconf 88' lang='lat' dir='ltr'><strong>et</strong></span> <span class='ocrx_word' id='word_1_702' title='bbox 355 4917 504 4979; x_wconf 82' lang='lat'><strong>(465)</strong></span> <span class='ocrx_word' id='word_1_703' title='bbox 524 4912 727 4967; x_wconf 79' lang='lat' dir='ltr'><strong>Albero</strong></span> <span class='ocrx_word' id='word_1_704' title='bbox 752 4912 1060 4983; x_wconf 81' lang='lat' dir='ltr'><strong>[Adelbero]</strong></span> <span class='ocrx_word' id='word_1_705' title='bbox 1082 4911 1437 4983; x_wconf 89' lang='lat' dir='ltr'><strong>postmodum</strong></span> <span class='ocrx_word' id='word_1_706' title='bbox 1463 4909 1884 4981; x_wconf 86' lang='lat' dir='ltr'><strong>Wirzeburgen-</strong></span> 
     </span>
    </p>
   </div>
   <div class='ocr_carea' id='block_1_95' title="bbox 279 5002 1883 5079">
    <p class='ocr_par' dir='ltr' id='par_1_95' title="bbox 279 5002 1883 5079">
     <span class='ocr_line' id='line_1_95' title="bbox 279 5002 1883 5079; baseline -0.003 -17"><span class='ocrx_word' id='word_1_707' title='bbox 279 5009 361 5063; x_wconf 88' lang='lat' dir='ltr'><strong>sis</strong></span> <span class='ocrx_word' id='word_1_708' title='bbox 393 5006 702 5077; x_wconf 84' lang='lat' dir='ltr'><strong>episcopus,</strong></span> <span class='ocrx_word' id='word_1_709' title='bbox 730 5005 926 5061; x_wconf 91' lang='lat' dir='ltr'><strong>accidit</strong></span> <span class='ocrx_word' id='word_1_710' title='bbox 962 5015 1023 5061; x_wconf 92' lang='lat' dir='ltr'><strong>ut</strong></span> <span class='ocrx_word' id='word_1_711' title='bbox 1066 5022 1231 5079; x_wconf 88' lang='lat' dir='ltr'><strong>super</strong></span> <span class='ocrx_word' id='word_1_712' title='bbox 1258 5005 1568 5077; x_wconf 84' lang='lat' dir='ltr'><strong>marginem</strong></span> <span class='ocrx_word' id='word_1_713' title='bbox 1596 5002 1763 5059; x_wconf 84' lang='lat' dir='ltr'><strong>fontis</strong></span> <span class='ocrx_word' id='word_1_714' title='bbox 1788 5003 1883 5058; x_wconf 77' lang='lat' dir='ltr'><strong>a|i~</strong></span> 
     </span>
    </p>
   </div>
   <div class='ocr_carea' id='block_1_96' title="bbox 278 5099 1883 5171">
    <p class='ocr_par' dir='ltr' id='par_1_96' title="bbox 278 5099 1883 5171">
     <span class='ocr_line' id='line_1_96' title="bbox 278 5099 1883 5171; baseline -0.003 -15"><span class='ocrx_word' id='word_1_715' title='bbox 278 5100 443 5171; x_wconf 87' lang='lat' dir='ltr'><strong>cujus</strong></span> <span class='ocrx_word' id='word_1_716' title='bbox 490 5115 693 5171; x_wconf 89' lang='lat' dir='ltr'><strong>panem</strong></span> <span class='ocrx_word' id='word_1_717' title='bbox 724 5101 1024 5155; x_wconf 82' lang='lat' dir='ltr'><strong>comesturi</strong></span> <span class='ocrx_word' id='word_1_718' title='bbox 1066 5099 1460 5156; x_wconf 86' lang='lat' dir='ltr'><strong>consedissent.</strong></span> <span class='ocrx_word' id='word_1_719' title='bbox 1511 5100 1662 5154; x_wconf 85' lang='lat' dir='ltr'><strong>Inter</strong></span> <span class='ocrx_word' id='word_1_720' title='bbox 1690 5105 1883 5151; x_wconf 90' lang='lat' dir='ltr'><strong>mutua</strong></span> 
     </span>
    </p>
   </div>
   <div class='ocr_carea' id='block_1_97' title="bbox 283 5189 1881 5264">
    <p class='ocr_par' dir='ltr' id='par_1_97' title="bbox 283 5189 1881 5264">
     <span class='ocr_line' id='line_1_97' title="bbox 283 5189 1881 5264; baseline -0.003 -15"><span class='ocrx_word' id='word_1_721' title='bbox 283 5195 579 5264; x_wconf 89' lang='lat' dir='ltr'><strong>colloquia,</strong></span> <span class='ocrx_word' id='word_1_722' title='bbox 631 5193 832 5264; x_wconf 87' lang='lat' dir='ltr'><strong>quibus</strong></span> <span class='ocrx_word' id='word_1_723' title='bbox 883 5209 1177 5264; x_wconf 84' lang='lat' dir='ltr'><strong>pauperem</strong></span> <span class='ocrx_word' id='word_1_724' title='bbox 1224 5208 1472 5249; x_wconf 91' lang='lat' dir='ltr'><strong>mensam</strong></span> <span class='ocrx_word' id='word_1_725' title='bbox 1532 5189 1881 5258; x_wconf 87' lang='lat' dir='ltr'><strong>condiebant,</strong></span> 
     </span>
    </p>
   </div>
   <div class='ocr_carea' id='block_1_98' title="bbox 284 5286 1885 5357">
    <p class='ocr_par' dir='ltr' id='par_1_98' title="bbox 284 5286 1885 5357">
     <span class='ocr_line' id='line_1_98' title="bbox 284 5286 1885 5357; baseline -0.001 -14"><span class='ocrx_word' id='word_1_726' title='bbox 284 5287 525 5343; x_wconf 87' lang='lat' dir='ltr'><strong>meliora</strong></span> <span class='ocrx_word' id='word_1_727' title='bbox 556 5286 624 5341; x_wconf 90' lang='lat' dir='ltr'><strong>de</strong></span> <span class='ocrx_word' id='word_1_728' title='bbox 652 5302 711 5341; x_wconf 91' lang='lat' dir='ltr'><strong>se</strong></span> <span class='ocrx_word' id='word_1_729' title='bbox 736 5301 975 5357; x_wconf 84' lang='lat' dir='ltr'><strong>sperare,</strong></span> <span class='ocrx_word' id='word_1_730' title='bbox 1008 5294 1062 5342; x_wconf 91' lang='lat' dir='ltr'><strong>et</strong></span> <span class='ocrx_word' id='word_1_731' title='bbox 1107 5286 1344 5357; x_wconf 79' lang='lat' dir='ltr'><strong>quodam</strong></span> <span class='ocrx_word' id='word_1_732' title='bbox 1381 5286 1596 5341; x_wconf 93' lang='lat' dir='ltr'><strong>occulto</strong></span> <span class='ocrx_word' id='word_1_733' title='bbox 1643 5300 1705 5340; x_wconf 92' lang='lat' dir='ltr'><strong>ac</strong></span> <span class='ocrx_word' id='word_1_734' title='bbox 1744 5299 1885 5355; x_wconf 82' lang='lat' dir='ltr'><strong>pra-</strong></span> 
     </span>
    </p>
   </div>
   <div class='ocr_carea' id='block_1_99' title="bbox 281 5377 1881 5452">
    <p class='ocr_par' dir='ltr' id='par_1_99' title="bbox 281 5377 1881 5452">
     <span class='ocr_line' id='line_1_99' title="bbox 281 5377 1881 5452; baseline -0.003 -16"><span class='ocrx_word' id='word_1_735' title='bbox 281 5395 417 5452; x_wconf 77' lang='lat' dir='ltr'><strong>sago</strong></span> <span class='ocrx_word' id='word_1_736' title='bbox 445 5380 643 5451; x_wconf 79' lang='lat' dir='ltr'><strong>Spiritu</strong></span> <span class='ocrx_word' id='word_1_737' title='bbox 671 5379 965 5452; x_wconf 86' lang='lat' dir='ltr'><strong>pradicere</strong></span> <span class='ocrx_word' id='word_1_738' title='bbox 1003 5377 1183 5435; x_wconf 89' lang='lat' dir='ltr'><strong>adorti</strong></span> <span class='ocrx_word' id='word_1_739' title='bbox 1214 5390 1361 5436; x_wconf 88' lang='lat' dir='ltr'><strong>sunt.</strong></span> <span class='ocrx_word' id='word_1_740' title='bbox 1393 5379 1598 5451; x_wconf 89' lang='lat' dir='ltr'><strong>Aitque</strong></span> <span class='ocrx_word' id='word_1_741' title='bbox 1626 5377 1881 5434; x_wconf 62' lang='lat' dir='ltr'><strong>Gebharo</strong></span> 
     </span>
    </p>
   </div>
   <div class='ocr_carea' id='block_1_100' title="bbox 284 5471 1882 5545">
    <p class='ocr_par' dir='ltr' id='par_1_100' title="bbox 284 5471 1882 5545">
     <span class='ocr_line' id='line_1_100' title="bbox 284 5471 1882 5545; baseline -0.003 -15"><span class='ocrx_word' id='word_1_742' title='bbox 284 5474 395 5530; x_wconf 88' lang='lat' dir='ltr'><strong>dus</strong></span> <span class='ocrx_word' id='word_1_743' title='bbox 428 5494 439 5527; x_wconf 75' lang='grc' dir='ltr'>ε</span> <span class='ocrx_word' id='word_1_744' title='bbox 492 5477 608 5545; x_wconf 85' lang='lat' dir='ltr'><strong>Ego</strong></span> <span class='ocrx_word' id='word_1_745' title='bbox 652 5474 712 5529; x_wconf 90' lang='lat' dir='ltr'><strong>in</strong></span> <span class='ocrx_word' id='word_1_746' title='bbox 738 5473 1120 5545; x_wconf 87' lang='lat' dir='ltr'><strong>Salzpurgensi</strong></span> <span class='ocrx_word' id='word_1_747' title='bbox 1150 5474 1391 5529; x_wconf 86' lang='lat' dir='ltr'><strong>Ecclesia</strong></span> <span class='ocrx_word' id='word_1_748' title='bbox 1420 5473 1705 5545; x_wconf 83' lang='lat' dir='ltr'><strong>episcOpus</strong></span> <span class='ocrx_word' id='word_1_749' title='bbox 1731 5471 1882 5527; x_wconf 84' lang='lat' dir='ltr'><strong>futu-</strong></span> 
     </span>
    </p>
   </div>
   <div class='ocr_carea' id='block_1_101' title="bbox 283 5566 1883 5639">
    <p class='ocr_par' dir='ltr' id='par_1_101' title="bbox 283 5566 1883 5639">
     <span class='ocr_line' id='line_1_101' title="bbox 283 5566 1883 5639; baseline -0.001 -16"><span class='ocrx_word' id='word_1_750' title='bbox 283 5583 385 5623; x_wconf 82' lang='lat' dir='ltr'><strong>rus</strong></span> <span class='ocrx_word' id='word_1_751' title='bbox 409 5584 555 5623; x_wconf 91' lang='lat' dir='ltr'><strong>sum.</strong></span> <span class='ocrx_word' id='word_1_752' title='bbox 587 5567 791 5623; x_wconf 80' lang='lat' dir='ltr'><strong>Albero</strong></span> <span class='ocrx_word' id='word_1_753' title='bbox 824 5583 952 5623; x_wconf 85' lang='lat' dir='ltr'><strong>vero</strong></span> <span class='ocrx_word' id='word_1_754' title='bbox 987 5586 998 5621; x_wconf 93' lang='lat'>:</span> <span class='ocrx_word' id='word_1_755' title='bbox 1030 5569 1102 5621; x_wconf 85' lang='lat' dir='ltr'><strong>Et</strong></span> <span class='ocrx_word' id='word_1_756' title='bbox 1138 5583 1260 5638; x_wconf 86' lang='lat' dir='ltr'><strong>ego,</strong></span> <span class='ocrx_word' id='word_1_757' title='bbox 1290 5568 1488 5639; x_wconf 89' lang='lat' dir='ltr'><strong>inquit,</strong></span> <span class='ocrx_word' id='word_1_758' title='bbox 1520 5566 1573 5622; x_wconf 93' lang='lat' dir='ltr'><strong>in</strong></span> <span class='ocrx_word' id='word_1_759' title='bbox 1602 5567 1883 5638; x_wconf 85' lang='lat' dir='ltr'><strong>Wirzpur—</strong></span> 
     </span>
    </p>
   </div>
   <div class='ocr_carea' id='block_1_102' title="bbox 284 5659 1881 5733">
    <p class='ocr_par' dir='ltr' id='par_1_102' title="bbox 284 5659 1881 5733">
     <span class='ocr_line' id='line_1_102' title="bbox 284 5659 1881 5733; baseline -0.001 -17"><span class='ocrx_word' id='word_1_760' title='bbox 284 5664 448 5733; x_wconf 84' lang='lat' dir='ltr'><strong>gensi</strong></span> <span class='ocrx_word' id='word_1_761' title='bbox 493 5659 754 5717; x_wconf 87' lang='lat' dir='ltr'><strong>cathedra</strong></span> <span class='ocrx_word' id='word_1_762' title='bbox 782 5660 1119 5733; x_wconf 63' lang='lat' dir='ltr'><strong>prasidebm</strong></span> <span class='ocrx_word' id='word_1_763' title='bbox 1141 5665 1213 5718; x_wconf 76' lang='lat' dir='ltr'><strong>At</strong></span> <span class='ocrx_word' id='word_1_764' title='bbox 1255 5662 1586 5718; x_wconf 81' lang='lat' dir='ltr'><strong>Altmannus</strong></span> <span class='ocrx_word' id='word_1_765' title='bbox 1629 5679 1644 5716; x_wconf 90' lang='lat'><strong>:</strong></span> <span class='ocrx_word' id='word_1_766' title='bbox 1691 5664 1758 5715; x_wconf 89' lang='lat' dir='ltr'><strong>Et</strong></span> <span class='ocrx_word' id='word_1_767' title='bbox 1781 5675 1881 5731; x_wconf 87' lang='lat' dir='ltr'><strong>ego</strong></span> 
     </span>
    </p>
   </div>
   <div class='ocr_carea' id='block_1_103' title="bbox 2000 4606 3592 4689">
    <p class='ocr_par' dir='ltr' id='par_1_103' title="bbox 2000 4606 3592 4689">
     <span class='ocr_line' id='line_1_103' title="bbox 2000 4606 3592 4689; baseline -0.01 -9"><span class='ocrx_word' id='word_1_768' title='bbox 2000 4632 2204 4680; x_wconf 86' lang='lat' dir='ltr'><strong>sancta</strong></span> <span class='ocrx_word' id='word_1_769' title='bbox 2257 4613 2632 4689; x_wconf 88' lang='lat' dir='ltr'><strong>simplicitatis</strong></span> <span class='ocrx_word' id='word_1_770' title='bbox 2680 4627 2743 4666; x_wconf 88' lang='lat' dir='ltr'><strong>ac</strong></span> <span class='ocrx_word' id='word_1_771' title='bbox 2794 4610 2971 4665; x_wconf 84' lang='lat' dir='ltr'><strong>beata</strong></span> <span class='ocrx_word' id='word_1_772' title='bbox 3024 4606 3356 4679; x_wconf 86' lang='lat' dir='ltr'><strong>paupertatis</strong></span> <span class='ocrx_word' id='word_1_773' title='bbox 3402 4606 3592 4680; x_wconf 84' lang='lat' dir='ltr'><strong>religio</strong></span> 
     </span>
    </p>
   </div>
   <div class='ocr_carea' id='block_1_104' title="bbox 1998 4700 3594 4775">
    <p class='ocr_par' dir='ltr' id='par_1_104' title="bbox 1998 4700 3594 4775">
     <span class='ocr_line' id='line_1_104' title="bbox 1998 4700 3594 4775; baseline -0.01 -1"><span class='ocrx_word' id='word_1_774' title='bbox 1998 4710 2379 4775; x_wconf 83' lang='lat' dir='ltr'><strong>conservatur.</strong></span> <span class='ocrx_word' id='word_1_775' title='bbox 2411 4710 2525 4766; x_wconf 92' lang='lat' dir='ltr'><strong>Ubi</strong></span> <span class='ocrx_word' id='word_1_776' title='bbox 2555 4705 2648 4762; x_wconf 90' lang='lat' dir='ltr'><strong>die</strong></span> <span class='ocrx_word' id='word_1_777' title='bbox 2669 4722 2732 4761; x_wconf 93' lang='lat' dir='ltr'><strong>ac</strong></span> <span class='ocrx_word' id='word_1_778' title='bbox 2751 4712 2914 4759; x_wconf 90' lang='lat' dir='ltr'><strong>nocte</strong></span> <span class='ocrx_word' id='word_1_779' title='bbox 2944 4718 3054 4757; x_wconf 90' lang='lat' dir='ltr'><strong>non</strong></span> <span class='ocrx_word' id='word_1_780' title='bbox 3080 4701 3340 4757; x_wconf 89' lang='lat' dir='ltr'><strong>tacebunt</strong></span> <span class='ocrx_word' id='word_1_781' title='bbox 3368 4700 3594 4758; x_wconf 84' lang='lat' dir='ltr'><strong>laudare</strong></span> 
     </span>
    </p>
   </div>
   <div class='ocr_carea' id='block_1_105' title="bbox 1997 4794 3595 4872">
    <p class='ocr_par' dir='ltr' id='par_1_105' title="bbox 1997 4794 3595 4872">
     <span class='ocr_line' id='line_1_105' title="bbox 1997 4794 3595 4872; baseline -0.01 -5"><span class='ocrx_word' id='word_1_782' title='bbox 1997 4826 2203 4867; x_wconf 89' lang='lat' dir='ltr'><strong>nomen</strong></span> <span class='ocrx_word' id='word_1_783' title='bbox 2254 4802 2503 4869; x_wconf 91' lang='lat' dir='ltr'><strong>Domini,</strong></span> <span class='ocrx_word' id='word_1_784' title='bbox 2559 4815 2701 4872; x_wconf 91' lang='lat' dir='ltr'><strong>quos</strong></span> <span class='ocrx_word' id='word_1_785' title='bbox 2745 4814 2778 4854; x_wconf 90' lang='lat' dir='ltr'><strong>a</strong></span> <span class='ocrx_word' id='word_1_786' title='bbox 2823 4797 2956 4852; x_wconf 91' lang='lat' dir='ltr'><strong>solis</strong></span> <span class='ocrx_word' id='word_1_787' title='bbox 2994 4805 3118 4851; x_wconf 93' lang='lat' dir='ltr'><strong>ortu</strong></span> <span class='ocrx_word' id='word_1_788' title='bbox 3170 4804 3225 4851; x_wconf 84' lang='lat' dir='ltr'><strong>et</strong></span> <span class='ocrx_word' id='word_1_789' title='bbox 3252 4810 3471 4863; x_wconf 90' lang='lat' dir='ltr'><strong>occasu,</strong></span> <span class='ocrx_word' id='word_1_790' title='bbox 3524 4794 3595 4851; x_wconf 87' lang='lat' dir='ltr'><strong>ab</strong></span> 
     </span>
    </p>
   </div>
   <div class='ocr_carea' id='block_1_106' title="bbox 1997 4888 3595 4976">
    <p class='ocr_par' dir='ltr' id='par_1_106' title="bbox 1997 4888 3595 4976">
     <span class='ocr_line' id='line_1_106' title="bbox 1997 4888 3595 4976; baseline -0.011 -16"><span class='ocrx_word' id='word_1_791' title='bbox 1997 4904 2256 4976; x_wconf 86' lang='lat' dir='ltr'><strong>aquilone</strong></span> <span class='ocrx_word' id='word_1_792' title='bbox 2276 4908 2331 4955; x_wconf 89' lang='lat' dir='ltr'><strong>et</strong></span> <span class='ocrx_word' id='word_1_793' title='bbox 2350 4895 2517 4964; x_wconf 87' lang='lat' dir='ltr'><strong>mari,</strong></span> <span class='ocrx_word' id='word_1_794' title='bbox 2548 4911 2615 4949; x_wconf 84' lang='lat' dir='ltr'><strong>ex</strong></span> <span class='ocrx_word' id='word_1_795' title='bbox 2637 4891 2898 4949; x_wconf 91' lang='lat' dir='ltr'><strong>omnibus</strong></span> <span class='ocrx_word' id='word_1_796' title='bbox 2936 4890 3152 4962; x_wconf 89' lang='lat' dir='ltr'><strong>populis</strong></span> <span class='ocrx_word' id='word_1_797' title='bbox 3180 4898 3236 4944; x_wconf 91' lang='lat' dir='ltr'><strong>et</strong></span> <span class='ocrx_word' id='word_1_798' title='bbox 3262 4888 3487 4961; x_wconf 87' lang='lat' dir='ltr'><strong>linguis,</strong></span> <span class='ocrx_word' id='word_1_799' title='bbox 3527 4904 3595 4944; x_wconf 83' lang='lat' dir='ltr'><strong>ex</strong></span> 
     </span>
    </p>
   </div>
   <div class='ocr_carea' id='block_1_107' title="bbox 1996 4983 3595 5055">
    <p class='ocr_par' dir='ltr' id='par_1_107' title="bbox 1996 4983 3595 5055">
     <span class='ocr_line' id='line_1_107' title="bbox 1996 4983 3595 5055; baseline -0.011 0"><span class='ocrx_word' id='word_1_800' title='bbox 1996 4997 2149 5055; x_wconf 90' lang='lat' dir='ltr'><strong>omni</strong></span> <span class='ocrx_word' id='word_1_801' title='bbox 2192 5001 2351 5051; x_wconf 90' lang='lat' dir='ltr'><strong>atate</strong></span> <span class='ocrx_word' id='word_1_802' title='bbox 2388 4999 2444 5046; x_wconf 90' lang='lat' dir='ltr'><strong>et</strong></span> <span class='ocrx_word' id='word_1_803' title='bbox 2488 4986 2824 5053; x_wconf 86' lang='lat' dir='ltr'><strong>conditione,</strong></span> <span class='ocrx_word' id='word_1_804' title='bbox 2853 5000 2982 5040; x_wconf 82' lang='lat' dir='ltr'><strong>sexu</strong></span> <span class='ocrx_word' id='word_1_805' title='bbox 3014 4990 3070 5038; x_wconf 90' lang='lat' dir='ltr'><strong>et</strong></span> <span class='ocrx_word' id='word_1_806' title='bbox 3098 4983 3320 5039; x_wconf 88' lang='lat' dir='ltr'><strong>natione</strong></span> <span class='ocrx_word' id='word_1_807' title='bbox 3369 4997 3595 5053; x_wconf 86' lang='lat' dir='ltr'><strong>congre-</strong></span> 
     </span>
    </p>
   </div>
   <div class='ocr_carea' id='block_1_108' title="bbox 1994 5074 3592 5165">
    <p class='ocr_par' dir='ltr' id='par_1_108' title="bbox 1994 5074 3592 5165">
     <span class='ocr_line' id='line_1_108' title="bbox 1994 5074 3592 5165; baseline -0.011 -18"><span class='ocrx_word' id='word_1_808' title='bbox 1994 5090 2144 5165; x_wconf 85' lang='lat' dir='ltr'><strong>gavit</strong></span> <span class='ocrx_word' id='word_1_809' title='bbox 2170 5088 2237 5145; x_wconf 89' lang='lat' dir='ltr'><strong>ad</strong></span> <span class='ocrx_word' id='word_1_810' title='bbox 2269 5081 2682 5158; x_wconf 84' lang='lat' dir='ltr'><strong>gloriﬁcandum</strong></span> <span class='ocrx_word' id='word_1_811' title='bbox 2733 5095 2810 5143; x_wconf 85' lang='lat' dir='ltr'><strong>se;</strong></span> <span class='ocrx_word' id='word_1_812' title='bbox 2857 5077 2949 5148; x_wconf 91' lang='lat' dir='ltr'><strong>qui</strong></span> <span class='ocrx_word' id='word_1_813' title='bbox 2984 5076 3054 5132; x_wconf 90' lang='lat' dir='ltr'><strong>de</strong></span> <span class='ocrx_word' id='word_1_814' title='bbox 3099 5074 3469 5131; x_wconf 52' lang='lat' dir='ltr'><strong>servientibus:</strong></span> <span class='ocrx_word' id='word_1_815' title='bbox 3484 5074 3592 5129; x_wconf 87' lang='lat' dir='ltr'><strong>sibi</strong></span> 
     </span>
    </p>
   </div>
   <div class='ocr_carea' id='block_1_109' title="bbox 1996 5167 3594 5242">
    <p class='ocr_par' dir='ltr' id='par_1_109' title="bbox 1996 5167 3594 5242">
     <span class='ocr_line' id='line_1_109' title="bbox 1996 5167 3594 5242; baseline -0.011 0"><span class='ocrx_word' id='word_1_816' title='bbox 1996 5183 2257 5242; x_wconf 89' lang='lat' dir='ltr'><strong>omnibus</strong></span> <span class='ocrx_word' id='word_1_817' title='bbox 2282 5179 2411 5235; x_wconf 80' lang='lat' dir='ltr'><strong>facit</strong></span> <span class='ocrx_word' id='word_1_818' title='bbox 2434 5193 2528 5233; x_wconf 90' lang='lat' dir='ltr'><strong>cor</strong></span> <span class='ocrx_word' id='word_1_819' title='bbox 2559 5188 2727 5230; x_wconf 91' lang='lat' dir='ltr'><strong>unum</strong></span> <span class='ocrx_word' id='word_1_820' title='bbox 2757 5180 2807 5229; x_wconf 83' lang='lat' dir='ltr'><strong>et</strong></span> <span class='ocrx_word' id='word_1_821' title='bbox 2842 5171 3082 5227; x_wconf 83' lang='lat' dir='ltr'><strong>animam</strong></span> <span class='ocrx_word' id='word_1_822' title='bbox 3113 5186 3281 5223; x_wconf 81' lang='lat' dir='ltr'><strong>unam</strong></span> <span class='ocrx_word' id='word_1_823' title='bbox 3311 5170 3449 5238; x_wconf 74' lang='lat' dir='ltr'><strong>(Act.</strong></span> <span class='ocrx_word' id='word_1_824' title='bbox 3486 5167 3594 5238; x_wconf 91' lang='lat' dir='ltr'><strong>Iv).</strong></span> 
     </span>
    </p>
   </div>
   <div class='ocr_carea' id='block_1_110' title="bbox 1994 5262 3597 5337">
    <p class='ocr_par' dir='ltr' id='par_1_110' title="bbox 1994 5262 3597 5337">
     <span class='ocr_line' id='line_1_110' title="bbox 1994 5262 3597 5337; baseline -0.012 -1"><span class='ocrx_word' id='word_1_825' title='bbox 1994 5283 2063 5337; x_wconf 86' lang='lat' dir='ltr'><strong>Et</strong></span> <span class='ocrx_word' id='word_1_826' title='bbox 2091 5294 2191 5334; x_wconf 90' lang='lat' dir='ltr'><strong>vos</strong></span> <span class='ocrx_word' id='word_1_827' title='bbox 2238 5275 2366 5330; x_wconf 86' lang='lat' dir='ltr'><strong>licet</strong></span> <span class='ocrx_word' id='word_1_828' title='bbox 2422 5278 2623 5326; x_wconf 87' lang='lat' dir='ltr'><strong>somno</strong></span> <span class='ocrx_word' id='word_1_829' title='bbox 2653 5274 2832 5320; x_wconf 88' lang='lat' dir='ltr'><strong>vestro</strong></span> <span class='ocrx_word' id='word_1_830' title='bbox 2862 5262 3230 5335; x_wconf 87' lang='lat' dir='ltr'><strong>requiescatis,</strong></span> <span class='ocrx_word' id='word_1_831' title='bbox 3284 5270 3343 5316; x_wconf 89' lang='lat' dir='ltr'><strong>ut</strong></span> <span class='ocrx_word' id='word_1_832' title='bbox 3383 5275 3597 5332; x_wconf 83' lang='lat' dir='ltr'><strong>semper</strong></span> 
     </span>
    </p>
   </div>
   <div class='ocr_carea' id='block_1_111' title="bbox 1992 5354 3593 5446">
    <p class='ocr_par' dir='ltr' id='par_1_111' title="bbox 1992 5354 3593 5446">
     <span class='ocr_line' id='line_1_111' title="bbox 1992 5354 3593 5446; baseline -0.014 -16"><span class='ocrx_word' id='word_1_833' title='bbox 1992 5372 2243 5446; x_wconf 88' lang='lat' dir='ltr'><strong>optastis,</strong></span> <span class='ocrx_word' id='word_1_834' title='bbox 2288 5375 2343 5423; x_wconf 90' lang='lat' dir='ltr'><strong>et</strong></span> <span class='ocrx_word' id='word_1_835' title='bbox 2392 5360 2754 5436; x_wconf 89' lang='lat' dir='ltr'><strong>requiescatis</strong></span> <span class='ocrx_word' id='word_1_836' title='bbox 2797 5375 2827 5413; x_wconf 89' lang='lat' dir='ltr'><strong>a</strong></span> <span class='ocrx_word' id='word_1_837' title='bbox 2860 5355 3136 5413; x_wconf 89' lang='lat' dir='ltr'><strong>laboribus</strong></span> <span class='ocrx_word' id='word_1_838' title='bbox 3178 5354 3373 5410; x_wconf 88' lang='lat' dir='ltr'><strong>vestris</strong></span> <span class='ocrx_word' id='word_1_839' title='bbox 3408 5354 3593 5424; x_wconf 81' lang='lat' dir='ltr'><strong>(Apoc.</strong></span> 
     </span>
    </p>
   </div>
   <div class='ocr_carea' id='block_1_112' title="bbox 1993 5446 3599 5541">
    <p class='ocr_par' dir='ltr' id='par_1_112' title="bbox 1993 5446 3599 5541">
     <span class='ocr_line' id='line_1_112' title="bbox 1993 5446 3599 5541; baseline -0.012 -18"><span class='ocrx_word' id='word_1_840' title='bbox 1993 5472 2145 5534; x_wconf 79' lang='lat' dir='ltr'><strong>xw),</strong></span> <span class='ocrx_word' id='word_1_841' title='bbox 2174 5461 2319 5518; x_wconf 88' lang='lat' dir='ltr'><strong>haud</strong></span> <span class='ocrx_word' id='word_1_842' title='bbox 2340 5469 2530 5515; x_wconf 88' lang='lat' dir='ltr'><strong>tamen</strong></span> <span class='ocrx_word' id='word_1_843' title='bbox 2568 5452 2900 5541; x_wconf 77' lang='lat' dir='ltr'><strong>crediderim</strong></span> <span class='ocrx_word' id='word_1_844' title='bbox 2923 5450 3146 5521; x_wconf 88' lang='lat' dir='ltr'><strong>spiritus</strong></span> <span class='ocrx_word' id='word_1_845' title='bbox 3175 5456 3386 5504; x_wconf 85' lang='lat' dir='ltr'><strong>vestros</strong></span> <span class='ocrx_word' id='word_1_846' title='bbox 3410 5446 3599 5504; x_wconf 86' lang='lat' dir='ltr'><strong>deesse</strong></span> 
     </span>
    </p>
   </div>
   <div class='ocr_carea' id='block_1_113' title="bbox 1992 5542 3598 5629">
    <p class='ocr_par' dir='ltr' id='par_1_113' title="bbox 1992 5542 3598 5629">
     <span class='ocr_line' id='line_1_113' title="bbox 1992 5542 3598 5629; baseline -0.014 -12"><span class='ocrx_word' id='word_1_847' title='bbox 1992 5560 2125 5617; x_wconf 89' lang='lat' dir='ltr'><strong>locis</strong></span> <span class='ocrx_word' id='word_1_848' title='bbox 2154 5572 2282 5629; x_wconf 84' lang='lat' dir='ltr'><strong>qua</strong></span> <span class='ocrx_word' id='word_1_849' title='bbox 2313 5556 2557 5609; x_wconf 89' lang='lat' dir='ltr'><strong>viventes</strong></span> <span class='ocrx_word' id='word_1_850' title='bbox 2602 5555 2756 5603; x_wconf 84' lang='lat' dir='ltr'><strong>tanta</strong></span> <span class='ocrx_word' id='word_1_851' title='bbox 2800 5544 3088 5602; x_wconf 86' lang='lat' dir='ltr'><strong>devotione</strong></span> <span class='ocrx_word' id='word_1_852' title='bbox 3134 5542 3517 5599; x_wconf 86' lang='lat' dir='ltr'><strong>construxistis</strong></span> <span class='ocrx_word' id='word_1_853' title='bbox 3543 5549 3598 5595; x_wconf 86' lang='lat' dir='ltr'><strong>et</strong></span> 
     </span>
    </p>
   </div>
   <div class='ocr_carea' id='block_1_114' title="bbox 1992 5634 3596 5711">
    <p class='ocr_par' dir='ltr' id='par_1_114' title="bbox 1992 5634 3596 5711">
     <span class='ocr_line' id='line_1_114' title="bbox 1992 5634 3596 5711; baseline -0.014 -1"><span class='ocrx_word' id='word_1_854' title='bbox 1992 5651 2282 5711; x_wconf 78' lang='lat' dir='ltr'><strong>dilexistis.</strong></span> <span class='ocrx_word' id='word_1_855' title='bbox 2313 5645 2489 5704; x_wconf 91' lang='lat' dir='ltr'><strong>Credo</strong></span> <span class='ocrx_word' id='word_1_856' title='bbox 2518 5659 2618 5700; x_wconf 91' lang='lat' dir='ltr'><strong>vos</strong></span> <span class='ocrx_word' id='word_1_857' title='bbox 2642 5640 2831 5697; x_wconf 89' lang='lat' dir='ltr'><strong>adesse</strong></span> <span class='ocrx_word' id='word_1_858' title='bbox 2852 5637 3066 5693; x_wconf 88' lang='lat' dir='ltr'><strong>cunctis</strong></span> <span class='ocrx_word' id='word_1_859' title='bbox 3105 5636 3212 5692; x_wconf 92' lang='lat' dir='ltr'><strong>illic</strong></span> <span class='ocrx_word' id='word_1_860' title='bbox 3250 5634 3596 5709; x_wconf 84' lang='lat' dir='ltr'><strong>degentibus,</strong></span> 
     </span>
    </p>
   </div>
   <div class='ocr_carea' id='block_1_115' title="bbox 364 5843 2278 5921">
    <p class='ocr_par' dir='ltr' id='par_1_115' title="bbox 364 5843 2278 5921">
     <span class='ocr_line' id='line_1_115' title="bbox 364 5843 2278 5921; baseline -0.004 -16"><span class='ocrx_word' id='word_1_861' title='bbox 364 5855 518 5918; x_wconf 75' lang='lat'><strong>(465)</strong></span> <span class='ocrx_word' id='word_1_862' title='bbox 568 5848 707 5906; x_wconf 85' lang='lat' dir='ltr'><strong>Vide</strong></span> <span class='ocrx_word' id='word_1_863' title='bbox 750 5850 938 5907; x_wconf 86' lang='lat' dir='ltr'><strong>Vitam</strong></span> <span class='ocrx_word' id='word_1_864' title='bbox 965 5852 1020 5906; x_wconf 93' lang='lat' dir='ltr'><strong>S.</strong></span> <span class='ocrx_word' id='word_1_865' title='bbox 1055 5850 1359 5921; x_wconf 87' lang='lat' dir='ltr'><strong>Gebhardi,</strong></span> <span class='ocrx_word' id='word_1_866' title='bbox 1392 5858 1533 5907; x_wconf 90' lang='lat' dir='ltr'><strong>tom.</strong></span> <span class='ocrx_word' id='word_1_867' title='bbox 1574 5849 1619 5906; x_wconf 90' lang='lat' dir='ltr'><strong>Il</strong></span> <span class='ocrx_word' id='word_1_868' title='bbox 1671 5856 1727 5906; x_wconf 90' lang='lat' dir='ltr'><strong>et</strong></span> <span class='ocrx_word' id='word_1_869' title='bbox 1773 5849 1847 5905; x_wconf 88' lang='lat' dir='ltr'><strong>VI</strong></span> <span class='ocrx_word' id='word_1_870' title='bbox 1889 5845 2080 5917; x_wconf 82' lang='lat' dir='ltr'><strong>Antiq.</strong></span> <span class='ocrx_word' id='word_1_871' title='bbox 2112 5843 2278 5899; x_wconf 54' lang='lat' dir='ltr'><strong>Lect.‘</strong></span> 
     </span>
    </p>
   </div>
   <div class='ocr_carea' id='block_1_116' title="bbox 580 5940 1105 5995">
    <p class='ocr_par' dir='ltr' id='par_1_116' title="bbox 580 5940 1105 5995">
     <span class='ocr_line' id='line_1_116' title="bbox 580 5940 1105 5995; baseline 0.004 -2"><span class='ocrx_word' id='word_1_872' title='bbox 580 5940 813 5995; x_wconf 66' lang='lat' dir='ltr'><strong>PATROL.</strong></span> <span class='ocrx_word' id='word_1_873' title='bbox 848 5940 1105 5995; x_wconf 85' lang='lat' dir='ltr'><strong>CXLVIII.</strong></span> 
     </span>
    </p>
   </div>
   <div class='ocr_carea' id='block_1_117' title="bbox 3171 5914 3239 5964">
    <p class='ocr_par' dir='ltr' id='par_1_117' title="bbox 3171 5914 3239 5964">
     <span class='ocr_line' id='line_1_117' title="bbox 3171 5914 3239 5964; baseline 0.015 -1"><span class='ocrx_word' id='word_1_874' title='bbox 3171 5914 3239 5964; x_wconf 75' lang='lat'><strong>28</strong></span> 
     </span>
    </p>
   </div>
  </div>
