4048 6174
523 263 624 318 875

1449 310 1452 312 γ
1530 251 1622 307 AD
1661 249 1886 305 OPERA
1927 249 1982 303 S.
2025 246 2347 306 GREGORII
2383 248 2819 306 APPENDICES.

3719 252 3817 305 876

525 394 706 443 astare
731 384 982 442 videlicet
1005 378 1312 442 orantibus,
1355 389 1672 432 succurrere
1717 370 2118 443 laborantibus,
2149 379 2202 446 Α
2229 373 2407 431 locum
2437 373 2742 432 seminandi
2767 374 2826 430 in
2850 387 2984 446 agro
3009 370 3233 430 Domini
3251 385 3443 430 semen
3471 387 3660 430 suum.
3683 375 3826 445 Ager

523 479 707 552 lapsos
749 479 1009 543 allevare,
1054 481 1109 530 et
1153 479 1279 528 vota
1328 469 1675 541 singulorum
1721 467 1778 523 in
1819 475 2112 538 conspectu

2222 476 2408 526 autem
2455 467 2777 526 universalis
2823 475 2908 525 est
2957 465 3218 526 mundus.
3271 466 3380 524 Sed
3429 465 3500 523 ad
3543 481 3678 523 eum
3719 483 3825 524 non

525 573 721 629 divinae
766 567 1068 640 majestatis
1103 579 1448 639 promovere.
1489 562 1802 618 Putaverim
1844 577 1942 618 vos
1983 578 2112 618 cum
2217 562 2374 618 nobis
2401 571 2484 618 est
2507 578 2713 620 sermo.
2749 565 2984 635 Agrum,
3041 562 3122 618 vel
3174 560 3392 618 vineam
3418 559 3709 633 quodlibet
3754 561 3824 616 in-

527 665 766 722 Domino
793 663 861 718 de
888 661 1030 719 cmlo
1060 659 1390 731 prospicere,
1421 665 1483 713 ut
1515 656 1742 714 videatis
1771 656 1818 712 si
1843 647 2112 713 est'intel-

524 759 699 830 ligens
735 764 833 812 aut
851 754 1137 827 requirens
1177 756 1357 808 Deum
1404 752 1571 818 (Psal.
1605 753 1754 820 LII);
1785 757 1842 806 et
1869 749 1913 804 si
1949 765 2114 822 quem

522 850 836 906 inveneritis
860 848 1081 922 segnius
1108 855 1382 920 agentem,
1418 853 1472 902 et
1500 843 1723 900 mentiri
1749 846 1868 900 Deo
1893 843 1953 898 in
1977 843 2119 900 votis

525 944 663 1012 suis,
709 951 766 1000 et
790 941 1104 1000 claudicare
1133 958 1164 998 a
1201 940 1412 998 semitis
1441 939 1691 1006 Domini;
1722 952 1847 994 reor
1899 952 1998 992 vos
2046 935 2113 991 il-

522 1037 633 1096 lico
659 1053 790 1095 cum
820 1037 1036 1109 angelis
1054 1035 1206 1108 pacis
1233 1041 1425 1091 a‘mare
1452 1032 1602 1098 flere,
1633 1039 1690 1088 et
1714 1031 1995 1104 querelam
2023 1046 2116 1102 ge-

525 1131 698 1188 mitus
725 1145 916 1189 coram
942 1130 1078 1188 facie
1107 1128 1336 1186 Domini
1371 1137 1470 1199 pro
1499 1142 1586 1194 eo,
1624 1125 1710 1183 vel
1744 1133 1937 1182 contra
1965 1139 2118 1194 eum,

525 1226 619 1298 qui
658 1225 928 1298 eiusmodi
955 1232 1056 1292 est,
1090 1222 1410 1280 medullitus
1437 1220 1725 1293 deponere.

599 1319 1011 1376 Attendendum
1051 1325 1384 1391 quapropter
1420 1324 1522 1383 est,
1566 1313 1763 1372 fratres
1801 1321 1856 1370 et
1885 1313 2118 1378 domini,

530 1429 640 1486 qua
667 1411 956 1485 disciplina
979 1411 1342 1469 reverentiave
1383 1409 1536 1466 vobis
1561 1407 1999 1487 conversandum
2024 1406 2122 1474 sit,

529 1505 676 1564 inter
718 1521 878 1579 quos,
910 1522 1040 1563 cum
1085 1504 1292 1563 sanctis
1335 1503 1542 1576 angelis
1583 1503 1670 1559 isti
1711 1505 1897 1559 Patres
1941 1508 1998 1557 et
2025 1517 2121 1573 pa-

529 1600 675 1658 troni
701 1601 863 1657 vestri
890 1599 1112 1669 adsunt,
1148 1598 1469 1655 discurrunt
1509 1605 1563 1653 et
1603 1603 1800 1653 vestrae
1830 1595 1992 1654 saluti
2033 1595 2123 1650 in-

529 1691 849 1752 desinenter
881 1693 1188 1766 invigilant,
1214 1707 1284 1748 ne
1317 1690 1450 1763 quid
1479 1689 1868 1762 irreligiosum,
1910 1688 1996 1744 vel
2042 1687 2127 1745 in-

2222 656 2406 729 telligo
2439 657 2862 725 monasterium;
2893 671 3054 729 agros
3083 655 3268 728 plures
3302 654 3387 712 vel
3435 655 3644 722 vineas,
3674 655 3824 728 plura

2223 751 2571 808 monasteria.
2627 753 2690 807 In
2740 751 2823 808 his
2867 749 2993 807 vitia
3033 749 3413 806 invalescentia
3461 749 3652 806 laetam
3696 756 3824 806 tunc

2223 844 2492 916 temporis
2531 844 2948 917 strangulabant
2986 843 3226 917 frugem,
3253 850 3502 900 sanctam
3540 842 3671 900 dico
3699 842 3824 898 reli-

2225 938 2470 1010 gionem.
2501 941 2566 994 In
2593 940 2680 996 his
2704 938 2826 1014 vitis
2853 953 2977 994 vera
3013 952 3280 994 conversa
3317 935 3499 994 fuerat
3526 936 3586 992 in
3625 936 3822 992 amari-

2227 1031 2497 1099 tudinem,
2526 1035 2637 1102 Ego
2673 1017 2817 1103 sum,
2865 1024 2940 1089 ait
2987 1031 3259 1094 Christus,
3309 1032 3440 1086 vitis
3479 1047 3613 1086 vera
3643 1033 3822 1097 (Joan.

2225 1134 2349 1196 xv).
2384 1131 2490 1185 Iste
2518 1128 2699 1186 dulcis
2733 1136 2790 1186 et
2815 1135 2996 1185 rectus
3041 1126 3309 1184 Dominus
3333 1141 3522 1183 nonne
3550 1126 3822 1183 converti-

2228 1231 2318 1280 tur
2365 1222 2420 1279 in
2463 1221 2886 1280 amaritudinem
2910 1221 2960 1278 ei
2989 1221 3082 1295 qui
3110 1221 3300 1278 horret
3325 1235 3450 1293 qua:
3489 1228 3620 1277 sunt
3653 1228 3822 1287 recta,

2229 1331 2352 1389 quae
2380 1325 2586 1385 sancta,
2617 1332 2741 1389 quae
2769 1316 2984 1388 pudica,
3007 1330 3132 1388 quae
3161 1314 3324 1372 bonae
3346 1313 3528 1384 ιω,
3553 1329 3682 1386 quae
3717 1314 3823 1370 vir-

2229 1411 2384 1479 tutis,
2401 1426 2526 1483 quae
2559 1409 2948 1467 districtionis?
2966 1409 3198 1481 (Philip.
3226 1413 3336 1474 tv.)
3355 1410 3555 1465 Nonne
3578 1423 3825 1464 amarum

2220 1505 2431 1577 judicat
2463 1504 2742 1562 Christum
2769 1504 2863 1576 qui
2891 1503 3074 1560 renuit
3106 1511 3325 1577 gustare
3353 1510 3410 1559 et
3444 1500 3634 1558 videre
3661 1516 3825 1574 quam

2229 1598 2414 1655 suavis
2455 1599 2528 1655 sit
2554 1597 2672 1653 ille?
2701 1600 2868 1664 (Psal.
2900 1598 3152 1669 χχχιιι.)

2306 1694 2394 1750 Sic
2417 1709 2476 1749 se
2503 1692 2736 1750 habente
2761 1708 2895 1765 agro
2923 1693 3004 1749 vel
3035 1692 3191 1748 vinea
3219 1691 3459 1760 Domini,
3491 1705 3607 1748 non
3635 1689 3828 1748 credes

527 1786 750 1857 decens,
793 1787 874 1843 vel
923 1786 1292 1844 incorrectum
1323 1783 1623 1856 reperiatur
1669 1781 1821 1856 quod
1849 1797 1944 1840 eos
1991 1797 2126 1838 con-
2155 1783 2201 1844 Β
2239 1786 2415 1845 virum
2442 1787 2669 1844 Domini
2693 1786 2762 1844 ab
2784 1786 2895 1843 imo
2921 1795 3138 1857 pectore
3168 1784 3498 1858 ingemuisse
3525 1783 3600 1841 ad
3631 1783 3827 1841 Domi-

524 1881 705 1938 tristet
733 1890 828 1940 aut
855 1881 1096 1954 elonget.

595 1975 706 2035 Sed
752 1973 1106 2032 redeundum
1147 1973 1265 2046 jam
1312 1972 1382 2028 ad
1429 1971 1809 2028 narrationem
1853 1978 1954 2029 est.
2002 1973 2127 2028 Non

529 2068 681 2125 enim
714 2067 959 2124 doctoris
994 2068 1144 2138 apud
1175 2083 1268 2122 vos
1293 2066 1470 2122 vicem
1498 2080 1653 2137 gero,
1681 2063 1779 2122 sed
1806 2063 2126 2131 narratoris,

526 2175 716 2218 earum
743 2168 965 2217 tantum
1012 2175 1201 2216 rerum
1229 2174 1364 2232 quas
1407 2173 1506 2217 vos
1553 2157 1774 2230 scriptis
1815 2156 2129 2216 docueratis

528 2262 626 2312 aut
647 2269 779 2311 voce
801 2254 944 2310 viva.

598 2351 794 2419 Itaque
841 2347 1033 2403 beatus
1079 2345 1178 2402 Dei
1222 2344 1483 2413 famulus,
1528 2343 1774 2418 quotidie
1820 2359 1946 2401 cum
1994 2345 2128 2400 Pro-

527 2440 693 2514 pheta
732 2440 994 2513 adjiciens
1017 2438 1088 2496 ad
1137 2437 1355 2496 laudem
1403 2439 1634 2495 Domini
1681 2453 1849 2511 opera
1870 2438 1992 2507 Dei,
2019 2453 2129 2495 non

525 2537 636 2592 suis
669 2534 898 2601 meritis,
931 2532 1029 2590 sed
1063 2531 1264 2590 divinae
1288 2532 1538 2589 attribuit
1574 2532 1990 2599 misericordia,
2038 2530 2130 2588 di-

525 2643 658 2685 cens
697 2644 828 2684 cum
871 2626 1164 2684 Psalmista
1197 2643 1212 2682 :
1262 2629 1380 2684 Non
1418 2627 1569 2682 nobis
1613 2629 1854 2690 Domine,
1894 2643 2014 2687 non.
2039 2644 2132 2682 no-

527 2722 629 2791 bis,
655 2723 750 2778 sed
768 2722 974 2778 nomini
991 2726 1078 2776 tuo
1111 2721 1186 2776 da
1203 2721 1439 2790 gloriam
1466 2721 1638 2788 (Psal.
1681 2724 1876 2784 cxm).
1902 2721 1976 2776 Et
2001 2736 2129 2778 cum

524 2813 792 2884 Apostolo
821 2835 833 2870 :
867 2816 1056 2871 Gratia
1083 2816 1182 2869 Dei
1218 2829 1338 2869 sum
1368 2815 1428 2869 id
1453 2814 1598 2884 quod
1624 2829 1746 2870 sum
1773 2815 1820 2884 (Ι
1847 2815 1968 2870 Cor.
1995 2819 2125 2882 xv).

525 2908 602 2965 Ut
651 2916 838 2964 autem
881 2922 993 2964 non
1043 2906 1309 2964 fallaciter
1354 2907 1808 2979 subsequeretur,
1857 2913 1908 2964 et
1949 2910 2128 2977 gratia

521 3002 642 3074 ejus
693 3003 756 3058 in
799 3018 883 3057 me
929 3016 1099 3056 vacua
1147 3017 1254 3056 non
1309 3003 1441 3068 fuit,
1497 3000 1788 3058 aediﬁcavit
1857 3000 1950 3059 vir.
2001 3017 2126 3058 san-

517 3099 660 3163 ctus,
701 3096 760 3152 in
794 3095 1063 3152 suburbio
1100 3088 1424 3161 Pataviensi,
1469 3093 1528 3150 in
1567 3093 1778 3152 honore
1816 3099 1874 3153 S.
1915 3094 2123 3152 Nicolai

517 3188 808 3246 ecclesiam
848 3204 1014 3260 super
1036 3187 1187 3244 littus
1236 3187 1383 3244 OEni
1410 3187 1677 3256 ﬂuminis,
1725 3187 1971 3260 pluribus
1997 3205 2121 3246 eam

515 3281 702 3341 ditans
738 3281 902 3339 rebus
945 3289 1003 3338 et
1028 3281 1493 3354 possessionibus.
1527 3281 1777 3338 Praefecit
1803 3291 1987 3339 autem
2014 3283 2121 3338 illic

517 3377 930 3434 Hartmannum
968 3375 1350 3448 prmpositum,
1401 3375 1584 3432 virum
1635 3376 1898 3448 sapientia
1942 3385 1996 3433 et
2041 3375 2119 3432 fa-

516 3470 718 3528 cundia
741 3468 1258 3538 commendabilem,
1284 3469 1381 3542 qui
1425 3467 1728 3541 Rudolpho
1755 3469 1870 3543 regi
1911 3469 2119 3526 charis-

515 3565 712 3632 simus,
766 3565 932 3621 etiam
976 3563 1208 3621 Urbano
1261 3576 1415 3634 papae
1450 3563 1675 3635 suisque
1710 3563 2121 3621 successoribus

516 3657 834 3713 notissimus
860 3656 982 3712 fuit.
1015 3656 1147 3723 Hic,
1177 3661 1240 3711 ut
1265 3655 1552 3727 religiosus
1592 3664 1729 3724 erat,
1774 3655 1889 3729 ipse
1934 3658 2011 3714 sic
2037 3673 2119 3715 re-

518 3750 744 3822 ligiosos
797 3749 1028 3804 clericos
1088 3757 1144 3806 et
1191 3748 1360 3804 laicos
1425 3748 1788 3822 undecunque
1837 3750 2118 3822 colligens,

516 3857 871 3898 communem
909 3857 1008 3897 eos
1035 3842 1203 3898 vitam
1241 3841 1443 3898 ducere
1466 3843 1570 3899 sub
1593 3843 1780 3916 regula
1823 3845 1882 3900 S.
1927 3849 2118 3918 Augu-

516 3936 646 3992 stini
675 3935 858 3991 verbis
879 3943 937 3990 et
962 3935 1229 4007 exemplis
1253 3933 1540 4006 diligenter
1569 3936 1830 3992 instituit.

581 4028 696 4084 Bis
734 4027 808 4084 ita
857 4028 1096 4100 peractis
1135 4025 1443 4084 indefessus
1485 4028 1690 4085 Christi
1718 4029 1973 4087 minister
1997 4047 2117 4088 ma-

515 4124 669 4180 num
699 4137 858 4178 suam
904 4121 1057 4177 misit
1111 4121 1180 4177 ad
1225 4119 1470 4190 fortiora,
1529 4138 1655 4178 vere
1697 4122 1942 4194 fortiora;
1990 4115 2118 4199 quia

517 4217 680 4288 longe
719 4215 843 4286 plus
868 4212 1034 4271 affert
1053 4212 1394 4272 difﬁcultatis
1434 4231 1498 4272 ac
1541 4216 1742 4274 laboris
1767 4217 2036 4276 radicatas
2062 4227 2118 4276 et

515 4312 841 4366 lnveteratas
860 4308 1092 4365 evellere
1118 4308 1412 4381 pravitates
1431 4326 1601 4383 quam
1622 4311 1796 4369 bonas
1821 4329 1853 4369 a
1884 4313 2116 4384 primor-

515 4401 608 4460 dio
655 4404 896 4460 inserere
943 4401 1277 4475 disciplinas.
1332 4407 1498 4478 Ergo,
1549 4406 1674 4477 quia
1703 4421 1908 4464 nomen
1935 4408 2112 4481 ipsum

2235 1898 2368 1938 um
2415 1889 2471 1938 et
2499 1881 2703 1939 dixisse
2752 1897 2767 1938 :
2813 1884 2883 1938 Ut
2929 1881 3064 1954 quid
3113 1887 3370 1952 operatur
3408 1877 3686 1952 agricola?
3732 1879 3830 1935 de-

2235 1977 2489 2032 strua‘isti
2532 1978 2814 2032 maceriam
2873 1977 3007 2046 ejus,
3047 1979 3096 2031 et
3120 1974 3455 2030 vindemiant
3499 1989 3619 2028 eam
3659 1989 3830 2030 crimes

2237 2072 2336 2141 qui
2354 2071 2871 2141 pratergrediuntur
2897 2071 3082 2124 uiam?
3109 2070 3511 2124 Exterminavit
3557 2084 3679 2123 eam
3705 2083 3833 2138 aper

2235 2163 2302 2220 de
2329 2164 2489 2226 silva,
2531 2169 2581 2218 et
2607 2165 2909 2232 singularis
2936 2165 3086 2231 ferus
3113 2163 3368 2234 depastus
3397 2166 3476 2218 est
3517 2177 3662 2217 eam.
3695 2165 3834 2217 Deus

2235 2260 2501 2313 virtutum
2543 2262 2859 2326 convertere;
2891 2259 3086 2329 respice
3123 2257 3189 2313 de
3217 2258 3365 2325 caelo,
3395 2262 3444 2311 et
3489 2255 3608 2312 veni
3653 2260 3709 2312 et
3745 2257 3835 2311 ui-

2235 2354 2344 2407 sita
2366 2355 2580 2408 vineam
2609 2355 2770 2408 istam
2797 2353 2968 2418 (Psal.
2997 2356 3228 2416 Lxxtx).
3257 2349 3400 2406 Dicit
3421 2365 3550 2407 vero
3571 2348 3836 2406 inimicus

2236 2453 2364 2504 tuus
2410 2463 2424 2500 :
2457 2448 2638 2504 Omnis
2668 2447 2963 2518 plantatio,
3012 2463 3176 2516 quam
3215 2461 3323 2501 non
3346 2446 3629 2515 plantavit
3671 2445 3836 2500 Pater

2237 2555 2380 2596 meus
2422 2542 2660 2610 cmiestis,
2688 2540 3058 2596 eradicabitur
3097 2540 3318 2608 (Matth.
3361 2543 3494 2608 xv);
3525 2553 3595 2594 en
3623 2544 3834 2609 quanta

2236 2634 2630 2692 subcreverunt
2655 2650 2780 2708 qum
2807 2642 2866 2690 tu
2914 2651 3028 2690 non
3055 2631 3333 2707 plantasti,
3364 2649 3397 2689 ο
3427 2635 3608 2689 Pater?
3651 2632 3830 2699 Num,

2233 2728 2360 2800 quia
2381 2728 2712 2786 constituisti
2732 2744 2844 2798 me,
2873 2737 2937 2786 ut
2957 2728 3200 2796 evellam,
3228 2736 3284 2784 ct
3308 2726 3613 2794 destruam,
3637 2734 3700 2782 et
3721 2725 3833 2782 dis-

2235 2822 2280 2877 si
2287 2838 2434 2893 pem,
2466 2831 2524 2879 et
2544 2821 2889 2894 disperdam?
2914 2825 3038 2890 (Jer.
3057 2824 3133 2889 1.)
3160 2820 3459 2894 Aggrediar
3480 2820 3674 2892 spinas
3691 2819 3828 2876 istas

2237 2930 2295 2970 se
2322 2915 2556 2972 invicem
2591 2916 3040 2988 complectentes.
3084 2917 3213 2973 Una
3243 2914 3395 2972 enim
3431 2911 3690 2971 adhaeret
3716 2913 3826 2982 uni,

2237 3018 2298 3065 ut
2320 3026 2389 3066 ne
2406 3010 2746 3082 spiraculum
2773 3019 3013 3067 transeat
3033 3025 3133 3083 per
3161 3024 3252 3067 eas
3267 3010 3382 3076 (J06
3400 3013 3552 3075 xm).
3584 3013 3676 3066 An
3703 3007 3827 3080 quia

2235 3112 2294 3159 tu
2338 3102 2478 3160 dicis
2524 3103 2681 3160 nobis
2721 3105 2892 3161 servis
2920 3105 3052 3172 tuis,
3089 3111 3152 3160 ut
3175 3103 3419 3160 sinamus
3445 3110 3682 3175 utraque
3711 3116 3827 3158 cre-

2230 3213 2383 3253 scere
2406 3213 2581 3270 usque
2608 3197 2679 3254 ad
2709 3213 2945 3254 messem
2971 3200 3187 3266 (Matth.
3217 3200 3356 3267 xm)
3391 3213 3408 3253 :
3439 3212 3564 3253 rem
3592 3204 3712 3253 tam
3735 3212 3826 3252 ar-

2227 3291 2392 3347 duam
2416 3299 2642 3364 tamque
2667 3289 2956 3349 difficilem
2982 3290 3378 3348 dissimulabo?
3405 3290 3698 3363 Siquidem
3715 3305 3826 3347 non

2226 3385 2442 3458 ignoro,
2475 3384 2803 3442 Ecclesiaste
2826 3385 3079 3454 docente,
3103 3385 3253 3459 quod
3275 3387 3376 3455 qui
3392 3386 3662 3452 transfert
3683 3383 3830 3455 lapi-

2227 3479 2340 3543 des,
2370 3493 2561 3552 graves
2587 3478 2795 3536 scilicet
2820 3495 2886 3536 ac
2906 3479 3076 3536 duros
3101 3494 3400 3552 pravorum
3423 3493 3634 3545 mores,
3657 3479 3815 3548 afﬂi-

2227 3579 2383 3642 getur
2423 3577 2480 3629 in
2518 3576 2614 3642 eis;
2644 3583 2702 3630 et
2744 3589 2759 3628 :
2793 3575 2898 3642 Qui
2921 3573 3121 3630 scindit
3154 3575 3332 3644 ligna,
3363 3571 3419 3628 id
3447 3580 3553 3640 est,
3581 3572 3827 3645 pertina-

2225 3667 2380 3723 cium
2409 3666 2599 3735 corda,
2628 3668 2998 3724 vulnerabitur
3036 3669 3106 3723 ab
3135 3669 3209 3723 eis
3234 3667 3422 3735 (Eeele.
3457 3672 3541 3728 ι).
3576 3667 3750 3740 Ergo,
3781 3665 3825 3722 si

2226 3760 2506 3830 concedis,
2558 3769 2810 3818 crescant
2839 3769 3086 3834 utraque.
3133 3759 3238 3818 Sed
3267 3759 3396 3832 quid
3421 3775 3679 3832 agemus,
3731 3758 3825 3833 qui

2225 3854 2410 3924 spinas
2458 3869 2704 3913 crescere
2749 3855 3024 3912 cernimus
3083 3863 3140 3911 et
3188 3853 3437 3910 triticum
3508 3851 3825 3910 suffocari?

2224 3946 2498 4004 Sollicitus
2540 3949 2770 4020 quidem
2810 3965 2890 4019 es,
2934 3965 3007 4006 ne
3047 3948 3184 4007 forte
3225 3948 3542 4021 colligentes
3587 3947 3824 4014 smnia,

2223 4041 2568 4099 eradicemus
2591 4042 2755 4100 simul
2779 4050 2836 4100 et
2862 4043 3115 4100 triticum
3134 4044 3360 4111 (Matth.
3383 4041 3539 4113 xm).
3568 4039 3674 4098 Sed
3700 4055 3820 4096 non

2225 4141 2309 4190 est
2350 4134 2506 4192 labor
2532 4135 2590 4192 in
2636 4135 3000 4193 discernenda
3038 4135 3285 4192 triticum
3327 4135 3403 4192 sit
3449 4151 3522 4192 an
3567 4133 3814 4201 zizania;

2223 4226 2515 4284 manifesta
2535 4236 2668 4285 sunt
2698 4227 2955 4285 scandala
2975 4227 3114 4285 haec.
3139 4229 3262 4284 Non
3282 4237 3446 4300 egent
3465 4233 3821 4293 accusatore;

2223 4320 2386 4378 etiam
2414 4321 2529 4378 sine
2559 4329 2698 4379 teste
2733 4328 3013 4380 constant.
3046 4321 3269 4379 Publica
3305 4320 3471 4389 fama;
3503 4321 3643 4389 imo,
3675 4319 3824 4376 infa-

2225 4415 2335 4470 mia
2365 4414 2584 4471 clamat.
2616 4417 2808 4472 Nonne
2834 4415 2926 4472 hic
2955 4416 3164 4472 clamor
3179 4416 3303 4488 jam
3341 4413 3590 4472 ascendit
3613 4413 3689 4471 ad
3731 4416 3824 4471 te?

516 4498 759 4570 episcopi
792 4497 1051 4555 Ecclesiae
1076 4497 1181 4554 Dei
1210 4513 1339 4582 eum
1367 4498 1818 4570 superintendere
1855 4501 2117 4559 admone-
2146 4509 2197 4575 ι)
2225 4509 2340 4580 Ego
2369 4515 2500 4564 tuus
2527 4509 2926 4582 qualiscunque
2951 4509 3186 4566 vicarius
3208 4508 3469 4567 descendi
3500 4507 3571 4565 ad
3597 4523 3721 4576 eos,
3771 4515 3828 4565 et

517 4590 632 4659 bat,
659 4591 1020 4648 consideravit
1047 4572 1248 4663 agrum
1266 4601 1319 4647 et
1362 4592 1603 4660 vineam,
1635 4609 1802 4664 quam
1841 4595 1946 4651 sibi
1968 4597 2112 4652 loca-

517 4692 671 4739 verat
698 4685 1001 4751 Dominus;
1034 4691 1085 4740 et
1111 4701 1220 4741 ecce
1249 4691 1421 4740 totum
1456 4684 1787 4756 repleverant
1825 4691 2030 4753 urticae,
2063 4696 2111 4746 et

514 4783 843 4847 aperuerant
875 4781 1202 4848 superﬁciem
1233 4780 1348 4848 ejus
1370 4783 1558 4849 spina,
1589 4785 1640 4836 et
1684 4786 1930 4838 maceria
1968 4783 2112 4854 tapi-

517 4870 649 4926 dum
690 4871 967 4927 destructa
1001 4877 1124 4926 erat
1168 4873 1342 4936 (Prov.
1383 4879 1582 4940 xxiv).
1628 4875 1736 4933 Sed
1777 4892 1912 4948 quas
1953 4885 2114 4950 putas

519 4962 742 5037 quidem
786 4979 887 5037 ego
935 4963 1113 5019 dicam
1163 4965 1366 5022 urticae
1409 4973 1466 5022 et
1515 4967 1737 5038 spinas?
1777 4970 2006 5042 Utique,
2055 4971 2110 5027 in

513 5057 684 5114 corde
725 5056 1122 5129 negligentium
1168 5057 1467 5129 prurientia
1510 5067 1726 5117 terrena
1761 5060 2028 5120 desideria
2056 5074 2113 5122 et

512 5150 835 5222 punctiones
868 5149 1153 5206 vitiorum.
1202 5153 1272 5206 Et
1300 5167 1467 5222 quam
1497 5154 1824 5211 maceriam?
1852 5165 2000 5213 certe
2021 5157 2108 5214 di-

508 5243 796 5316 sciplinam
840 5245 1086 5309 Patrum,
1132 5258 1259 5316 quae
1307 5245 1364 5299 in
1411 5243 1580 5301 corde
1624 5262 1918 5318 pravorum
1963 5251 2110 5324 lapsa

503 5338 741 5409 jacebat.
779 5336 946 5395 Unde
975 5345 1158 5393 totum
1187 5336 1329 5394 hoc?
1371 5338 1511 5408 Quia
1551 5339 1904 5400 dormiebant
1935 5345 2109 5402 homi-

509 5445 622 5494 nes,
653 5435 704 5486 et
737 5433 884 5486 venit
903 5432 1156 5486 inimicus
1198 5432 1368 5496 homo,
1407 5436 1458 5488 et
1475 5439 1922 5503 superseminauit
1954 5443 2108 5496 ziza—

508 5526 602 5580 nia
621 5525 683 5579 in
722 5540 854 5595 agro
885 5524 1107 5595 (Matth.
1139 5525 1298 5594 xm),
1336 5541 1502 5598 quem
1534 5528 1933 5590 Paterfamilias
1961 5534 2109 5606 opti-

505 5632 634 5674 mus
660 5618 870 5690 optimo
898 5627 1111 5675 severat
1137 5619 1373 5676 semine.
1423 5622 1691 5680 Homines
1731 5627 1986 5698 praelatos
2015 5644 2102 5684 ec-

503 5711 795 5768 clesiarum
823 5711 1028 5784 accipe,
1055 5728 1293 5785 quorum
1317 5722 1506 5786 torpor
1534 5724 1588 5771 et
1608 5719 1975 5777 somnolentia

2221 4600 2380 4657 video
2408 4601 2554 4673 quod
2582 4603 2663 4660 sic
2685 4612 2880 4661 cuncta
2906 4619 3070 4676 opere
3103 4603 3535 4676 compleverunt.
3568 4603 3704 4658 Non
3742 4604 3823 4658 in-

2223 4695 2384 4752 venio
2411 4695 2524 4752 illic
2547 4697 2744 4754 saltem
2769 4698 3104 4770 Decalogum
3129 4704 3530 4770 praeceptorum
3557 4703 3822 4763 tuorum,

2220 4788 2375 4861 cujus
2401 4800 2649 4862 respectu
2673 4807 2894 4863 parcere
2917 4790 3173 4861 debeam,
3193 4791 3288 4862 qui
3309 4804 3536 4863 parcere
3564 4788 3820 4846 mallem.

2221 4885 2340 4939 Tuo
2377 4883 2541 4956 igitur
2583 4883 2757 4941 fretus
2788 4884 3010 4951 auxilio,
3043 4892 3098 4940 et
3127 4883 3376 4957 Apostoli
3423 4882 3506 4940 tui
3554 4883 3824 4948 consilio,

2218 4975 2465 5034 auferam
2501 4981 2712 5035 malum
2759 4978 2828 5035 de
2863 4977 3122 5036 domibus
3151 4978 3280 5046 tu,
3305 4993 3444 5050 quas
3498 4975 3660 5033 docet
3690 4992 3826 5032 san-

2217 5070 2427 5128 ctitudo
2451 5074 2504 5138 (Ι
2520 5074 2640 5130 Cor.
2663 5087 2722 5138 v,
2749 5073 2896 5128 Psal.
2936 5071 3134 5142 xcm).
3171 5075 3240 5128 Et
3265 5071 3308 5128 si
3333 5070 3461 5143 quid
3485 5086 3550 5126 ex
3577 5069 3691 5127 hoc
3716 5071 3823 5126 tri-

2218 5164 2357 5222 stius
2379 5166 2700 5236 occurrerit,
2726 5166 2904 5222 verbis
2936 5165 3185 5224 doctoris
3219 5158 3297 5221 tui
3325 5164 3679 5232 consolabor,
3723 5164 3826 5237 qui

2217 5258 2291 5314 ait
2322 5277 2334 5312 :
2368 5260 2600 5328 Inﬁdelt's
2633 5261 2684 5315 si
2707 5259 2956 5328 discedit,
2987 5260 3230 5318 discedat
3245 5261 3303 5326 (Ι
3328 5259 3449 5316 Cor.
3483 5262 3630 5324 VII).

2287 5331 2460 5423 Igitur
2504 5351 2819 5423 pestilentes
2847 5369 3094 5426 quosque
3121 5360 3176 5408 et
3199 5359 3488 5422 corruptos
3511 5359 3568 5407 et
3595 5350 3825 5408 abomi-

2215 5444 2423 5500 nabiles
2451 5443 2628 5502 factos
2673 5445 2734 5502 in
2755 5447 2952 5504 studiis
2980 5447 3095 5504 suis
3116 5446 3284 5513 (Psai.
3311 5450 3472 5512 xm),
3500 5444 3572 5502 de
3601 5447 3824 5503 sanctis

2215 5537 2347 5594 locis
2395 5537 2641 5612 undique
2704 5539 3009 5610 proturbat;
3067 5538 3353 5612 providens
3409 5538 3524 5594 vice
3583 5538 3819 5596 illorum

2213 5631 2492 5704 religiosos
2515 5641 2636 5689 tam
2658 5634 2935 5706 pralatos,
2957 5647 3128 5706 quam
3155 5633 3469 5705 discipulos.
3512 5631 3673 5699 Inde,
3689 5633 3820 5705 jam

2212 5723 2470 5782 reﬂorere
2512 5725 2722 5800 religio,
2751 5726 2878 5784 inde
2911 5742 3078 5785 suave
3101 5726 3353 5785 redolens
3380 5725 3558 5782 redire
3594 5727 3816 5782 sancti-

503 5803 649 5864 mico
675 5803 909 5877 homini,
951 5802 1009 5866 id
1048 5811 1134 5864 est
1168 5805 1411 5876 diabolo,
1455 5805 1714 5867 ﬁduciam
1770 5819 2018 5884 prastat,
2047 5821 2101 5873 et
2209 5816 2336 5877 tatis
2362 5816 2569 5892 opinio;
2607 5817 2734 5877 inde
2780 5818 3076 5879 reverentia
3105 5817 3344 5878 exhiberi
3367 5817 3537 5878 servis
3569 5817 3805 5877 Christi.
