  <div class='ocr_page' id='page_1' title='image "/cluster/home/n/w/nwhite01/storage/ocr_20150623/148/hvd.32044054760061/444.png"; bbox 0 0 4048 6174; ppageno 0'>
   <div class='ocr_carea' id='block_1_1' title="bbox 219 323 320 376">
    <p class='ocr_par' dir='ltr' id='par_1_1' title="bbox 219 323 320 376">
     <span class='ocr_line' id='line_1_1' title="bbox 219 323 320 376; baseline -0.01 0"><span class='ocrx_word' id='word_1_1' title='bbox 219 323 320 376; x_wconf 85' lang='grc'><strong>877</strong></span> 
     </span>
    </p>
   </div>
   <div class='ocr_carea' id='block_1_2' title="bbox 1129 320 2600 383">
    <p class='ocr_par' dir='ltr' id='par_1_2' title="bbox 1129 320 2600 383">
     <span class='ocr_line' id='line_1_2' title="bbox 1129 320 2600 383; baseline 0.002 -5"><span class='ocrx_word' id='word_1_2' title='bbox 1129 321 1413 380; x_wconf 82' lang='grc' dir='ltr'><strong>ΑΡΡΕΝΙ).</strong></span> <span class='ocrx_word' id='word_1_3' title='bbox 1455 321 1542 380; x_wconf 89' lang='lat' dir='ltr'><strong>lll.</strong></span> <span class='ocrx_word' id='word_1_4' title='bbox 1584 353 1653 367; x_wconf 90' lang='lat'><strong>-</strong></span> <span class='ocrx_word' id='word_1_5' title='bbox 1688 320 2113 382; x_wconf 25' lang='lat' dir='ltr'><strong>MONUMENTA.</strong></span> <span class='ocrx_word' id='word_1_6' title='bbox 2141 323 2600 383; x_wconf 75' lang='lat' dir='ltr'><strong>GREGORIANA.</strong></span> 
     </span>
    </p>
   </div>
   <div class='ocr_carea' id='block_1_3' title="bbox 3408 330 3513 384">
    <p class='ocr_par' dir='ltr' id='par_1_3' title="bbox 3408 330 3513 384">
     <span class='ocr_line' id='line_1_3' title="bbox 3408 330 3513 384; baseline 0.01 -1"><span class='ocrx_word' id='word_1_7' title='bbox 3408 330 3513 384; x_wconf 86' lang='lat'><strong>878</strong></span> 
     </span>
    </p>
   </div>
   <div class='ocr_carea' id='block_1_4' title="bbox 216 443 3508 537">
    <p class='ocr_par' dir='ltr' id='par_1_4' title="bbox 216 443 3508 537">
     <span class='ocr_line' id='line_1_4' title="bbox 216 443 3508 537; baseline 0.002 -36"><span class='ocrx_word' id='word_1_8' title='bbox 216 446 337 502; x_wconf 82' lang='lat' dir='ltr'><strong>Hoc</strong></span> <span class='ocrx_word' id='word_1_9' title='bbox 371 452 491 501; x_wconf 85' lang='lat' dir='ltr'><strong>tam</strong></span> <span class='ocrx_word' id='word_1_10' title='bbox 515 443 662 502; x_wconf 81' lang='lat' dir='ltr'><strong>felici</strong></span> <span class='ocrx_word' id='word_1_11' title='bbox 698 460 835 502; x_wconf 89' lang='lat' dir='ltr'><strong>ausu</strong></span> <span class='ocrx_word' id='word_1_12' title='bbox 862 445 1082 503; x_wconf 81' lang='lat' dir='ltr'><strong>solliciti</strong></span> <span class='ocrx_word' id='word_1_13' title='bbox 1113 448 1355 519; x_wconf 80' lang='lat' dir='ltr'><strong>cultoris,</strong></span> <span class='ocrx_word' id='word_1_14' title='bbox 1389 450 1650 537; x_wconf 74' lang='lat' dir='ltr'><strong>innovata</strong></span> <span class='ocrx_word' id='word_1_15' title='bbox 1679 459 1814 507; x_wconf 89' lang='lat' dir='ltr'><strong>sunt</strong></span> <span class='ocrx_word' id='word_1_16' title='bbox 1840 454 1893 517; x_wconf 81' lang='grc' dir='ltr'>Α</span> <span class='ocrx_word' id='word_1_17' title='bbox 1923 452 2036 508; x_wconf 89' lang='lat' dir='ltr'><strong>otia</strong></span> <span class='ocrx_word' id='word_1_18' title='bbox 2082 451 2392 509; x_wconf 87' lang='lat' dir='ltr'><strong>multorum</strong></span> <span class='ocrx_word' id='word_1_19' title='bbox 2439 451 2703 524; x_wconf 92' lang='lat' dir='ltr'><strong>proﬁcere</strong></span> <span class='ocrx_word' id='word_1_20' title='bbox 2763 448 2924 507; x_wconf 89' lang='lat' dir='ltr'><strong>saluti</strong></span> <span class='ocrx_word' id='word_1_21' title='bbox 2981 458 3038 506; x_wconf 89' lang='lat' dir='ltr'><strong>et</strong></span> <span class='ocrx_word' id='word_1_22' title='bbox 3088 451 3508 507; x_wconf 89' lang='lat' dir='ltr'><strong>conversationi.</strong></span> 
     </span>
    </p>
   </div>
   <div class='ocr_carea' id='block_1_5' title="bbox 212 538 1811 614">
    <p class='ocr_par' dir='ltr' id='par_1_5' title="bbox 212 538 1811 614">
     <span class='ocr_line' id='line_1_5' title="bbox 212 538 1811 614; baseline 0.004 -20"><span class='ocrx_word' id='word_1_23' title='bbox 212 538 432 595; x_wconf 90' lang='lat' dir='ltr'><strong>novalia</strong></span> <span class='ocrx_word' id='word_1_24' title='bbox 472 539 878 609; x_wconf 66' lang='lat' dir='ltr'><strong>ctenobiorum,</strong></span> <span class='ocrx_word' id='word_1_25' title='bbox 924 548 981 596; x_wconf 91' lang='lat' dir='ltr'><strong>et</strong></span> <span class='ocrx_word' id='word_1_26' title='bbox 1024 556 1182 614; x_wconf 90' lang='lat' dir='ltr'><strong>seges</strong></span> <span class='ocrx_word' id='word_1_27' title='bbox 1227 542 1513 600; x_wconf 82' lang='lat' dir='ltr'><strong>fecundior</strong></span> <span class='ocrx_word' id='word_1_28' title='bbox 1553 546 1811 612; x_wconf 75' lang='lat' dir='ltr'><strong>surrexit,</strong></span> 
     </span>
    </p>
   </div>
   <div class='ocr_carea' id='block_1_6' title="bbox 215 632 1811 710">
    <p class='ocr_par' dir='ltr' id='par_1_6' title="bbox 215 632 1811 710">
     <span class='ocr_line' id='line_1_6' title="bbox 215 632 1811 710; baseline 0.004 -22"><span class='ocrx_word' id='word_1_29' title='bbox 215 632 483 706; x_wconf 87' lang='lat' dir='ltr'><strong>quoniam</strong></span> <span class='ocrx_word' id='word_1_30' title='bbox 524 632 930 693; x_wconf 86' lang='lat' dir='ltr'><strong>infructuosum</strong></span> <span class='ocrx_word' id='word_1_31' title='bbox 970 633 1170 693; x_wconf 81' lang='lat' dir='ltr'><strong>fuisset</strong></span> <span class='ocrx_word' id='word_1_32' title='bbox 1195 652 1379 694; x_wconf 87' lang='lat' dir='ltr'><strong>serere</strong></span> <span class='ocrx_word' id='word_1_33' title='bbox 1409 654 1579 710; x_wconf 87' lang='lat' dir='ltr'><strong>super</strong></span> <span class='ocrx_word' id='word_1_34' title='bbox 1605 638 1811 709; x_wconf 90' lang='lat' dir='ltr'><strong>spinas.</strong></span> 
     </span>
    </p>
   </div>
   <div class='ocr_carea' id='block_1_7' title="bbox 216 727 1814 803">
    <p class='ocr_par' dir='ltr' id='par_1_7' title="bbox 216 727 1814 803">
     <span class='ocr_line' id='line_1_7' title="bbox 216 727 1814 803; baseline 0.003 -21"><span class='ocrx_word' id='word_1_35' title='bbox 216 728 360 783; x_wconf 86' lang='lat' dir='ltr'><strong>Hinc</strong></span> <span class='ocrx_word' id='word_1_36' title='bbox 380 728 500 800; x_wconf 88' lang='lat' dir='ltr'><strong>jam</strong></span> <span class='ocrx_word' id='word_1_37' title='bbox 527 727 739 785; x_wconf 34' lang='lat' dir='ltr'><strong>domus.</strong></span> <span class='ocrx_word' id='word_1_38' title='bbox 768 730 949 786; x_wconf 82' lang='lat' dir='ltr'><strong>sancti</strong></span> <span class='ocrx_word' id='word_1_39' title='bbox 985 730 1228 787; x_wconf 91' lang='lat' dir='ltr'><strong>Floriani</strong></span> <span class='ocrx_word' id='word_1_40' title='bbox 1269 731 1532 803; x_wconf 86' lang='lat' dir='ltr'><strong>martyris</strong></span> <span class='ocrx_word' id='word_1_41' title='bbox 1576 730 1814 787; x_wconf 88' lang='lat' dir='ltr'><strong>fructiﬁ-</strong></span> 
     </span>
    </p>
   </div>
   <div class='ocr_carea' id='block_1_8' title="bbox 213 821 1813 897">
    <p class='ocr_par' dir='ltr' id='par_1_8' title="bbox 213 821 1813 897">
     <span class='ocr_line' id='line_1_8' title="bbox 213 821 1813 897; baseline 0.004 -21"><span class='ocrx_word' id='word_1_42' title='bbox 213 821 361 877; x_wconf 81' lang='lat' dir='ltr'><strong>cavit</strong></span> <span class='ocrx_word' id='word_1_43' title='bbox 401 822 726 879; x_wconf 79' lang='lat' dir='ltr'><strong>suavitatem</strong></span> <span class='ocrx_word' id='word_1_44' title='bbox 770 823 975 891; x_wconf 91' lang='lat' dir='ltr'><strong>odoris,</strong></span> <span class='ocrx_word' id='word_1_45' title='bbox 1024 832 1079 880; x_wconf 92' lang='lat' dir='ltr'><strong>et</strong></span> <span class='ocrx_word' id='word_1_46' title='bbox 1108 824 1273 881; x_wconf 84' lang='lat' dir='ltr'><strong>ﬂores</strong></span> <span class='ocrx_word' id='word_1_47' title='bbox 1300 825 1418 897; x_wconf 89' lang='lat' dir='ltr'><strong>ejus</strong></span> <span class='ocrx_word' id='word_1_48' title='bbox 1464 825 1679 882; x_wconf 85' lang='lat' dir='ltr'><strong>fructus</strong></span> <span class='ocrx_word' id='word_1_49' title='bbox 1706 825 1813 882; x_wconf 91' lang='lat' dir='ltr'><strong>ho-</strong></span> 
     </span>
    </p>
   </div>
   <div class='ocr_carea' id='block_1_9' title="bbox 212 914 1815 987">
    <p class='ocr_par' dir='ltr' id='par_1_9' title="bbox 212 914 1815 987">
     <span class='ocr_line' id='line_1_9' title="bbox 212 914 1815 987; baseline 0.004 -17"><span class='ocrx_word' id='word_1_50' title='bbox 212 914 366 971; x_wconf 85' lang='lat' dir='ltr'><strong>noris</strong></span> <span class='ocrx_word' id='word_1_51' title='bbox 412 925 469 972; x_wconf 94' lang='lat' dir='ltr'><strong>et</strong></span> <span class='ocrx_word' id='word_1_52' title='bbox 520 915 827 973; x_wconf 80' lang='lat' dir='ltr'><strong>honestatis</strong></span> <span class='ocrx_word' id='word_1_53' title='bbox 874 920 1056 984; x_wconf 70' lang='lat' dir='ltr'><strong>(Eccli.</strong></span> <span class='ocrx_word' id='word_1_54' title='bbox 1111 920 1309 987; x_wconf 69' lang='lat' dir='ltr'><strong>xxxv).</strong></span> <span class='ocrx_word' id='word_1_55' title='bbox 1362 920 1448 977; x_wconf 90' lang='lat' dir='ltr'><strong>Sic</strong></span> <span class='ocrx_word' id='word_1_56' title='bbox 1501 919 1815 978; x_wconf 72' lang='lat' dir='ltr'><strong>emnobium</strong></span> 
     </span>
    </p>
   </div>
   <div class='ocr_carea' id='block_1_10' title="bbox 213 1008 1814 1087">
    <p class='ocr_par' dir='ltr' id='par_1_10' title="bbox 213 1008 1814 1087">
     <span class='ocr_line' id='line_1_10' title="bbox 213 1008 1814 1087; baseline 0.003 -21"><span class='ocrx_word' id='word_1_57' title='bbox 213 1008 399 1066; x_wconf 87' lang='lat' dir='ltr'><strong>Sancti</strong></span> <span class='ocrx_word' id='word_1_58' title='bbox 466 1010 747 1082; x_wconf 85' lang='lat' dir='ltr'><strong>Hippolyti</strong></span> <span class='ocrx_word' id='word_1_59' title='bbox 809 1011 1125 1069; x_wconf 84' lang='lat' dir='ltr'><strong>scholarum</strong></span> <span class='ocrx_word' id='word_1_60' title='bbox 1180 1012 1378 1070; x_wconf 90' lang='lat' dir='ltr'><strong>studiis</strong></span> <span class='ocrx_word' id='word_1_61' title='bbox 1444 1030 1615 1087; x_wconf 88' lang='lat' dir='ltr'><strong>usque</strong></span> <span class='ocrx_word' id='word_1_62' title='bbox 1666 1030 1814 1071; x_wconf 91' lang='lat' dir='ltr'><strong>nunc</strong></span> 
     </span>
    </p>
   </div>
   <div class='ocr_carea' id='block_1_11' title="bbox 215 1102 1814 1182">
    <p class='ocr_par' dir='ltr' id='par_1_11' title="bbox 215 1102 1814 1182">
     <span class='ocr_line' id='line_1_11' title="bbox 215 1102 1814 1182; baseline 0.004 -24"><span class='ocrx_word' id='word_1_63' title='bbox 215 1102 459 1175; x_wconf 78' lang='lat' dir='ltr'><strong>insigne;</strong></span> <span class='ocrx_word' id='word_1_64' title='bbox 513 1104 593 1161; x_wconf 89' lang='lat' dir='ltr'><strong>sic</strong></span> <span class='ocrx_word' id='word_1_65' title='bbox 636 1106 1035 1163; x_wconf 85' lang='lat' dir='ltr'><strong>monasterium</strong></span> <span class='ocrx_word' id='word_1_66' title='bbox 1075 1107 1258 1164; x_wconf 90' lang='lat' dir='ltr'><strong>Sancti</strong></span> <span class='ocrx_word' id='word_1_67' title='bbox 1298 1108 1517 1180; x_wconf 80' lang='lat' dir='ltr'><strong>Agapiti</strong></span> <span class='ocrx_word' id='word_1_68' title='bbox 1558 1110 1814 1182; x_wconf 83' lang='lat' dir='ltr'><strong>martyris</strong></span> 
     </span>
    </p>
   </div>
   <div class='ocr_carea' id='block_1_12' title="bbox 215 1196 1813 1273">
    <p class='ocr_par' dir='ltr' id='par_1_12' title="bbox 215 1196 1813 1273">
     <span class='ocr_line' id='line_1_12' title="bbox 215 1196 1813 1273; baseline 0.005 -22"><span class='ocrx_word' id='word_1_69' title='bbox 215 1196 271 1251; x_wconf 92' lang='lat' dir='ltr'><strong>in</strong></span> <span class='ocrx_word' id='word_1_70' title='bbox 305 1196 839 1268; x_wconf 88' lang='lat' dir='ltr'><strong>Chremismunster;</strong></span> <span class='ocrx_word' id='word_1_71' title='bbox 880 1200 1012 1272; x_wconf 88' lang='lat' dir='ltr'><strong>quia</strong></span> <span class='ocrx_word' id='word_1_72' title='bbox 1052 1200 1327 1257; x_wconf 89' lang='lat' dir='ltr'><strong>Dominus</strong></span> <span class='ocrx_word' id='word_1_73' title='bbox 1369 1200 1523 1258; x_wconf 80' lang='lat' dir='ltr'><strong>dedit</strong></span> <span class='ocrx_word' id='word_1_74' title='bbox 1568 1202 1813 1273; x_wconf 78' lang='lat' dir='ltr'><strong>benigni-</strong></span> 
     </span>
    </p>
   </div>
   <div class='ocr_carea' id='block_1_13' title="bbox 214 1290 1808 1368">
    <p class='ocr_par' dir='ltr' id='par_1_13' title="bbox 214 1290 1808 1368">
     <span class='ocr_line' id='line_1_13' title="bbox 214 1290 1808 1368; baseline 0.005 -22"><span class='ocrx_word' id='word_1_75' title='bbox 214 1297 410 1359; x_wconf 85' lang='lat' dir='ltr'><strong>tatem,</strong></span> <span class='ocrx_word' id='word_1_76' title='bbox 422 1290 694 1348; x_wconf 90' lang='lat' dir='ltr'><strong>dederunt</strong></span> <span class='ocrx_word' id='word_1_77' title='bbox 706 1292 882 1365; x_wconf 85' lang='lat' dir='ltr'><strong>etipsa</strong></span> <span class='ocrx_word' id='word_1_78' title='bbox 903 1293 1147 1351; x_wconf 85' lang='lat' dir='ltr'><strong>fructum</strong></span> <span class='ocrx_word' id='word_1_79' title='bbox 1173 1311 1335 1351; x_wconf 89' lang='lat' dir='ltr'><strong>suum</strong></span> <span class='ocrx_word' id='word_1_80' title='bbox 1349 1300 1370 1365; x_wconf 92' lang='lat'><strong>(</strong></span> <span class='ocrx_word' id='word_1_81' title='bbox 1378 1296 1515 1353; x_wconf 77' lang='lat' dir='ltr'><strong>Psal.</strong></span> <span class='ocrx_word' id='word_1_82' title='bbox 1533 1298 1808 1368; x_wconf 79' lang='lat' dir='ltr'><strong>Lxxxrv).</strong></span> 
     </span>
    </p>
   </div>
   <div class='ocr_carea' id='block_1_14' title="bbox 287 1384 1814 1462">
    <p class='ocr_par' dir='ltr' id='par_1_14' title="bbox 287 1384 1814 1462">
     <span class='ocr_line' id='line_1_14' title="bbox 287 1384 1814 1462; baseline 0.003 -22"><span class='ocrx_word' id='word_1_83' title='bbox 287 1384 780 1456; x_wconf 86' lang='lat' dir='ltr'><strong>Quemadmodum</strong></span> <span class='ocrx_word' id='word_1_84' title='bbox 826 1403 953 1444; x_wconf 90' lang='lat' dir='ltr'><strong>vero</strong></span> <span class='ocrx_word' id='word_1_85' title='bbox 984 1387 1054 1444; x_wconf 90' lang='lat' dir='ltr'><strong>de</strong></span> <span class='ocrx_word' id='word_1_86' title='bbox 1091 1388 1374 1445; x_wconf 79' lang='lat' dir='ltr'><strong>Abraham</strong></span> <span class='ocrx_word' id='word_1_87' title='bbox 1416 1390 1685 1462; x_wconf 89' lang='lat' dir='ltr'><strong>scriptum</strong></span> <span class='ocrx_word' id='word_1_88' title='bbox 1732 1399 1814 1447; x_wconf 91' lang='lat' dir='ltr'><strong>est</strong></span> 
     </span>
    </p>
   </div>
   <div class='ocr_carea' id='block_1_15' title="bbox 212 1476 1813 1552">
    <p class='ocr_par' dir='ltr' id='par_1_15' title="bbox 212 1476 1813 1552">
     <span class='ocr_line' id='line_1_15' title="bbox 212 1476 1813 1552; baseline 0.004 -18"><span class='ocrx_word' id='word_1_89' title='bbox 212 1476 370 1549; x_wconf 88' lang='lat' dir='ltr'><strong>quod</strong></span> <span class='ocrx_word' id='word_1_90' title='bbox 397 1484 514 1535; x_wconf 78' lang='lat' dir='ltr'><strong>erat</strong></span> <span class='ocrx_word' id='word_1_91' title='bbox 540 1480 766 1545; x_wconf 81' lang='lat' dir='ltr'><strong>vadens,</strong></span> <span class='ocrx_word' id='word_1_92' title='bbox 795 1485 847 1536; x_wconf 87' lang='lat' dir='ltr'><strong>et</strong></span> <span class='ocrx_word' id='word_1_93' title='bbox 868 1483 1024 1537; x_wconf 81' lang='lat' dir='ltr'><strong>ultra</strong></span> <span class='ocrx_word' id='word_1_94' title='bbox 1049 1484 1400 1552; x_wconf 70' lang='lat' dir='ltr'><strong>progrediens</strong></span> <span class='ocrx_word' id='word_1_95' title='bbox 1427 1486 1501 1540; x_wconf 87' lang='lat' dir='ltr'><strong>ad</strong></span> <span class='ocrx_word' id='word_1_96' title='bbox 1532 1486 1813 1540; x_wconf 72' lang='lat' dir='ltr'><strong>meridiem</strong></span> 
     </span>
    </p>
   </div>
   <div class='ocr_carea' id='block_1_16' title="bbox 211 1574 1813 1647">
    <p class='ocr_par' dir='ltr' id='par_1_16' title="bbox 211 1574 1813 1647">
     <span class='ocr_line' id='line_1_16' title="bbox 211 1574 1813 1647; baseline 0.002 -17"><span class='ocrx_word' id='word_1_97' title='bbox 211 1574 369 1644; x_wconf 82' lang='lat' dir='ltr'><strong>(Gen.</strong></span> <span class='ocrx_word' id='word_1_98' title='bbox 399 1574 511 1643; x_wconf 68' lang='grc' dir='ltr'>χιι)</span> <span class='ocrx_word' id='word_1_99' title='bbox 549 1589 563 1626; x_wconf 91' lang='lat'><strong>:</strong></span> <span class='ocrx_word' id='word_1_100' title='bbox 597 1574 677 1630; x_wconf 90' lang='lat' dir='ltr'><strong>sic</strong></span> <span class='ocrx_word' id='word_1_101' title='bbox 713 1583 769 1630; x_wconf 89' lang='lat' dir='ltr'><strong>et</strong></span> <span class='ocrx_word' id='word_1_102' title='bbox 798 1575 854 1630; x_wconf 93' lang='lat' dir='ltr'><strong>in</strong></span> <span class='ocrx_word' id='word_1_103' title='bbox 875 1584 1069 1633; x_wconf 86' lang='lat' dir='ltr'><strong>sancto</strong></span> <span class='ocrx_word' id='word_1_104' title='bbox 1097 1576 1203 1633; x_wconf 92' lang='lat' dir='ltr'><strong>hoc</strong></span> <span class='ocrx_word' id='word_1_105' title='bbox 1230 1577 1344 1634; x_wconf 91' lang='lat' dir='ltr'><strong>viro</strong></span> <span class='ocrx_word' id='word_1_106' title='bbox 1382 1578 1565 1635; x_wconf 91' lang='lat' dir='ltr'><strong>videre</strong></span> <span class='ocrx_word' id='word_1_107' title='bbox 1595 1578 1717 1647; x_wconf 89' lang='lat' dir='ltr'><strong>fuit,</strong></span> <span class='ocrx_word' id='word_1_108' title='bbox 1749 1595 1813 1634; x_wconf 94' lang='lat' dir='ltr'><strong>eo</strong></span> 
     </span>
    </p>
   </div>
   <div class='ocr_carea' id='block_1_17' title="bbox 211 1667 1814 1740">
    <p class='ocr_par' dir='ltr' id='par_1_17' title="bbox 211 1667 1814 1740">
     <span class='ocr_line' id='line_1_17' title="bbox 211 1667 1814 1740; baseline 0.004 -17"><span class='ocrx_word' id='word_1_109' title='bbox 211 1667 363 1739; x_wconf 90' lang='lat' dir='ltr'><strong>quod</strong></span> <span class='ocrx_word' id='word_1_110' title='bbox 387 1676 442 1724; x_wconf 92' lang='lat' dir='ltr'><strong>et</strong></span> <span class='ocrx_word' id='word_1_111' title='bbox 461 1667 576 1740; x_wconf 85' lang='lat' dir='ltr'><strong>ipse</strong></span> <span class='ocrx_word' id='word_1_112' title='bbox 600 1668 741 1725; x_wconf 89' lang='lat' dir='ltr'><strong>ﬁlius</strong></span> <span class='ocrx_word' id='word_1_113' title='bbox 761 1678 904 1727; x_wconf 86' lang='lat' dir='ltr'><strong>esset</strong></span> <span class='ocrx_word' id='word_1_114' title='bbox 922 1670 1181 1728; x_wconf 68' lang='lat' dir='ltr'><strong>Abrahae.</strong></span> <span class='ocrx_word' id='word_1_115' title='bbox 1205 1674 1330 1728; x_wconf 87' lang='lat' dir='ltr'><strong>Non</strong></span> <span class='ocrx_word' id='word_1_116' title='bbox 1359 1671 1583 1729; x_wconf 84' lang='lat' dir='ltr'><strong>suffecit</strong></span> <span class='ocrx_word' id='word_1_117' title='bbox 1608 1688 1814 1729; x_wconf 88' lang='lat' dir='ltr'><strong>novum</strong></span> 
     </span>
    </p>
   </div>
   <div class='ocr_carea' id='block_1_18' title="bbox 211 1761 1814 1834">
    <p class='ocr_par' dir='ltr' id='par_1_18' title="bbox 211 1761 1814 1834">
     <span class='ocr_line' id='line_1_18' title="bbox 211 1761 1814 1834; baseline 0.002 -16"><span class='ocrx_word' id='word_1_118' title='bbox 211 1761 536 1818; x_wconf 73' lang='lat' dir='ltr'><strong>emnobium</strong></span> <span class='ocrx_word' id='word_1_119' title='bbox 576 1761 895 1828; x_wconf 86' lang='lat' dir='ltr'><strong>instituisse,</strong></span> <span class='ocrx_word' id='word_1_120' title='bbox 956 1764 1205 1821; x_wconf 87' lang='lat' dir='ltr'><strong>instituta</strong></span> <span class='ocrx_word' id='word_1_121' title='bbox 1255 1766 1575 1834; x_wconf 81' lang='lat' dir='ltr'><strong>correxisse,</strong></span> <span class='ocrx_word' id='word_1_122' title='bbox 1634 1767 1814 1823; x_wconf 89' lang='lat' dir='ltr'><strong>adhuc</strong></span> 
     </span>
    </p>
   </div>
   <div class='ocr_carea' id='block_1_19' title="bbox 214 1855 1815 1928">
    <p class='ocr_par' dir='ltr' id='par_1_19' title="bbox 214 1855 1815 1928">
     <span class='ocr_line' id='line_1_19' title="bbox 214 1855 1815 1928; baseline 0.003 -17"><span class='ocrx_word' id='word_1_123' title='bbox 214 1855 567 1928; x_wconf 76' lang='lat' dir='ltr'><strong>progreditur</strong></span> <span class='ocrx_word' id='word_1_124' title='bbox 610 1856 681 1912; x_wconf 92' lang='lat' dir='ltr'><strong>ad</strong></span> <span class='ocrx_word' id='word_1_125' title='bbox 727 1873 868 1928; x_wconf 87' lang='lat' dir='ltr'><strong>opus</strong></span> <span class='ocrx_word' id='word_1_126' title='bbox 911 1859 1207 1927; x_wconf 86' lang='lat' dir='ltr'><strong>excelsum,</strong></span> <span class='ocrx_word' id='word_1_127' title='bbox 1258 1860 1315 1915; x_wconf 90' lang='lat' dir='ltr'><strong>in</strong></span> <span class='ocrx_word' id='word_1_128' title='bbox 1365 1870 1556 1917; x_wconf 91' lang='lat' dir='ltr'><strong>monte</strong></span> <span class='ocrx_word' id='word_1_129' title='bbox 1602 1861 1815 1917; x_wconf 86' lang='lat' dir='ltr'><strong>excelso</strong></span> 
     </span>
    </p>
   </div>
   <div class='ocr_carea' id='block_1_20' title="bbox 213 1949 1814 2026">
    <p class='ocr_par' dir='ltr' id='par_1_20' title="bbox 213 1949 1814 2026">
     <span class='ocr_line' id='line_1_20' title="bbox 213 1949 1814 2026; baseline 0.003 -21"><span class='ocrx_word' id='word_1_130' title='bbox 213 1955 554 2015; x_wconf 84' lang='lat' dir='ltr'><strong>construere,</strong></span> <span class='ocrx_word' id='word_1_131' title='bbox 599 1949 848 2007; x_wconf 80' lang='lat' dir='ltr'><strong>videlicet</strong></span> <span class='ocrx_word' id='word_1_132' title='bbox 894 1951 1175 2009; x_wconf 86' lang='lat' dir='ltr'><strong>basilicam</strong></span> <span class='ocrx_word' id='word_1_133' title='bbox 1217 1954 1569 2026; x_wconf 89' lang='lat' dir='ltr'><strong>magniﬁcam</strong></span> <span class='ocrx_word' id='word_1_134' title='bbox 1607 1962 1814 2011; x_wconf 62' lang='lat' dir='ltr'><strong>sanctae</strong></span> 
     </span>
    </p>
   </div>
   <div class='ocr_carea' id='block_1_21' title="bbox 215 2043 1814 2119">
    <p class='ocr_par' dir='ltr' id='par_1_21' title="bbox 215 2043 1814 2119">
     <span class='ocr_line' id='line_1_21' title="bbox 215 2043 1814 2119; baseline 0.003 -20"><span class='ocrx_word' id='word_1_135' title='bbox 215 2043 317 2099; x_wconf 89' lang='lat' dir='ltr'><strong>Dei</strong></span> <span class='ocrx_word' id='word_1_136' title='bbox 360 2044 625 2100; x_wconf 87' lang='lat' dir='ltr'><strong>Genitrici</strong></span> <span class='ocrx_word' id='word_1_137' title='bbox 666 2060 729 2100; x_wconf 88' lang='lat' dir='ltr'><strong>ac</strong></span> <span class='ocrx_word' id='word_1_138' title='bbox 758 2060 980 2117; x_wconf 88' lang='lat' dir='ltr'><strong>semper</strong></span> <span class='ocrx_word' id='word_1_139' title='bbox 1024 2046 1234 2119; x_wconf 85' lang='lat' dir='ltr'><strong>Virgini</strong></span> <span class='ocrx_word' id='word_1_140' title='bbox 1264 2048 1476 2105; x_wconf 68' lang='lat' dir='ltr'><strong>Mariae.</strong></span> <span class='ocrx_word' id='word_1_141' title='bbox 1503 2050 1645 2104; x_wconf 86' lang='lat' dir='ltr'><strong>Nam</strong></span> <span class='ocrx_word' id='word_1_142' title='bbox 1684 2063 1814 2104; x_wconf 89' lang='lat' dir='ltr'><strong>cum</strong></span> 
     </span>
    </p>
   </div>
   <div class='ocr_carea' id='block_1_22' title="bbox 217 2136 1814 2211">
    <p class='ocr_par' dir='ltr' id='par_1_22' title="bbox 217 2136 1814 2211">
     <span class='ocr_line' id='line_1_22' title="bbox 217 2136 1814 2211; baseline 0.003 -19"><span class='ocrx_word' id='word_1_143' title='bbox 217 2136 458 2210; x_wconf 85' lang='lat' dir='ltr'><strong>quadam</strong></span> <span class='ocrx_word' id='word_1_144' title='bbox 490 2137 580 2194; x_wconf 91' lang='lat' dir='ltr'><strong>die</strong></span> <span class='ocrx_word' id='word_1_145' title='bbox 605 2138 666 2193; x_wconf 91' lang='lat' dir='ltr'><strong>in</strong></span> <span class='ocrx_word' id='word_1_146' title='bbox 690 2138 812 2194; x_wconf 88' lang='lat' dir='ltr'><strong>villa</strong></span> <span class='ocrx_word' id='word_1_147' title='bbox 840 2154 963 2211; x_wconf 68' lang='lat' dir='ltr'><strong>quae</strong></span> <span class='ocrx_word' id='word_1_148' title='bbox 994 2142 1253 2197; x_wconf 87' lang='lat' dir='ltr'><strong>Moutam</strong></span> <span class='ocrx_word' id='word_1_149' title='bbox 1282 2141 1500 2210; x_wconf 88' lang='lat' dir='ltr'><strong>dicitur,</strong></span> <span class='ocrx_word' id='word_1_150' title='bbox 1534 2143 1814 2209; x_wconf 88' lang='lat' dir='ltr'><strong>resideret,</strong></span> 
     </span>
    </p>
   </div>
   <div class='ocr_carea' id='block_1_23' title="bbox 216 2230 1819 2292">
    <p class='ocr_par' dir='ltr' id='par_1_23' title="bbox 216 2230 1819 2292">
     <span class='ocr_line' id='line_1_23' title="bbox 216 2230 1819 2292; baseline 0.004 -6"><span class='ocrx_word' id='word_1_151' title='bbox 216 2230 455 2287; x_wconf 89' lang='lat' dir='ltr'><strong>attendit</strong></span> <span class='ocrx_word' id='word_1_152' title='bbox 482 2231 699 2288; x_wconf 89' lang='lat' dir='ltr'><strong>eminus</strong></span> <span class='ocrx_word' id='word_1_153' title='bbox 722 2241 973 2289; x_wconf 90' lang='lat' dir='ltr'><strong>montem</strong></span> <span class='ocrx_word' id='word_1_154' title='bbox 1008 2232 1198 2290; x_wconf 88' lang='lat' dir='ltr'><strong>vicinis</strong></span> <span class='ocrx_word' id='word_1_155' title='bbox 1225 2236 1507 2292; x_wconf 87' lang='lat' dir='ltr'><strong>montibus</strong></span> <span class='ocrx_word' id='word_1_156' title='bbox 1534 2251 1647 2292; x_wconf 91' lang='lat' dir='ltr'><strong>non</strong></span> <span class='ocrx_word' id='word_1_157' title='bbox 1682 2252 1819 2292; x_wconf 88' lang='lat' dir='ltr'><strong>eon-</strong></span> 
     </span>
    </p>
   </div>
   <div class='ocr_carea' id='block_1_24' title="bbox 216 2324 1819 2401">
    <p class='ocr_par' dir='ltr' id='par_1_24' title="bbox 216 2324 1819 2401">
     <span class='ocr_line' id='line_1_24' title="bbox 216 2324 1819 2401; baseline 0.004 -21"><span class='ocrx_word' id='word_1_158' title='bbox 216 2324 458 2398; x_wconf 85' lang='lat' dir='ltr'><strong>tiguum,</strong></span> <span class='ocrx_word' id='word_1_159' title='bbox 488 2340 653 2397; x_wconf 89' lang='lat' dir='ltr'><strong>quem</strong></span> <span class='ocrx_word' id='word_1_160' title='bbox 680 2328 880 2400; x_wconf 89' lang='lat' dir='ltr'><strong>vulgus</strong></span> <span class='ocrx_word' id='word_1_161' title='bbox 903 2328 1166 2384; x_wconf 86' lang='lat' dir='ltr'><strong>Kotwich</strong></span> <span class='ocrx_word' id='word_1_162' title='bbox 1187 2329 1517 2401; x_wconf 86' lang='lat' dir='ltr'><strong>appellabat.</strong></span> <span class='ocrx_word' id='word_1_163' title='bbox 1552 2330 1717 2386; x_wconf 88' lang='lat' dir='ltr'><strong>Visus</strong></span> <span class='ocrx_word' id='word_1_164' title='bbox 1737 2339 1819 2386; x_wconf 90' lang='lat' dir='ltr'><strong>est</strong></span> 
     </span>
    </p>
   </div>
   <div class='ocr_carea' id='block_1_25' title="bbox 216 2418 1813 2480">
    <p class='ocr_par' dir='ltr' id='par_1_25' title="bbox 216 2418 1813 2480">
     <span class='ocr_line' id='line_1_25' title="bbox 216 2418 1813 2480; baseline 0.004 -6"><span class='ocrx_word' id='word_1_165' title='bbox 216 2434 384 2476; x_wconf 90' lang='lat' dir='ltr'><strong>mons</strong></span> <span class='ocrx_word' id='word_1_166' title='bbox 402 2418 493 2474; x_wconf 90' lang='lat' dir='ltr'><strong>ille</strong></span> <span class='ocrx_word' id='word_1_167' title='bbox 521 2434 776 2477; x_wconf 73' lang='lat' dir='ltr'><strong>amoenus</strong></span> <span class='ocrx_word' id='word_1_168' title='bbox 803 2430 859 2477; x_wconf 91' lang='lat' dir='ltr'><strong>et</strong></span> <span class='ocrx_word' id='word_1_169' title='bbox 892 2422 961 2479; x_wconf 89' lang='lat' dir='ltr'><strong>ad</strong></span> <span class='ocrx_word' id='word_1_170' title='bbox 993 2421 1353 2479; x_wconf 87' lang='lat' dir='ltr'><strong>habitandum</strong></span> <span class='ocrx_word' id='word_1_171' title='bbox 1384 2424 1515 2480; x_wconf 86' lang='lat' dir='ltr'><strong>satis</strong></span> <span class='ocrx_word' id='word_1_172' title='bbox 1558 2422 1813 2480; x_wconf 89' lang='lat' dir='ltr'><strong>idoneus.</strong></span> 
     </span>
    </p>
   </div>
   <div class='ocr_carea' id='block_1_26' title="bbox 216 2512 1817 2586">
    <p class='ocr_par' dir='ltr' id='par_1_26' title="bbox 216 2512 1817 2586">
     <span class='ocr_line' id='line_1_26' title="bbox 216 2512 1817 2586; baseline 0.002 -17"><span class='ocrx_word' id='word_1_173' title='bbox 216 2512 387 2584; x_wconf 60' lang='lat' dir='ltr'><strong>(hujus</strong></span> <span class='ocrx_word' id='word_1_174' title='bbox 429 2512 751 2584; x_wconf 85' lang='lat' dir='ltr'><strong>qualitatem</strong></span> <span class='ocrx_word' id='word_1_175' title='bbox 786 2530 914 2571; x_wconf 90' lang='lat' dir='ltr'><strong>cum</strong></span> <span class='ocrx_word' id='word_1_176' title='bbox 944 2516 1010 2572; x_wconf 91' lang='lat' dir='ltr'><strong>ab</strong></span> <span class='ocrx_word' id='word_1_177' title='bbox 1050 2514 1249 2573; x_wconf 90' lang='lat' dir='ltr'><strong>incolis</strong></span> <span class='ocrx_word' id='word_1_178' title='bbox 1275 2516 1573 2586; x_wconf 84' lang='lat' dir='ltr'><strong>didicisset,</strong></span> <span class='ocrx_word' id='word_1_179' title='bbox 1606 2519 1817 2573; x_wconf 90' lang='lat' dir='ltr'><strong>mulam</strong></span> 
     </span>
    </p>
   </div>
   <div class='ocr_carea' id='block_1_27' title="bbox 216 2608 1819 2680">
    <p class='ocr_par' dir='ltr' id='par_1_27' title="bbox 216 2608 1819 2680">
     <span class='ocr_line' id='line_1_27' title="bbox 216 2608 1819 2680; baseline 0.004 -19"><span class='ocrx_word' id='word_1_180' title='bbox 216 2621 380 2662; x_wconf 90' lang='lat' dir='ltr'><strong>suam</strong></span> <span class='ocrx_word' id='word_1_181' title='bbox 399 2614 621 2677; x_wconf 89' lang='lat' dir='ltr'><strong>repente</strong></span> <span class='ocrx_word' id='word_1_182' title='bbox 646 2608 810 2663; x_wconf 89' lang='lat' dir='ltr'><strong>sterni</strong></span> <span class='ocrx_word' id='word_1_183' title='bbox 830 2608 1007 2680; x_wconf 88' lang='lat' dir='ltr'><strong>jubet,</strong></span> <span class='ocrx_word' id='word_1_184' title='bbox 1032 2618 1089 2665; x_wconf 92' lang='lat' dir='ltr'><strong>et</strong></span> <span class='ocrx_word' id='word_1_185' title='bbox 1119 2610 1293 2666; x_wconf 90' lang='lat' dir='ltr'><strong>multa</strong></span> <span class='ocrx_word' id='word_1_186' title='bbox 1317 2610 1481 2667; x_wconf 90' lang='lat' dir='ltr'><strong>turba</strong></span> <span class='ocrx_word' id='word_1_187' title='bbox 1500 2610 1819 2679; x_wconf 88' lang='lat' dir='ltr'><strong>comitatus,</strong></span> 
     </span>
    </p>
   </div>
   <div class='ocr_carea' id='block_1_28' title="bbox 220 2699 1817 2775">
    <p class='ocr_par' dir='ltr' id='par_1_28' title="bbox 220 2699 1817 2775">
     <span class='ocr_line' id='line_1_28' title="bbox 220 2699 1817 2775; baseline 0.003 -20"><span class='ocrx_word' id='word_1_188' title='bbox 220 2702 411 2756; x_wconf 88' lang='lat' dir='ltr'><strong>stricto</strong></span> <span class='ocrx_word' id='word_1_189' title='bbox 438 2699 683 2772; x_wconf 88' lang='lat' dir='ltr'><strong>quodam</strong></span> <span class='ocrx_word' id='word_1_190' title='bbox 708 2710 761 2759; x_wconf 91' lang='lat' dir='ltr'><strong>et</strong></span> <span class='ocrx_word' id='word_1_191' title='bbox 789 2712 1065 2775; x_wconf 79' lang='lat' dir='ltr'><strong>praerupto</strong></span> <span class='ocrx_word' id='word_1_192' title='bbox 1100 2703 1237 2759; x_wconf 90' lang='lat' dir='ltr'><strong>calle</strong></span> <span class='ocrx_word' id='word_1_193' title='bbox 1264 2713 1513 2761; x_wconf 88' lang='lat' dir='ltr'><strong>montem</strong></span> <span class='ocrx_word' id='word_1_194' title='bbox 1555 2704 1817 2774; x_wconf 86' lang='lat' dir='ltr'><strong>ascendit,</strong></span> 
     </span>
    </p>
   </div>
   <div class='ocr_carea' id='block_1_29' title="bbox 221 2794 1822 2871">
    <p class='ocr_par' dir='ltr' id='par_1_29' title="bbox 221 2794 1822 2871">
     <span class='ocr_line' id='line_1_29' title="bbox 221 2794 1822 2871; baseline 0.005 -24"><span class='ocrx_word' id='word_1_195' title='bbox 221 2809 324 2850; x_wconf 91' lang='lat' dir='ltr'><strong>suo</strong></span> <span class='ocrx_word' id='word_1_196' title='bbox 364 2794 647 2852; x_wconf 88' lang='lat' dir='ltr'><strong>instruens</strong></span> <span class='ocrx_word' id='word_1_197' title='bbox 690 2811 937 2864; x_wconf 89' lang='lat' dir='ltr'><strong>ascensu,</strong></span> <span class='ocrx_word' id='word_1_198' title='bbox 970 2797 1119 2869; x_wconf 92' lang='lat' dir='ltr'><strong>quod</strong></span> <span class='ocrx_word' id='word_1_199' title='bbox 1145 2806 1366 2855; x_wconf 90' lang='lat' dir='ltr'><strong>tantum</strong></span> <span class='ocrx_word' id='word_1_200' title='bbox 1396 2815 1493 2871; x_wconf 88' lang='lat' dir='ltr'><strong>per</strong></span> <span class='ocrx_word' id='word_1_201' title='bbox 1536 2798 1736 2857; x_wconf 90' lang='lat' dir='ltr'><strong>arduas</strong></span> <span class='ocrx_word' id='word_1_202' title='bbox 1766 2808 1822 2855; x_wconf 93' lang='lat' dir='ltr'><strong>et</strong></span> 
     </span>
    </p>
   </div>
   <div class='ocr_carea' id='block_1_30' title="bbox 222 2889 1821 2960">
    <p class='ocr_par' dir='ltr' id='par_1_30' title="bbox 222 2889 1821 2960">
     <span class='ocr_line' id='line_1_30' title="bbox 222 2889 1821 2960; baseline 0.004 -17"><span class='ocrx_word' id='word_1_203' title='bbox 222 2896 486 2960; x_wconf 80' lang='lat' dir='ltr'><strong>angustas</strong></span> <span class='ocrx_word' id='word_1_204' title='bbox 512 2889 738 2946; x_wconf 85' lang='lat' dir='ltr'><strong>semitas</strong></span> <span class='ocrx_word' id='word_1_205' title='bbox 764 2889 1167 2948; x_wconf 84' lang='lat' dir='ltr'><strong>mandatorum</strong></span> <span class='ocrx_word' id='word_1_206' title='bbox 1198 2893 1295 2949; x_wconf 91' lang='lat' dir='ltr'><strong>Dei</strong></span> <span class='ocrx_word' id='word_1_207' title='bbox 1321 2892 1388 2949; x_wconf 90' lang='lat' dir='ltr'><strong>de</strong></span> <span class='ocrx_word' id='word_1_208' title='bbox 1415 2892 1574 2950; x_wconf 87' lang='lat' dir='ltr'><strong>terris</strong></span> <span class='ocrx_word' id='word_1_209' title='bbox 1612 2894 1724 2950; x_wconf 87' lang='lat' dir='ltr'><strong>itur</strong></span> <span class='ocrx_word' id='word_1_210' title='bbox 1752 2893 1821 2950; x_wconf 90' lang='lat' dir='ltr'><strong>ad</strong></span> 
     </span>
    </p>
   </div>
   <div class='ocr_carea' id='block_1_31' title="bbox 223 2984 1823 3057">
    <p class='ocr_par' dir='ltr' id='par_1_31' title="bbox 223 2984 1823 3057">
     <span class='ocr_line' id='line_1_31' title="bbox 223 2984 1823 3057; baseline 0.004 -21"><span class='ocrx_word' id='word_1_211' title='bbox 223 2990 391 3037; x_wconf 88' lang='lat' dir='ltr'><strong>astra.</strong></span> <span class='ocrx_word' id='word_1_212' title='bbox 444 2984 701 3039; x_wconf 87' lang='lat' dir='ltr'><strong>Lustrato</strong></span> <span class='ocrx_word' id='word_1_213' title='bbox 746 2984 933 3057; x_wconf 85' lang='lat' dir='ltr'><strong>itaque</strong></span> <span class='ocrx_word' id='word_1_214' title='bbox 960 2991 1151 3042; x_wconf 92' lang='lat' dir='ltr'><strong>monte</strong></span> <span class='ocrx_word' id='word_1_215' title='bbox 1204 2995 1347 3055; x_wconf 92' lang='lat' dir='ltr'><strong>toto,</strong></span> <span class='ocrx_word' id='word_1_216' title='bbox 1389 2987 1521 3044; x_wconf 90' lang='lat' dir='ltr'><strong>dum</strong></span> <span class='ocrx_word' id='word_1_217' title='bbox 1576 2996 1823 3044; x_wconf 89' lang='lat' dir='ltr'><strong>cerneret</strong></span> 
     </span>
    </p>
   </div>
   <div class='ocr_carea' id='block_1_32' title="bbox 224 3076 1821 3154">
    <p class='ocr_par' dir='ltr' id='par_1_32' title="bbox 224 3076 1821 3154">
     <span class='ocr_line' id='line_1_32' title="bbox 224 3076 1821 3154; baseline 0.004 -23"><span class='ocrx_word' id='word_1_218' title='bbox 224 3076 531 3148; x_wconf 84' lang='lat' dir='ltr'><strong>spatiosum</strong></span> <span class='ocrx_word' id='word_1_219' title='bbox 558 3085 613 3132; x_wconf 90' lang='lat' dir='ltr'><strong>et</strong></span> <span class='ocrx_word' id='word_1_220' title='bbox 640 3077 710 3133; x_wconf 88' lang='lat' dir='ltr'><strong>ad</strong></span> <span class='ocrx_word' id='word_1_221' title='bbox 735 3080 1170 3137; x_wconf 86' lang='lat' dir='ltr'><strong>construendum</strong></span> <span class='ocrx_word' id='word_1_222' title='bbox 1214 3081 1615 3138; x_wconf 89' lang='lat' dir='ltr'><strong>monasterium</strong></span> <span class='ocrx_word' id='word_1_223' title='bbox 1653 3081 1821 3154; x_wconf 87' lang='lat' dir='ltr'><strong>aptis-</strong></span> 
     </span>
    </p>
   </div>
   <div class='ocr_carea' id='block_1_33' title="bbox 223 3168 1821 3247">
    <p class='ocr_par' dir='ltr' id='par_1_33' title="bbox 223 3168 1821 3247">
     <span class='ocr_line' id='line_1_33' title="bbox 223 3168 1821 3247; baseline 0.003 -21"><span class='ocrx_word' id='word_1_224' title='bbox 223 3168 452 3238; x_wconf 87' lang='lat' dir='ltr'><strong>simum,</strong></span> <span class='ocrx_word' id='word_1_225' title='bbox 496 3169 604 3227; x_wconf 77' lang='lat' dir='ltr'><strong>ﬁxo</strong></span> <span class='ocrx_word' id='word_1_226' title='bbox 634 3170 818 3227; x_wconf 89' lang='lat' dir='ltr'><strong>statim</strong></span> <span class='ocrx_word' id='word_1_227' title='bbox 854 3173 1115 3241; x_wconf 86' lang='lat' dir='ltr'><strong>tentorio,</strong></span> <span class='ocrx_word' id='word_1_228' title='bbox 1146 3174 1341 3230; x_wconf 87' lang='lat' dir='ltr'><strong>silvam</strong></span> <span class='ocrx_word' id='word_1_229' title='bbox 1386 3191 1509 3247; x_wconf 68' lang='lat' dir='ltr'><strong>quae</strong></span> <span class='ocrx_word' id='word_1_230' title='bbox 1546 3174 1821 3231; x_wconf 88' lang='lat' dir='ltr'><strong>condensa</strong></span> 
     </span>
    </p>
   </div>
   <div class='ocr_carea' id='block_1_34' title="bbox 223 3264 1820 3342">
    <p class='ocr_par' dir='ltr' id='par_1_34' title="bbox 223 3264 1820 3342">
     <span class='ocr_line' id='line_1_34' title="bbox 223 3264 1820 3342; baseline 0.003 -24"><span class='ocrx_word' id='word_1_231' title='bbox 223 3264 332 3320; x_wconf 91' lang='lat' dir='ltr'><strong>illic</strong></span> <span class='ocrx_word' id='word_1_232' title='bbox 358 3264 707 3322; x_wconf 71' lang='lat' dir='ltr'><strong>succreverat</strong></span> <span class='ocrx_word' id='word_1_233' title='bbox 746 3266 974 3334; x_wconf 88' lang='lat' dir='ltr'><strong>succidi,</strong></span> <span class='ocrx_word' id='word_1_234' title='bbox 1006 3278 1060 3324; x_wconf 91' lang='lat' dir='ltr'><strong>et</strong></span> <span class='ocrx_word' id='word_1_235' title='bbox 1090 3270 1393 3325; x_wconf 88' lang='lat' dir='ltr'><strong>oratorium</strong></span> <span class='ocrx_word' id='word_1_236' title='bbox 1433 3271 1694 3342; x_wconf 65' lang='lat' dir='ltr'><strong>praecepit</strong></span> <span class='ocrx_word' id='word_1_237' title='bbox 1738 3269 1820 3324; x_wconf 88' lang='lat' dir='ltr'><strong>in-</strong></span> 
     </span>
    </p>
   </div>
   <div class='ocr_carea' id='block_1_35' title="bbox 225 3358 1824 3435">
    <p class='ocr_par' dir='ltr' id='par_1_35' title="bbox 225 3358 1824 3435">
     <span class='ocr_line' id='line_1_35' title="bbox 225 3358 1824 3435; baseline 0.003 -21"><span class='ocrx_word' id='word_1_238' title='bbox 225 3358 434 3415; x_wconf 88' lang='lat' dir='ltr'><strong>choari.</strong></span> <span class='ocrx_word' id='word_1_239' title='bbox 475 3359 724 3431; x_wconf 86' lang='lat' dir='ltr'><strong>Cumque</strong></span> <span class='ocrx_word' id='word_1_240' title='bbox 760 3359 940 3417; x_wconf 90' lang='lat' dir='ltr'><strong>adhuc</strong></span> <span class='ocrx_word' id='word_1_241' title='bbox 975 3362 1264 3435; x_wconf 88' lang='lat' dir='ltr'><strong>ambiguus</strong></span> <span class='ocrx_word' id='word_1_242' title='bbox 1288 3363 1533 3435; x_wconf 90' lang='lat' dir='ltr'><strong>pendere</strong></span> <span class='ocrx_word' id='word_1_243' title='bbox 1575 3364 1662 3421; x_wconf 90' lang='lat' dir='ltr'><strong>cui</strong></span> <span class='ocrx_word' id='word_1_244' title='bbox 1700 3380 1824 3421; x_wconf 89' lang='lat' dir='ltr'><strong>san-</strong></span> 
     </span>
    </p>
   </div>
   <div class='ocr_carea' id='block_1_36' title="bbox 226 3453 1824 3530">
    <p class='ocr_par' dir='ltr' id='par_1_36' title="bbox 226 3453 1824 3530">
     <span class='ocr_line' id='line_1_36' title="bbox 226 3453 1824 3530; baseline 0.002 -21"><span class='ocrx_word' id='word_1_245' title='bbox 226 3462 449 3509; x_wconf 87' lang='lat' dir='ltr'><strong>ctorum</strong></span> <span class='ocrx_word' id='word_1_246' title='bbox 490 3453 837 3524; x_wconf 89' lang='lat' dir='ltr'><strong>potissimum</strong></span> <span class='ocrx_word' id='word_1_247' title='bbox 864 3455 1249 3526; x_wconf 89' lang='lat' dir='ltr'><strong>attitularetur,</strong></span> <span class='ocrx_word' id='word_1_248' title='bbox 1286 3474 1385 3530; x_wconf 92' lang='lat' dir='ltr'><strong>pro</strong></span> <span class='ocrx_word' id='word_1_249' title='bbox 1423 3457 1652 3515; x_wconf 88' lang='lat' dir='ltr'><strong>diversis</strong></span> <span class='ocrx_word' id='word_1_250' title='bbox 1680 3457 1824 3514; x_wconf 87' lang='lat' dir='ltr'><strong>votis</strong></span> 
     </span>
    </p>
   </div>
   <div class='ocr_carea' id='block_1_37' title="bbox 222 3544 1823 3625">
    <p class='ocr_par' dir='ltr' id='par_1_37' title="bbox 222 3544 1823 3625">
     <span class='ocr_line' id='line_1_37' title="bbox 222 3544 1823 3625; baseline 0.001 -22"><span class='ocrx_word' id='word_1_251' title='bbox 222 3556 279 3603; x_wconf 89' lang='lat' dir='ltr'><strong>et</strong></span> <span class='ocrx_word' id='word_1_252' title='bbox 332 3544 540 3603; x_wconf 80' lang='lat' dir='ltr'><strong>affectu</strong></span> <span class='ocrx_word' id='word_1_253' title='bbox 578 3546 804 3605; x_wconf 83' lang='lat' dir='ltr'><strong>diversis</strong></span> <span class='ocrx_word' id='word_1_254' title='bbox 848 3549 1059 3606; x_wconf 88' lang='lat' dir='ltr'><strong>diversa</strong></span> <span class='ocrx_word' id='word_1_255' title='bbox 1097 3552 1530 3616; x_wconf 86' lang='lat' dir='ltr'><strong>consulentibus,</strong></span> <span class='ocrx_word' id='word_1_256' title='bbox 1595 3552 1823 3625; x_wconf 80' lang='lat' dir='ltr'><strong>contigit</strong></span> 
     </span>
    </p>
   </div>
   <div class='ocr_carea' id='block_1_38' title="bbox 223 3641 1824 3714">
    <p class='ocr_par' dir='ltr' id='par_1_38' title="bbox 223 3641 1824 3714">
     <span class='ocr_line' id='line_1_38' title="bbox 223 3641 1824 3714; baseline 0.003 -17"><span class='ocrx_word' id='word_1_257' title='bbox 223 3641 585 3714; x_wconf 84' lang='lat' dir='ltr'><strong>supervenire</strong></span> <span class='ocrx_word' id='word_1_258' title='bbox 625 3642 884 3699; x_wconf 89' lang='lat' dir='ltr'><strong>nuntium</strong></span> <span class='ocrx_word' id='word_1_259' title='bbox 927 3660 959 3699; x_wconf 91' lang='lat' dir='ltr'><strong>a</strong></span> <span class='ocrx_word' id='word_1_260' title='bbox 987 3644 1216 3702; x_wconf 90' lang='lat' dir='ltr'><strong>ducibus</strong></span> <span class='ocrx_word' id='word_1_261' title='bbox 1249 3646 1599 3701; x_wconf 89' lang='lat' dir='ltr'><strong>Boemiorum</strong></span> <span class='ocrx_word' id='word_1_262' title='bbox 1642 3656 1824 3702; x_wconf 89' lang='lat' dir='ltr'><strong>trans-</strong></span> 
     </span>
    </p>
   </div>
   <div class='ocr_carea' id='block_1_39' title="bbox 224 3735 1821 3812">
    <p class='ocr_par' dir='ltr' id='par_1_39' title="bbox 224 3735 1821 3812">
     <span class='ocr_line' id='line_1_39' title="bbox 224 3735 1821 3812; baseline 0.003 -22"><span class='ocrx_word' id='word_1_263' title='bbox 224 3735 480 3791; x_wconf 87' lang='lat' dir='ltr'><strong>missum.</strong></span> <span class='ocrx_word' id='word_1_264' title='bbox 529 3735 764 3793; x_wconf 85' lang='lat' dir='ltr'><strong>Ferebat</strong></span> <span class='ocrx_word' id='word_1_265' title='bbox 789 3737 890 3793; x_wconf 89' lang='lat' dir='ltr'><strong>iste</strong></span> <span class='ocrx_word' id='word_1_266' title='bbox 917 3738 1164 3795; x_wconf 89' lang='lat' dir='ltr'><strong>tabulam</strong></span> <span class='ocrx_word' id='word_1_267' title='bbox 1193 3738 1491 3810; x_wconf 88' lang='lat' dir='ltr'><strong>quamdam</strong></span> <span class='ocrx_word' id='word_1_268' title='bbox 1545 3738 1821 3812; x_wconf 88' lang='lat' dir='ltr'><strong>episcopo,</strong></span> 
     </span>
    </p>
   </div>
   <div class='ocr_carea' id='block_1_40' title="bbox 222 3830 1823 3906">
    <p class='ocr_par' dir='ltr' id='par_1_40' title="bbox 222 3830 1823 3906">
     <span class='ocr_line' id='line_1_40' title="bbox 222 3830 1823 3906; baseline 0.003 -22"><span class='ocrx_word' id='word_1_269' title='bbox 222 3844 350 3901; x_wconf 72' lang='lat' dir='ltr'><strong>quae</strong></span> <span class='ocrx_word' id='word_1_270' title='bbox 374 3844 479 3901; x_wconf 92' lang='lat' dir='ltr'><strong>pro</strong></span> <span class='ocrx_word' id='word_1_271' title='bbox 511 3844 743 3886; x_wconf 90' lang='lat' dir='ltr'><strong>munere</strong></span> <span class='ocrx_word' id='word_1_272' title='bbox 769 3830 933 3903; x_wconf 84' lang='lat' dir='ltr'><strong>digne</strong></span> <span class='ocrx_word' id='word_1_273' title='bbox 956 3830 1254 3889; x_wconf 71' lang='lat' dir='ltr'><strong>offerretur</strong></span> <span class='ocrx_word' id='word_1_274' title='bbox 1282 3841 1436 3890; x_wconf 85' lang='lat' dir='ltr'><strong>tanto</strong></span> <span class='ocrx_word' id='word_1_275' title='bbox 1458 3832 1603 3901; x_wconf 85' lang='lat' dir='ltr'><strong>viro;</strong></span> <span class='ocrx_word' id='word_1_276' title='bbox 1635 3834 1692 3889; x_wconf 91' lang='lat' dir='ltr'><strong>iu</strong></span> <span class='ocrx_word' id='word_1_277' title='bbox 1717 3850 1823 3906; x_wconf 89' lang='lat' dir='ltr'><strong>qua</strong></span> 
     </span>
    </p>
   </div>
   <div class='ocr_carea' id='block_1_41' title="bbox 220 3922 1823 3999">
    <p class='ocr_par' dir='ltr' id='par_1_41' title="bbox 220 3922 1823 3999">
     <span class='ocr_line' id='line_1_41' title="bbox 220 3922 1823 3999; baseline 0.002 -20"><span class='ocrx_word' id='word_1_278' title='bbox 220 3922 554 3980; x_wconf 86' lang='lat' dir='ltr'><strong>cernebatur</strong></span> <span class='ocrx_word' id='word_1_279' title='bbox 568 3923 935 3997; x_wconf 70' lang='lat' dir='ltr'><strong>imagobeatze</strong></span> <span class='ocrx_word' id='word_1_280' title='bbox 948 3926 1192 3999; x_wconf 82' lang='lat' dir='ltr'><strong>Virginis</strong></span> <span class='ocrx_word' id='word_1_281' title='bbox 1213 3927 1423 3995; x_wconf 74' lang='lat' dir='ltr'><strong>Mariae,</strong></span> <span class='ocrx_word' id='word_1_282' title='bbox 1444 3930 1640 3985; x_wconf 75' lang='lat' dir='ltr'><strong>Graeco</strong></span> <span class='ocrx_word' id='word_1_283' title='bbox 1660 3943 1823 3999; x_wconf 90' lang='lat' dir='ltr'><strong>opere</strong></span> 
     </span>
    </p>
   </div>
   <div class='ocr_carea' id='block_1_42' title="bbox 224 4016 1825 4090">
    <p class='ocr_par' dir='ltr' id='par_1_42' title="bbox 224 4016 1825 4090">
     <span class='ocr_line' id='line_1_42' title="bbox 224 4016 1825 4090; baseline 0.002 -17"><span class='ocrx_word' id='word_1_284' title='bbox 224 4016 561 4074; x_wconf 83' lang='lat' dir='ltr'><strong>mirabiliter</strong></span> <span class='ocrx_word' id='word_1_285' title='bbox 581 4033 854 4090; x_wconf 80' lang='lat' dir='ltr'><strong>expressa,</strong></span> <span class='ocrx_word' id='word_1_286' title='bbox 879 4020 1079 4077; x_wconf 89' lang='lat' dir='ltr'><strong>merito</strong></span> <span class='ocrx_word' id='word_1_287' title='bbox 1099 4021 1153 4076; x_wconf 91' lang='lat' dir='ltr'><strong>in</strong></span> <span class='ocrx_word' id='word_1_288' title='bbox 1177 4021 1367 4077; x_wconf 89' lang='lat' dir='ltr'><strong>eadem</strong></span> <span class='ocrx_word' id='word_1_289' title='bbox 1398 4021 1628 4078; x_wconf 87' lang='lat' dir='ltr'><strong>ecclesia</strong></span> <span class='ocrx_word' id='word_1_290' title='bbox 1649 4022 1825 4079; x_wconf 88' lang='lat' dir='ltr'><strong>adhuc</strong></span> 
     </span>
    </p>
   </div>
   <div class='ocr_carea' id='block_1_43' title="bbox 223 4114 1825 4185">
    <p class='ocr_par' dir='ltr' id='par_1_43' title="bbox 223 4114 1825 4185">
     <span class='ocr_line' id='line_1_43' title="bbox 223 4114 1825 4185; baseline 0.002 -17"><span class='ocrx_word' id='word_1_291' title='bbox 223 4119 554 4168; x_wconf 86' lang='lat' dir='ltr'><strong>conservata</strong></span> <span class='ocrx_word' id='word_1_292' title='bbox 582 4120 636 4167; x_wconf 90' lang='lat' dir='ltr'><strong>et</strong></span> <span class='ocrx_word' id='word_1_293' title='bbox 656 4122 919 4185; x_wconf 91' lang='lat' dir='ltr'><strong>perpetuo</strong></span> <span class='ocrx_word' id='word_1_294' title='bbox 938 4114 1334 4172; x_wconf 89' lang='lat' dir='ltr'><strong>conservanda.</strong></span> <span class='ocrx_word' id='word_1_295' title='bbox 1359 4116 1519 4171; x_wconf 84' lang='lat' dir='ltr'><strong>Hanc</strong></span> <span class='ocrx_word' id='word_1_296' title='bbox 1540 4118 1655 4172; x_wconf 92' lang='lat' dir='ltr'><strong>Deo</strong></span> <span class='ocrx_word' id='word_1_297' title='bbox 1676 4130 1825 4172; x_wconf 88' lang='lat' dir='ltr'><strong>ama-</strong></span> 
     </span>
    </p>
   </div>
   <div class='ocr_carea' id='block_1_44' title="bbox 223 4204 1828 4280">
    <p class='ocr_par' dir='ltr' id='par_1_44' title="bbox 223 4204 1828 4280">
     <span class='ocr_line' id='line_1_44' title="bbox 223 4204 1828 4280; baseline 0.002 -19"><span class='ocrx_word' id='word_1_298' title='bbox 223 4205 350 4261; x_wconf 88' lang='lat' dir='ltr'><strong>bilis</strong></span> <span class='ocrx_word' id='word_1_299' title='bbox 391 4204 636 4276; x_wconf 80' lang='lat' dir='ltr'><strong>pontifex</strong></span> <span class='ocrx_word' id='word_1_300' title='bbox 678 4206 1144 4277; x_wconf 72' lang='lat' dir='ltr'><strong>pia‘veneratione</strong></span> <span class='ocrx_word' id='word_1_301' title='bbox 1172 4208 1520 4278; x_wconf 87' lang='lat' dir='ltr'><strong>deosculans,</strong></span> <span class='ocrx_word' id='word_1_302' title='bbox 1552 4210 1703 4280; x_wconf 89' lang='lat' dir='ltr'><strong>quasi</strong></span> <span class='ocrx_word' id='word_1_303' title='bbox 1747 4209 1828 4265; x_wconf 91' lang='lat' dir='ltr'><strong>di-</strong></span> 
     </span>
    </p>
   </div>
   <div class='ocr_carea' id='block_1_45' title="bbox 224 4299 1828 4375">
    <p class='ocr_par' dir='ltr' id='par_1_45' title="bbox 224 4299 1828 4375">
     <span class='ocr_line' id='line_1_45' title="bbox 224 4299 1828 4375; baseline 0.002 -21"><span class='ocrx_word' id='word_1_304' title='bbox 224 4299 351 4355; x_wconf 87' lang='lat' dir='ltr'><strong>vino</strong></span> <span class='ocrx_word' id='word_1_305' title='bbox 371 4300 755 4356; x_wconf 89' lang='lat' dir='ltr'><strong>commonitus</strong></span> <span class='ocrx_word' id='word_1_306' title='bbox 773 4302 999 4359; x_wconf 90' lang='lat' dir='ltr'><strong>oraculo</strong></span> <span class='ocrx_word' id='word_1_307' title='bbox 1016 4348 1031 4371; x_wconf 87' lang='lat'><strong>,</strong></span> <span class='ocrx_word' id='word_1_308' title='bbox 1051 4303 1236 4359; x_wconf 90' lang='lat' dir='ltr'><strong>locum</strong></span> <span class='ocrx_word' id='word_1_309' title='bbox 1260 4303 1512 4375; x_wconf 84' lang='lat' dir='ltr'><strong>protinus</strong></span> <span class='ocrx_word' id='word_1_310' title='bbox 1537 4304 1828 4375; x_wconf 85' lang='lat' dir='ltr'><strong>assignavit</strong></span> 
     </span>
    </p>
   </div>
   <div class='ocr_carea' id='block_1_46' title="bbox 223 4392 1828 4469">
    <p class='ocr_par' dir='ltr' id='par_1_46' title="bbox 223 4392 1828 4469">
     <span class='ocr_line' id='line_1_46' title="bbox 223 4392 1828 4469; baseline 0.002 -20"><span class='ocrx_word' id='word_1_311' title='bbox 223 4393 418 4450; x_wconf 91' lang='lat' dir='ltr'><strong>eidem</strong></span> <span class='ocrx_word' id='word_1_312' title='bbox 458 4392 869 4466; x_wconf 63' lang='lat' dir='ltr'><strong>gloriosissimas</strong></span> <span class='ocrx_word' id='word_1_313' title='bbox 898 4396 997 4451; x_wconf 88' lang='lat' dir='ltr'><strong>Dei</strong></span> <span class='ocrx_word' id='word_1_314' title='bbox 1034 4397 1281 4468; x_wconf 86' lang='lat' dir='ltr'><strong>genitrici</strong></span> <span class='ocrx_word' id='word_1_315' title='bbox 1331 4399 1541 4454; x_wconf 71' lang='lat' dir='ltr'><strong>Mariae.</strong></span> <span class='ocrx_word' id='word_1_316' title='bbox 1574 4400 1828 4469; x_wconf 89' lang='lat' dir='ltr'><strong>Cumque</strong></span> 
     </span>
    </p>
   </div>
   <div class='ocr_carea' id='block_1_47' title="bbox 224 4486 1829 4564">
    <p class='ocr_par' dir='ltr' id='par_1_47' title="bbox 224 4486 1829 4564">
     <span class='ocr_line' id='line_1_47' title="bbox 224 4486 1829 4564; baseline 0.002 -21"><span class='ocrx_word' id='word_1_317' title='bbox 224 4503 371 4559; x_wconf 88' lang='lat' dir='ltr'><strong>opus</strong></span> <span class='ocrx_word' id='word_1_318' title='bbox 413 4486 655 4544; x_wconf 62' lang='lat' dir='ltr'><strong>basilicae</strong></span> <span class='ocrx_word' id='word_1_319' title='bbox 702 4504 961 4561; x_wconf 86' lang='lat' dir='ltr'><strong>prospere</strong></span> <span class='ocrx_word' id='word_1_320' title='bbox 1003 4501 1439 4548; x_wconf 84' lang='lat' dir='ltr'><strong>consummasset</strong></span> <span class='ocrx_word' id='word_1_321' title='bbox 1479 4501 1641 4564; x_wconf 87' lang='lat' dir='ltr'><strong>atque</strong></span> <span class='ocrx_word' id='word_1_322' title='bbox 1687 4493 1829 4548; x_wconf 90' lang='lat' dir='ltr'><strong>cele-</strong></span> 
     </span>
    </p>
   </div>
   <div class='ocr_carea' id='block_1_48' title="bbox 1924 542 3512 619">
    <p class='ocr_par' dir='ltr' id='par_1_48' title="bbox 1924 542 3512 619">
     <span class='ocr_line' id='line_1_48' title="bbox 1924 542 3512 619; baseline 0.001 -19"><span class='ocrx_word' id='word_1_323' title='bbox 1924 546 2103 602; x_wconf 89' lang='lat' dir='ltr'><strong>Struit</strong></span> <span class='ocrx_word' id='word_1_324' title='bbox 2128 561 2256 619; x_wconf 89' lang='lat' dir='ltr'><strong>ergo</strong></span> <span class='ocrx_word' id='word_1_325' title='bbox 2285 544 2515 603; x_wconf 88' lang='lat' dir='ltr'><strong>insidias</strong></span> <span class='ocrx_word' id='word_1_326' title='bbox 2536 552 2595 601; x_wconf 88' lang='lat' dir='ltr'><strong>et</strong></span> <span class='ocrx_word' id='word_1_327' title='bbox 2617 544 2845 617; x_wconf 89' lang='lat' dir='ltr'><strong>opponit</strong></span> <span class='ocrx_word' id='word_1_328' title='bbox 2871 542 3282 616; x_wconf 88' lang='lat' dir='ltr'><strong>impedimenta,</strong></span> <span class='ocrx_word' id='word_1_329' title='bbox 3313 545 3512 618; x_wconf 90' lang='lat' dir='ltr'><strong>quibus</strong></span> 
     </span>
    </p>
   </div>
   <div class='ocr_carea' id='block_1_49' title="bbox 1922 637 3511 712">
    <p class='ocr_par' dir='ltr' id='par_1_49' title="bbox 1922 637 3511 712">
     <span class='ocr_line' id='line_1_49' title="bbox 1922 637 3511 712; baseline 0.001 -18"><span class='ocrx_word' id='word_1_330' title='bbox 1922 637 2195 695; x_wconf 88' lang='lat' dir='ltr'><strong>irretitum</strong></span> <span class='ocrx_word' id='word_1_331' title='bbox 2235 640 2306 696; x_wconf 88' lang='lat' dir='ltr'><strong>ab</strong></span> <span class='ocrx_word' id='word_1_332' title='bbox 2342 639 2460 696; x_wconf 89' lang='lat' dir='ltr'><strong>istis</strong></span> <span class='ocrx_word' id='word_1_333' title='bbox 2488 646 2736 712; x_wconf 85' lang='lat' dir='ltr'><strong>oporteat</strong></span> <span class='ocrx_word' id='word_1_334' title='bbox 2764 639 3026 695; x_wconf 76' lang='lat' dir='ltr'><strong>desistam</strong></span> <span class='ocrx_word' id='word_1_335' title='bbox 3061 653 3188 712; x_wconf 63' lang='lat' dir='ltr'><strong>qua</strong></span> <span class='ocrx_word' id='word_1_336' title='bbox 3228 645 3511 696; x_wconf 81' lang='lat' dir='ltr'><strong>tantorum</strong></span> 
     </span>
    </p>
   </div>
   <div class='ocr_carea' id='block_1_50' title="bbox 1924 731 3515 805">
    <p class='ocr_par' dir='ltr' id='par_1_50' title="bbox 1924 731 3515 805">
     <span class='ocr_line' id='line_1_50' title="bbox 1924 731 3515 805; baseline 0.001 -18"><span class='ocrx_word' id='word_1_337' title='bbox 1924 731 2192 802; x_wconf 86' lang='lat' dir='ltr'><strong>profectui</strong></span> <span class='ocrx_word' id='word_1_338' title='bbox 2247 732 2397 790; x_wconf 88' lang='lat' dir='ltr'><strong>dolet</strong></span> <span class='ocrx_word' id='word_1_339' title='bbox 2448 732 2723 805; x_wconf 89' lang='lat' dir='ltr'><strong>prodesse.</strong></span> <span class='ocrx_word' id='word_1_340' title='bbox 2778 732 3066 789; x_wconf 88' lang='lat' dir='ltr'><strong>Consuetis</strong></span> <span class='ocrx_word' id='word_1_341' title='bbox 3113 732 3298 804; x_wconf 86' lang='lat' dir='ltr'><strong>itaque</strong></span> <span class='ocrx_word' id='word_1_342' title='bbox 3342 733 3515 788; x_wconf 89' lang='lat' dir='ltr'><strong>utitur</strong></span> 
     </span>
    </p>
   </div>
   <div class='ocr_carea' id='block_1_51' title="bbox 1923 824 3513 899">
    <p class='ocr_par' dir='ltr' id='par_1_51' title="bbox 1923 824 3513 899">
     <span class='ocr_line' id='line_1_51' title="bbox 1923 824 3513 899; baseline 0 -17"><span class='ocrx_word' id='word_1_343' title='bbox 1923 827 2322 891; x_wconf 85' lang='lat' dir='ltr'><strong>instrumentis,</strong></span> <span class='ocrx_word' id='word_1_344' title='bbox 2374 834 2431 883; x_wconf 90' lang='lat' dir='ltr'><strong>et</strong></span> <span class='ocrx_word' id='word_1_345' title='bbox 2455 843 2551 899; x_wconf 84' lang='lat' dir='ltr'><strong>per</strong></span> <span class='ocrx_word' id='word_1_346' title='bbox 2599 826 2846 883; x_wconf 89' lang='lat' dir='ltr'><strong>membra</strong></span> <span class='ocrx_word' id='word_1_347' title='bbox 2877 841 2975 883; x_wconf 87' lang='lat' dir='ltr'><strong>sua</strong></span> <span class='ocrx_word' id='word_1_348' title='bbox 3004 824 3355 882; x_wconf 83' lang='lat' dir='ltr'><strong>efﬁciendum</strong></span> <span class='ocrx_word' id='word_1_349' title='bbox 3398 842 3513 882; x_wconf 90' lang='lat' dir='ltr'><strong>non</strong></span> 
     </span>
    </p>
   </div>
   <div class='ocr_carea' id='block_1_52' title="bbox 1922 919 3513 992">
    <p class='ocr_par' dir='ltr' id='par_1_52' title="bbox 1922 919 3513 992">
     <span class='ocr_line' id='line_1_52' title="bbox 1922 919 3513 992; baseline 0 -15"><span class='ocrx_word' id='word_1_350' title='bbox 1922 919 2135 977; x_wconf 85' lang='lat' dir='ltr'><strong>dubitat</strong></span> <span class='ocrx_word' id='word_1_351' title='bbox 2161 920 2315 992; x_wconf 92' lang='lat' dir='ltr'><strong>quod</strong></span> <span class='ocrx_word' id='word_1_352' title='bbox 2334 934 2431 992; x_wconf 89' lang='lat' dir='ltr'><strong>per</strong></span> <span class='ocrx_word' id='word_1_353' title='bbox 2468 935 2525 976; x_wconf 91' lang='lat' dir='ltr'><strong>se</strong></span> <span class='ocrx_word' id='word_1_354' title='bbox 2555 919 2767 977; x_wconf 80' lang='lat' dir='ltr'><strong>efﬁcere</strong></span> <span class='ocrx_word' id='word_1_355' title='bbox 2795 920 2979 975; x_wconf 90' lang='lat' dir='ltr'><strong>minus</strong></span> <span class='ocrx_word' id='word_1_356' title='bbox 3005 928 3200 992; x_wconf 86' lang='lat' dir='ltr'><strong>sperat.</strong></span> <span class='ocrx_word' id='word_1_357' title='bbox 3232 920 3356 990; x_wconf 86' lang='lat' dir='ltr'><strong>Quo</strong></span> <span class='ocrx_word' id='word_1_358' title='bbox 3388 935 3513 977; x_wconf 91' lang='lat' dir='ltr'><strong>vero</strong></span> 
     </span>
    </p>
   </div>
   <div class='ocr_carea' id='block_1_53' title="bbox 1922 1012 2838 1085">
    <p class='ocr_par' dir='ltr' id='par_1_53' title="bbox 1922 1012 2838 1085">
     <span class='ocr_line' id='line_1_53' title="bbox 1922 1012 2838 1085; baseline -0.003 -14"><span class='ocrx_word' id='word_1_359' title='bbox 1922 1013 2132 1082; x_wconf 89' lang='lat' dir='ltr'><strong>ordine,</strong></span> <span class='ocrx_word' id='word_1_360' title='bbox 2162 1012 2546 1085; x_wconf 80' lang='lat' dir='ltr'><strong>explicandum</strong></span> <span class='ocrx_word' id='word_1_361' title='bbox 2574 1021 2838 1085; x_wconf 88' lang='lat' dir='ltr'><strong>superest.</strong></span> 
     </span>
    </p>
   </div>
   <div class='ocr_carea' id='block_1_54' title="bbox 1993 1106 3515 1181">
    <p class='ocr_par' dir='ltr' id='par_1_54' title="bbox 1993 1106 3515 1181">
     <span class='ocr_line' id='line_1_54' title="bbox 1993 1106 3515 1181; baseline 0.001 -17"><span class='ocrx_word' id='word_1_362' title='bbox 1993 1109 2120 1165; x_wconf 89' lang='lat' dir='ltr'><strong>Fuit</strong></span> <span class='ocrx_word' id='word_1_363' title='bbox 2147 1125 2211 1165; x_wconf 92' lang='lat' dir='ltr'><strong>eo</strong></span> <span class='ocrx_word' id='word_1_364' title='bbox 2244 1116 2490 1181; x_wconf 88' lang='lat' dir='ltr'><strong>tempore</strong></span> <span class='ocrx_word' id='word_1_365' title='bbox 2518 1123 2613 1179; x_wconf 90' lang='lat' dir='ltr'><strong>per</strong></span> <span class='ocrx_word' id='word_1_366' title='bbox 2639 1108 2954 1164; x_wconf 85' lang='lat' dir='ltr'><strong>universum</strong></span> <span class='ocrx_word' id='word_1_367' title='bbox 2985 1106 3097 1163; x_wconf 80' lang='lat' dir='ltr'><strong>fere</strong></span> <span class='ocrx_word' id='word_1_368' title='bbox 3122 1122 3353 1180; x_wconf 85' lang='lat' dir='ltr'><strong>regnum</strong></span> <span class='ocrx_word' id='word_1_369' title='bbox 3377 1108 3515 1166; x_wconf 85' lang='lat' dir='ltr'><strong>Teu-</strong></span> 
     </span>
    </p>
   </div>
   <div class='ocr_carea' id='block_1_55' title="bbox 1920 1200 3515 1275">
    <p class='ocr_par' dir='ltr' id='par_1_55' title="bbox 1920 1200 3515 1275">
     <span class='ocr_line' id='line_1_55' title="bbox 1920 1200 3515 1275; baseline 0.001 -17"><span class='ocrx_word' id='word_1_370' title='bbox 1920 1203 2170 1259; x_wconf 90' lang='lat' dir='ltr'><strong>tonicum</strong></span> <span class='ocrx_word' id='word_1_371' title='bbox 2198 1218 2364 1275; x_wconf 88' lang='lat' dir='ltr'><strong>grave</strong></span> <span class='ocrx_word' id='word_1_372' title='bbox 2405 1201 2728 1259; x_wconf 89' lang='lat' dir='ltr'><strong>scandalum</strong></span> <span class='ocrx_word' id='word_1_373' title='bbox 2748 1210 2815 1256; x_wconf 87' lang='lat' dir='ltr'><strong>et</strong></span> <span class='ocrx_word' id='word_1_374' title='bbox 2851 1200 3169 1257; x_wconf 90' lang='lat' dir='ltr'><strong>communis</strong></span> <span class='ocrx_word' id='word_1_375' title='bbox 3202 1202 3415 1273; x_wconf 84' lang='lat' dir='ltr'><strong>querela</strong></span> <span class='ocrx_word' id='word_1_376' title='bbox 3446 1203 3515 1260; x_wconf 91' lang='lat' dir='ltr'><strong>de</strong></span> 
     </span>
    </p>
   </div>
   <div class='ocr_carea' id='block_1_56' title="bbox 1920 1294 3515 1367">
    <p class='ocr_par' dir='ltr' id='par_1_56' title="bbox 1920 1294 3515 1367">
     <span class='ocr_line' id='line_1_56' title="bbox 1920 1294 3515 1367; baseline 0 -16"><span class='ocrx_word' id='word_1_377' title='bbox 1920 1296 2319 1353; x_wconf 89' lang='lat' dir='ltr'><strong>incontinentia</strong></span> <span class='ocrx_word' id='word_1_378' title='bbox 2342 1296 2707 1353; x_wconf 88' lang='lat' dir='ltr'><strong>sacerdotum.</strong></span> <span class='ocrx_word' id='word_1_379' title='bbox 2746 1298 2935 1367; x_wconf 87' lang='lat' dir='ltr'><strong>Neque</strong></span> <span class='ocrx_word' id='word_1_380' title='bbox 2960 1294 3105 1350; x_wconf 90' lang='lat' dir='ltr'><strong>enim</strong></span> <span class='ocrx_word' id='word_1_381' title='bbox 3134 1295 3345 1350; x_wconf 91' lang='lat' dir='ltr'><strong>occulta</strong></span> <span class='ocrx_word' id='word_1_382' title='bbox 3375 1295 3515 1351; x_wconf 85' lang='lat' dir='ltr'><strong>late-</strong></span> 
     </span>
    </p>
   </div>
   <div class='ocr_carea' id='block_1_57' title="bbox 1919 1389 3516 1458">
    <p class='ocr_par' dir='ltr' id='par_1_57' title="bbox 1919 1389 3516 1458">
     <span class='ocr_line' id='line_1_57' title="bbox 1919 1389 3516 1458; baseline -0.001 -12"><span class='ocrx_word' id='word_1_383' title='bbox 1919 1390 2041 1458; x_wconf 88' lang='lat' dir='ltr'><strong>bat;</strong></span> <span class='ocrx_word' id='word_1_384' title='bbox 2068 1391 2160 1448; x_wconf 83' lang='lat' dir='ltr'><strong>sed</strong></span> <span class='ocrx_word' id='word_1_385' title='bbox 2192 1393 2348 1458; x_wconf 82' lang='lat' dir='ltr'><strong>frons</strong></span> <span class='ocrx_word' id='word_1_386' title='bbox 2376 1392 2672 1445; x_wconf 74' lang='lat' dir='ltr'><strong>meretricis</strong></span> <span class='ocrx_word' id='word_1_387' title='bbox 2699 1391 2853 1457; x_wconf 80' lang='lat' dir='ltr'><strong>facta</strong></span> <span class='ocrx_word' id='word_1_388' title='bbox 2880 1394 2998 1444; x_wconf 88' lang='lat' dir='ltr'><strong>erat</strong></span> <span class='ocrx_word' id='word_1_389' title='bbox 3029 1390 3125 1457; x_wconf 73' lang='lat' dir='ltr'><strong>eis,</strong></span> <span class='ocrx_word' id='word_1_390' title='bbox 3152 1392 3204 1443; x_wconf 83' lang='lat' dir='ltr'><strong>et</strong></span> <span class='ocrx_word' id='word_1_391' title='bbox 3221 1389 3516 1444; x_wconf 83' lang='lat' dir='ltr'><strong>erubescere</strong></span> 
     </span>
    </p>
   </div>
   <div class='ocr_carea' id='block_1_58' title="bbox 1919 1480 3513 1555">
    <p class='ocr_par' dir='ltr' id='par_1_58' title="bbox 1919 1480 3513 1555">
     <span class='ocr_line' id='line_1_58' title="bbox 1919 1480 3513 1555; baseline 0 -16"><span class='ocrx_word' id='word_1_392' title='bbox 1919 1483 2179 1540; x_wconf 89' lang='lat' dir='ltr'><strong>nolebant</strong></span> <span class='ocrx_word' id='word_1_393' title='bbox 2232 1488 2357 1549; x_wconf 85' lang='lat' dir='ltr'><strong>(Jer.</strong></span> <span class='ocrx_word' id='word_1_394' title='bbox 2409 1483 2523 1555; x_wconf 78' lang='lat' dir='ltr'><strong>tu).</strong></span> <span class='ocrx_word' id='word_1_395' title='bbox 2580 1484 2778 1539; x_wconf 89' lang='lat' dir='ltr'><strong>Delata</strong></span> <span class='ocrx_word' id='word_1_396' title='bbox 2808 1490 2891 1538; x_wconf 91' lang='lat' dir='ltr'><strong>est</strong></span> <span class='ocrx_word' id='word_1_397' title='bbox 2934 1496 3023 1537; x_wconf 89' lang='lat' dir='ltr'><strong>res</strong></span> <span class='ocrx_word' id='word_1_398' title='bbox 3058 1480 3131 1537; x_wconf 91' lang='lat' dir='ltr'><strong>ad</strong></span> <span class='ocrx_word' id='word_1_399' title='bbox 3182 1496 3343 1538; x_wconf 88' lang='lat' dir='ltr'><strong>aures</strong></span> <span class='ocrx_word' id='word_1_400' title='bbox 3392 1483 3513 1539; x_wconf 83' lang='lat' dir='ltr'><strong>Ro-</strong></span> 
     </span>
    </p>
   </div>
   <div class='ocr_carea' id='block_1_59' title="bbox 1924 1574 3516 1651">
    <p class='ocr_par' dir='ltr' id='par_1_59' title="bbox 1924 1574 3516 1651">
     <span class='ocr_line' id='line_1_59' title="bbox 1924 1574 3516 1651; baseline -0.001 -18"><span class='ocrx_word' id='word_1_401' title='bbox 1924 1578 2071 1635; x_wconf 89' lang='lat' dir='ltr'><strong>mani</strong></span> <span class='ocrx_word' id='word_1_402' title='bbox 2110 1577 2411 1651; x_wconf 79' lang='lat' dir='ltr'><strong>pontiﬁcis;</strong></span> <span class='ocrx_word' id='word_1_403' title='bbox 2448 1577 2756 1648; x_wconf 87' lang='lat' dir='ltr'><strong>visumque,</strong></span> <span class='ocrx_word' id='word_1_404' title='bbox 2788 1584 2849 1631; x_wconf 91' lang='lat' dir='ltr'><strong>ut</strong></span> <span class='ocrx_word' id='word_1_405' title='bbox 2874 1574 3240 1632; x_wconf 87' lang='lat' dir='ltr'><strong>decretalibus</strong></span> <span class='ocrx_word' id='word_1_406' title='bbox 3269 1576 3516 1646; x_wconf 89' lang='lat' dir='ltr'><strong>epistolis</strong></span> 
     </span>
    </p>
   </div>
   <div class='ocr_carea' id='block_1_60' title="bbox 1924 1667 3517 1743">
    <p class='ocr_par' dir='ltr' id='par_1_60' title="bbox 1924 1667 3517 1743">
     <span class='ocr_line' id='line_1_60' title="bbox 1924 1667 3517 1743; baseline -0.002 -15"><span class='ocrx_word' id='word_1_407' title='bbox 1924 1678 2135 1728; x_wconf 87' lang='lat' dir='ltr'><strong>tantam</strong></span> <span class='ocrx_word' id='word_1_408' title='bbox 2149 1672 2539 1728; x_wconf 88' lang='lat' dir='ltr'><strong>enormitatem</strong></span> <span class='ocrx_word' id='word_1_409' title='bbox 2554 1679 2809 1743; x_wconf 80' lang='lat' dir='ltr'><strong>argueret</strong></span> <span class='ocrx_word' id='word_1_410' title='bbox 2824 1677 2880 1725; x_wconf 89' lang='lat' dir='ltr'><strong>et</strong></span> <span class='ocrx_word' id='word_1_411' title='bbox 2895 1667 3225 1741; x_wconf 89' lang='lat' dir='ltr'><strong>prohiberet.</strong></span> <span class='ocrx_word' id='word_1_412' title='bbox 3244 1672 3517 1725; x_wconf 82' lang='lat' dir='ltr'><strong>Annuunt</strong></span> 
     </span>
    </p>
   </div>
   <div class='ocr_carea' id='block_1_61' title="bbox 1924 1761 3517 1838">
    <p class='ocr_par' dir='ltr' id='par_1_61' title="bbox 1924 1761 3517 1838">
     <span class='ocr_line' id='line_1_61' title="bbox 1924 1761 3517 1838; baseline -0.001 -17"><span class='ocrx_word' id='word_1_413' title='bbox 1924 1774 1980 1821; x_wconf 92' lang='lat' dir='ltr'><strong>et</strong></span> <span class='ocrx_word' id='word_1_414' title='bbox 2002 1767 2454 1838; x_wconf 88' lang='lat' dir='ltr'><strong>congratulantur</strong></span> <span class='ocrx_word' id='word_1_415' title='bbox 2484 1764 2719 1835; x_wconf 88' lang='lat' dir='ltr'><strong>episcopi</strong></span> <span class='ocrx_word' id='word_1_416' title='bbox 2740 1772 2816 1833; x_wconf 89' lang='lat' dir='ltr'><strong>et,</strong></span> <span class='ocrx_word' id='word_1_417' title='bbox 2847 1780 2946 1834; x_wconf 88' lang='lat' dir='ltr'><strong>pro</strong></span> <span class='ocrx_word' id='word_1_418' title='bbox 2974 1778 3156 1835; x_wconf 89' lang='lat' dir='ltr'><strong>posse,</strong></span> <span class='ocrx_word' id='word_1_419' title='bbox 3188 1761 3517 1820; x_wconf 80' lang='lat' dir='ltr'><strong>salutaribus</strong></span> 
     </span>
    </p>
   </div>
   <div class='ocr_carea' id='block_1_62' title="bbox 1925 1856 3515 1931">
    <p class='ocr_par' dir='ltr' id='par_1_62' title="bbox 1925 1856 3515 1931">
     <span class='ocr_line' id='line_1_62' title="bbox 1925 1856 3515 1931; baseline 0.001 -17"><span class='ocrx_word' id='word_1_420' title='bbox 1925 1859 2201 1916; x_wconf 86' lang='lat' dir='ltr'><strong>mandatis</strong></span> <span class='ocrx_word' id='word_1_421' title='bbox 2231 1867 2618 1931; x_wconf 87' lang='lat' dir='ltr'><strong>cooperantur.</strong></span> <span class='ocrx_word' id='word_1_422' title='bbox 2652 1856 3031 1928; x_wconf 87' lang='lat' dir='ltr'><strong>Quamobrem</strong></span> <span class='ocrx_word' id='word_1_423' title='bbox 3062 1859 3125 1912; x_wconf 90' lang='grc' dir='ltr'><strong>Β.</strong></span> <span class='ocrx_word' id='word_1_424' title='bbox 3162 1857 3515 1926; x_wconf 83' lang='lat' dir='ltr'><strong>Altmanuus,</strong></span> 
     </span>
    </p>
   </div>
   <div class='ocr_carea' id='block_1_63' title="bbox 1924 1948 3517 2015">
    <p class='ocr_par' dir='ltr' id='par_1_63' title="bbox 1924 1948 3517 2015">
     <span class='ocr_line' id='line_1_63' title="bbox 1924 1948 3517 2015; baseline -0.001 -6"><span class='ocrx_word' id='word_1_425' title='bbox 1924 1954 2152 2010; x_wconf 91' lang='lat' dir='ltr'><strong>collecto</strong></span> <span class='ocrx_word' id='word_1_426' title='bbox 2181 1952 2421 2009; x_wconf 86' lang='lat' dir='ltr'><strong>fratrum</strong></span> <span class='ocrx_word' id='word_1_427' title='bbox 2459 1951 2686 2009; x_wconf 92' lang='lat' dir='ltr'><strong>concilio</strong></span> <span class='ocrx_word' id='word_1_428' title='bbox 2711 1952 2767 2007; x_wconf 92' lang='lat' dir='ltr'><strong>in</strong></span> <span class='ocrx_word' id='word_1_429' title='bbox 2792 1951 3099 2007; x_wconf 88' lang='lat' dir='ltr'><strong>Pataviensi</strong></span> <span class='ocrx_word' id='word_1_430' title='bbox 3126 1948 3276 2015; x_wconf 88' lang='lat' dir='ltr'><strong>sede,</strong></span> <span class='ocrx_word' id='word_1_431' title='bbox 3309 1951 3517 2008; x_wconf 87' lang='lat' dir='ltr'><strong>litteras</strong></span> 
     </span>
    </p>
   </div>
   <div class='ocr_carea' id='block_1_64' title="bbox 1925 2044 3518 2121">
    <p class='ocr_par' dir='ltr' id='par_1_64' title="bbox 1925 2044 3518 2121">
     <span class='ocr_line' id='line_1_64' title="bbox 1925 2044 3518 2121; baseline -0.002 -16"><span class='ocrx_word' id='word_1_432' title='bbox 1925 2064 2087 2121; x_wconf 89' lang='lat' dir='ltr'><strong>super</strong></span> <span class='ocrx_word' id='word_1_433' title='bbox 2112 2049 2215 2105; x_wconf 90' lang='lat' dir='ltr'><strong>hac</strong></span> <span class='ocrx_word' id='word_1_434' title='bbox 2243 2064 2303 2104; x_wconf 89' lang='lat' dir='ltr'><strong>re</strong></span> <span class='ocrx_word' id='word_1_435' title='bbox 2320 2047 2390 2104; x_wconf 93' lang='lat' dir='ltr'><strong>ad</strong></span> <span class='ocrx_word' id='word_1_436' title='bbox 2408 2062 2467 2103; x_wconf 90' lang='lat' dir='ltr'><strong>se</strong></span> <span class='ocrx_word' id='word_1_437' title='bbox 2498 2047 2731 2103; x_wconf 89' lang='lat' dir='ltr'><strong>directas</strong></span> <span class='ocrx_word' id='word_1_438' title='bbox 2756 2046 2973 2103; x_wconf 87' lang='lat' dir='ltr'><strong>recitari</strong></span> <span class='ocrx_word' id='word_1_439' title='bbox 2993 2044 3155 2117; x_wconf 89' lang='lat' dir='ltr'><strong>jubet</strong></span> <span class='ocrx_word' id='word_1_440' title='bbox 3174 2084 3188 2112; x_wconf 92' lang='lat'><strong>,</strong></span> <span class='ocrx_word' id='word_1_441' title='bbox 3218 2045 3518 2102; x_wconf 88' lang='lat' dir='ltr'><strong>obsecrans</strong></span> 
     </span>
    </p>
   </div>
   <div class='ocr_carea' id='block_1_65' title="bbox 1926 2138 3513 2213">
    <p class='ocr_par' dir='ltr' id='par_1_65' title="bbox 1926 2138 3513 2213">
     <span class='ocr_line' id='line_1_65' title="bbox 1926 2138 3513 2213; baseline -0.003 -14"><span class='ocrx_word' id='word_1_442' title='bbox 1926 2151 1980 2199; x_wconf 90' lang='lat' dir='ltr'><strong>et</strong></span> <span class='ocrx_word' id='word_1_443' title='bbox 2015 2142 2314 2199; x_wconf 88' lang='lat' dir='ltr'><strong>exhortans</strong></span> <span class='ocrx_word' id='word_1_444' title='bbox 2340 2156 2410 2197; x_wconf 91' lang='lat' dir='ltr'><strong>ne</strong></span> <span class='ocrx_word' id='word_1_445' title='bbox 2445 2141 2627 2213; x_wconf 87' lang='lat' dir='ltr'><strong>gravis</strong></span> <span class='ocrx_word' id='word_1_446' title='bbox 2650 2139 2926 2211; x_wconf 90' lang='lat' dir='ltr'><strong>judicetur</strong></span> <span class='ocrx_word' id='word_1_447' title='bbox 2956 2138 3209 2210; x_wconf 86' lang='lat' dir='ltr'><strong>pudicitia</strong></span> <span class='ocrx_word' id='word_1_448' title='bbox 3238 2152 3359 2210; x_wconf 81' lang='lat' dir='ltr'><strong>quae</strong></span> <span class='ocrx_word' id='word_1_449' title='bbox 3387 2155 3513 2210; x_wconf 52' lang='lat' dir='ltr'><strong>spe‘</strong></span> 
     </span>
    </p>
   </div>
   <div class='ocr_carea' id='block_1_66' title="bbox 1926 2233 3519 2308">
    <p class='ocr_par' dir='ltr' id='par_1_66' title="bbox 1926 2233 3519 2308">
     <span class='ocr_line' id='line_1_66' title="bbox 1926 2233 3519 2308; baseline -0.002 -17"><span class='ocrx_word' id='word_1_450' title='bbox 1926 2236 2047 2292; x_wconf 90' lang='lat' dir='ltr'><strong>ciali</strong></span> <span class='ocrx_word' id='word_1_451' title='bbox 2096 2236 2242 2308; x_wconf 90' lang='lat' dir='ltr'><strong>apud</strong></span> <span class='ocrx_word' id='word_1_452' title='bbox 2284 2239 2467 2291; x_wconf 90' lang='lat' dir='ltr'><strong>Deum</strong></span> <span class='ocrx_word' id='word_1_453' title='bbox 2517 2242 2899 2290; x_wconf 87' lang='lat' dir='ltr'><strong>remuneratur</strong></span> <span class='ocrx_word' id='word_1_454' title='bbox 2949 2247 3172 2289; x_wconf 87' lang='lat' dir='ltr'><strong>corona.</strong></span> <span class='ocrx_word' id='word_1_455' title='bbox 3204 2233 3358 2302; x_wconf 65' lang='lat' dir='ltr'><strong>Quae,</strong></span> <span class='ocrx_word' id='word_1_456' title='bbox 3389 2248 3519 2289; x_wconf 90' lang='lat' dir='ltr'><strong>cum</strong></span> 
     </span>
    </p>
   </div>
   <div class='ocr_carea' id='block_1_67' title="bbox 1927 2329 3520 2402">
    <p class='ocr_par' dir='ltr' id='par_1_67' title="bbox 1927 2329 3520 2402">
     <span class='ocr_line' id='line_1_67' title="bbox 1927 2329 3520 2402; baseline -0.002 -15"><span class='ocrx_word' id='word_1_457' title='bbox 1927 2331 2106 2387; x_wconf 90' lang='lat' dir='ltr'><strong>omnis</strong></span> <span class='ocrx_word' id='word_1_458' title='bbox 2134 2329 2308 2387; x_wconf 89' lang='lat' dir='ltr'><strong>ﬁdelis</strong></span> <span class='ocrx_word' id='word_1_459' title='bbox 2344 2330 2544 2387; x_wconf 62' lang='lat' dir='ltr'><strong>anima</strong></span> <span class='ocrx_word' id='word_1_460' title='bbox 2567 2329 2793 2402; x_wconf 90' lang='lat' dir='ltr'><strong>insignis</strong></span> <span class='ocrx_word' id='word_1_461' title='bbox 2820 2329 2893 2385; x_wconf 91' lang='lat' dir='ltr'><strong>sit</strong></span> <span class='ocrx_word' id='word_1_462' title='bbox 2920 2336 3170 2398; x_wconf 89' lang='lat' dir='ltr'><strong>ornatus,</strong></span> <span class='ocrx_word' id='word_1_463' title='bbox 3212 2343 3306 2386; x_wconf 90' lang='lat' dir='ltr'><strong>eos</strong></span> <span class='ocrx_word' id='word_1_464' title='bbox 3333 2337 3520 2385; x_wconf 88' lang='lat' dir='ltr'><strong>tamen</strong></span> 
     </span>
    </p>
   </div>
   <div class='ocr_carea' id='block_1_68' title="bbox 1928 2422 3520 2498">
    <p class='ocr_par' dir='ltr' id='par_1_68' title="bbox 1928 2422 3520 2498">
     <span class='ocr_line' id='line_1_68' title="bbox 1928 2422 3520 2498; baseline -0.002 -17"><span class='ocrx_word' id='word_1_465' title='bbox 1928 2426 2263 2498; x_wconf 82' lang='lat' dir='ltr'><strong>permaxime</strong></span> <span class='ocrx_word' id='word_1_466' title='bbox 2286 2423 2451 2481; x_wconf 88' lang='lat' dir='ltr'><strong>debet</strong></span> <span class='ocrx_word' id='word_1_467' title='bbox 2479 2422 2746 2481; x_wconf 87' lang='lat' dir='ltr'><strong>adornare</strong></span> <span class='ocrx_word' id='word_1_468' title='bbox 2774 2424 2865 2496; x_wconf 90' lang='lat' dir='ltr'><strong>qui</strong></span> <span class='ocrx_word' id='word_1_469' title='bbox 2892 2428 3144 2479; x_wconf 84' lang='lat' dir='ltr'><strong>sanctam</strong></span> <span class='ocrx_word' id='word_1_470' title='bbox 3172 2430 3230 2479; x_wconf 91' lang='lat' dir='ltr'><strong>et</strong></span> <span class='ocrx_word' id='word_1_471' title='bbox 3255 2424 3520 2479; x_wconf 67' lang='lat' dir='ltr'><strong>immacuo</strong></span> 
     </span>
    </p>
   </div>
   <div class='ocr_carea' id='block_1_69' title="bbox 1927 2517 3518 2591">
    <p class='ocr_par' dir='ltr' id='par_1_69' title="bbox 1927 2517 3518 2591">
     <span class='ocr_line' id='line_1_69' title="bbox 1927 2517 3518 2591; baseline -0.001 -16"><span class='ocrx_word' id='word_1_472' title='bbox 1927 2520 2095 2575; x_wconf 88' lang='lat' dir='ltr'><strong>latam</strong></span> <span class='ocrx_word' id='word_1_473' title='bbox 2123 2519 2363 2575; x_wconf 89' lang='lat' dir='ltr'><strong>hostiam</strong></span> <span class='ocrx_word' id='word_1_474' title='bbox 2392 2519 2643 2591; x_wconf 88' lang='lat' dir='ltr'><strong>corporis</strong></span> <span class='ocrx_word' id='word_1_475' title='bbox 2661 2526 2719 2575; x_wconf 88' lang='lat' dir='ltr'><strong>et</strong></span> <span class='ocrx_word' id='word_1_476' title='bbox 2747 2517 3030 2590; x_wconf 88' lang='lat' dir='ltr'><strong>sanguinis</strong></span> <span class='ocrx_word' id='word_1_477' title='bbox 3052 2517 3251 2573; x_wconf 87' lang='lat' dir='ltr'><strong>Christi</strong></span> <span class='ocrx_word' id='word_1_478' title='bbox 3283 2533 3381 2589; x_wconf 90' lang='lat' dir='ltr'><strong>pro</strong></span> <span class='ocrx_word' id='word_1_479' title='bbox 3402 2518 3518 2573; x_wconf 78' lang='lat' dir='ltr'><strong>uni-</strong></span> 
     </span>
    </p>
   </div>
   <div class='ocr_carea' id='block_1_70' title="bbox 1928 2610 3521 2683">
    <p class='ocr_par' dir='ltr' id='par_1_70' title="bbox 1928 2610 3521 2683">
     <span class='ocr_line' id='line_1_70' title="bbox 1928 2610 3521 2683; baseline -0.001 -15"><span class='ocrx_word' id='word_1_480' title='bbox 1928 2614 2101 2671; x_wconf 84' lang='lat' dir='ltr'><strong>versis</strong></span> <span class='ocrx_word' id='word_1_481' title='bbox 2127 2613 2287 2669; x_wconf 89' lang='lat' dir='ltr'><strong>nobis</strong></span> <span class='ocrx_word' id='word_1_482' title='bbox 2324 2612 2527 2668; x_wconf 72' lang='lat' dir='ltr'><strong>divina:</strong></span> <span class='ocrx_word' id='word_1_483' title='bbox 2554 2610 2759 2667; x_wconf 84' lang='lat' dir='ltr'><strong>offerre</strong></span> <span class='ocrx_word' id='word_1_484' title='bbox 2797 2611 3000 2667; x_wconf 91' lang='lat' dir='ltr'><strong>debent</strong></span> <span class='ocrx_word' id='word_1_485' title='bbox 3044 2611 3338 2682; x_wconf 82' lang='lat' dir='ltr'><strong>majestati.</strong></span> <span class='ocrx_word' id='word_1_486' title='bbox 3380 2611 3521 2683; x_wconf 87' lang='lat' dir='ltr'><strong>Quid</strong></span> 
     </span>
    </p>
   </div>
   <div class='ocr_carea' id='block_1_71' title="bbox 1929 2703 3524 2780">
    <p class='ocr_par' dir='ltr' id='par_1_71' title="bbox 1929 2703 3524 2780">
     <span class='ocr_line' id='line_1_71' title="bbox 1929 2703 3524 2780; baseline -0.001 -18"><span class='ocrx_word' id='word_1_487' title='bbox 1929 2708 2083 2780; x_wconf 85' lang='lat' dir='ltr'><strong>plura</strong></span> <span class='ocrx_word' id='word_1_488' title='bbox 2102 2710 2124 2761; x_wconf 81' lang='grc' dir='ltr'><strong>Ξ³</strong></span> <span class='ocrx_word' id='word_1_489' title='bbox 2148 2706 2401 2762; x_wconf 87' lang='lat' dir='ltr'><strong>Pluribus</strong></span> <span class='ocrx_word' id='word_1_490' title='bbox 2423 2704 2605 2762; x_wconf 88' lang='lat' dir='ltr'><strong>verbis</strong></span> <span class='ocrx_word' id='word_1_491' title='bbox 2624 2705 2801 2761; x_wconf 89' lang='lat' dir='ltr'><strong>bonus</strong></span> <span class='ocrx_word' id='word_1_492' title='bbox 2821 2706 2985 2760; x_wconf 87' lang='lat' dir='ltr'><strong>Pater</strong></span> <span class='ocrx_word' id='word_1_493' title='bbox 3002 2713 3057 2759; x_wconf 90' lang='lat' dir='ltr'><strong>et</strong></span> <span class='ocrx_word' id='word_1_494' title='bbox 3076 2703 3313 2775; x_wconf 90' lang='lat' dir='ltr'><strong>prudens</strong></span> <span class='ocrx_word' id='word_1_495' title='bbox 3330 2704 3524 2761; x_wconf 85' lang='lat' dir='ltr'><strong>doctor</strong></span> 
     </span>
    </p>
   </div>
   <div class='ocr_carea' id='block_1_72' title="bbox 1930 2794 3524 2869">
    <p class='ocr_par' dir='ltr' id='par_1_72' title="bbox 1930 2794 3524 2869">
     <span class='ocr_line' id='line_1_72' title="bbox 1930 2794 3524 2869; baseline -0.003 -12"><span class='ocrx_word' id='word_1_496' title='bbox 1930 2810 2095 2857; x_wconf 74' lang='lat' dir='ltr'><strong>tanta:</strong></span> <span class='ocrx_word' id='word_1_497' title='bbox 2133 2800 2352 2856; x_wconf 90' lang='lat' dir='ltr'><strong>virtutis</strong></span> <span class='ocrx_word' id='word_1_498' title='bbox 2380 2807 2435 2855; x_wconf 92' lang='lat' dir='ltr'><strong>et</strong></span> <span class='ocrx_word' id='word_1_499' title='bbox 2471 2806 2585 2855; x_wconf 92' lang='lat' dir='ltr'><strong>tam</strong></span> <span class='ocrx_word' id='word_1_500' title='bbox 2623 2797 3027 2869; x_wconf 57' lang='lat' dir='ltr'><strong>amplectenda!</strong></span> <span class='ocrx_word' id='word_1_501' title='bbox 3055 2794 3306 2868; x_wconf 85' lang='lat' dir='ltr'><strong>puritatis</strong></span> <span class='ocrx_word' id='word_1_502' title='bbox 3332 2797 3524 2854; x_wconf 89' lang='lat' dir='ltr'><strong>suadet</strong></span> 
     </span>
    </p>
   </div>
   <div class='ocr_carea' id='block_1_73' title="bbox 1930 2888 3522 2964">
    <p class='ocr_par' dir='ltr' id='par_1_73' title="bbox 1930 2888 3522 2964">
     <span class='ocr_line' id='line_1_73' title="bbox 1930 2888 3522 2964; baseline -0.003 -14"><span class='ocrx_word' id='word_1_503' title='bbox 1930 2909 2181 2951; x_wconf 89' lang='lat' dir='ltr'><strong>amorem</strong></span> <span class='ocrx_word' id='word_1_504' title='bbox 2202 2935 2216 2961; x_wconf 93' lang='lat'><strong>,</strong></span> <span class='ocrx_word' id='word_1_505' title='bbox 2247 2893 2341 2949; x_wconf 91' lang='lat' dir='ltr'><strong>sed</strong></span> <span class='ocrx_word' id='word_1_506' title='bbox 2386 2908 2501 2948; x_wconf 90' lang='lat' dir='ltr'><strong>non</strong></span> <span class='ocrx_word' id='word_1_507' title='bbox 2546 2891 2855 2964; x_wconf 89' lang='lat' dir='ltr'><strong>persuadet.</strong></span> <span class='ocrx_word' id='word_1_508' title='bbox 2903 2892 3154 2946; x_wconf 91' lang='lat' dir='ltr'><strong>Tuentur</strong></span> <span class='ocrx_word' id='word_1_509' title='bbox 3178 2905 3238 2946; x_wconf 90' lang='lat' dir='ltr'><strong>se</strong></span> <span class='ocrx_word' id='word_1_510' title='bbox 3277 2890 3354 2947; x_wconf 86' lang='lat' dir='ltr'><strong>illi</strong></span> <span class='ocrx_word' id='word_1_511' title='bbox 3382 2888 3522 2946; x_wconf 80' lang='lat' dir='ltr'><strong>anti-</strong></span> 
     </span>
    </p>
   </div>
   <div class='ocr_carea' id='block_1_74' title="bbox 1929 2985 3523 3061">
    <p class='ocr_par' dir='ltr' id='par_1_74' title="bbox 1929 2985 3523 3061">
     <span class='ocr_line' id='line_1_74' title="bbox 1929 2985 3523 3061; baseline -0.002 -18"><span class='ocrx_word' id='word_1_512' title='bbox 1929 2990 2137 3061; x_wconf 88' lang='lat' dir='ltr'><strong>quitate</strong></span> <span class='ocrx_word' id='word_1_513' title='bbox 2164 2996 2477 3058; x_wconf 87' lang='lat' dir='ltr'><strong>temporum</strong></span> <span class='ocrx_word' id='word_1_514' title='bbox 2516 2994 2571 3042; x_wconf 90' lang='lat' dir='ltr'><strong>et</strong></span> <span class='ocrx_word' id='word_1_515' title='bbox 2606 2985 2933 3043; x_wconf 88' lang='lat' dir='ltr'><strong>auctoritate</strong></span> <span class='ocrx_word' id='word_1_516' title='bbox 2960 2991 3369 3040; x_wconf 88' lang='lat' dir='ltr'><strong>antecessorum</strong></span> <span class='ocrx_word' id='word_1_517' title='bbox 3390 2999 3523 3040; x_wconf 83' lang='lat' dir='ltr'><strong>suo-</strong></span> 
     </span>
    </p>
   </div>
   <div class='ocr_carea' id='block_1_75' title="bbox 1931 3076 3525 3154">
    <p class='ocr_par' dir='ltr' id='par_1_75' title="bbox 1931 3076 3525 3154">
     <span class='ocr_line' id='line_1_75' title="bbox 1931 3076 3525 3154; baseline -0.004 -15"><span class='ocrx_word' id='word_1_518' title='bbox 1931 3098 2080 3149; x_wconf 90' lang='lat' dir='ltr'><strong>rum,</strong></span> <span class='ocrx_word' id='word_1_519' title='bbox 2106 3096 2345 3154; x_wconf 83' lang='lat' dir='ltr'><strong>quorum</strong></span> <span class='ocrx_word' id='word_1_520' title='bbox 2371 3080 2653 3136; x_wconf 91' lang='lat' dir='ltr'><strong>neminem</strong></span> <span class='ocrx_word' id='word_1_521' title='bbox 2692 3076 3083 3151; x_wconf 42' lang='lat' dir='ltr'><strong>in‘hujusmodi</strong></span> <span class='ocrx_word' id='word_1_522' title='bbox 3104 3092 3353 3134; x_wconf 89' lang='lat' dir='ltr'><strong>severum</strong></span> <span class='ocrx_word' id='word_1_523' title='bbox 3372 3078 3525 3134; x_wconf 80' lang='lat' dir='ltr'><strong>tule-</strong></span> 
     </span>
    </p>
   </div>
   <div class='ocr_carea' id='block_1_76' title="bbox 1851 3170 3525 3263">
    <p class='ocr_par' dir='ltr' id='par_1_76' title="bbox 1851 3170 3525 3263">
     <span class='ocr_line' id='line_1_76' title="bbox 1851 3170 3525 3263; baseline -0.003 -31"><span class='ocrx_word' id='word_1_524' title='bbox 1851 3199 1897 3263; x_wconf 68' lang='grc' dir='ltr'><strong>ρ</strong></span> <span class='ocrx_word' id='word_1_525' title='bbox 1929 3185 2059 3233; x_wconf 89' lang='lat' dir='ltr'><strong>runt</strong></span> <span class='ocrx_word' id='word_1_526' title='bbox 2113 3183 2169 3231; x_wconf 89' lang='lat' dir='ltr'><strong>et</strong></span> <span class='ocrx_word' id='word_1_527' title='bbox 2217 3174 2559 3231; x_wconf 88' lang='lat' dir='ltr'><strong>violentum.-</strong></span> <span class='ocrx_word' id='word_1_528' title='bbox 2593 3172 2911 3245; x_wconf 80' lang='lat' dir='ltr'><strong>Respondet</strong></span> <span class='ocrx_word' id='word_1_529' title='bbox 2966 3185 3159 3229; x_wconf 87' lang='lat' dir='ltr'><strong>servus</strong></span> <span class='ocrx_word' id='word_1_530' title='bbox 3217 3170 3417 3228; x_wconf 86' lang='lat' dir='ltr'><strong>Christi</strong></span> <span class='ocrx_word' id='word_1_531' title='bbox 3466 3170 3525 3227; x_wconf 83' lang='lat' dir='ltr'><strong>se</strong></span> 
     </span>
    </p>
   </div>
   <div class='ocr_carea' id='block_1_77' title="bbox 1931 3265 3525 3342">
    <p class='ocr_par' dir='ltr' id='par_1_77' title="bbox 1931 3265 3525 3342">
     <span class='ocr_line' id='line_1_77' title="bbox 1931 3265 3525 3342; baseline -0.004 -16"><span class='ocrx_word' id='word_1_532' title='bbox 1931 3286 2150 3342; x_wconf 89' lang='lat' dir='ltr'><strong>quoque</strong></span> <span class='ocrx_word' id='word_1_533' title='bbox 2171 3269 2239 3325; x_wconf 89' lang='lat' dir='ltr'><strong>ab</strong></span> <span class='ocrx_word' id='word_1_534' title='bbox 2270 3268 2357 3324; x_wconf 89' lang='lat' dir='ltr'><strong>his</strong></span> <span class='ocrx_word' id='word_1_535' title='bbox 2386 3268 2520 3324; x_wconf 89' lang='lat' dir='ltr'><strong>velle</strong></span> <span class='ocrx_word' id='word_1_536' title='bbox 2549 3268 2847 3340; x_wconf 91' lang='lat' dir='ltr'><strong>quiescere,</strong></span> <span class='ocrx_word' id='word_1_537' title='bbox 2889 3266 2935 3322; x_wconf 91' lang='lat' dir='ltr'><strong>si</strong></span> <span class='ocrx_word' id='word_1_538' title='bbox 2958 3265 3282 3321; x_wconf 90' lang='lat' dir='ltr'><strong>mandatum</strong></span> <span class='ocrx_word' id='word_1_539' title='bbox 3311 3265 3525 3322; x_wconf 90' lang='lat' dir='ltr'><strong>domini</strong></span> 
     </span>
    </p>
   </div>
   <div class='ocr_carea' id='block_1_78' title="bbox 1934 3359 3527 3435">
    <p class='ocr_par' dir='ltr' id='par_1_78' title="bbox 1934 3359 3527 3435">
     <span class='ocr_line' id='line_1_78' title="bbox 1934 3359 3527 3435; baseline -0.001 -17"><span class='ocrx_word' id='word_1_540' title='bbox 1934 3379 2087 3435; x_wconf 65' lang='lat' dir='ltr'><strong>papae</strong></span> <span class='ocrx_word' id='word_1_541' title='bbox 2109 3362 2415 3434; x_wconf 84' lang='lat' dir='ltr'><strong>indulgeat;</strong></span> <span class='ocrx_word' id='word_1_542' title='bbox 2448 3376 2593 3417; x_wconf 92' lang='lat' dir='ltr'><strong>nunc</strong></span> <span class='ocrx_word' id='word_1_543' title='bbox 2629 3367 2811 3419; x_wconf 84' lang='lat' dir='ltr'><strong>autem</strong></span> <span class='ocrx_word' id='word_1_544' title='bbox 2843 3360 3044 3417; x_wconf 87' lang='lat' dir='ltr'><strong>timere</strong></span> <span class='ocrx_word' id='word_1_545' title='bbox 3087 3374 3147 3415; x_wconf 83' lang='lat' dir='ltr'><strong>se</strong></span> <span class='ocrx_word' id='word_1_546' title='bbox 3175 3359 3300 3427; x_wconf 89' lang='lat' dir='ltr'><strong>sibi,</strong></span> <span class='ocrx_word' id='word_1_547' title='bbox 3332 3359 3527 3416; x_wconf 90' lang='lat' dir='ltr'><strong>timere</strong></span> 
     </span>
    </p>
   </div>
   <div class='ocr_carea' id='block_1_79' title="bbox 1930 3453 3523 3529">
    <p class='ocr_par' dir='ltr' id='par_1_79' title="bbox 1930 3453 3523 3529">
     <span class='ocr_line' id='line_1_79' title="bbox 1930 3453 3523 3529; baseline -0.002 -17"><span class='ocrx_word' id='word_1_548' title='bbox 1930 3457 2038 3514; x_wconf 91' lang='lat' dir='ltr'><strong>illis</strong></span> <span class='ocrx_word' id='word_1_549' title='bbox 2067 3471 2167 3528; x_wconf 89' lang='lat' dir='ltr'><strong>pro</strong></span> <span class='ocrx_word' id='word_1_550' title='bbox 2189 3471 2254 3512; x_wconf 90' lang='lat' dir='ltr'><strong>eo</strong></span> <span class='ocrx_word' id='word_1_551' title='bbox 2280 3453 2429 3529; x_wconf 90' lang='lat' dir='ltr'><strong>quod</strong></span> <span class='ocrx_word' id='word_1_552' title='bbox 2449 3455 2716 3527; x_wconf 79' lang='lat' dir='ltr'><strong>soriptum</strong></span> <span class='ocrx_word' id='word_1_553' title='bbox 2730 3454 2805 3510; x_wconf 91' lang='lat' dir='ltr'><strong>sit</strong></span> <span class='ocrx_word' id='word_1_554' title='bbox 2830 3470 2935 3509; x_wconf 88' lang='lat' dir='ltr'><strong>non</strong></span> <span class='ocrx_word' id='word_1_555' title='bbox 2957 3453 3127 3510; x_wconf 77' lang='lat' dir='ltr'><strong>solum</strong></span> <span class='ocrx_word' id='word_1_556' title='bbox 3154 3468 3255 3518; x_wconf 81' lang='lat' dir='ltr'><strong>eos,</strong></span> <span class='ocrx_word' id='word_1_557' title='bbox 3291 3456 3397 3524; x_wconf 10' lang='lat' dir='ltr'><strong>quin</strong></span> <span class='ocrx_word' id='word_1_558' title='bbox 3429 3457 3523 3521; x_wconf 80' lang='lat' dir='ltr'><strong>fa-</strong></span> 
     </span>
    </p>
   </div>
   <div class='ocr_carea' id='block_1_80' title="bbox 1932 3548 3523 3620">
    <p class='ocr_par' dir='ltr' id='par_1_80' title="bbox 1932 3548 3523 3620">
     <span class='ocr_line' id='line_1_80' title="bbox 1932 3548 3523 3620; baseline -0.002 -14"><span class='ocrx_word' id='word_1_559' title='bbox 1932 3553 2103 3618; x_wconf 77' lang='lat' dir='ltr'><strong>ciunt,</strong></span> <span class='ocrx_word' id='word_1_560' title='bbox 2141 3551 2234 3606; x_wconf 82' lang='lat' dir='ltr'><strong>sed</strong></span> <span class='ocrx_word' id='word_1_561' title='bbox 2262 3554 2315 3605; x_wconf 85' lang='lat' dir='ltr'><strong>et</strong></span> <span class='ocrx_word' id='word_1_562' title='bbox 2341 3551 2440 3620; x_wconf 77' lang='lat' dir='ltr'><strong>qui</strong></span> <span class='ocrx_word' id='word_1_563' title='bbox 2463 3550 2797 3604; x_wconf 75' lang='lat' dir='ltr'><strong>consentiunt</strong></span> <span class='ocrx_word' id='word_1_564' title='bbox 2825 3549 3169 3615; x_wconf 70' lang='lat' dir='ltr'><strong>facientibus,</strong></span> <span class='ocrx_word' id='word_1_565' title='bbox 3199 3548 3387 3616; x_wconf 71' lang='lat' dir='ltr'><strong>dignos</strong></span> <span class='ocrx_word' id='word_1_566' title='bbox 3415 3564 3523 3604; x_wconf 83' lang='lat' dir='ltr'><strong>esse</strong></span> 
     </span>
    </p>
   </div>
   <div class='ocr_carea' id='block_1_81' title="bbox 1934 3640 3521 3715">
    <p class='ocr_par' dir='ltr' id='par_1_81' title="bbox 1934 3640 3521 3715">
     <span class='ocr_line' id='line_1_81' title="bbox 1934 3640 3521 3715; baseline -0.001 -16"><span class='ocrx_word' id='word_1_567' title='bbox 1934 3650 2101 3700; x_wconf 85' lang='lat' dir='ltr'><strong>morte</strong></span> <span class='ocrx_word' id='word_1_568' title='bbox 2150 3644 2325 3715; x_wconf 84' lang='lat' dir='ltr'><strong>(Rom.</strong></span> <span class='ocrx_word' id='word_1_569' title='bbox 2376 3644 2441 3714; x_wconf 80' lang='grc' dir='ltr'><strong>ι).</strong></span> <span class='ocrx_word' id='word_1_570' title='bbox 2481 3640 2625 3698; x_wconf 84' lang='lat' dir='ltr'><strong>Nihil</strong></span> <span class='ocrx_word' id='word_1_571' title='bbox 2664 3658 2795 3714; x_wconf 90' lang='lat' dir='ltr'><strong>ergo</strong></span> <span class='ocrx_word' id='word_1_572' title='bbox 2835 3641 3144 3713; x_wconf 88' lang='lat' dir='ltr'><strong>proﬁciens,</strong></span> <span class='ocrx_word' id='word_1_573' title='bbox 3188 3642 3351 3697; x_wconf 88' lang='lat' dir='ltr'><strong>solvit</strong></span> <span class='ocrx_word' id='word_1_574' title='bbox 3389 3657 3521 3697; x_wconf 55' lang='lat' dir='ltr'><strong>con.</strong></span> 
     </span>
    </p>
   </div>
   <div class='ocr_carea' id='block_1_82' title="bbox 1933 3754 2169 3795">
    <p class='ocr_par' dir='ltr' id='par_1_82' title="bbox 1933 3754 2169 3795">
     <span class='ocr_line' id='line_1_82' title="bbox 1933 3754 2169 3795; baseline -0.008 0"><span class='ocrx_word' id='word_1_575' title='bbox 1933 3754 2146 3795; x_wconf 89' lang='lat' dir='ltr'><strong>sessum</strong></span> <span class='ocrx_word' id='word_1_576' title='bbox 2157 3780 2169 3793; x_wconf 87' lang='lat'><strong>.</strong></span> 
     </span>
    </p>
   </div>
   <div class='ocr_carea' id='block_1_83' title="bbox 2006 3827 3527 3904">
    <p class='ocr_par' dir='ltr' id='par_1_83' title="bbox 2006 3827 3527 3904">
     <span class='ocr_line' id='line_1_83' title="bbox 2006 3827 3527 3904; baseline -0.001 -16"><span class='ocrx_word' id='word_1_577' title='bbox 2006 3830 2433 3904; x_wconf 87' lang='lat' dir='ltr'><strong>Sapientioribus</strong></span> <span class='ocrx_word' id='word_1_578' title='bbox 2473 3836 2660 3886; x_wconf 90' lang='lat' dir='ltr'><strong>autem</strong></span> <span class='ocrx_word' id='word_1_579' title='bbox 2688 3828 3108 3886; x_wconf 84' lang='lat' dir='ltr'><strong>communicans</strong></span> <span class='ocrx_word' id='word_1_580' title='bbox 3150 3827 3442 3885; x_wconf 86' lang='lat' dir='ltr'><strong>consilium</strong></span> <span class='ocrx_word' id='word_1_581' title='bbox 3470 3838 3527 3886; x_wconf 91' lang='lat' dir='ltr'><strong>et</strong></span> 
     </span>
    </p>
   </div>
   <div class='ocr_carea' id='block_1_84' title="bbox 1934 3920 3531 3992">
    <p class='ocr_par' dir='ltr' id='par_1_84' title="bbox 1934 3920 3531 3992">
     <span class='ocr_line' id='line_1_84' title="bbox 1934 3920 3531 3992; baseline -0.002 -11"><span class='ocrx_word' id='word_1_582' title='bbox 1934 3933 2209 3982; x_wconf 89' lang='lat' dir='ltr'><strong>secretum</strong></span> <span class='ocrx_word' id='word_1_583' title='bbox 2240 3924 2660 3992; x_wconf 89' lang='lat' dir='ltr'><strong>commendans,</strong></span> <span class='ocrx_word' id='word_1_584' title='bbox 2685 3921 3005 3979; x_wconf 85' lang='lat' dir='ltr'><strong>adveniente</strong></span> <span class='ocrx_word' id='word_1_585' title='bbox 3032 3920 3177 3978; x_wconf 77' lang='lat' dir='ltr'><strong>festo</strong></span> <span class='ocrx_word' id='word_1_586' title='bbox 3204 3922 3374 3979; x_wconf 87' lang='lat' dir='ltr'><strong>sancti</strong></span> <span class='ocrx_word' id='word_1_587' title='bbox 3414 3924 3531 3979; x_wconf 87' lang='lat' dir='ltr'><strong>Ste-</strong></span> 
     </span>
    </p>
   </div>
   <div class='ocr_carea' id='block_1_85' title="bbox 1936 4015 3532 4092">
    <p class='ocr_par' dir='ltr' id='par_1_85' title="bbox 1936 4015 3532 4092">
     <span class='ocr_line' id='line_1_85' title="bbox 1936 4015 3532 4092; baseline -0.003 -16"><span class='ocrx_word' id='word_1_588' title='bbox 1936 4020 2100 4092; x_wconf 91' lang='lat' dir='ltr'><strong>phani</strong></span> <span class='ocrx_word' id='word_1_589' title='bbox 2132 4018 2549 4091; x_wconf 85' lang='lat' dir='ltr'><strong>protomartyris</strong></span> <span class='ocrx_word' id='word_1_590' title='bbox 2596 4031 2763 4090; x_wconf 89' lang='lat' dir='ltr'><strong>quem</strong></span> <span class='ocrx_word' id='word_1_591' title='bbox 2799 4015 2889 4072; x_wconf 88' lang='lat' dir='ltr'><strong>illa</strong></span> <span class='ocrx_word' id='word_1_592' title='bbox 2944 4015 3185 4073; x_wconf 83' lang='lat' dir='ltr'><strong>Ecclesia</strong></span> <span class='ocrx_word' id='word_1_593' title='bbox 3233 4024 3532 4088; x_wconf 87' lang='lat' dir='ltr'><strong>patronum</strong></span> 
     </span>
    </p>
   </div>
   <div class='ocr_carea' id='block_1_86' title="bbox 1936 4107 3530 4185">
    <p class='ocr_par' dir='ltr' id='par_1_86' title="bbox 1936 4107 3530 4185">
     <span class='ocr_line' id='line_1_86' title="bbox 1936 4107 3530 4185; baseline 0 -16"><span class='ocrx_word' id='word_1_594' title='bbox 1936 4123 2246 4181; x_wconf 86' lang='lat' dir='ltr'><strong>veneratur,</strong></span> <span class='ocrx_word' id='word_1_595' title='bbox 2274 4129 2402 4170; x_wconf 91' lang='lat' dir='ltr'><strong>cum</strong></span> <span class='ocrx_word' id='word_1_596' title='bbox 2432 4112 2651 4185; x_wconf 91' lang='lat' dir='ltr'><strong>plurimi</strong></span> <span class='ocrx_word' id='word_1_597' title='bbox 2678 4110 2752 4168; x_wconf 88' lang='lat' dir='ltr'><strong>de</strong></span> <span class='ocrx_word' id='word_1_598' title='bbox 2781 4109 3129 4183; x_wconf 84' lang='lat' dir='ltr'><strong>maguatibus</strong></span> <span class='ocrx_word' id='word_1_599' title='bbox 3157 4107 3230 4165; x_wconf 89' lang='lat' dir='ltr'><strong>ad</strong></span> <span class='ocrx_word' id='word_1_600' title='bbox 3253 4109 3407 4166; x_wconf 89' lang='lat' dir='ltr'><strong>diem</strong></span> <span class='ocrx_word' id='word_1_601' title='bbox 3436 4125 3530 4169; x_wconf 81' lang='lat' dir='ltr'><strong>so-</strong></span> 
     </span>
    </p>
   </div>
   <div class='ocr_carea' id='block_1_87' title="bbox 1936 4202 3531 4277">
    <p class='ocr_par' dir='ltr' id='par_1_87' title="bbox 1936 4202 3531 4277">
     <span class='ocr_line' id='line_1_87' title="bbox 1936 4202 3531 4277; baseline -0.003 -14"><span class='ocrx_word' id='word_1_602' title='bbox 1936 4210 2175 4264; x_wconf 89' lang='lat' dir='ltr'><strong>lemnem</strong></span> <span class='ocrx_word' id='word_1_603' title='bbox 2220 4207 2637 4274; x_wconf 87' lang='lat' dir='ltr'><strong>convenissent,</strong></span> <span class='ocrx_word' id='word_1_604' title='bbox 2686 4205 2808 4277; x_wconf 89' lang='lat' dir='ltr'><strong>quia</strong></span> <span class='ocrx_word' id='word_1_605' title='bbox 2853 4205 3041 4274; x_wconf 83' lang='lat' dir='ltr'><strong>justus</strong></span> <span class='ocrx_word' id='word_1_606' title='bbox 3090 4208 3155 4258; x_wconf 87' lang='lat' dir='ltr'><strong>ut</strong></span> <span class='ocrx_word' id='word_1_607' title='bbox 3193 4202 3271 4259; x_wconf 72' lang='lat' dir='ltr'><strong>leo</strong></span> <span class='ocrx_word' id='word_1_608' title='bbox 3313 4204 3531 4274; x_wconf 68' lang='lat' dir='ltr'><strong>conﬁdit</strong></span> 
     </span>
    </p>
   </div>
   <div class='ocr_carea' id='block_1_88' title="bbox 1940 4296 3530 4372">
    <p class='ocr_par' dir='ltr' id='par_1_88' title="bbox 1940 4296 3530 4372">
     <span class='ocr_line' id='line_1_88' title="bbox 1940 4296 3530 4372; baseline -0.002 -15"><span class='ocrx_word' id='word_1_609' title='bbox 1940 4303 2109 4372; x_wconf 74' lang='lat' dir='ltr'><strong>(Prov.</strong></span> <span class='ocrx_word' id='word_1_610' title='bbox 2137 4306 2360 4365; x_wconf 75' lang='lat' dir='ltr'><strong>xxvm)</strong></span> <span class='ocrx_word' id='word_1_611' title='bbox 2378 4341 2391 4364; x_wconf 93' lang='lat'><strong>,</strong></span> <span class='ocrx_word' id='word_1_612' title='bbox 2412 4314 2601 4355; x_wconf 90' lang='lat' dir='ltr'><strong>coram</strong></span> <span class='ocrx_word' id='word_1_613' title='bbox 2624 4297 2775 4354; x_wconf 90' lang='lat' dir='ltr'><strong>omni</strong></span> <span class='ocrx_word' id='word_1_614' title='bbox 2796 4296 3253 4369; x_wconf 85' lang='lat' dir='ltr'><strong>frequentiacleri</strong></span> <span class='ocrx_word' id='word_1_615' title='bbox 3268 4305 3328 4354; x_wconf 92' lang='lat' dir='ltr'><strong>et</strong></span> <span class='ocrx_word' id='word_1_616' title='bbox 3345 4297 3530 4370; x_wconf 84' lang='lat' dir='ltr'><strong>populi</strong></span> 
     </span>
    </p>
   </div>
   <div class='ocr_carea' id='block_1_89' title="bbox 1938 4389 3532 4462">
    <p class='ocr_par' dir='ltr' id='par_1_89' title="bbox 1938 4389 3532 4462">
     <span class='ocr_line' id='line_1_89' title="bbox 1938 4389 3532 4462; baseline -0.004 -11"><span class='ocrx_word' id='word_1_617' title='bbox 1938 4394 2231 4451; x_wconf 88' lang='lat' dir='ltr'><strong>ambouem</strong></span> <span class='ocrx_word' id='word_1_618' title='bbox 2274 4391 2613 4461; x_wconf 89' lang='lat' dir='ltr'><strong>conscendit,</strong></span> <span class='ocrx_word' id='word_1_619' title='bbox 2644 4399 2699 4446; x_wconf 89' lang='lat' dir='ltr'><strong>et</strong></span> <span class='ocrx_word' id='word_1_620' title='bbox 2746 4389 2897 4462; x_wconf 89' lang='lat' dir='ltr'><strong>quod</strong></span> <span class='ocrx_word' id='word_1_621' title='bbox 2935 4390 3248 4462; x_wconf 67' lang='lat' dir='ltr'><strong>apostolica</strong></span> <span class='ocrx_word' id='word_1_622' title='bbox 3286 4390 3532 4448; x_wconf 86' lang='lat' dir='ltr'><strong>iudicant</strong></span> 
     </span>
    </p>
   </div>
   <div class='ocr_carea' id='block_1_90' title="bbox 1942 4482 3528 4559">
    <p class='ocr_par' dir='ltr' id='par_1_90' title="bbox 1942 4482 3528 4559">
     <span class='ocr_line' id='line_1_90' title="bbox 1942 4482 3528 4559; baseline -0.004 -14"><span class='ocrx_word' id='word_1_623' title='bbox 1942 4490 2138 4545; x_wconf 68' lang='lat' dir='ltr'><strong>litterae</strong></span> <span class='ocrx_word' id='word_1_624' title='bbox 2160 4486 2565 4559; x_wconf 85' lang='lat' dir='ltr'><strong>imperterritus</strong></span> <span class='ocrx_word' id='word_1_625' title='bbox 2597 4491 2834 4541; x_wconf 87' lang='lat' dir='ltr'><strong>enarrat.</strong></span> <span class='ocrx_word' id='word_1_626' title='bbox 2877 4483 3085 4539; x_wconf 87' lang='lat' dir='ltr'><strong>Deinde</strong></span> <span class='ocrx_word' id='word_1_627' title='bbox 3112 4482 3262 4540; x_wconf 87' lang='lat' dir='ltr'><strong>addit</strong></span> <span class='ocrx_word' id='word_1_628' title='bbox 3279 4483 3528 4540; x_wconf 81' lang='lat' dir='ltr'><strong>intermi-</strong></span> 
     </span>
    </p>
   </div>
   <div class='ocr_carea' id='block_1_91' title="bbox 227 4572 3530 4662">
    <p class='ocr_par' dir='ltr' id='par_1_91' title="bbox 227 4572 3530 4662">
     <span class='ocr_line' id='line_1_91' title="bbox 227 4572 3530 4662; baseline -0.001 -24"><span class='ocrx_word' id='word_1_629' title='bbox 227 4583 406 4638; x_wconf 88' lang='lat' dir='ltr'><strong>briter</strong></span> <span class='ocrx_word' id='word_1_630' title='bbox 429 4582 758 4651; x_wconf 88' lang='lat' dir='ltr'><strong>dedicasset,</strong></span> <span class='ocrx_word' id='word_1_631' title='bbox 786 4584 1022 4657; x_wconf 90' lang='lat' dir='ltr'><strong>providit</strong></span> <span class='ocrx_word' id='word_1_632' title='bbox 1043 4586 1194 4659; x_wconf 89' lang='lat' dir='ltr'><strong>larga</strong></span> <span class='ocrx_word' id='word_1_633' title='bbox 1220 4586 1596 4645; x_wconf 83' lang='lat' dir='ltr'><strong>benevolentia</strong></span> <span class='ocrx_word' id='word_1_634' title='bbox 1623 4604 1832 4662; x_wconf 85' lang='lat' dir='ltr'><strong>posses-</strong></span> <span class='ocrx_word' id='word_1_635' title='bbox 1858 4578 1909 4641; x_wconf 89' lang='lat' dir='ltr'><strong>D</strong></span> <span class='ocrx_word' id='word_1_636' title='bbox 1935 4583 2212 4640; x_wconf 87' lang='lat' dir='ltr'><strong>nationem</strong></span> <span class='ocrx_word' id='word_1_637' title='bbox 2232 4579 2596 4649; x_wconf 87' lang='lat' dir='ltr'><strong>auctoritatis,</strong></span> <span class='ocrx_word' id='word_1_638' title='bbox 2626 4586 2707 4647; x_wconf 92' lang='lat' dir='ltr'><strong>ut,</strong></span> <span class='ocrx_word' id='word_1_639' title='bbox 2731 4576 2825 4650; x_wconf 89' lang='lat' dir='ltr'><strong>qui</strong></span> <span class='ocrx_word' id='word_1_640' title='bbox 2852 4575 3316 4633; x_wconf 87' lang='lat' dir='ltr'><strong>obsecrationibus</strong></span> <span class='ocrx_word' id='word_1_641' title='bbox 3344 4572 3530 4635; x_wconf 81' lang='lat' dir='ltr'><strong>nolue—</strong></span> 
     </span>
    </p>
   </div>
   <div class='ocr_carea' id='block_1_92' title="bbox 224 4676 1830 4753">
    <p class='ocr_par' dir='ltr' id='par_1_92' title="bbox 224 4676 1830 4753">
     <span class='ocr_line' id='line_1_92' title="bbox 224 4676 1830 4753; baseline 0.002 -19"><span class='ocrx_word' id='word_1_642' title='bbox 224 4678 418 4734; x_wconf 86' lang='lat' dir='ltr'><strong>siones</strong></span> <span class='ocrx_word' id='word_1_643' title='bbox 445 4676 577 4734; x_wconf 91' lang='lat' dir='ltr'><strong>inibi</strong></span> <span class='ocrx_word' id='word_1_644' title='bbox 615 4676 959 4737; x_wconf 79' lang='lat' dir='ltr'><strong>habitatoris.</strong></span> <span class='ocrx_word' id='word_1_645' title='bbox 990 4680 1237 4736; x_wconf 89' lang='lat' dir='ltr'><strong>Providit</strong></span> <span class='ocrx_word' id='word_1_646' title='bbox 1258 4697 1475 4753; x_wconf 90' lang='lat' dir='ltr'><strong>quoque</strong></span> <span class='ocrx_word' id='word_1_647' title='bbox 1507 4691 1830 4739; x_wconf 87' lang='lat' dir='ltr'><strong>ornamenta</strong></span> 
     </span>
    </p>
   </div>
   <div class='ocr_carea' id='block_1_93' title="bbox 225 4771 1817 4847">
    <p class='ocr_par' dir='ltr' id='par_1_93' title="bbox 225 4771 1817 4847">
     <span class='ocr_line' id='line_1_93' title="bbox 225 4771 1817 4847; baseline 0.002 -19"><span class='ocrx_word' id='word_1_648' title='bbox 225 4771 439 4828; x_wconf 87' lang='lat' dir='ltr'><strong>divinis</strong></span> <span class='ocrx_word' id='word_1_649' title='bbox 486 4786 726 4845; x_wconf 89' lang='lat' dir='ltr'><strong>congrua</strong></span> <span class='ocrx_word' id='word_1_650' title='bbox 788 4773 1122 4830; x_wconf 89' lang='lat' dir='ltr'><strong>ministeriis.</strong></span> <span class='ocrx_word' id='word_1_651' title='bbox 1171 4775 1383 4843; x_wconf 86' lang='lat' dir='ltr'><strong>Quibus</strong></span> <span class='ocrx_word' id='word_1_652' title='bbox 1428 4776 1531 4830; x_wconf 89' lang='lat' dir='ltr'><strong>rite</strong></span> <span class='ocrx_word' id='word_1_653' title='bbox 1577 4777 1817 4847; x_wconf 88' lang='lat' dir='ltr'><strong>peractis</strong></span> 
     </span>
    </p>
   </div>
   <div class='ocr_carea' id='block_1_94' title="bbox 228 4863 1827 4940">
    <p class='ocr_par' dir='ltr' id='par_1_94' title="bbox 228 4863 1827 4940">
     <span class='ocr_line' id='line_1_94' title="bbox 228 4863 1827 4940; baseline 0.002 -18"><span class='ocrx_word' id='word_1_654' title='bbox 228 4863 484 4923; x_wconf 86' lang='lat' dir='ltr'><strong>collectis</strong></span> <span class='ocrx_word' id='word_1_655' title='bbox 513 4865 569 4921; x_wconf 87' lang='lat' dir='ltr'><strong>in</strong></span> <span class='ocrx_word' id='word_1_656' title='bbox 605 4882 779 4921; x_wconf 89' lang='lat' dir='ltr'><strong>unum</strong></span> <span class='ocrx_word' id='word_1_657' title='bbox 825 4868 955 4923; x_wconf 87' lang='lat' dir='ltr'><strong>viris</strong></span> <span class='ocrx_word' id='word_1_658' title='bbox 996 4868 1285 4940; x_wconf 89' lang='lat' dir='ltr'><strong>religiosis,</strong></span> <span class='ocrx_word' id='word_1_659' title='bbox 1318 4877 1374 4925; x_wconf 90' lang='lat' dir='ltr'><strong>et</strong></span> <span class='ocrx_word' id='word_1_660' title='bbox 1412 4871 1707 4940; x_wconf 74' lang='lat' dir='ltr'><strong>praeposito</strong></span> <span class='ocrx_word' id='word_1_661' title='bbox 1750 4871 1827 4925; x_wconf 88' lang='lat' dir='ltr'><strong>eis</strong></span> 
     </span>
    </p>
   </div>
   <div class='ocr_carea' id='block_1_95' title="bbox 228 4956 1826 5034">
    <p class='ocr_par' dir='ltr' id='par_1_95' title="bbox 228 4956 1826 5034">
     <span class='ocr_line' id='line_1_95' title="bbox 228 4956 1826 5034; baseline 0.002 -20"><span class='ocrx_word' id='word_1_662' title='bbox 228 4961 352 5015; x_wconf 80' lang='lat' dir='ltr'><strong>viro</strong></span> <span class='ocrx_word' id='word_1_663' title='bbox 368 4956 645 5031; x_wconf 88' lang='lat' dir='ltr'><strong>prudente</strong></span> <span class='ocrx_word' id='word_1_664' title='bbox 664 4960 905 5028; x_wconf 86' lang='lat' dir='ltr'><strong>Outone,</strong></span> <span class='ocrx_word' id='word_1_665' title='bbox 930 4961 1032 5017; x_wconf 89' lang='lat' dir='ltr'><strong>sub</strong></span> <span class='ocrx_word' id='word_1_666' title='bbox 1051 4962 1236 5034; x_wconf 88' lang='lat' dir='ltr'><strong>regula</strong></span> <span class='ocrx_word' id='word_1_667' title='bbox 1258 4965 1321 5017; x_wconf 92' lang='lat' dir='ltr'><strong>B.</strong></span> <span class='ocrx_word' id='word_1_668' title='bbox 1346 4962 1633 5034; x_wconf 85' lang='lat' dir='ltr'><strong>Augustini</strong></span> <span class='ocrx_word' id='word_1_669' title='bbox 1659 4965 1826 5019; x_wconf 90' lang='lat' dir='ltr'><strong>vitam</strong></span> 
     </span>
    </p>
   </div>
   <div class='ocr_carea' id='block_1_96' title="bbox 228 5050 1117 5125">
    <p class='ocr_par' dir='ltr' id='par_1_96' title="bbox 228 5050 1117 5125">
     <span class='ocr_line' id='line_1_96' title="bbox 228 5050 1117 5125; baseline 0.002 -16"><span class='ocrx_word' id='word_1_670' title='bbox 228 5066 329 5109; x_wconf 87' lang='lat' dir='ltr'><strong>eos</strong></span> <span class='ocrx_word' id='word_1_671' title='bbox 358 5050 566 5109; x_wconf 87' lang='lat' dir='ltr'><strong>ducere</strong></span> <span class='ocrx_word' id='word_1_672' title='bbox 595 5053 761 5125; x_wconf 86' lang='lat' dir='ltr'><strong>jussit</strong></span> <span class='ocrx_word' id='word_1_673' title='bbox 795 5054 1117 5125; x_wconf 86' lang='lat' dir='ltr'><strong>spiritalem.</strong></span> 
     </span>
    </p>
   </div>
   <div class='ocr_carea' id='block_1_97' title="bbox 304 5144 1828 5222">
    <p class='ocr_par' dir='ltr' id='par_1_97' title="bbox 304 5144 1828 5222">
     <span class='ocr_line' id='line_1_97' title="bbox 304 5144 1828 5222; baseline 0.003 -22"><span class='ocrx_word' id='word_1_674' title='bbox 304 5144 473 5201; x_wconf 85' lang='lat' dir='ltr'><strong>Subit</strong></span> <span class='ocrx_word' id='word_1_675' title='bbox 510 5161 659 5202; x_wconf 88' lang='lat' dir='ltr'><strong>nunc</strong></span> <span class='ocrx_word' id='word_1_676' title='bbox 706 5146 952 5203; x_wconf 90' lang='lat' dir='ltr'><strong>animum</strong></span> <span class='ocrx_word' id='word_1_677' title='bbox 997 5148 1145 5221; x_wconf 89' lang='lat' dir='ltr'><strong>quod</strong></span> <span class='ocrx_word' id='word_1_678' title='bbox 1185 5156 1436 5206; x_wconf 89' lang='lat' dir='ltr'><strong>cantatur</strong></span> <span class='ocrx_word' id='word_1_679' title='bbox 1464 5148 1518 5204; x_wconf 91' lang='lat' dir='ltr'><strong>in</strong></span> <span class='ocrx_word' id='word_1_680' title='bbox 1552 5149 1764 5222; x_wconf 89' lang='lat' dir='ltr'><strong>psalmo</strong></span> <span class='ocrx_word' id='word_1_681' title='bbox 1816 5168 1828 5204; x_wconf 90' lang='lat'><strong>:</strong></span> 
     </span>
    </p>
   </div>
   <div class='ocr_carea' id='block_1_98' title="bbox 232 5240 1834 5312">
    <p class='ocr_par' dir='ltr' id='par_1_98' title="bbox 232 5240 1834 5312">
     <span class='ocr_line' id='line_1_98' title="bbox 232 5240 1834 5312; baseline 0.001 -15"><span class='ocrx_word' id='word_1_682' title='bbox 232 5241 493 5297; x_wconf 85' lang='lat' dir='ltr'><strong>Peccator</strong></span> <span class='ocrx_word' id='word_1_683' title='bbox 519 5240 723 5296; x_wconf 69' lang='lat' dir='ltr'><strong>videbit</strong></span> <span class='ocrx_word' id='word_1_684' title='bbox 750 5246 802 5297; x_wconf 89' lang='lat' dir='ltr'><strong>et</strong></span> <span class='ocrx_word' id='word_1_685' title='bbox 836 5244 1120 5307; x_wconf 68' lang='lat' dir='ltr'><strong>irascetur,</strong></span> <span class='ocrx_word' id='word_1_686' title='bbox 1153 5244 1401 5299; x_wconf 78' lang='lat' dir='ltr'><strong>dent-ibus</strong></span> <span class='ocrx_word' id='word_1_687' title='bbox 1427 5247 1538 5299; x_wconf 73' lang='lat' dir='ltr'><strong>suis</strong></span> <span class='ocrx_word' id='word_1_688' title='bbox 1562 5247 1757 5312; x_wconf 84' lang='lat' dir='ltr'><strong>fremet</strong></span> <span class='ocrx_word' id='word_1_689' title='bbox 1785 5248 1834 5299; x_wconf 85' lang='lat' dir='ltr'><strong>et</strong></span> 
     </span>
    </p>
   </div>
   <div class='ocr_carea' id='block_1_99' title="bbox 232 5334 1836 5410">
    <p class='ocr_par' dir='ltr' id='par_1_99' title="bbox 232 5334 1836 5410">
     <span class='ocr_line' id='line_1_99' title="bbox 232 5334 1836 5410; baseline 0.002 -21"><span class='ocrx_word' id='word_1_690' title='bbox 232 5334 471 5389; x_wconf 80' lang='lat' dir='ltr'><strong>tabescet</strong></span> <span class='ocrx_word' id='word_1_691' title='bbox 514 5334 861 5402; x_wconf 82' lang='lat' dir='ltr'><strong>(Psal.cx1).</strong></span> <span class='ocrx_word' id='word_1_692' title='bbox 896 5335 1041 5407; x_wconf 88' lang='lat' dir='ltr'><strong>Quid</strong></span> <span class='ocrx_word' id='word_1_693' title='bbox 1084 5336 1291 5393; x_wconf 91' lang='lat' dir='ltr'><strong>viderat</strong></span> <span class='ocrx_word' id='word_1_694' title='bbox 1330 5346 1579 5410; x_wconf 89' lang='lat' dir='ltr'><strong>peccator</strong></span> <span class='ocrx_word' id='word_1_695' title='bbox 1626 5338 1739 5407; x_wconf 91' lang='lat' dir='ltr'><strong>hic,</strong></span> <span class='ocrx_word' id='word_1_696' title='bbox 1774 5346 1836 5393; x_wconf 91' lang='lat' dir='ltr'><strong>ut</strong></span> 
     </span>
    </p>
   </div>
   <div class='ocr_carea' id='block_1_100' title="bbox 229 5426 1833 5496">
    <p class='ocr_par' dir='ltr' id='par_1_100' title="bbox 229 5426 1833 5496">
     <span class='ocr_line' id='line_1_100' title="bbox 229 5426 1833 5496; baseline 0.002 -13"><span class='ocrx_word' id='word_1_697' title='bbox 229 5428 592 5496; x_wconf 88' lang='lat' dir='ltr'><strong>irasceretur,</strong></span> <span class='ocrx_word' id='word_1_698' title='bbox 643 5426 907 5485; x_wconf 85' lang='lat' dir='ltr'><strong>fremeret</strong></span> <span class='ocrx_word' id='word_1_699' title='bbox 947 5439 1002 5486; x_wconf 88' lang='lat' dir='ltr'><strong>et</strong></span> <span class='ocrx_word' id='word_1_700' title='bbox 1032 5430 1369 5487; x_wconf 79' lang='lat' dir='ltr'><strong>tabesceret?</strong></span> <span class='ocrx_word' id='word_1_701' title='bbox 1398 5431 1564 5488; x_wconf 87' lang='lat' dir='ltr'><strong>Haud</strong></span> <span class='ocrx_word' id='word_1_702' title='bbox 1605 5431 1833 5489; x_wconf 91' lang='lat' dir='ltr'><strong>dubium</strong></span> 
     </span>
    </p>
   </div>
   <div class='ocr_carea' id='block_1_101' title="bbox 230 5519 1838 5598">
    <p class='ocr_par' dir='ltr' id='par_1_101' title="bbox 230 5519 1838 5598">
     <span class='ocr_line' id='line_1_101' title="bbox 230 5519 1838 5598; baseline 0.002 -21"><span class='ocrx_word' id='word_1_703' title='bbox 230 5519 392 5593; x_wconf 86' lang='lat' dir='ltr'><strong>quod</strong></span> <span class='ocrx_word' id='word_1_704' title='bbox 426 5520 785 5595; x_wconf 83' lang='lat' dir='ltr'><strong>dispergentis</strong></span> <span class='ocrx_word' id='word_1_705' title='bbox 809 5537 900 5579; x_wconf 92' lang='lat' dir='ltr'><strong>res</strong></span> <span class='ocrx_word' id='word_1_706' title='bbox 928 5538 1054 5580; x_wconf 90' lang='lat' dir='ltr'><strong>suas</strong></span> <span class='ocrx_word' id='word_1_707' title='bbox 1082 5524 1141 5579; x_wconf 90' lang='lat' dir='ltr'><strong>in</strong></span> <span class='ocrx_word' id='word_1_708' title='bbox 1176 5539 1461 5597; x_wconf 91' lang='lat' dir='ltr'><strong>pauperes,</strong></span> <span class='ocrx_word' id='word_1_709' title='bbox 1488 5526 1697 5598; x_wconf 89' lang='lat' dir='ltr'><strong>justitia</strong></span> <span class='ocrx_word' id='word_1_710' title='bbox 1723 5526 1838 5597; x_wconf 87' lang='lat' dir='ltr'><strong>ejus</strong></span> 
     </span>
    </p>
   </div>
   <div class='ocr_carea' id='block_1_102' title="bbox 229 5614 1839 5692">
    <p class='ocr_par' dir='ltr' id='par_1_102' title="bbox 229 5614 1839 5692">
     <span class='ocr_line' id='line_1_102' title="bbox 229 5614 1839 5692; baseline 0.002 -21"><span class='ocrx_word' id='word_1_711' title='bbox 229 5621 433 5671; x_wconf 86' lang='lat' dir='ltr'><strong>manet</strong></span> <span class='ocrx_word' id='word_1_712' title='bbox 455 5614 515 5670; x_wconf 91' lang='lat' dir='ltr'><strong>in</strong></span> <span class='ocrx_word' id='word_1_713' title='bbox 539 5617 803 5673; x_wconf 69' lang='lat' dir='ltr'><strong>sacculum</strong></span> <span class='ocrx_word' id='word_1_714' title='bbox 832 5617 1037 5687; x_wconf 66' lang='lat' dir='ltr'><strong>saeculi;</strong></span> <span class='ocrx_word' id='word_1_715' title='bbox 1069 5625 1124 5675; x_wconf 91' lang='lat' dir='ltr'><strong>et</strong></span> <span class='ocrx_word' id='word_1_716' title='bbox 1163 5618 1314 5691; x_wconf 91' lang='lat' dir='ltr'><strong>quod</strong></span> <span class='ocrx_word' id='word_1_717' title='bbox 1342 5635 1515 5676; x_wconf 91' lang='lat' dir='ltr'><strong>cornu</strong></span> <span class='ocrx_word' id='word_1_718' title='bbox 1546 5619 1663 5692; x_wconf 81' lang='lat' dir='ltr'><strong>eius</strong></span> <span class='ocrx_word' id='word_1_719' title='bbox 1690 5620 1839 5677; x_wconf 84' lang='lat' dir='ltr'><strong>exal-</strong></span> 
     </span>
    </p>
   </div>
   <div class='ocr_carea' id='block_1_103' title="bbox 229 5706 1836 5783">
    <p class='ocr_par' dir='ltr' id='par_1_103' title="bbox 229 5706 1836 5783">
     <span class='ocr_line' id='line_1_103' title="bbox 229 5706 1836 5783; baseline 0.003 -18"><span class='ocrx_word' id='word_1_720' title='bbox 229 5706 450 5765; x_wconf 80' lang='lat' dir='ltr'><strong>tabitur</strong></span> <span class='ocrx_word' id='word_1_721' title='bbox 504 5708 561 5765; x_wconf 88' lang='lat' dir='ltr'><strong>in</strong></span> <span class='ocrx_word' id='word_1_722' title='bbox 610 5709 778 5782; x_wconf 88' lang='lat' dir='ltr'><strong>gloria</strong></span> <span class='ocrx_word' id='word_1_723' title='bbox 807 5712 1017 5783; x_wconf 62' lang='lat' dir='ltr'><strong>(Ibid).</strong></span> <span class='ocrx_word' id='word_1_724' title='bbox 1072 5711 1160 5769; x_wconf 88' lang='lat' dir='ltr'><strong>Sic</strong></span> <span class='ocrx_word' id='word_1_725' title='bbox 1188 5711 1459 5769; x_wconf 88' lang='lat' dir='ltr'><strong>nimirum</strong></span> <span class='ocrx_word' id='word_1_726' title='bbox 1502 5713 1557 5768; x_wconf 91' lang='lat' dir='ltr'><strong>in</strong></span> <span class='ocrx_word' id='word_1_727' title='bbox 1595 5712 1701 5770; x_wconf 90' lang='lat' dir='ltr'><strong>hoc</strong></span> <span class='ocrx_word' id='word_1_728' title='bbox 1729 5712 1836 5770; x_wconf 88' lang='lat' dir='ltr'><strong>Dei</strong></span> 
     </span>
    </p>
   </div>
   <div class='ocr_carea' id='block_1_104' title="bbox 228 5802 1843 5879">
    <p class='ocr_par' dir='ltr' id='par_1_104' title="bbox 228 5802 1843 5879">
     <span class='ocr_line' id='line_1_104' title="bbox 228 5802 1843 5879; baseline 0.003 -20"><span class='ocrx_word' id='word_1_729' title='bbox 228 5802 453 5859; x_wconf 79' lang='lat' dir='ltr'><strong>famulo</strong></span> <span class='ocrx_word' id='word_1_730' title='bbox 475 5802 746 5876; x_wconf 89' lang='lat' dir='ltr'><strong>malignus</strong></span> <span class='ocrx_word' id='word_1_731' title='bbox 774 5803 949 5862; x_wconf 87' lang='lat' dir='ltr'><strong>hostis</strong></span> <span class='ocrx_word' id='word_1_732' title='bbox 980 5804 1114 5862; x_wconf 87' lang='lat' dir='ltr'><strong>vidit</strong></span> <span class='ocrx_word' id='word_1_733' title='bbox 1141 5804 1288 5877; x_wconf 90' lang='lat' dir='ltr'><strong>quod</strong></span> <span class='ocrx_word' id='word_1_734' title='bbox 1311 5805 1521 5863; x_wconf 90' lang='lat' dir='ltr'><strong>invidit.</strong></span> <span class='ocrx_word' id='word_1_735' title='bbox 1549 5806 1697 5864; x_wconf 85' lang='lat' dir='ltr'><strong>Vidit</strong></span> <span class='ocrx_word' id='word_1_736' title='bbox 1726 5808 1843 5879; x_wconf 90' lang='lat' dir='ltr'><strong>ejus</strong></span> 
     </span>
    </p>
   </div>
   <div class='ocr_carea' id='block_1_105' title="bbox 230 5894 1841 5972">
    <p class='ocr_par' dir='ltr' id='par_1_105' title="bbox 230 5894 1841 5972">
     <span class='ocr_line' id='line_1_105' title="bbox 230 5894 1841 5972; baseline 0.002 -19"><span class='ocrx_word' id='word_1_737' title='bbox 230 5894 391 5969; x_wconf 85' lang='lat' dir='ltr'><strong>apud</strong></span> <span class='ocrx_word' id='word_1_738' title='bbox 431 5897 619 5954; x_wconf 89' lang='lat' dir='ltr'><strong>Deum</strong></span> <span class='ocrx_word' id='word_1_739' title='bbox 660 5896 933 5957; x_wconf 87' lang='lat' dir='ltr'><strong>cumulari</strong></span> <span class='ocrx_word' id='word_1_740' title='bbox 977 5896 1196 5968; x_wconf 87' lang='lat' dir='ltr'><strong>merita,</strong></span> <span class='ocrx_word' id='word_1_741' title='bbox 1239 5895 1373 5957; x_wconf 90' lang='lat' dir='ltr'><strong>vidit</strong></span> <span class='ocrx_word' id='word_1_742' title='bbox 1416 5898 1535 5972; x_wconf 83' lang='lat' dir='ltr'><strong>ejus</strong></span> <span class='ocrx_word' id='word_1_743' title='bbox 1573 5905 1841 5972; x_wconf 89' lang='lat' dir='ltr'><strong>occupata</strong></span> 
     </span>
    </p>
   </div>
   <div class='ocr_carea' id='block_1_106' title="bbox 1940 4670 3534 4747">
    <p class='ocr_par' dir='ltr' id='par_1_106' title="bbox 1940 4670 3534 4747">
     <span class='ocr_line' id='line_1_106' title="bbox 1940 4670 3534 4747; baseline -0.003 -14"><span class='ocrx_word' id='word_1_744' title='bbox 1940 4685 2071 4735; x_wconf 91' lang='lat' dir='ltr'><strong>runt</strong></span> <span class='ocrx_word' id='word_1_745' title='bbox 2098 4676 2264 4747; x_wconf 83' lang='lat' dir='ltr'><strong>ﬂecti,</strong></span> <span class='ocrx_word' id='word_1_746' title='bbox 2299 4675 2622 4747; x_wconf 85' lang='lat' dir='ltr'><strong>frangantur</strong></span> <span class='ocrx_word' id='word_1_747' title='bbox 2652 4671 3011 4729; x_wconf 85' lang='lat' dir='ltr'><strong>districtione.</strong></span> <span class='ocrx_word' id='word_1_748' title='bbox 3044 4670 3197 4727; x_wconf 90' lang='lat' dir='ltr'><strong>Illico</strong></span> <span class='ocrx_word' id='word_1_749' title='bbox 3234 4672 3443 4729; x_wconf 87' lang='lat' dir='ltr'><strong>clamor</strong></span> <span class='ocrx_word' id='word_1_750' title='bbox 3476 4679 3534 4729; x_wconf 85' lang='lat' dir='ltr'><strong>et</strong></span> 
     </span>
    </p>
   </div>
   <div class='ocr_carea' id='block_1_107' title="bbox 1940 4759 3533 4841">
    <p class='ocr_par' dir='ltr' id='par_1_107' title="bbox 1940 4759 3533 4841">
     <span class='ocr_line' id='line_1_107' title="bbox 1940 4759 3533 4841; baseline -0.003 -14"><span class='ocrx_word' id='word_1_751' title='bbox 1940 4771 2094 4827; x_wconf 82' lang='lat' dir='ltr'><strong>furor</strong></span> <span class='ocrx_word' id='word_1_752' title='bbox 2124 4772 2191 4827; x_wconf 89' lang='lat' dir='ltr'><strong>ab</strong></span> <span class='ocrx_word' id='word_1_753' title='bbox 2220 4770 2372 4827; x_wconf 91' lang='lat' dir='ltr'><strong>omni</strong></span> <span class='ocrx_word' id='word_1_754' title='bbox 2402 4777 2557 4841; x_wconf 87' lang='lat' dir='ltr'><strong>parte</strong></span> <span class='ocrx_word' id='word_1_755' title='bbox 2586 4782 2708 4839; x_wconf 89' lang='lat' dir='ltr'><strong>pers</strong></span> <span class='ocrx_word' id='word_1_756' title='bbox 2730 4766 2914 4839; x_wconf 89' lang='lat' dir='ltr'><strong>trepit.</strong></span> <span class='ocrx_word' id='word_1_757' title='bbox 2946 4768 3014 4823; x_wconf 86' lang='lat' dir='ltr'><strong>Et</strong></span> <span class='ocrx_word' id='word_1_758' title='bbox 3040 4765 3179 4823; x_wconf 82' lang='lat' dir='ltr'><strong>forte</strong></span> <span class='ocrx_word' id='word_1_759' title='bbox 3203 4766 3259 4822; x_wconf 92' lang='lat' dir='ltr'><strong>in</strong></span> <span class='ocrx_word' id='word_1_760' title='bbox 3288 4759 3533 4839; x_wconf 66' lang='lat' dir='ltr'><strong>praesen-</strong></span> 
     </span>
    </p>
   </div>
   <div class='ocr_carea' id='block_1_108' title="bbox 1939 4860 3531 4933">
    <p class='ocr_par' dir='ltr' id='par_1_108' title="bbox 1939 4860 3531 4933">
     <span class='ocr_line' id='line_1_108' title="bbox 1939 4860 3531 4933; baseline -0.003 -12"><span class='ocrx_word' id='word_1_761' title='bbox 1939 4866 2141 4922; x_wconf 82' lang='lat' dir='ltr'><strong>tiarum</strong></span> <span class='ocrx_word' id='word_1_762' title='bbox 2166 4865 2435 4920; x_wconf 83' lang='lat' dir='ltr'><strong>famulum</strong></span> <span class='ocrx_word' id='word_1_763' title='bbox 2463 4862 2565 4918; x_wconf 90' lang='lat' dir='ltr'><strong>Dei</strong></span> <span class='ocrx_word' id='word_1_764' title='bbox 2592 4860 2899 4919; x_wconf 82' lang='lat' dir='ltr'><strong>furibundis</strong></span> <span class='ocrx_word' id='word_1_765' title='bbox 2927 4860 3188 4917; x_wconf 90' lang='lat' dir='ltr'><strong>manibus</strong></span> <span class='ocrx_word' id='word_1_766' title='bbox 3212 4860 3531 4933; x_wconf 69' lang='lat' dir='ltr'><strong>discerpsis-</strong></span> 
     </span>
    </p>
   </div>
   <div class='ocr_carea' id='block_1_109' title="bbox 1938 4954 3531 5030">
    <p class='ocr_par' dir='ltr' id='par_1_109' title="bbox 1938 4954 3531 5030">
     <span class='ocr_line' id='line_1_109' title="bbox 1938 4954 3531 5030; baseline -0.003 -15"><span class='ocrx_word' id='word_1_767' title='bbox 1938 4969 2078 5027; x_wconf 88' lang='lat' dir='ltr'><strong>sent,</strong></span> <span class='ocrx_word' id='word_1_768' title='bbox 2104 4958 2147 5013; x_wconf 92' lang='lat' dir='ltr'><strong>si</strong></span> <span class='ocrx_word' id='word_1_769' title='bbox 2167 4974 2278 5014; x_wconf 90' lang='lat' dir='ltr'><strong>non</strong></span> <span class='ocrx_word' id='word_1_770' title='bbox 2296 4957 2474 5013; x_wconf 89' lang='lat' dir='ltr'><strong>divina</strong></span> <span class='ocrx_word' id='word_1_771' title='bbox 2501 4956 2699 5024; x_wconf 86' lang='lat' dir='ltr'><strong>virtus,</strong></span> <span class='ocrx_word' id='word_1_772' title='bbox 2726 4964 2782 5013; x_wconf 92' lang='lat' dir='ltr'><strong>et</strong></span> <span class='ocrx_word' id='word_1_773' title='bbox 2810 4954 3146 5027; x_wconf 89' lang='lat' dir='ltr'><strong>optimatum</strong></span> <span class='ocrx_word' id='word_1_774' title='bbox 3176 4956 3531 5030; x_wconf 66' lang='lat' dir='ltr'><strong>praeeutium</strong></span> 
     </span>
    </p>
   </div>
   <div class='ocr_carea' id='block_1_110' title="bbox 1942 5048 2889 5126">
    <p class='ocr_par' dir='ltr' id='par_1_110' title="bbox 1942 5048 2889 5126">
     <span class='ocr_line' id='line_1_110' title="bbox 1942 5048 2889 5126; baseline -0.005 -17"><span class='ocrx_word' id='word_1_775' title='bbox 1942 5052 2180 5126; x_wconf 82' lang='lat' dir='ltr'><strong>probitas</strong></span> <span class='ocrx_word' id='word_1_776' title='bbox 2215 5050 2525 5108; x_wconf 87' lang='lat' dir='ltr'><strong>furentibus</strong></span> <span class='ocrx_word' id='word_1_777' title='bbox 2566 5048 2889 5106; x_wconf 89' lang='lat' dir='ltr'><strong>obstitisset.</strong></span> 
     </span>
    </p>
   </div>
   <div class='ocr_carea' id='block_1_111' title="bbox 2016 5142 3531 5220">
    <p class='ocr_par' dir='ltr' id='par_1_111' title="bbox 2016 5142 3531 5220">
     <span class='ocr_line' id='line_1_111' title="bbox 2016 5142 3531 5220; baseline -0.003 -17"><span class='ocrx_word' id='word_1_778' title='bbox 2016 5146 2304 5220; x_wconf 85' lang='lat' dir='ltr'><strong>Regnabat</strong></span> <span class='ocrx_word' id='word_1_779' title='bbox 2342 5145 2431 5203; x_wconf 88' lang='lat' dir='ltr'><strong>his</strong></span> <span class='ocrx_word' id='word_1_780' title='bbox 2455 5144 2652 5202; x_wconf 88' lang='lat' dir='ltr'><strong>diebus</strong></span> <span class='ocrx_word' id='word_1_781' title='bbox 2697 5142 2988 5199; x_wconf 82' lang='lat' dir='ltr'><strong>Heinricus</strong></span> <span class='ocrx_word' id='word_1_782' title='bbox 3020 5145 3092 5201; x_wconf 80' lang='grc' dir='ltr'><strong>ιν</strong></span> <span class='ocrx_word' id='word_1_783' title='bbox 3120 5143 3266 5201; x_wconf 90' lang='lat' dir='ltr'><strong>ﬁlius</strong></span> <span class='ocrx_word' id='word_1_784' title='bbox 3293 5143 3531 5217; x_wconf 88' lang='lat' dir='ltr'><strong>impera-</strong></span> 
     </span>
    </p>
   </div>
   <div class='ocr_carea' id='block_1_112' title="bbox 1942 5236 3537 5310">
    <p class='ocr_par' dir='ltr' id='par_1_112' title="bbox 1942 5236 3537 5310">
     <span class='ocr_line' id='line_1_112' title="bbox 1942 5236 3537 5310; baseline -0.001 -15"><span class='ocrx_word' id='word_1_785' title='bbox 1942 5241 2077 5297; x_wconf 87' lang='lat' dir='ltr'><strong>toris</strong></span> <span class='ocrx_word' id='word_1_786' title='bbox 2105 5238 2484 5310; x_wconf 86' lang='lat' dir='ltr'><strong>Heinrici,&#39;_qui</strong></span> <span class='ocrx_word' id='word_1_787' title='bbox 2504 5236 2932 5310; x_wconf 83' lang='lat' dir='ltr'><strong>cognominatus</strong></span> <span class='ocrx_word' id='word_1_788' title='bbox 2945 5240 3046 5306; x_wconf 57' lang='lat' dir='ltr'><strong>:est</strong></span> <span class='ocrx_word' id='word_1_789' title='bbox 3060 5237 3210 5307; x_wconf 89' lang='lat' dir='ltr'><strong>Pius,</strong></span> <span class='ocrx_word' id='word_1_790' title='bbox 3231 5236 3537 5295; x_wconf 87' lang='lat' dir='ltr'><strong>admodum</strong></span> 
     </span>
    </p>
   </div>
   <div class='ocr_carea' id='block_1_113' title="bbox 1946 5328 3538 5406">
    <p class='ocr_par' dir='ltr' id='par_1_113' title="bbox 1946 5328 3538 5406">
     <span class='ocr_line' id='line_1_113' title="bbox 1946 5328 3538 5406; baseline -0.001 -15"><span class='ocrx_word' id='word_1_791' title='bbox 1946 5352 2100 5405; x_wconf 87' lang='lat' dir='ltr'><strong>puer,</strong></span> <span class='ocrx_word' id='word_1_792' title='bbox 2146 5343 2199 5391; x_wconf 91' lang='lat' dir='ltr'><strong>et</strong></span> <span class='ocrx_word' id='word_1_793' title='bbox 2248 5335 2454 5406; x_wconf 90' lang='lat' dir='ltr'><strong>absque</strong></span> <span class='ocrx_word' id='word_1_794' title='bbox 2488 5331 2661 5389; x_wconf 84' lang='lat' dir='ltr'><strong>frenis</strong></span> <span class='ocrx_word' id='word_1_795' title='bbox 2711 5330 3016 5403; x_wconf 65' lang='lat' dir='ltr'><strong>disciplinae</strong></span> <span class='ocrx_word' id='word_1_796' title='bbox 3061 5328 3121 5387; x_wconf 87' lang='lat' dir='ltr'><strong>in</strong></span> <span class='ocrx_word' id='word_1_797' title='bbox 3170 5331 3538 5405; x_wconf 88' lang='lat' dir='ltr'><strong>voluptatibus</strong></span> 
     </span>
    </p>
   </div>
   <div class='ocr_carea' id='block_1_114' title="bbox 1947 5424 3538 5500">
    <p class='ocr_par' dir='ltr' id='par_1_114' title="bbox 1947 5424 3538 5500">
     <span class='ocr_line' id='line_1_114' title="bbox 1947 5424 3538 5500; baseline -0.002 -14"><span class='ocrx_word' id='word_1_798' title='bbox 1947 5429 2233 5486; x_wconf 84' lang='lat' dir='ltr'><strong>enutritus.</strong></span> <span class='ocrx_word' id='word_1_799' title='bbox 2284 5427 2633 5500; x_wconf 85' lang='lat' dir='ltr'><strong>Completum</strong></span> <span class='ocrx_word' id='word_1_800' title='bbox 2684 5424 2856 5483; x_wconf 90' lang='lat' dir='ltr'><strong>estin</strong></span> <span class='ocrx_word' id='word_1_801' title='bbox 2896 5442 2964 5483; x_wconf 92' lang='lat' dir='ltr'><strong>eo</strong></span> <span class='ocrx_word' id='word_1_802' title='bbox 3010 5424 3217 5482; x_wconf 87' lang='lat' dir='ltr'><strong>dictum</strong></span> <span class='ocrx_word' id='word_1_803' title='bbox 3255 5426 3538 5498; x_wconf 88' lang='lat' dir='ltr'><strong>sapientis,</strong></span> 
     </span>
    </p>
   </div>
   <div class='ocr_carea' id='block_1_115' title="bbox 1947 5520 3540 5596">
    <p class='ocr_par' dir='ltr' id='par_1_115' title="bbox 1947 5520 3540 5596">
     <span class='ocr_line' id='line_1_115' title="bbox 1947 5520 3540 5596; baseline -0.003 -16"><span class='ocrx_word' id='word_1_804' title='bbox 1947 5539 2059 5596; x_wconf 93' lang='lat' dir='ltr'><strong>quo</strong></span> <span class='ocrx_word' id='word_1_805' title='bbox 2084 5522 2412 5579; x_wconf 84' lang='lat' dir='ltr'><strong>vaticinatur</strong></span> <span class='ocrx_word' id='word_1_806' title='bbox 2436 5521 2625 5578; x_wconf 90' lang='lat' dir='ltr'><strong>dicens</strong></span> <span class='ocrx_word' id='word_1_807' title='bbox 2663 5538 2677 5577; x_wconf 88' lang='lat'>:</span> <span class='ocrx_word' id='word_1_808' title='bbox 2711 5523 2808 5575; x_wconf 75' lang='grc' dir='ltr'><strong>γω</strong></span> <span class='ocrx_word' id='word_1_809' title='bbox 2837 5526 2999 5575; x_wconf 81' lang='lat' dir='ltr'><strong>terrae</strong></span> <span class='ocrx_word' id='word_1_810' title='bbox 3026 5520 3151 5587; x_wconf 65' lang='lat' dir='ltr'><strong>[tibi</strong></span> <span class='ocrx_word' id='word_1_811' title='bbox 3174 5520 3357 5595; x_wconf 82' lang='lat' dir='ltr'><strong>terra],</strong></span> <span class='ocrx_word' id='word_1_812' title='bbox 3385 5520 3540 5590; x_wconf 80' lang='lat' dir='ltr'><strong>cujus</strong></span> 
     </span>
    </p>
   </div>
   <div class='ocr_carea' id='block_1_116' title="bbox 1951 5612 3544 5687">
    <p class='ocr_par' dir='ltr' id='par_1_116' title="bbox 1951 5612 3544 5687">
     <span class='ocr_line' id='line_1_116' title="bbox 1951 5612 3544 5687; baseline -0.004 -15"><span class='ocrx_word' id='word_1_813' title='bbox 1951 5632 2052 5673; x_wconf 81' lang='lat' dir='ltr'><strong>rea:</strong></span> <span class='ocrx_word' id='word_1_814' title='bbox 2075 5632 2219 5687; x_wconf 81' lang='lat' dir='ltr'><strong>puer</strong></span> <span class='ocrx_word' id='word_1_815' title='bbox 2242 5621 2320 5672; x_wconf 83' lang='lat' dir='ltr'><strong>est</strong></span> <span class='ocrx_word' id='word_1_816' title='bbox 2340 5615 2528 5683; x_wconf 80' lang='lat' dir='ltr'><strong>(Eccli.</strong></span> <span class='ocrx_word' id='word_1_817' title='bbox 2561 5620 2668 5681; x_wconf 80' lang='grc' dir='ltr'><strong>ιν).</strong></span> <span class='ocrx_word' id='word_1_818' title='bbox 2691 5612 2835 5682; x_wconf 85' lang='lat' dir='ltr'><strong>Quid</strong></span> <span class='ocrx_word' id='word_1_819' title='bbox 2861 5612 2977 5684; x_wconf 88' lang='lat' dir='ltr'><strong>ejus</strong></span> <span class='ocrx_word' id='word_1_820' title='bbox 3001 5620 3249 5685; x_wconf 87' lang='lat' dir='ltr'><strong>tempore</strong></span> <span class='ocrx_word' id='word_1_821' title='bbox 3279 5628 3435 5686; x_wconf 88' lang='lat' dir='ltr'><strong>passa</strong></span> <span class='ocrx_word' id='word_1_822' title='bbox 3472 5613 3544 5667; x_wconf 88' lang='lat' dir='ltr'><strong>sit</strong></span> 
     </span>
    </p>
   </div>
   <div class='ocr_carea' id='block_1_117' title="bbox 1952 5696 3543 5783">
    <p class='ocr_par' dir='ltr' id='par_1_117' title="bbox 1952 5696 3543 5783">
     <span class='ocr_line' id='line_1_117' title="bbox 1952 5696 3543 5783; baseline -0.004 -16"><span class='ocrx_word' id='word_1_823' title='bbox 1952 5708 2213 5781; x_wconf 82' lang='lat' dir='ltr'><strong>Ecclesia,</strong></span> <span class='ocrx_word' id='word_1_824' title='bbox 2257 5708 2393 5783; x_wconf 82' lang='lat' dir='ltr'><strong>quid</strong></span> <span class='ocrx_word' id='word_1_825' title='bbox 2428 5696 2691 5782; x_wconf 70' lang='lat' dir='ltr'><strong>regnum,</strong></span> <span class='ocrx_word' id='word_1_826' title='bbox 2714 5706 2905 5779; x_wconf 85' lang='lat' dir='ltr'><strong>quanti</strong></span> <span class='ocrx_word' id='word_1_827' title='bbox 2948 5715 3197 5777; x_wconf 88' lang='lat' dir='ltr'><strong>pastores</strong></span> <span class='ocrx_word' id='word_1_828' title='bbox 3236 5707 3307 5762; x_wconf 88' lang='lat' dir='ltr'><strong>ab</strong></span> <span class='ocrx_word' id='word_1_829' title='bbox 3351 5704 3543 5763; x_wconf 83' lang='lat' dir='ltr'><strong>ovibus</strong></span> 
     </span>
    </p>
   </div>
   <div class='ocr_carea' id='block_1_118' title="bbox 1954 5796 3544 5872">
    <p class='ocr_par' dir='ltr' id='par_1_118' title="bbox 1954 5796 3544 5872">
     <span class='ocr_line' id='line_1_118' title="bbox 1954 5796 3544 5872; baseline -0.004 -11"><span class='ocrx_word' id='word_1_830' title='bbox 1954 5804 2069 5862; x_wconf 90' lang='lat' dir='ltr'><strong>suis</strong></span> <span class='ocrx_word' id='word_1_831' title='bbox 2092 5803 2205 5863; x_wconf 85' lang='lat' dir='ltr'><strong>sint</strong></span> <span class='ocrx_word' id='word_1_832' title='bbox 2228 5803 2432 5872; x_wconf 80' lang='lat' dir='ltr'><strong>abacti,</strong></span> <span class='ocrx_word' id='word_1_833' title='bbox 2460 5803 2738 5861; x_wconf 84' lang='lat' dir='ltr'><strong>humanus</strong></span> <span class='ocrx_word' id='word_1_834' title='bbox 2766 5796 2997 5870; x_wconf 75' lang='lat' dir='ltr'><strong>sanguis</strong></span> <span class='ocrx_word' id='word_1_835' title='bbox 3018 5807 3256 5871; x_wconf 88' lang='lat' dir='ltr'><strong>quantus</strong></span> <span class='ocrx_word' id='word_1_836' title='bbox 3295 5798 3369 5855; x_wconf 87' lang='lat' dir='ltr'><strong>sit</strong></span> <span class='ocrx_word' id='word_1_837' title='bbox 3394 5796 3544 5855; x_wconf 73' lang='lat' dir='ltr'><strong>effu-</strong></span> 
     </span>
    </p>
   </div>
   <div class='ocr_carea' id='block_1_119' title="bbox 1954 5889 3545 5971">
    <p class='ocr_par' dir='ltr' id='par_1_119' title="bbox 1954 5889 3545 5971">
     <span class='ocr_line' id='line_1_119' title="bbox 1954 5889 3545 5971; baseline -0.006 -14"><span class='ocrx_word' id='word_1_838' title='bbox 1954 5914 2069 5970; x_wconf 85' lang='lat' dir='ltr'><strong>sus,</strong></span> <span class='ocrx_word' id='word_1_839' title='bbox 2097 5912 2221 5971; x_wconf 72' lang='lat' dir='ltr'><strong>quae</strong></span> <span class='ocrx_word' id='word_1_840' title='bbox 2250 5892 2478 5971; x_wconf 80' lang='lat' dir='ltr'><strong>patratae</strong></span> <span class='ocrx_word' id='word_1_841' title='bbox 2498 5893 2749 5960; x_wconf 75' lang='lat' dir='ltr'><strong>luxuriae,</strong></span> <span class='ocrx_word' id='word_1_842' title='bbox 2778 5890 3050 5960; x_wconf 81' lang='lat' dir='ltr'><strong>incendis,</strong></span> <span class='ocrx_word' id='word_1_843' title='bbox 3083 5889 3319 5961; x_wconf 81' lang='lat' dir='ltr'><strong>rapinae,</strong></span> <span class='ocrx_word' id='word_1_844' title='bbox 3353 5891 3545 5947; x_wconf 71' lang='lat' dir='ltr'><strong>orbem</strong></span> 
     </span>
    </p>
   </div>
  </div>
