4024 6170
534 310 636 362 879

1206 362 1217 391 Ι

1537 306 1627 359 AD
1665 304 1892 359 OPERA
1930 304 1984 358 S.
2024 303 2346 359 GREGORII
2386 302 2819 358 APPENDICES.
3182 243 3205 265 .
3722 306 3803 359 880

531 446 648 487 non
680 431 833 495 latet,
874 437 931 486 et
970 429 1262 501 scriptores
1296 437 1617 502 temporum
1654 445 1768 485 non
1813 436 2120 485 tacuerunt.
2150 432 2203 495 Α
2304 431 2515 484 Interea
2536 427 2780 483 fautores
2804 426 3052 482 Heinrici
3077 428 3150 481 IV
3177 427 3481 498 Moguntiae
3500 426 3809 482 contrahunt

604 524 693 581 Ad
718 524 863 581 hunc
889 524 1177 596 religionis
1202 522 1425 580 hostem
1461 523 1915 603 castimoniaeque
1955 538 2128 594 oppu-

530 625 834 691 gnatorem,
856 617 928 673 ob
945 633 1103 674 suam
1116 615 1465 689 tyrannidem
1485 632 1518 671 a
1540 631 1676 689 papa
1696 617 2017 673 Ganeonlo
2033 631 2127 673 vn

532 711 1063 769 excommunicatum
1106 709 1430 783 confugiunt
1465 710 1673 783 quibus
1698 710 1985 766 exhorruit
2037 726 2128 765 ca-

531 804 705 861 stitas.
736 803 899 876 Apud
926 804 1092 860 talem
1112 804 1357 877 judicem
1384 804 1522 859 tales
1544 812 1891 860 accusatores
1920 812 1973 859 et
1995 802 2130 859 tales

530 905 697 955 testes
715 907 1000 955 merentur
1039 897 1397 965 audientiam,
1424 906 1480 952 et
1501 898 1619 953 viro
1650 896 1750 952 Dei
1778 897 2004 953 crimina
2029 896 2127 952 de-

529 993 766 1061 testanti,
814 992 1045 1065 afﬁgunt
1082 994 1249 1063 [forte
1294 990 1583 1064 effingunt]
1637 992 1893 1058 crimina,
1932 989 2130 1062 quibus

531 1101 657 1142 eum
688 1085 983 1157 pontiﬁcali
1012 1086 1223 1142 honore
1264 1084 1501 1142 credunt
1528 1084 1816 1141 devestire.

602 1182 827 1235 Poterat
872 1180 952 1235 vir
998 1180 1121 1247 iste,
1172 1178 1217 1234 si
1248 1194 1439 1235 coram
1480 1178 1760 1245 astitisset,
1809 1176 2124 1234 abbreviato

532 1272 700 1328 verbo
732 1271 1080 1344 respondisse
1119 1288 1218 1343 pro
1244 1288 1322 1341 se,
1353 1288 1463 1343 quo
1490 1272 1656 1327 etiam
1693 1271 1957 1343 magister
1994 1287 2127 1327 suus

535 1365 785 1423 Christus
839 1364 1127 1439 respondit
1153 1382 1255 1438 pro
1286 1381 1345 1421 se
1379 1385 1391 1420 :
1432 1368 1623 1435 Opera,
1666 1381 1786 1434 quae
1834 1382 1923 1433 ego
1964 1367 2127 1433 facio,

533 1462 890 1515 testimonium
910 1461 1192 1530 perhibent
1216 1461 1283 1515 de
1301 1476 1383 1515 me
1403 1460 1575 1531 (Joan.
1600 1459 1684 1530 χ).
1708 1457 1835 1524 Sed,
1874 1462 1932 1513 in
1948 1459 2126 1513 humi-

537 1554 688 1608 litate
703 1553 977 1621 judicium
996 1554 1114 1623 ejus
1153 1554 1427 1608 sublatum
1463 1558 1540 1608 est
1598 1554 1741 1619 (Act.
1776 1556 1945 1619 vnn);
1978 1550 2124 1607 afﬁr-

534 1646 813 1703 mantibus
859 1646 1200 1715 adversariis,
1254 1655 1319 1702 ut
1385 1645 1665 1719 quondam
1720 1644 1790 1701 de
1841 1647 2125 1702 Salvatore

534 1739 739 1797 Judaais
766 1757 780 1793 :
806 1742 869 1798 Si
896 1757 1001 1795 non
1036 1744 1171 1796 esset
1203 1742 1289 1795 hic
1326 1743 1664 1808 malefactor,
1691 1756 1801 1794 non
1822 1742 1925 1794 tibi
1959 1740 2126 1794 tradi-

2238 522 2528 579 concilium
2571 522 2737 593 (466).
2769 522 2893 589 Quo
2923 518 3268 592 praesidente,
3304 520 3409 593 ipsi
3448 519 3710 575 viderint.
3747 522 3809 577 lbi

2238 614 2566 672 schismatici
2584 624 2640 671 et
2663 613 2733 670 ab
2756 614 2997 670 Ecclesia
3023 613 3258 685 praecisi,
3282 629 3477 685 papam
3499 614 3808 686 Gregorium

2238 709 2418 764 virum
2463 708 2796 766 catholicum
2831 716 2885 763 et
2921 711 3139 764 Patrem
3186 708 3567 773 universalem,
3616 709 3810 763 Patrem

2238 812 2439 875 negant
2458 804 2681 875 ejusque
2702 816 2961 873 sequaces
2986 802 3087 873 ipsi
3112 800 3360 857 damnati
3383 801 3687 858 damnant.
3718 805 3810 857 De-

2238 896 2428 952 liberat
2466 898 2519 951 in
2548 896 2635 952 his
2664 904 2848 966 pastor
2887 895 3146 952 Ecclesiae
3179 894 3305 951 urbi
3333 904 3388 950 et
3414 895 3589 951 armis
3618 894 3809 963 cedere,

2239 997 2369 1060 puto
2423 1005 2801 1045 rememorans
2848 990 3147 1045 Salvatoris
3195 988 3487 1043 licentiam
3535 1003 3647 1059 qua
3698 986 3814 1042 dixit

2236 1083 2521 1155 discipulis
2550 1083 2663 1139 suis
2693 1103 2705 1138 :
2742 1086 2803 1139 Si
2820 1085 3090 1153 persecuti
3120 1098 3211 1138 vos
3240 1086 3445 1149 fuerint
3475 1086 3533 1136 in
3564 1098 3679 1136 una

2238 1183 2369 1246 tate,
2391 1180 2571 1248 fugite
2598 1181 2656 1233 in
2684 1179 2854 1232 aliam
2877 1178 3091 1243 (Matth.
3120 1182 3200 1244 v).

2308 1272 2430 1341 Quo
2457 1270 2624 1338 facto,
2650 1271 3015 1342 Wichpertus
3033 1270 3259 1342 quidam
3290 1269 3634 1337 (Guibertus,
3670 1286 3811 1341 pseu‘

2236 1364 2494 1437 dopapa),
2524 1366 2682 1437 cujus
2709 1366 2828 1421 laus
2848 1380 2960 1419 non
2989 1373 3071 1420 est
3099 1364 3155 1419 in
3180 1363 3505 1435 pontiﬁcum
3535 1364 3810 1435 Catalogo,

2235 1460 2551 1530 apostolicae
2592 1458 2706 1515 sedi
2738 1457 3059 1513 intruditur.
3108 1457 3257 1529 Quid
3286 1457 3433 1523 dico,
3477 1458 3815 1512 inti-aditur?

2236 1552 2463 1624 Propria
2492 1552 2790 1608 ambitione
2819 1550 3047 1620 invadit,
3075 1551 3301 1607 anhelat
3327 1560 3384 1606 et
3415 1549 3692 1622 praeripit.
3714 1550 3811 1606 Ab-

2239 1646 2365 1702 hinc
2410 1646 2519 1702 veri
2568 1655 2812 1717 pastores
2872 1645 3071 1717 ubique
3120 1653 3392 1701 terrarum
3444 1644 3672 1700 sedibus
3723 1646 3813 1700 suis

2238 1740 2663 1811 proturbantur;
2716 1740 3092 1813 subrogantur
3159 1756 3285 1794 vero
3340 1738 3684 1794 schismatici
3748 1737 3813 1793 vel

529 1834 790 1890 dissemus
806 1850 923 1889 eum
942 1834 1119 1906 (Joan.
1150 1839 1358 1900 xvm).
1389 1837 1479 1901 Et,
1506 1834 1553 1889 si
1583 1832 1959 1903 respondisset
1980 1832 2126 1904 quod
2161 1816 2207 1879 Β
2237 1835 2556 1891 Simoniaci.
2581 1837 2795 1890 Horum
2818 1834 2989 1890 etiam
3008 1832 3251 1889 factione
3266 1834 3656 1889 Altmannusa
3672 1847 3816 1905 grege

530 1927 779 1984 Christus
807 1928 1094 2001 respondit
1137 1928 1256 1984 suis
1295 1928 1693 1999 lapidatoribus
1730 1946 1741 1980 ;
1773 1928 1957 1983 Multa
1987 1928 2126 1983 bona

532 2037 693 2092 opera
720 2032 979 2094 operatus
1006 2023 1220 2078 ostendi
1253 2024 1404 2077 vobis
1443 2039 1511 2077 ea:
1546 2025 1705 2077 Patre
1748 2038 1879 2083 meo,
1906 2026 2127 2091 propter

532 2116 675 2184 quod
719 2132 905 2170 eorum
952 2130 1083 2185 opus
1130 2132 1212 2169 me
1254 2116 1556 2185 lapidatis?
1596 2118 1760 2179 (Joau.
1804 2122 1889 2179 χ.)
1922 2116 2126 2170 Verum

533 2206 780 2280 quidem,
822 2217 876 2264 et
905 2216 1159 2280 apertum
1189 2207 1430 2265 dedisset
1456 2222 1809 2279 responsum;
1841 2206 1939 2263 sed
1980 2206 2125 2278 apud

533 2300 691 2369 tales,
718 2317 832 2358 non
859 2300 990 2358 satis
1020 2300 1232 2358 fuisset.

602 2396 800 2451 Flexus
822 2411 952 2467 ergo
989 2394 1301 2467 Heinricus,
1342 2394 1624 2451 Pataviam
1646 2393 1917 2451 hostiliter
1940 2394 2123 2467 ingre-

532 2487 703 2556 ditur,
731 2497 809 2558 et,
831 2489 1069 2546 Herodis
1091 2491 1229 2559 vice,
1256 2487 1609 2545 confundens
1627 2488 1821 2561 fasque
1845 2487 2127 2559 nefasque,

534 2598 634 2653 pro
662 2583 814 2640 libito
857 2591 1055 2655 cuneta
1097 2598 1387 2654 peragens,
1417 2582 1750 2638 criminosas
1782 2597 2028 2654 quosque
2053 2582 2124 2637 ab

530 2677 805 2749 episcOpio
827 2678 1031 2749 pulsos,
1054 2676 1218 2733 rebus
1246 2684 1301 2732 et
1324 2676 1685 2746 dignitatibus
1713 2677 1827 2732 suis
1856 2676 2118 2732 restituit.

530 2771 652 2839 Quo
683 2770 990 2838 recedente,
1017 2787 1145 2826 cum
1177 2769 1317 2826 facta
1340 2769 1584 2826 crudelia
1611 2768 1806 2825 fratres
1835 2769 1906 2826 de
1932 2771 1989 2825 S.
2025 2769 2121 2825 Ni-

527 2865 704 2932 colao,
733 2864 828 2937 qui
852 2865 911 2919 in
941 2864 1204 2920 suburbio
1232 2863 1467 2919 civitatis
1494 2863 1777 2919 constituti
1806 2863 2121 2935 religiosam

526 2958 696 3015 vitam
724 2958 978 3031 agebant,
1029 2957 1236 3028 pariter
1262 2956 1692 3023 detestarentur,
1736 2974 1769 3012 a
1812 2956 2122 3012 fautoribus

527 3051 770 3109 Heiurici
810 3052 880 3109 de
917 3051 1257 3108 monasterio
1286 3044 1552 3109 violenter
1599 3050 1857 3117 extracti,
1908 3050 2121 3121 publice

527 3145 652 3203 cesi
671 3155 727 3202 et
752 3146 821 3203 de
851 3145 1057 3203 ﬁnibus
1080 3145 1188 3202 illis
1214 3153 1346 3202 sunt
1372 3145 1569 3217 ejecti;
1600 3143 1904 3201 substantia
1925 3158 2120 3199 eorum

526 3240 841 3312 raptoribus
867 3239 1032 3298 cedit.

599 3334 930 3392 Prmvalente
957 3333 1139 3405 itaque
1162 3332 1473 3405 iniquitate,
1489 3329 2117 3389 B.Altmannusdesede

526 3444 624 3485 sua
652 3436 878 3501 propter
895 3426 1421 3500 justitiamjejectus,
1447 3426 1506 3482 in
1552 3426 1850 3483 Saxoniam
1880 3426 2117 3496 patriam

525 3538 682 3580 suam
704 3521 1014 3579 revertitur.
1037 3524 1169 3577 Post
1192 3520 1333 3592 hac,
1355 3519 1493 3575 adiit
1506 3519 1699 3575 limina
1718 3520 2116 3590 apostolorum,

526 3626 580 3673 et
605 3632 833 3672 causam
861 3616 984 3679 vite,
1022 3622 1079 3671 et
1111 3614 1367 3671 ordinem
1412 3613 1629 3685 injuria:
1669 3614 1935 3684 Gregorio
1964 3628 2119 3684 papae

528 3709 769 3765 seriatim
827 3707 1068 3779 exponit.
1111 3709 1183 3761 Et
1234 3707 1365 3777 quia
1410 3706 1579 3761 sancti
1628 3707 1831 3778 quique
1869 3714 2121 3763 verentur

526 3802 716 3858 omnia
766 3816 931 3872 opera
974 3815 1094 3867 sua,
1133 3799 1512 3871 episcopatum
1549 3798 1755 3855 domno
1788 3815 1938 3870 papa:
1982 3800 2116 3855 resi-

525 3894 742 3967 gnavit;
785 3893 892 3949 hoc
936 3891 1185 3948 offensus
1231 3892 1510 3963 scrupulo,
1542 3891 1693 3963 quod
1733 3892 1850 3963 ejus
1897 3892 2117 3947 investi-

525 3996 711 4044 turam
749 4003 780 4042 a
821 4002 992 4043 manu
1039 3985 1178 4042 laica
1206 3985 1526 4056 recepisset.
1578 3986 1825 4056 Cumque
1868 3986 2118 4056 aliquan-

526 4082 700 4153 tisper
763 4096 899 4153 papa
942 4080 1118 4135 lassus
1160 4078 1558 4149 requiesceret,
1606 4078 1697 4134 die
1746 4076 2012 4150 quadam,
2049 4095 2117 4135 eo

527 4175 588 4232 in
615 4174 855 4233 Ecclesia
894 4172 1097 4243 posito,
1142 4180 1199 4228 et
1238 4171 1308 4229 de
1333 4173 1391 4228 S.
1438 4172 1723 4228 Altmanni
1764 4173 2118 4229 restitutione

526 4284 656 4325 cum
704 4266 1078 4325 cardinalibus
1126 4265 1462 4335 conferente,
1521 4267 1614 4323 illo
1666 4283 1793 4341 νει-ρ
1845 4267 2116 4323 honorem

528 4362 666 4419 tanti
709 4361 893 4419 oneris
932 4361 1211 4418 humiliter
1240 4369 1534 4417 recusante
1561 4360 1816 4418 columba
1859 4360 2115 4433 quaedam

523 4464 723 4514 cuncta
762 4455 1000 4513 basilice
1028 4454 1145 4513 loca
1185 4454 1474 4521 oberrans,
1523 4454 1746 4511 tandem
1785 4454 1857 4510 ad
1888 4471 2115 4527 pauper-

2235 1944 2333 1984 suo
2381 1926 2603 2001 fugatur
2646 1936 2702 1984 et
2748 1931 3103 1984 Hermannus
3162 1927 3388 1999 quidam
3440 1924 3618 1982 frater
3670 1926 3814 1982 ducis

2236 2022 2486 2093 Luipoldi
2514 2021 2883 2079 substituitur.
2927 2025 2993 2076 In
3025 2022 3132 2077 hoc
3174 2020 3489 2077 maledictio
3523 2020 3582 2076 in
3623 2020 3812 2076 Iudam

2235 2115 2462 2186 prolata,
2536 2114 2591 2171 id
2642 2123 2745 2183 est,
2796 2117 3160 2184 episcopatum
3220 2115 3338 2183 ejus
3397 2116 3632 2184 accipiat
3690 2115 3814 2168 alter

2234 2208 2395 2278 (Psal.
2436 2209 2634 2279 cvm),
2661 2208 2821 2265 citius
2849 2208 3121 2278 completa
3160 2216 3263 2263 est.
3296 2207 3398 2262 Vix
3424 2208 3578 2262 enim
3608 2207 3813 2263 biennio

2233 2318 2361 2358 oves
2383 2302 2581 2358 alienas
2609 2301 2851 2359 totondit
2888 2309 2944 2357 et
2971 2301 3183 2367 mulsit,
3218 2309 3274 2357 et
3317 2301 3557 2371 pastoris
3603 2316 3811 2363 nomen,

2232 2396 2379 2467 quod
2417 2394 2551 2451 falso
2579 2396 2823 2469 gerebat,
2852 2410 2983 2451 cum
3013 2394 3121 2451 vita
3168 2394 3359 2449 ﬁnivit.
3391 2394 3614 2450 Dicitur
3642 2403 3814 2450 tamen

2232 2491 2287 2545 in
2317 2490 2570 2546 extremis
2619 2489 2937 2562 paenituisse
2963 2496 3019 2545 et
3057 2489 3384 2561 episcopalia
3427 2504 3665 2561 quaeque
3702 2488 3814 2544 Alt-

2232 2599 2436 2640 manno
2454 2584 2708 2656 episcopo
2728 2583 3053 2650 reddidisse,
3082 2592 3138 2638 et
3160 2582 3564 2639 absolutionem
3598 2581 3817 2637 anathe-

2232 2678 2391 2734 matis
2431 2677 2499 2733 ab
2538 2694 2603 2735 eo
2646 2678 2964 2749 suppliciter
3010 2677 3317 2749 requisisse.
3380 2675 3625 2733 Succedit
3666 2675 3812 2739 huic,

2230 2772 2462 2843 pecunia
2474 2780 2659 2829 tamen
2672 2771 3019 2843 impetrante,
3035 2771 3198 2827 Timo
3218 2772 3522 2826 canonicus
3540 2770 3814 2841 Winpur-

2228 2867 2432 2937 gensis,
2463 2875 2518 2922 et
2540 2868 2918 2937 episcopatum
2958 2880 3132 2936 usque
3168 2864 3237 2921 ad
3265 2864 3495 2920 Anesim
3535 2864 3812 2936 [Anam]

2230 2960 2376 3031 (467)
2418 2961 2647 3016 ﬂuvium
2689 2960 2871 3031 praedo
2916 2959 3202 3015 violentus
3251 2958 3544 3030 oppressit.
3596 2959 3813 3013 Sanctus

2229 3069 2359 3109 vero
2417 3054 2635 3125 praesul,
2702 3054 2983 3110 adnitente
3039 3053 3159 3125 prio
3208 3052 3455 3124 principe
3507 3051 3812 3117 marchione

2230 3146 2523 3217 Luipoldo,
2582 3147 2743 3219 hujus
2790 3146 3065 3218 Luipoldi,
3114 3146 3207 3218 qui
3262 3146 3425 3202 hodie
3463 3146 3808 3217 principatur,

2229 3255 2349 3308 avo,
2428 3241 2585 3312 cujus
2634 3239 2893 3297 nobilitas
2943 3240 3114 3312 pietas
3159 3248 3215 3295 et
3272 3239 3503 3295 ﬁdelitas
3557 3240 3812 3297 ditissima

2226 3350 2395 3405 usque
2424 3350 2567 3389 nunc
2604 3342 2817 3390 constat
2846 3332 3187 3397 haereditate,
3221 3334 3280 3388 in
3310 3332 3566 3389 orientali
3610 3332 3811 3404 provin-

2226 3428 2309 3483 cia
2347 3428 2557 3484 clerum
2595 3436 2649 3483 et
2687 3429 2947 3500 populum
2979 3435 3201 3484 strenue
3245 3425 3588 3499 gubernavit,
3630 3435 3679 3482 et
3721 3426 3806 3481 in-

2225 3522 2422 3579 choato
2448 3522 2600 3594 operi
2624 3522 2683 3578 in
2702 3531 2896 3578 monte
2932 3522 3311 3579 Kotvvikcensi
3353 3522 3742 3590 [Gotwicensi],
3775 3536 3806 3574 a

2226 3632 2336 3689 quo
2358 3632 2493 3673 eum
2522 3615 2673 3673 fraus
2705 3616 2915 3673 inimici
2958 3632 3053 3688 per
3082 3614 3397 3684 supradieta
3428 3616 3801 3687 impedimenta

2223 3710 2526 3782 praepedire
2570 3718 2896 3775 tentaverat,
2938 3709 3169 3767 devotus
3198 3710 3509 3783 invigilavit.

2296 3808 2357 3858 ln
2396 3821 2505 3877 quo
2543 3804 2685 3871 loco,
2716 3804 2850 3861 dum
2881 3802 3174 3876 aliquando
3221 3804 3520 3861 missarum
3550 3802 3795 3860 solemnia

2225 3898 2546 3965 celebraret,
2565 3907 2618 3955 et
2632 3898 2855 3971 quidam
2874 3898 3138 3955 diaconus
3154 3898 3481 3955 adventitius
3507 3906 3567 3954 et
3586 3897 3797 3953 sinistra:

2223 3989 2387 4048 fama:
2438 3993 2787 4065 Evangelium
2829 3992 3065 4049 lecturus
3105 3992 3549 4049 benedictionem
3593 3997 3793 4064 peteret,

2225 4086 2511 4158 episcopus
2538 4086 2739 4143 diutius
2780 4086 2999 4144 intuens
3040 4085 3497 4154 benedicendum,
3530 4086 3707 4142 stolam
3728 4081 3790 4136 de

2224 4180 2365 4236 collo
2388 4180 2508 4253 ejus
2528 4181 2758 4238 abstulit
2782 4190 2837 4237 et
2860 4181 2952 4236 alii
2972 4182 3151 4253 legere
3176 4181 3456 4252 praecepit.
3480 4178 3634 4237 Unde
3659 4182 3793 4249 patet

2224 4273 2371 4345 quod
2401 4273 2602 4347 aliquid
2633 4274 2703 4332 de
2743 4275 2834 4331 illo
2872 4274 3195 4331 revelatione
3220 4272 3490 4331 didiceret
3537 4271 3673 4346 quod
3704 4286 3791 4327 cz-

2223 4366 2321 4421 teri
2384 4366 2718 4423 nesciebant.
2770 4367 3043 4424 Confusus
3094 4367 3261 4423 miser
3323 4365 3639 4424 confusione
3685 4377 3791 4436 qua

2222 4459 2443 4515 adducit
2471 4469 2781 4532 peccatum,
2800 4478 2912 4517 non
2943 4459 3295 4528 confusione,
3325 4476 3450 4533 qua:
3474 4460 3695 4533 gloriam
3711 4455 3789 4512 ad-

522 4552 708 4609 culum
753 4558 810 4607 et
846 4548 1117 4606 humilem
1162 4548 1357 4621 Spiritu
1424 4548 1570 4604 venit
1614 4549 2004 4615 Altmannum,
2058 4557 2112 4604 et
2138 4556 2187 4617 D
2220 4553 2391 4621 ducit,
2420 4554 2489 4611 ad
2510 4556 2831 4611 Heinricum
2864 4570 3155 4627 pravorum
3184 4553 3461 4626 refugium
3494 4553 3666 4610 ﬁdens
3680 4566 3788 4607 eon-

523 4644 677 4716 quasi
702 4644 901 4701 diceret
936 4662 949 4697 :
990 4645 1112 4699 Haec
1151 4644 1363 4713 requies
1390 4659 1507 4698 mea
1538 4644 1597 4695 in
1638 4643 1890 4699 saecuhtm
1918 4645 2118 4707 swculi,

526 4740 610 4792 hic
652 4738 924 4800 habitabo,
973 4738 1231 4806 quoniam
1273 4738 1410 4806 elegi
1448 4753 1564 4790 eam
1593 4737 1755 4804 (Psal.
1790 4744 2035 4803 cxxxn);
2068 4745 2121 4792 et

522 4829 671 4902 quod
713 4828 963 4903 sequitur
1014 4850 1027 4884 :
1082 4831 1315 4887 Viduam
1361 4830 1494 4898 ejus,
1534 4829 1593 4886 id
1620 4839 1704 4887 est
1732 4830 2110 4887 Pataviensem

520 4924 823 4981 Ecclesiam
849 4922 1091 4995 legitimo
1118 4939 1322 4994 sponso
1342 4923 1649 4992 viduatam,
1691 4925 1997 4981 benedicens
2016 4925 2108 4980 be-

518 5020 780 5082 nedicam,
818 5024 868 5071 et
893 5034 1155 5087 pauperes
1195 5017 1310 5086 ejus
1347 5020 1600 5073 saturabo
1625 5020 1855 5088 panibus
1900 5020 2108 5089 (Ibid),

490 5111 679 5183 (capiti
713 5110 973 5168 antistitis
1004 5110 1229 5169 insedit.
1269 5112 1496 5168 Cunctis
1526 5112 1840 5170 videntibus
1862 5120 1918 5168 et
1946 5113 2107 5169 intel-

515 5206 807 5277 ligentibus
836 5206 1075 5278 signum,
1116 5221 1255 5277 papa
1299 5205 1377 5261 nil
1415 5215 1724 5276 cunctatus,
1772 5207 1996 5263 mitram
2039 5206 2109 5264 de

512 5300 692 5370 capite
739 5316 841 5357 suo
897 5298 1128 5367 tollens,
1179 5300 1298 5371 ejus
1354 5301 1512 5373 capiti
1560 5299 1843 5372 imposuit,
1891 5301 2106 5373 episco-

510 5409 753 5466 pumque
782 5410 846 5452 ac
870 5396 1144 5451 Romanae
1165 5392 1315 5451 sedis
1346 5393 1590 5466 legatum
1622 5396 1981 5462 constituens,
2013 5413 2105 5452 au-

508 5494 769 5559 ctumque
817 5487 1210 5545 benedictione
1254 5487 1471 5551 remisit
1518 5488 1575 5544 in
1644 5472 1915 5561 propria,
1944 5491 2102 5563 quasi

505 5578 707 5636 diceret
731 5578 954 5635 abeunti
986 5597 999 5633 ;
1025 5582 1155 5635 Ecce
1184 5596 1273 5649 ego
1313 5582 1467 5635 mitto
1496 5594 1588 5635 vos
1630 5584 1767 5637 sicut
1798 5597 1913 5637 oues
1963 5583 2103 5637 inter

515 5668 671 5738 lupos
692 5667 907 5737 (Matth.
930 5671 1016 5733 x);
1034 5671 1242 5723 manete
1262 5670 1319 5721 in
1334 5668 1611 5723 dilectione
1634 5684 1760 5725 mea
1782 5670 1957 5740 (Joau.
1974 5674 2098 5737 xv).

574 5793 715 5861 (466)
742 5796 905 5847 Anno
936 5796 1084 5851 10.80
1106 5790 1227 5848 vide
1256 5793 1458 5847 Baron.
1490 5791 1597 5847 hoc
1622 5806 1769 5847 anno
1801 5799 1954 5849 n.l7.

2229 4646 2401 4719 fugit;
2429 4656 2483 4703 et
2504 4650 2693 4705 volens
2711 4648 2985 4705 criminari
3016 4649 3337 4720 episcopum
3356 4657 3413 4705 et
3448 4646 3657 4713 fratres,
3680 4659 3785 4701 cum

2229 4740 2501 4798 audientia
2519 4742 2862 4814 judicaretur
2880 4742 3159 4815 indignus,
3182 4746 3299 4799 Deo
3316 4738 3628 4807 ulciscente,
3649 4736 3782 4810 pessi-

2220 4850 2307 4890 ma
2335 4845 2687 4908 peccatorum
2719 4845 2895 4893 morte
2923 4837 3185 4893 multatus
3213 4844 3314 4893 est.

2290 4931 2359 4985 Et
2385 4930 2508 5002 quia
2538 4938 2787 5003 tempora
2816 4930 3093 4988 instabant
3140 4930 3450 5001 periculosa
3487 4938 3542 4986 et
3569 4929 3780 4986 schisma

2217 5038 2381 5094 grave
2409 5024 2733 5092 increverat,
2774 5024 2922 5095 quod
2952 5024 3127 5097 prima
3157 5024 3337 5096 capita
3367 5022 3583 5096 imperii
3609 5035 3779 5096 genue-

2217 5124 2338 5172 rant
2367 5125 2423 5173 et
2459 5117 2527 5174 ad
2556 5118 2957 5174 incrementum
2998 5118 3239 5190 quotidie
3277 5118 3557 5183 fovebant,
3609 5113 3778 5189 placuit

2219 5213 2355 5278 Deo,
2396 5212 2490 5283 qui
2518 5212 2808 5269 consulere
2836 5229 2950 5269 non
2972 5220 3153 5269 cessat
3188 5212 3473 5277 universis,
3500 5209 3572 5267 ad
3596 5208 3771 5266 conﬁr-

2215 5304 2475 5362 mandam
2517 5304 2881 5362 vacillantium
2928 5305 3119 5373 ﬁdem,
3167 5296 3382 5365 d'ecenti
3427 5305 3580 5378 signo
3624 5303 3774 5359 famn—

2214 5396 2327 5453 lum
2353 5396 2643 5468 honorare,
2674 5408 2730 5455 et
2755 5399 3094 5457 catholicum
3124 5400 3443 5457 ministrum
3472 5414 3628 5455 suum
3664 5392 3775 5449 tide-

2213 5490 2354 5547 libus
2400 5491 2708 5565 quibusque
2759 5493 3170 5552 commendare.
3214 5496 3555 5564 Praeceperat
3600 5489 3770 5561 quippe

2212 5580 2484 5651 pincerna:
2510 5600 2611 5640 suo
2650 5591 2873 5655 propter
2898 5584 3195 5640 arctiorem
3226 5591 3286 5639 et
3323 5580 3654 5638 secretiorem
3680 5572 3761 5628 ab-

2210 5672 2527 5729 stinentiam
2566 5689 2767 5746 aquam
2811 5673 2917 5729 sibi
2950 5673 3007 5729 in
3050 5688 3236 5730 mensa
3280 5684 3549 5743 apponere
3592 5672 3658 5729 οι,
3700 5670 3756 5712 ⁸⁸

570 5868 717 5930 (467)
767 5863 907 5920 Vide
934 5862 1142 5921 Hundii
1170 5870 1409 5933 metrop.
1456 5863 1519 5918 in
1545 5862 1809 5935 Catalogo
1849 5865 2094 5938 episcop.
2127 5869 2584 5928 Passaviensium.
