4048 6174
296 239 392 293 881

1199 240 1483 297 APPEND.
1525 240 1609 296 lli.
1652 267 1723 283 --
1758 238 2170 298 MONUMENTA
2212 242 2669 301 GREGOBIANA.

3482 256 3586 311 882

296 362 421 418 sciri
446 369 650 434 posset,
665 377 860 434 spuma
890 364 1165 421 cerevisiaa
1180 366 1417 436 operire.
1440 366 1597 422 Fecit
1624 364 1711 420 ille
1739 363 1889 437 quod
1916 370 1975 459 Ad,
1997 366 2143 438 scopi
2167 368 2679 439 comminationem,
2713 372 3006 428 revertitur
3030 373 3196 429 miser
3222 374 3290 431 ad
3317 377 3586 433 vomitum

291 455 388 512 sibi
444 456 777 527 imperatum
819 455 1018 513 fuerat.
1052 459 1232 527 Quam
1258 474 1385 515 cum
1439 459 1525 514 vir
1554 466 1779 515 sanctus
1808 458 1890 514 ori

290 548 640 617 admovisset,
674 549 842 605 sensit
871 550 1062 607 vinum
1105 561 1160 608 et
1186 552 1466 625 optimum
1496 552 1634 608 illud
1680 552 1887 607 vinum.

290 646 501 699 Putans
529 651 719 699 autem
756 643 1077 715 pincernam
1106 646 1213 702 sibi
1246 646 1498 715 illusisse,
1528 655 1893 718 transgresso-

288 753 405 793 rem
434 736 592 793 valde
620 736 918 809 indignans
943 739 1209 811 increpat.
1244 743 1448 796 Verum
1471 740 1562 796 ille
1591 739 1886 796 horrendis

279 831 619 904 juramentis
656 831 807 903 quod
834 832 939 888 sibi
956 832 1177 905 jussum
1202 833 1384 890 fuerat
1410 834 1729 906 apposuisse
1758 850 1889 890 con-

290 924 495 981 ﬁrmat.
525 925 825 997 Episcopus
843 926 1069 998 quidem
1098 943 1217 984 rem
1244 928 1421 991 celare
1446 928 1617 999 cupit,
1646 927 1742 984 sed
1770 929 1886 999 pin-

286 1035 449 1075 cerna
479 1019 756 1075 sublatum
780 1018 848 1075 de
887 1034 1077 1076 mensa
1110 1022 1367 1093 poculum
1425 1021 1560 1093 quid
1603 1021 1887 1093 episcopus

287 1113 501 1169 biberet
519 1120 681 1185 gustu
703 1114 904 1169 certius
924 1114 1194 1186 explorat.
1230 1118 1301 1170 Et
1327 1114 1419 1169 hic
1440 1113 1803 1186 postmodum
1832 1115 1884 1171 in

285 1206 669 1263 Kotwikcensi
733 1206 1114 1277 [Gotwicensi]
1163 1209 1511 1264 monasterio
1581 1208 1885 1264 monachus

283 1300 469 1357 factus
497 1315 616 1356 rem
648 1300 840 1357 ordine
874 1301 1066 1369 refert,
1094 1309 1156 1357 ut
1192 1302 1282 1357 ille
1309 1302 1668 1359 benedicatur
1686 1303 1740 1358 in
1766 1318 1885 1358 om-

280 1394 444 1451 nibus
472 1395 567 1466 qui
597 1393 668 1449 ad
701 1395 935 1467 gloriam
964 1403 1284 1452 sanctorum
1312 1411 1539 1452 suorum
1563 1405 1620 1451 et
1646 1395 1717 1452 ad
1745 1412 1879 1452 con-

286 1487 661 1544 ﬁrmationem
686 1496 743 1544 et
775 1489 1217 1545 consolationem
1245 1490 1732 1561 pusillanimorum
1752 1490 1883 1547 facit

281 1581 560 1637 mirabilia
590 1597 790 1653 magna
823 1582 977 1638 solus
1002 1584 1168 1648 (Psal.
1200 1590 1382 1647 an).

359 1674 555 1734 Adhuc
584 1674 653 1731 ad
682 1675 901 1731 laudem
931 1676 1029 1731 Dei
1072 1676 1138 1732 de
1162 1675 1371 1733 famulo
1398 1678 1501 1733 Dei
1533 1677 1741 1748 aliquid
1766 1693 1879 1733 non

1996 472 2159 517 annm
2206 471 2263 518 et
2288 464 2484 521 eodem
2512 473 2797 521 momento
2841 464 3009 522 etiam
3038 466 3352 526 damonem
3381 472 3588 542 patitur

1995 556 2342 612 acerrimum.
2387 561 2602 614 Rursus
2628 559 2713 614 vir
2742 568 2968 615 sanctus
2995 562 3272 618 miserans
3300 564 3585 632 miserum,

1998 646 2215 705 hostem
2253 652 2533 708 consuetis
2568 653 2737 708 armis
2761 653 3075 725 aggreditur
3098 663 3263 728 atque
3286 657 3588 730 triumphat

1996 748 2053 796 et
2079 742 2148 797 ab
2187 742 2369 799 ofﬁcio
2417 745 2602 801 altaris
2637 746 2933 803 liberatum
2971 757 3243 817 removet,
3287 750 3493 807 iterum
3534 762 3587 808 et

1997 835 2195 891 iterum
2242 836 2310 892 de
2348 836 2586 894 nefando
2633 854 2798 910 opere
2834 850 3083 896 sanatum
3130 858 3491 901 commonens
3531 856 3586 901 et

1996 943 2339 1000 promovens.
2374 931 2482 1000 Qui
2508 933 2831 1003 perterritus
2858 950 2957 1005 pro
2981 936 3194 991 recenti
3223 935 3460 1010 ﬂagello,
3486 939 3584 995 ali-

1993 1031 2204 1094 quanto
2231 1031 2481 1097 tempore
2515 1026 2753 1082 abstinet
2775 1043 2805 1082 a
2846 1036 3093 1099 peccato.
3144 1030 3272 1099 Sed,
3315 1031 3453 1101 proh
3482 1031 3580 1087 do-

1994 1116 2106 1173 lor!
2140 1117 2303 1190 longa
2347 1133 2541 1175 rursus
2577 1120 2752 1175 victus
2792 1121 3216 1190 consuetudine,
3248 1132 3373 1195 post
3401 1141 3583 1183 exces-

1990 1227 2114 1267 sum
2136 1212 2674 1284 episcopi,relabitur
2693 1214 2747 1270 in
2765 1223 3071 1287 peccatum.
3092 1218 3264 1288 Ergo,
3285 1219 3584 1276 secundum

1989 1320 2179 1361 vocem
2223 1307 2468 1374 Domini,
2515 1307 2786 1380 malignus
2831 1307 3055 1380 spiritus
3116 1324 3403 1366 assumens
3450 1311 3586 1369 alios

1989 1408 2199 1470 septem
2222 1400 2447 1471 spiritus
2465 1402 2761 1473 nequiores
2787 1418 2845 1458 se
2876 1403 3093 1467 (Matth.
3118 1406 3254 1471 xu),
3284 1404 3492 1460 intrant
3517 1407 3585 1461 ad

1989 1500 2300 1563 peccantem
2324 1502 2379 1549 et
2406 1494 2697 1551 crudeliter
2724 1504 2887 1551 nocte
2921 1512 2984 1551 ac
3014 1496 3102 1552 die
3134 1506 3415 1565 vexantes,
3447 1515 3587 1571 qua:-

1988 1601 2093 1656 que
2118 1587 2295 1658 turpia
2324 1596 2379 1642 et
2414 1586 2620 1643 nefaria
2649 1588 2720 1643 ab
2758 1604 2823 1644 eo
2862 1600 3012 1661 gesta
3052 1606 3149 1646 ore
3178 1607 3280 1647 suo
3309 1592 3585 1664 captivum

1994 1678 2148 1734 fateri
2191 1680 2550 1751 compellunt.
2597 1682 2892 1753 Stringitur
2944 1684 3163 1754 ejulans
3215 1683 3304 1739 ille
3356 1687 3586 1742 vinculis

281 1769 627 1826 fastidientes
666 1768 913 1841 accipite.
955 1769 1091 1841 Quis
1120 1771 1264 1825 enim
1294 1769 1542 1827 fastidiat
1580 1742 1879 1843 signatam
1914 1742 1960 1803 Β
1992 1742 2339 1841 durioribus;
2386 1775 2668 1847 conjectus
2721 1742 2777 1830 in
2823 1742 3075 1832 custodia
3127 1776 3437 1844 hominum,
3494 1781 3586 1851 qui

276 1862 513 1936 insignia
539 1879 665 1935 qua:
683 1862 1044 1919 invisibilium
1070 1864 1366 1920 adstruunt
1388 1864 1557 1920 ﬁdem
1576 1871 1632 1920 et
1649 1864 1887 1935 probant

277 1958 383 2013 Dei
428 1972 545 2012 non
586 1954 855 2014 defecisse
904 1957 1207 2013 virtutem?
1250 1957 1488 2027 Recede,
1519 1973 1553 2014 o
1596 1958 1882 2029 insipiens,

273 2051 370 2123 qui
400 2050 537 2106 dicis
582 2051 637 2106 in
676 2050 841 2107 corde
880 2060 996 2117 tuo,
1027 2052 1154 2108 Non
1182 2060 1267 2107 est
1308 2056 1457 2108 Deus
1505 2051 1665 2117 (Psal.
1713 2056 1882 2120 x111),

274 2153 335 2199 et
359 2145 456 2215 qui
484 2152 637 2200 tanta
662 2143 893 2216 perﬁdia
922 2144 1154 2201 insultas
1180 2144 1372 2201 dicens
1412 2166 1425 2200 2
1464 2145 1576 2202 Ubi
1605 2154 1689 2201 est
1733 2148 1884 2202 Deus

275 2242 449 2293 tuus?
480 2239 643 2304 (Psal.
682 2240 878 2308 cxm.)
918 2242 1057 2294 Ecce
1089 2242 1148 2294 in
1176 2243 1363 2294 sancto
1388 2239 1603 2295 habitat
1645 2238 1770 2294 laus
1796 2243 1879 2295 Is-

273 2331 398 2386 rael
427 2332 590 2402 (Psal.
636 2336 788 2398 χχι).
826 2334 889 2387 In
934 2340 1128 2388 sancto
1156 2349 1258 2389 suo
1286 2348 1409 2404 quae
1448 2332 1598 2389 vides
1626 2342 1884 2404 operatur

276 2431 456 2483 Deus.
490 2425 545 2481 Si
566 2426 654 2481 ille
682 2441 794 2481 non
822 2424 982 2489 adsit,
1005 2426 1142 2497 quid
1168 2426 1331 2483 faciet
1356 2426 1565 2483 homo?
1593 2427 1736 2496 Quid
1761 2436 1884 2499 aget

271 2520 478 2593 pulvis,
511 2519 604 2591 qui
650 2518 859 2575 dictum
910 2520 1012 2575 sibi
1040 2520 1197 2575 novit
1229 2536 1261 2577 a
1292 2520 1531 2576 Domino
1577 2541 1590 2575 :
1635 2522 1766 2576 Sine
1800 2538 1883 2575 me

272 2616 419 2669 nihil
445 2616 669 2684 potestis
697 2615 879 2680 facere
914 2617 1095 2679 (Joan.
1146 2621 1261 2681 xv).
1296 2614 1448 2671 Scito
1492 2630 1624 2686 ergo
1655 2629 1794 2681 esse,
1826 2623 1881 2670 et

275 2707 474 2763 adesse
502 2709 686 2762 Deum
733 2706 825 2778 qui
854 2715 1112 2778 operatur
1151 2722 1277 2778 quae
1307 2708 1517 2779 operari
1562 2723 1675 2764 non
1701 2715 1879 2777 potest

273 2802 469 2857 homo.
498 2799 660 2869 Quod
680 2800 723 2855 si
746 2808 904 2870 putas
926 2799 1076 2872 quod
1096 2799 1204 2854 hoc
1223 2807 1482 2870 operetur
1497 2799 1688 2867 homo,
1712 2798 1879 2865 vade,

270 2903 331 2952 et
356 2904 417 2950 tu
458 2893 546 2950 fac
575 2893 861 2961 similiter;
908 2894 1123 2964 impera
1160 2892 1528 2959 daemonibus,
1557 2901 1612 2948 et
1654 2894 1877 2948 illorum

268 2988 527 3060 experire
553 2987 942 3044 obedientiam.
976 2986 1120 3056 Quid
1157 2986 1200 3041 si
1231 2986 1565 3043 restiterim?
1591 2987 1744 3043 illum
1783 3001 1874 3041 ve-

1991 1865 2300 1923 custodiam
2328 1866 2682 1924 demeruerat
2718 1869 3062 1940 angelorum.
3088 1870 3336 1927 Tandem
3384 1872 3442 1926 in
3489 1888 3584 1928 an-

1990 1960 2330 2017 nuntiatione
2372 1961 2687 2028 Dominica,
2716 1962 2970 2032 precibus
3009 1963 3247 2020 fratrum
3284 1982 3315 2020 a
3341 1964 3583 2038 maligno

1988 2053 2182 2124 spiritu
2205 2055 2294 2109 vix
2323 2062 2558 2126 ereptus,
2591 2064 2646 2110 et
2670 2064 2795 2127 post
2818 2055 3070 2111 triduum
3101 2058 3224 2113 oleo
3251 2073 3408 2113 sacro
3436 2059 3585 2114 inun-

1988 2156 2108 2203 ctus
2131 2156 2188 2203 et
2211 2163 2443 2219 corpore
2468 2148 2669 2205 Christi
2698 2148 2967 2217 munitus,
2994 2149 3310 2206 terribiliter
3338 2150 3582 2223 ﬂagella-

1991 2249 2079 2296 tus
2117 2239 2446 2313 defungitur.
2500 2239 2785 2297 Credimus
2831 2240 2983 2313 quod
3021 2241 3216 2298 traditi
3264 2243 3480 2300 Satanm
3528 2245 3583 2300 in

1990 2334 2271 2390 interitum
2302 2334 2502 2403 carnis,
2548 2335 2777 2407 spiritus
2804 2335 2986 2391 salvus
3019 2334 3115 2392 ﬁat
3143 2336 3201 2392 in
3239 2335 3330 2393 die
3354 2336 3585 2394 Domini

1992 2431 2039 2492 (Ι
2062 2429 2177 2485 Cor.
2206 2431 2289 2497 ν).

2059 2521 2215 2576 Alter
2239 2522 2407 2576 etiam
2431 2521 2653 2593 quidam
2684 2523 2918 2578 clericus
2938 2522 3180 2593 pessimo
3209 2522 3446 2589 dmmoni
3474 2533 3586 2582 tra-

1987 2613 2156 2679 ditus,
2218 2614 2290 2669 ita
2340 2622 2402 2669 ut
2452 2614 2535 2669 vix
2580 2615 2770 2685 aliquis
2814 2630 2980 2670 sanus
3009 2615 3180 2670 insani
3223 2631 3423 2673 manus
3461 2634 3587 2674 eva-

1985 2707 2162 2773 deret,
2189 2707 2259 2762 ab
2277 2706 2532 2779 episcopo
2550 2706 2897 2775 benedictus,
2926 2716 2981 2763 et
3006 2723 3038 2763 a
3054 2708 3307 2765 daemone
3328 2709 3585 2768 liberatus

1985 2808 2040 2855 et
2066 2800 2317 2871 pristina
2344 2800 2561 2855 sanitati
2592 2808 2674 2855 est
2701 2801 3004 2856 restitutus.

2055 2893 2216 2949 Unus
2261 2908 2325 2948 ex
2358 2891 2643 2961 fratribus,
2703 2891 3087 2963 prolixioribus
3144 2893 3482 2951 orationibus
3530 2906 3585 2953 et

1983 2986 2233 3056 plurimis
2260 2985 2732 3058 genuflexionibus
2756 2987 3029 3042 instanter
3052 2985 3295 3055 deditus,
3320 3002 3492 3060 usque
3514 2990 3582 3046 ad

266 3098 492 3150 nerare,
532 3082 794 3154 illumque
834 3080 1062 3137 devotus
1089 3082 1425 3151 amplectere
1449 3081 1503 3135 in
1545 3097 1658 3153 quo
1706 3085 1876 3152 Deus,
1911 3120 1952 3179 Ο
1986 3066 2429 3152 desperationem
2472 3079 2680 3135 ﬂuxum
2718 3079 3002 3152 sanguinis
3030 3080 3274 3136 incurrit.
3308 3081 3415 3137 Hie
3447 3084 3579 3138 mis-

268 3185 328 3233 et
356 3192 458 3248 per
485 3192 651 3248 quem
683 3182 946 3246 operatur
977 3174 1126 3230 talia.
1160 3174 1345 3243 Quare
1382 3173 1589 3231 Judaais
1617 3191 1675 3231 es
1722 3175 1876 3231 dete-

266 3272 427 3326 rior?
458 3270 538 3324 llli
572 3270 793 3325 aiebant
820 3268 888 3325 de
912 3268 1136 3325 Christo
1165 3288 1180 3322 :
1208 3271 1271 3325 Si
1300 3285 1404 3323 non
1442 3274 1575 3324 esset
1603 3270 1690 3324 hic
1719 3271 1875 3326 homo

267 3383 307 3419 a
337 3368 471 3425 Deo,
509 3379 613 3417 non
639 3368 851 3433 poterat
881 3365 1056 3430 facere
1096 3362 1393 3433 quidquam
1420 3365 1595 3429 (Joan.
1626 3365 1736 3431 ιχ).
1770 3364 1871 3420 Sed

264 3467 466 3513 tamen
494 3456 638 3521 audi,
669 3464 725 3511 et
750 3472 781 3510 a
805 3464 897 3511 tua
918 3455 1299 3512 incredulitate
1322 3464 1663 3511 convertere.
1688 3458 1875 3526 Quan-

266 3551 464 3622 doque
507 3549 722 3605 astabat
761 3558 950 3605 sancto
979 3550 1141 3605 altari
1193 3550 1485 3622 episcopus
1531 3549 1874 3606 venerandus

268 3645 473 3700 missas
492 3643 885 3699 celebraturus.
910 3642 1081 3698 Audit
1104 3650 1229 3713 post
1247 3658 1305 3698 se
1329 3643 1734 3700 dmmoniosum
1757 3644 1876 3701 hor-

268 3738 511 3794 ribiliter
539 3737 596 3791 in
639 3735 865 3793 ecclesia
905 3735 1327 3793 vociferantem.
1368 3738 1680 3808 lnterrogat
1706 3738 1869 3810 quid-

270 3848 405 3887 nam
437 3831 544 3886 hoc
589 3831 678 3886 sit.
712 3829 963 3886 Indicant
990 3838 1234 3886 astantes
1278 3831 1561 3887 hominem
1599 3832 1671 3887 ibi
1701 3833 1870 3889 atroci

267 3925 531 3983 daemone
578 3924 785 3989 vexari,
836 3931 893 3979 et
948 3925 1035 3978 vix
1088 3925 1314 3997 ligatum
1366 3940 1398 3979 a
1435 3925 1626 3980 multis
1673 3928 1866 3981 teneri.

268 4018 443 4076 Iubet
487 4019 683 4090 prmsul
726 4017 797 4073 ad
842 4017 1144 4089 hospitium
1176 4033 1480 4089 pauperum
1518 4034 1642 4074 vere
1673 4018 1868 4075 adduci

268 4128 597 4186 pauperem,
637 4121 693 4167 et
733 4110 916 4167 cibum
946 4111 990 4165 ei
1039 4111 1097 4166 in
1125 4110 1356 4167 nomine
1390 4111 1616 4166 Domini
1646 4114 1868 4183 apponi.

272 4212 320 4262 Α
352 4222 465 4277 quo
492 4205 720 4277 spiritus
746 4219 983 4277 nequam
1013 4204 1303 4260 confestim
1333 4204 1576 4272 recessit,
1607 4213 1664 4261 et
1704 4204 1871 4261 homo

271 4315 448 4355 sanus
478 4299 545 4354 ad
577 4298 790 4369 propria
820 4299 1094 4353 remeavit.

1986 3188 2079 3228 sus
2121 3173 2190 3230 ad
2234 3173 2574 3245 episcopum,
2603 3173 2721 3245 ejus
2769 3174 2978 3229 meruit
3023 3172 3482 3242 benedictionem,
3526 3183 3581 3232 et

1980 3283 2108 3323 cum
2134 3266 2511 3322 benedictione
2556 3267 2815 3322 continuo
2846 3267 3185 3338 sospitatem.

2052 3361 2210 3416 Alius
2242 3361 2379 3415 item
2408 3359 2577 3415 frater
2623 3360 2790 3415 etiam
2818 3360 3075 3431 precibus
3106 3370 3161 3417 et
3189 3361 3579 3434 genuﬁexioni-

1980 3455 2085 3510 bus
2116 3469 2277 3524 supra
2312 3454 2457 3509 vires
2479 3453 2745 3523 intentus,
2768 3453 3015 3509 vitalium
3053 3454 3248 3510 incidit
3268 3465 3574 3528 rupturam.

1980 3548 2081 3618 Qui
2110 3547 2361 3603 similiter
2399 3546 2781 3604 benedictione
2808 3548 3048 3619 episcopi
3086 3550 3327 3616 curatus,
3350 3549 3417 3605 ad
3447 3564 3578 3606 suos

1979 3658 2108 3698 cum
2135 3640 2336 3713 gaudio
2364 3656 2621 3698 reversus
2649 3648 2751 3697 est.

2051 3737 2332 3805 Quantum
2378 3734 2676 3806 periculum
2720 3734 2791 3790 sit
2835 3734 3059 3791 mentiri
3099 3734 3327 3808 Spiritui
3361 3745 3571 3807 sancto,

1978 3831 2188 3902 primus
2218 3837 2406 3901 pastor
2424 3827 2683 3885 Ecclesiae
2707 3828 2838 3884 satis
2856 3827 3177 3896 declaravit,
3196 3845 3325 3885 cum
3354 3830 3410 3885 in
3438 3836 3577 3887 Ana-

1977 3924 2066 3979 nia
2097 3931 2151 3979 et
2176 3921 2403 3994 Saphira
2435 3930 2722 3991 peccatum
2756 3920 2861 3976 hoc
2888 3921 3167 3992 repentina
3196 3930 3378 3978 morte
3403 3924 3569 3979 casti.

1979 4018 2127 4089 gavit
2174 4019 2314 4083 (Act.
2342 4021 2445 4082 v.).
2481 4016 2618 4086 Quia
2656 4030 2788 4086 ergo
2836 4023 3060 4070 sanctus
3109 4015 3244 4086 iste,
3292 4029 3477 4072 verum
3517 4032 3576 4074 se

1977 4111 2212 4181 Spiritus
2257 4110 2429 4165 sancti
2470 4108 2776 4180 praabuerat
2827 4107 3223 4175 habitaculum,
3272 4110 3471 4166 merito
3519 4111 3573 4166 in

1980 4204 2305 4259 mentientes
2333 4204 2437 4258 sibi
2469 4202 2741 4258 Dominus
2778 4202 3078 4271 ulciscitur,
3117 4202 3205 4258 cui
3237 4202 3403 4259 etiam
3433 4205 3570 4259 Pro-

1980 4296 2144 4366 pheta
2206 4294 2341 4351 dicit
2390 4310 2402 4346 :
2456 4295 2648 4350 Perdes
2701 4311 2882 4350 omnes
2924 4298 3019 4365 qui
3088 4298 3385 4365 loquuntur
3429 4313 3573 4352 men-

345 4392 492 4448 Volo
518 4389 722 4463 adhuc,
752 4407 785 4447 o
813 4391 1115 4457 incredule,
1146 4390 1373 4463 aliquid,
1406 4390 1557 4462 quod
1590 4392 1873 4447 convincat
1977 4391 2190 4444 ductum
2235 4389 2401 4455 (Psal.
2451 4390 2532 4458 v).
2588 4388 2788 4443 Comes
2840 4387 3063 4459 quidam
3112 4389 3282 4458 partis
3329 4389 3570 4445 Heinriei

272 4486 489 4542 famulo
518 4486 616 4541 Dei
633 4501 734 4540 nec
758 4485 1056 4556 prophetiae
1073 4484 1323 4555 spiritum
1346 4484 1601 4549 defuisse,
1630 4485 1758 4541 licet
1781 4487 1868 4541 in~
1904 4486 1955 4548 D
1986 4485 2131 4555 regis
2144 4482 2293 4539 venit
2307 4481 2371 4537 ad
2394 4482 2717 4554 episcopum
2746 4494 2871 4536 cum
2895 4481 3214 4553 juramento
3243 4483 3573 4554 promittens

272 4588 494 4653 gratum
552 4579 673 4643 tibi,
720 4593 990 4633 enarrare.
1044 4578 1283 4634 Clericus
1328 4578 1572 4649 quidam,
1619 4578 1871 4635 daemone

272 4676 495 4746 plenus,
537 4671 607 4727 ad
631 4686 761 4727 eum
796 4679 882 4727 est
906 4670 1191 4726 adductus.
1238 4672 1351 4737 llle,
1388 4674 1706 4728 continuata
1744 4688 1867 4728 ora-

273 4770 433 4823 tione
452 4766 634 4822 acrius
648 4766 874 4829 instans,
895 4764 1207 4820 daemonem
1230 4763 1458 4836 fugavit,
1479 4780 1542 4820 ac
1562 4774 1867 4836 peccatum,

274 4861 436 4933 cujus
449 4874 613 4915 causa
637 4858 764 4914 huic
792 4858 1079 4915 immundo
1109 4857 1321 4929 spiritui
1350 4858 1646 4928 permissus
1671 4858 1866 4924 fuerat,

276 4953 587 5009 interdixit.
617 4951 888 5017 Praedixit,
924 4953 969 5006 si
1006 4952 1502 5022 peccatumiteret,
1533 4952 1679 5023 quod
1708 4952 1865 5009 itere-

275 5055 371 5102 tur
406 5047 461 5100 in
485 5061 611 5101 eum
652 5046 913 5101 continuo
941 5045 1145 5116 peccati
1174 5044 1524 5116 supplicium,
1553 5046 1871 5118 praecipiens

278 5149 343 5197 ut
370 5141 429 5194 in
466 5139 704 5195 claustro
729 5155 857 5195 cum
887 5138 1147 5196 fratribus
1176 5139 1303 5194 vita:
1331 5154 1390 5195 se
1418 5138 1597 5196 tradat
1632 5140 1867 5195 meliori.

275 5236 483 5290 Petunt
514 5241 637 5304 post
662 5232 779 5289 haec
806 5232 998 5288 fratres
1025 5233 1343 5304 episcopum
1386 5241 1447 5289 ut
1484 5248 1612 5289 eum
1654 5249 1875 5304 promo-

280 5335 408 5384 veat
424 5327 480 5382 in
504 5326 885 5399 presbyterum
897 5369 910 5383 .
923 5326 1222 5397 Aitprazsul
1242 5327 1346 5381 hoc
1370 5326 1446 5381 illi
1466 5342 1582 5382 non
1597 5326 1868 5399 expedire.

281 5423 481 5477 Victus
507 5430 693 5501 tamen
718 5421 916 5493 pietate
958 5418 1212 5484 fratrum,
1264 5428 1449 5492 rogata
1478 5420 1743 5492 indulget,
1777 5420 1876 5477 sed

288 5515 391 5573 sub
420 5515 822 5571 contestatione
852 5513 1002 5586 quod
1035 5513 1275 5569 terribile
1320 5513 1424 5569 Dei
1464 5529 1576 5575 non
1622 5514 1875 5571 evaderet

278 5606 573 5679 judicium.
601 5609 647 5663 si
677 5623 787 5664 non
815 5616 1035 5664 caveret
1064 5606 1415 5664 interdictum
1439 5606 1546 5663 sibi
1568 5616 1869 5680 peccatum.

285 5701 510 5772 Aliquot
552 5702 720 5773 igitur
748 5702 904 5758 annis
927 5701 1140 5759 devitat
1169 5709 1477 5772 peccatum,
1501 5703 1569 5764 {et
1592 5710 1875 5773 acceptum

287 5791 520 5851 honeste
568 5796 806 5868 complet
847 5794 1108 5853 ofﬁcium.
1158 5795 1446 5867 Negligens
1491 5796 1712 5854 tandem
1763 5796 1872 5868 epi-

708 6012 741 6035 δ

1983 4577 2301 4633 ﬁdelitatem
2330 4584 2386 4632 et
2409 4574 2755 4631 famulatum.
2781 4574 3079 4646 Conspexit
3099 4574 3190 4630 ille
3212 4574 3356 4632 forte
3371 4591 3571 4648 agmen

1979 4670 2263 4727 cornicum
2302 4678 2658 4741 precatusque
2684 4675 2768 4723 est
2794 4666 2894 4724 sibi
2923 4667 3132 4734 dicens,
3161 4677 3243 4736 ut,
3280 4678 3416 4741 quot
3443 4685 3570 4726 cor-

1979 4766 2128 4819 nices
2157 4772 2426 4830 cerneret,
2463 4770 2549 4817 tot
2575 4761 2860 4817 daemones
2899 4761 3022 4833 ejus
3051 4761 3293 4818 animam
3332 4763 3571 4835 posside-

1979 4866 2120 4923 rent,
2170 4856 2214 4911 si
2270 4854 2434 4911 ﬁdem
2478 4854 2804 4926 promissam
2843 4869 2955 4910 non
2990 4864 3253 4911 servaret.
3306 4856 3411 4912 Sed
3456 4872 3567 4913 non

1978 4950 2153 5005 multo
2196 4957 2320 5021 post
2359 4948 2634 5020 pmnitens
2686 4948 2959 5020 promissi,
2998 4947 3069 5004 ad
3112 4950 3427 5006 Heinricum
3472 4950 3570 5005 ho-

1978 5051 2121 5099 stem
2162 5041 2423 5098 Ecclesim
2467 5041 2611 5098 redit
2648 5041 2762 5113 ipse
2802 5041 2994 5098 hostis.
3054 5044 3232 5112 Quem
3282 5042 3567 5115 episcopus

1978 5137 2320 5193 anathemate
2339 5137 2707 5202 cauterizans,
2727 5135 2930 5207 probro
2950 5134 3194 5208 perﬁdiae
3214 5152 3330 5193 suae
3346 5136 3573 5209 insigni-

1979 5241 2120 5300 tum,
2141 5230 2345 5288 divinae
2371 5231 2637 5303 permittit
2662 5229 2880 5287 ultioni.
2906 5233 3019 5287 Nec
3038 5245 3214 5285 mora.
3240 5232 3311 5285 Et
3330 5230 3417 5285 illa
3432 5228 3576 5293 fferit

1980 5341 2158 5381 reum.
2188 5323 2469 5396 Siquidem
2498 5324 2777 5394 inopinate
2798 5323 2869 5380 ab
2910 5323 3165 5381 hostibus
3184 5323 3573 5392 circumfusus,

1982 5418 2281 5489 multisque
2329 5416 2607 5475 sauciatus
2642 5418 2980 5486 vulneribus,
3020 5424 3079 5473 et
3110 5425 3394 5473 truncatus
3432 5431 3577 5490 pene

1980 5511 2217 5579 femore,
2248 5511 2377 5583 quia
2396 5510 2800 5567 claudicaverat
2815 5526 2843 5566 a
2866 5510 3248 5582 promissione,
3282 5511 3341 5566 in
3358 5511 3575 5582 signum

1980 5600 2425 5677 transgressionis
2464 5620 2577 5662 suae
2604 5605 2673 5661 ab
2709 5620 2774 5661 eo
2801 5604 2891 5661 die
2918 5619 2981 5659 ac
3019 5602 3273 5674 deinceps
3300 5602 3576 5659 claudica-

1979 5701 2053 5757 vit
2103 5699 2259 5772 pede.
2308 5700 2539 5756 Miratur
2586 5697 2708 5770 quis
2754 5712 2826 5751 an
2873 5696 2961 5751 illa
2998 5696 3075 5751 in’
3102 5712 3168 5752 eo
3194 5696 3471 5765 completa
3504 5696 3577 5750 sit

1987 5795 2335 5868 imprecatio,
2380 5808 2544 5865 quam
2598 5792 2766 5845 miser
2805 5788 2898 5844 ille
2944 5790 3270 5860 imprecatus
3306 5794 3390 5842 est
3432 5787 3576 5847 sibi?
