4048 6174
480 226 583 281 883

1483 218 1574 274 AD
1614 217 1838 275 OPERA
1878 218 1933 273 S.
1976 214 2293 272 GREGORII
2330 215 2763 272 APPENDICES.

3664 214 3766 270 884

402 386 409 387 ί
488 351 601 422 Ego
626 348 787 421 plane
821 359 936 403 non
972 342 1284 416 negaverim
1314 342 1410 414 qui
1438 357 1551 399 non
1587 340 1849 415 ignoroin
1874 341 2069 414 pleris-
2097 344 2153 410 Α
2184 340 2478 398 animabus
2503 341 2642 410 suis,
2668 337 2765 396 sed
2782 339 2838 394 in
2861 337 3051 394 castris
3080 337 3189 394 tuis
3215 336 3513 394 victoribus
3534 334 3641 393 ﬁde
3662 335 3773 394 for-

485 460 593 517 que
620 442 798 499 multo
821 449 1067 511 tempore
1090 436 1369 493 daemonia
1400 436 1622 494 latuisse
1654 443 1831 503 muta,
1860 435 2081 492 multos-

486 551 591 610 que
635 533 872 591 deterius
923 547 956 586 a
996 528 1343 587 daemonibus
1384 529 1566 585 vexari
1623 528 1775 585 intus
1822 543 1994 602 quam
2030 528 2075 584 si

485 630 928 697 discerperentur
951 622 1108 693 foris.

553 722 768 791 Quanta
822 733 951 775 vero
1006 717 1310 773 constantia
1356 724 1615 774 strenuus
1669 725 1858 788 pastor
1921 716 2079 788 lupos

481 814 645 888 hujus
681 811 868 870 saeculi
912 828 943 867 a
993 810 1300 882 direptione
1352 826 1539 867 rerum
1590 810 2078 867 ecclesiasticarum

478 906 816 982 represserit,
854 921 981 965 cum
1022 904 1176 961 nullo
1206 912 1500 976 parentum
1523 905 1811 977 juvaretur
1857 904 2077 973 auxilio,

483 1003 567 1059 vel
605 1002 872 1069 consilio,
927 999 1173 1071 subjecto
1220 998 1471 1070 exemplo
1527 1000 1895 1071 cognoscitur.
1966 1001 2081 1055 Nec

482 1106 673 1155 tamen
702 1103 820 1153 erat
841 1094 1014 1162 solus,
1044 1094 1137 1149 cui
1166 1107 1386 1164 semper
1420 1091 1609 1148 aderat
1634 1096 1803 1150 Deus.
1834 1093 2001 1151 Unde
2027 1080 2081 1147 et

483 1206 609 1248 vere
635 1189 847 1246 dicebat
886 1208 899 1243 :
932 1190 1039 1257 Qui
1056 1203 1141 1242 me
1161 1189 1331 1250 misit,
1358 1202 1560 1242 mecum
1599 1191 1696 1253 est,
1734 1192 1785 1242 et
1810 1204 1917 1243 non
1947 1189 2077 1242 reli-

483 1288 607 1356 quit
632 1300 712 1339 me
730 1284 935 1349 solum;
967 1284 1098 1351 quia.
1128 1297 1249 1351 quae
1264 1281 1472 1351 placita
1490 1285 1617 1335 sunt
1637 1283 1688 1336 ei
1706 1283 1851 1349 facio
1875 1297 2080 1351 semper

484 1381 659 1444 (Joan.
686 1377 842 1447 VIII).
887 1378 951 1431 Et
980 1373 1114 1431 illud
1142 1375 1199 1428 in
1227 1374 1441 1445 psalmo
1472 1390 1488 1427 :
1516 1378 1721 1431 Bonum
1759 1380 1837 1431 est
1860 1391 2079 1445 sperare

483 1479 543 1527 in
572 1474 799 1529 Domino
816 1485 981 1541 quam
1001 1484 1218 1539 sperare
1232 1469 1291 1523 in
1307 1470 1641 1539 pn'wwipz‘bus
1666 1470 1837 1534 (Psal.
1856 1472 2075 1535 cxvu).

484 1568 616 1621 Erat
658 1562 886 1635 quidam
936 1562 1205 1634 praedives
1231 1569 1285 1618 et
1331 1561 1527 1617 nobilis
1562 1562 1666 1631 vir,
1700 1562 1792 1634 qui
1836 1561 2078 1618 defuncti

487 1657 666 1715 fratris
693 1656 777 1713 sui
817 1655 1164 1723 beneﬁcium,
1192 1655 1339 1727 quod
1372 1655 1442 1711 ab
1483 1658 1743 1728 episcopo
1776 1664 2081 1729 receperat,

483 1751 635 1822 quasi
680 1747 1029 1806 haereditario
1066 1749 1214 1821 jure,
1270 1750 1576 1821 usurpavit;
1627 1749 1918 1822 episcopus
1956 1749 2083 1822 jure

483 1843 782 1900 Provincia
807 1842 1157 1900 contradicit.
1199 1844 1274 1899 At
1296 1842 1381 1899 ille
1409 1859 1537 1900 cum
1562 1842 1759 1916 injuria
1781 1851 1954 1899 tentat
1970 1844 2082 1899 tol—

480 1939 594 1995 lere
634 1936 786 2010 quod
812 1953 941 1995 cum
973 1937 1186 2010 justitia
1225 1953 1337 1993 non
1386 1945 1614 2009 poterat.
1640 1938 1881 1993 Sustinet
1898 1952 2084 1995 servus

484 2032 586 2089 Dei
616 2030 685 2087 ad
713 2039 932 2102 tempus
959 2029 1249 2087 hominem
1279 2047 1542 2087 vesanum
1566 2030 1703 2087 dans
1731 2040 1787 2086 et
1815 2039 2011 2103 optans
2035 2032 2082 2087 ei

482 2125 673 2181 locum
714 2123 1069 2195 paenitentiae.
1102 2123 1201 2179 Illo
1230 2123 1284 2179 in
1330 2123 1535 2179 malitia
1572 2132 1973 2195 perseverante,
1998 2125 2082 2197 ja-

485 2217 610 2273 culo
639 2215 1003 2273 anathematis
1042 2215 1355 2273 vindicavit.
1400 2217 1569 2289 Cujus
1609 2217 2081 2282 communionem,

482 2326 613 2367 cum
651 2311 850 2383 quique
876 2309 1121 2381 religiosi
1147 2308 1486 2368 declinarent
1523 2318 1579 2366 et
1605 2312 1701 2383 qui
1731 2311 1893 2383 primi
1928 2321 2086 2368 erant

483 2404 765 2461 orientalis
814 2404 1133 2475 provincias,
1180 2403 1504 2461 verecundia
1545 2413 1602 2461 et
1629 2413 1955 2461 cunctorum
1993 2421 2084 2461 ex-

485 2497 832 2570 probratione
862 2504 1109 2569 cogente,
1139 2497 1197 2552 in
1228 2497 1352 2553 villa
1377 2500 1434 2554 S.
1468 2497 1748 2570 Hippolyti
1768 2498 2081 2570 episcopum

485 2589 640 2657 adiit,
670 2591 802 2646 etin
829 2588 1104 2661 profunda
1134 2589 1254 2646 nive
1285 2599 1413 2647 ante
1444 2590 1609 2662 pedes
1632 2591 1750 2665 ejus
1782 2600 2084 2664 prostratus

466 2692 541 2740 ret
565 2684 792 2755 supplex
817 2681 1147 2751 diutissime,
1192 2683 1477 2740 satisfecit.
1520 2687 1635 2741 Nec
1670 2694 1859 2742 tamen
1886 2685 2087 2742 meruit

485 2776 1015 2843 reconciliationem,
1062 2776 1239 2833 donec
1268 2777 1481 2847 villam,
1523 2794 1646 2849 quae
1697 2778 2090 2836 Batoldesdorf

486 2869 717 2937 dicitur,
742 2867 1043 2925 tradiditin
1062 2870 1182 2943 ejus
1200 2871 1484 2943 episcopii,
1510 2880 1567 2927 et
1587 2874 1668 2928 sic
1684 2871 1915 2929 demum
1943 2874 2082 2929 mul-

484 2971 674 3021 torum
712 2962 983 3020 nobilium
1040 2963 1297 3035 precibus
1343 2965 1434 3021 vix
1482 2966 2007 3035 intervenientibus,
2050 2983 2080 3022 a

416 3082 429 3088 η
487 3058 706 3114 vinculo
731 3058 1324 3114 excommunicationis
1348 3059 1636 3115 absolutus
1653 3068 1753 3115 est.
1782 3066 2079 3132 Acceptam

2188 436 2358 492 tiores
2379 434 2565 492 devoti
2593 431 2993 490 occubuerunt.

2262 529 2458 586 Secuta
2496 536 2581 585 est
2613 536 2801 585 autem
2825 534 3068 599 stragem
3106 526 3272 581 istam
3308 524 3485 581 fames
3510 523 3773 593 maxime,

2188 632 2249 680 ut
2267 623 2456 679 ﬁdeles
2479 638 2610 680 suos
2638 621 2915 678 Dominus
2942 618 3284 691 experiretur
3312 618 3370 674 in
3387 617 3650 690 operibus
3677 618 3775 673 mi-

2189 716 2524 786 sericordiae,
2551 731 2687 788 quos
2710 716 2842 771 satis
2884 712 3345 785 comprobaverat
3372 713 3428 768 in
3456 711 3778 769 fortitudine

2187 811 2538 869 constantiae.
2576 809 2725 866 Nihil
2770 809 2871 864 sibi
2898 809 2957 864 in
2980 807 3081 864 hac
3106 807 3428 863 necessitate
3467 809 3636 863 Pater
3666 805 3781 862 Alt-

2188 920 2428 962 manuus
2446 904 2691 971 retinuit,
2721 918 2894 975 usque
2913 902 2983 959 ad
3002 902 3185 973 ipsum
3207 900 3499 957 linteamen
3523 908 3781 957 cimctam

2186 999 2449 1072 episcopii
2473 997 2900 1070 suppellectilem
2921 994 3185 1063 vendidit,
3211 993 3656 1067 etindigentibus
3685 995 3770 1050 dis

2187 1094 2401 1149 tribuit.
2452 1091 2615 1149 Unde
2663 1107 2882 1165 quoque
2931 1092 3092 1145 Pater
3119 1103 3421 1161 pauperum
3449 1088 3639 1144 dictus
3685 1096 3784 1145 est.

2189 1187 2467 1259 Praecipue
2522 1195 2711 1241 tamen
2769 1185 2823 1240 in
2871 1193 3059 1240 monte
3110 1182 3488 1254 Kotwigcensi
3549 1182 3786 1252 plurima

2189 1281 2357 1337 millia
2388 1294 2693 1352 pauperum
2723 1294 2752 1334 a
2786 1277 2950 1334 famis
2977 1276 3217 1349 periculo
3242 1276 3607 1332 conservavit.

2263 1376 2443 1444 Quam
2471 1389 2600 1430 vero
2629 1372 2950 1445 negotiosus
2992 1370 3163 1427 fuerit
3205 1369 3263 1425 in
3290 1385 3455 1426 causa
3502 1369 3785 1435 Ecclesiae,

2189 1486 2310 1544 quae
2332 1476 2580 1539 tempore
2601 1482 2701 1523 suo
2731 1473 2885 1522 tanto
2908 1464 3130 1521 turbine
3159 1461 3628 1529 confundebatur,
3659 1460 3791 1518 indi-

2189 1573 2318 1621 cant
2338 1562 2579 1635 epistolae
2606 1569 2724 1617 tam
2738 1560 2931 1617 crebro
2968 1559 3037 1615 ad
3062 1574 3190 1614 eum
3216 1572 3249 1613 a
3272 1556 3503 1613 domino
3542 1573 3689 1629 papa
3716 1556 3789 1613 di-

2192 1666 2380 1715 recta.
2412 1659 2475 1712 In
2516 1655 2714 1728 quibus
2759 1656 2905 1710 inter
2932 1653 3037 1709 alia
3079 1652 3252 1708 etiam
3281 1651 3387 1707 hoc
3415 1651 3714 1707 consulere
3741 1657 3791 1706 et

2192 1751 2501 1825 signiﬁcare
2534 1764 2672 1821 papa
2708 1747 2943 1815 videtur,
2986 1754 3049 1800 ut
3077 1760 3200 1817 quas
3228 1745 3287 1800 in
3315 1752 3433 1800 tam
3466 1744 3790 1817 gravissima

2190 1855 2392 1903 sanctae
2412 1842 2675 1901 Ecclesiae
2694 1840 3107 1914 perturbatione
3120 1837 3461 1895 dissimulari
3482 1854 3551 1894 ac
3568 1837 3791 1894 tolerari

2193 1941 2539 2011 aliquatenus
2577 1943 2829 2008 possent,
2869 1950 2981 1989 non
3010 1931 3223 1989 sublata
3250 1932 3484 2003 penitus,
3518 1932 3615 1987 sed
3659 1940 3792 1988 tem-

2196 2040 2375 2105 perata
2399 2030 2735 2086 districtione
2754 2029 3075 2100 quiescant:
3104 2042 3230 2081 cum
3259 2032 3467 2093 autem,
3487 2024 3789 2081 miserante

2196 2130 2333 2195 Deo,
2370 2124 2594 2180 victoria
2626 2131 2683 2179 et
2710 2138 2814 2194 pax
2853 2120 3108 2177 Ecclesiae
3137 2118 3352 2175 reddita
3377 2117 3567 2185 fuerit,
3596 2117 3672 2175 de
3706 2134 3789 2174 re-

2192 2218 2591 2292 dintegratione
2608 2217 2857 2289 justitiae,
2890 2223 3161 2286 quantum
3190 2212 3312 2284 ipso
3340 2213 3649 2269 auxiliante
3675 2227 3795 2284 pos.

2193 2314 2351 2370 sibile
2380 2310 2561 2379 fuerit,
2591 2310 2825 2366 sollicite
2854 2309 3095 2381 cogitare
3112 2316 3169 2362 et
3200 2306 3334 2363 totis
3362 2306 3571 2362 viribus
3600 2306 3792 2362 elabo-

2192 2423 2333 2471 rare.
2354 2406 2497 2462 Hinc
2524 2403 2826 2476 capitulum
2855 2401 2991 2458 illud
3015 2401 3083 2458 de
3110 2400 3498 2457 incontinentia
3530 2400 3793 2456 sacerdo-

2192 2511 2310 2557 tum
2335 2517 2365 2556 a
2410 2508 2527 2554 tam
2558 2498 2761 2553 invicto
2812 2502 3215 2568 propugnatore
3237 2494 3502 2550 castitatis
3526 2493 3796 2549 dissimu—

2195 2596 2391 2661 latum,
2414 2609 2525 2648 non
2546 2591 2909 2663 approbatum
2931 2588 3218 2645 remansit.

2268 2693 2437 2745 Porro
2457 2693 2729 2758 quantum
2758 2682 3000 2740 Ecclesia
3028 2681 3367 2740 Pataviensis
3385 2680 3504 2753 ejus
3526 2680 3795 2751 praesula-

2194 2791 2285 2839 tus
2323 2790 2571 2853 tempore
2614 2780 2673 2833 in
2714 2776 3221 2834 constructionibus
3272 2784 3329 2831 et
3357 2775 3797 2831 correctionibus

2194 2875 2659 2932 monasteriorum
2688 2880 2747 2928 et
2774 2870 3065 2927 structuris
3094 2878 3150 2926 et
3178 2868 3513 2925 ornamentis
3532 2869 3794 2925 ecclesia-

2194 2986 2337 3037 rum,
2380 2977 2437 3024 et
2464 2967 2754 3023 honestate
2794 2965 3176 3020 ministrorum
3207 2962 3499 3035 profecerit
3521 2961 3793 3029 dicerem,

2189 3065 2236 3119 si
2266 3077 2377 3118 non
2399 3059 2795 3117 contradiceret
2823 3074 2889 3115 ex
2920 3074 3117 3130 magna
3140 3064 3294 3129 parte
3320 3064 3528 3124 status,
3562 3056 3686 3112 imo
3710 3073 3795 3113 ca-

488 3159 676 3209 autem
705 3151 991 3224 episcopus
1036 3151 1233 3208 villam
1272 3151 1542 3225 delegavit
1592 3169 1754 3225 super
1794 3124 1968 3211 altare
2014 3158 2077 3210 Β.
2116 3124 2161 3187 C
2193 3173 2285 3211 sus
2326 3170 2510 3211 rerum
2558 3153 2929 3225 praesentium.
2964 3124 3041 3209 Et
3079 3124 3269 3207 tamen
3310 3165 3414 3222 ego
3457 3150 3797 3207 vermiculus

486 3246 679 3302 Mariae
706 3246 758 3300 in
783 3245 1165 3317 Kotwigcensi
1191 3244 1565 3319 [Gotwicensi]
1592 3248 1867 3304 coenobio.

558 3343 708 3395 Inter
748 3337 867 3395 haec
905 3339 1153 3396 marchio
1202 3340 1536 3411 Luipoldus,
1585 3342 1928 3398 coadunatus
1974 3343 2083 3413 pri-

412 3444 413 3449 ‘
487 3433 737 3491 moribus
772 3432 888 3490 suis
929 3433 988 3488 in
1031 3432 1190 3498 villa,
1233 3449 1360 3505 quae
1402 3435 1579 3490 Tulna
1628 3434 1849 3506 dicitur,
1884 3435 2080 3492 abhor-

487 3542 614 3583 rens
648 3526 1001 3598 tyrannidem
1051 3526 1299 3583 Heinrici
1346 3528 1491 3600 regis
1526 3537 1583 3583 et
1610 3528 1850 3585 schisma
1872 3571 1886 3595 ,
1929 3530 2085 3602 cujus

489 3628 683 3676 auctor
730 3618 908 3675 factus
954 3618 1168 3687 fuerat,
1218 3619 1534 3677 dominium
1580 3622 1697 3693 ejus
1726 3623 2085 3694 jurejurando

490 3712 748 3782 abnegat,
803 3727 996 3767 omnes
1040 3711 1289 3768 fautores
1316 3713 1435 3785 ejus
1462 3712 1530 3770 de
1575 3716 1862 3771 Provincia
1912 3717 2084 3787 pellit,

488 3803 804 3876 apostolicae
858 3819 988 3860 vero
1037 3803 1158 3861 sedi
1203 3813 1260 3860 et
1335 3805 1455 3877 ejus
1534 3807 1709 3878 legato
1782 3809 2086 3866 Altmanno

490 3895 812 3954 obedientes
867 3896 999 3952 totis
1057 3897 1265 3952 viribus
1316 3896 1467 3953 fovet
1532 3907 1588 3954 et
1634 3901 1890 3973 protegit.
1938 3903 2084 3971 Qua-

492 3998 717 4063 propter
785 4005 881 4046 rex
957 3990 1037 4045 ira
1101 4004 1424 4058 succensus,
1488 3991 1795 4048 marcbiam
1844 3994 2088 4065 ejusdem

492 4083 747 4157 Luipoldi
775 4082 1109 4140 contradidit
1132 4084 1270 4140 Duci
1297 4084 1660 4142 Bmmiorum.
1690 4086 1776 4143 Nil
1804 4087 1895 4144 ille
1922 4088 2086 4145 distu-

420 4204 428 4210 -
494 4180 574 4243 lit,
609 4176 706 4233 sed
738 4177 971 4233 collecto
998 4185 1114 4233 tam
1144 4178 1214 4233 de
1240 4194 1338 4234 sua
1364 4195 1529 4250 quam
1554 4178 1621 4236 de
1650 4181 1839 4237 vicinis
1862 4184 2087 4253 provin-

496 4272 594 4327 ciis
609 4271 951 4343 permaximo
971 4272 1236 4341 exercitu,
1257 4272 1328 4329 ad
1344 4271 1481 4329 ﬁnes
1496 4274 1831 4331 marchionis
1846 4275 2087 4333 advenit.

494 4368 607 4423 Nec
643 4364 732 4421 ille
766 4365 987 4438 segnior
1014 4381 1143 4422 cum
1175 4367 1330 4422 omni
1358 4367 1560 4438 populo
1586 4384 1689 4425 suo
1712 4370 1768 4424 in
1810 4370 1951 4439 loco,
1997 4372 2091 4442 qui

2191 3249 2473 3306 neminem
2502 3248 2558 3302 in
2599 3247 2703 3302 hac
2734 3254 2885 3318 parte
2914 3246 3117 3318 judico.
3164 3245 3303 3314 Quis
3347 3244 3499 3300 enim
3528 3259 3662 3300 sum
3706 3244 3796 3315 qui

2182 3344 2430 3416 judicem
2456 3341 2700 3397 alienum
2726 3343 2986 3395 servum?
3017 3355 3119 3395 suo
3147 3338 3393 3394 Domino
3416 3344 3549 3406 stat,
3576 3346 3679 3393 aut
3708 3353 3796 3393 ca-

2191 3437 2272 3494 dit
2293 3441 2465 3504 (Rom.
2494 3435 2649 3507 xrv).
2676 3437 2797 3505 Ipse
2816 3433 2964 3489 enim
2984 3440 3208 3489 sanctus
3225 3432 3515 3503 episcopus
3537 3440 3797 3502 tempore

2190 3530 2484 3604 Reginari,
2515 3530 2606 3601 qui
2634 3528 2828 3585 tertius
2856 3534 2981 3599 post
3019 3527 3198 3599 ipsum
3241 3526 3519 3591 successit,
3568 3541 3797 3597 permu-

2192 3625 2465 3681 tationem
2492 3623 2730 3679 melioris
2749 3629 2922 3678 status
2941 3622 2995 3676 in
3009 3620 3274 3677 eumdem
3296 3620 3609 3676 antistitem
3633 3620 3797 3675 citius

2191 3716 2597 3783 vindicandam,
2630 3715 2843 3772 cuidam
2871 3714 3127 3787 religioso
3157 3713 3310 3769 fratri
3339 3713 3582 3769 revelare
3607 3712 3798 3786 digna-

2194 3820 2284 3867 tus
2313 3819 2416 3866 est.
2448 3809 2749 3865 Videbatur
2777 3808 2855 3864 illi
2884 3808 3033 3880 quod
3063 3810 3261 3863 Romae
3283 3814 3424 3862 esset
3452 3806 3506 3861 in
3535 3806 3795 3873 concilio,

2196 3913 2252 3961 et
2279 3907 2344 3959 Β.
2376 3903 2740 3959 Altmannum
2771 3901 2978 3959 eximio
3016 3902 3164 3957 cultu
3210 3916 3339 3957 cum
3371 3900 3641 3973 episcopis
3671 3900 3797 3973 plu-

2196 3997 2346 4053 ribus
2363 3996 2659 4055 infulatum
2677 3996 2787 4052 illic
2809 3996 3070 4052 assidere.
3097 3996 3202 4063 Qui
3226 3997 3585 4067 consurgens,
3613 4002 3789 4049 stans,

2197 4106 2304 4163 que
2329 4091 2385 4146 in
2414 4089 2596 4146 medio
2620 4105 2652 4144 a
2677 4088 2909 4145 domino
2936 4103 3074 4159 papa
3097 4087 3232 4158 petit
3247 4086 3577 4144 advocatum
3599 4100 3786 4141 causa

2196 4200 2329 4241 suae.
2376 4187 2498 4256 Quo
2530 4190 2778 4254 accepto,
2806 4182 3087 4253 querelam
3112 4180 3375 4253 proponit
3417 4179 3487 4235 de
3512 4178 3789 4251 Reginam

2197 4279 2471 4350 episcopo,
2500 4291 2744 4332 asserens
2771 4291 2898 4330 eum
2923 4274 3303 4331 Pataviensem
3322 4274 3707 4345 episcopatum
3738 4273 3797 4329 in

2200 4371 2460 4427 coenobiis
2496 4385 2560 4426 ac
2589 4368 2862 4441 parocbiis
2890 4370 3098 4440 Optime
3132 4368 3461 4439 dispositum
3491 4368 3798 4435 invenisse,

495 4458 824 4517 Meurberch
854 4459 1071 4528 dicitur,
1105 4459 1358 4517 hostibus
1384 4462 1642 4517 occurrit.
1670 4462 1774 4518 Sed
1813 4463 1949 4533 proh
1995 4463 2095 4519 do-
2122 4488 2170 4550 ι)
2201 4465 2317 4537 ejus
2335 4479 2465 4519 vero
2485 4462 2816 4535 negligentia
2839 4471 3095 4518 cunctam
3126 4476 3263 4532 pene
3297 4460 3624 4531 religionem
3645 4460 3705 4516 in
3733 4476 3800 4518 eo

497 4554 606 4609 lor!
671 4554 740 4609 ab
781 4552 1108 4610 adversariis
1160 4555 1419 4627 inspirate
1455 4555 1889 4624 circumventus,
1931 4572 2089 4621 cum,

496 4645 720 4702 turbato
748 4647 1015 4714 exercitu,
1063 4647 1122 4702 in
1168 4649 1344 4704 aciem
1373 4664 1430 4703 se
1460 4649 1711 4721 colligere
1739 4664 2089 4723 nequaquam

498 4747 741 4811 possent,
772 4738 897 4796 fuso
926 4739 1076 4811 prius
1111 4742 1368 4813 utrinque
1408 4743 1586 4799 multo
1628 4743 1893 4816 sanguine
1916 4744 2091 4801 hostis

499 4833 804 4906 praevaluit.
848 4835 983 4888 Haec
1024 4841 1155 4889 sunt
1177 4834 1385 4907 judicia
1427 4844 1542 4905 tua,
1573 4838 1833 4895 Domine.
1876 4839 1967 4895 Sic
1993 4846 2087 4908 tu,

500 4926 774 4994 Domine,
822 4934 1003 4996 taces,
1051 4927 1223 4998 impio
1276 4931 1637 4987 conculcante
1674 4932 1966 5002 justiorem
2009 4948 2085 4989 se.

502 5019 763 5093 Nunquid
792 5020 1182 5077 victrixlcausa
1210 5022 1309 5077 tibi
1350 5022 1591 5094 placuit?
1623 5024 1677 5079 Si
1711 5025 1943 5096 placuit,
1974 5042 2089 5082 non

501 5112 575 5170 ad
590 5113 1141 5186 vincentium’placuit
1161 5115 1417 5182 salutem,
1439 5116 1537 5172 sed
1561 5116 1630 5172 ad
1648 5116 2085 5175 damnationem.

500 5207 591 5264 Sic
630 5207 783 5263 enim
821 5206 1166 5279 perditorum
1193 5207 1382 5279 perﬁci
1424 5208 1557 5264 sinis
1588 5208 1973 5281 perditionem,
2013 5212 2090 5269 sic

499 5316 596 5358 eos
619 5316 779 5359 ruere
801 5300 937 5357 facis
960 5301 1019 5356 in
1044 5309 1200 5357 tuam
1231 5301 1637 5359 severissimam
1667 5304 2085 5364 districtionem.

496 5395 636 5452 Victi
675 5402 860 5452 autem
902 5410 1063 5451 causa
1111 5395 1257 5451 haud
1286 5394 1521 5452 dubium
1570 5398 1665 5454 tibi
1698 5399 1934 5471 placuit,
1964 5401 2089 5473 quia

495 5488 725 5546 meliore
743 5488 1036 5547 devotione
1049 5489 1190 5547 circa
1214 5490 1510 5547 Ecclesiam
1530 5500 1681 5548 tuam
1697 5501 1753 5549 et
1767 5496 2089 5552 Romanum

492 5583 815 5657 pontiﬁcem
843 5592 965 5641 tam
1005 5600 1230 5657 gravem
1259 5584 1471 5641 hostem
1497 5587 1825 5644 exacerbare
1860 5604 1973 5644 non
2010 5589 2088 5644 ti-

493 5685 782 5735 muerunt.
809 5680 878 5735 Et
900 5677 1028 5751 quia
1056 5679 1352 5751 putabant,
1385 5679 1716 5753 obsequium
1740 5697 1799 5737 se
1828 5690 2087 5752 praestare

490 5770 618 5840 tibi,
676 5773 722 5829 si
762 5773 950 5831 hostes
994 5781 1123 5830 tuos
1150 5774 1562 5847 repressissent,
1595 5791 1707 5831 non
1737 5786 2089 5847 pepercerunt

2199 4557 2518 4630 deperiisse.
2571 4555 2761 4613 Stabat
2805 4563 2989 4611 autem
3022 4555 3332 4627 Reginarus
3358 4564 3507 4611 retro
3540 4569 3575 4609 a
3635 4554 3800 4627 longe

2197 4651 2536 4724 perterritus.
2566 4649 2777 4720 Quaerit
2805 4649 3134 4721 apostolicus
3161 4664 3323 4720 super
3350 4647 3453 4703 hac
3481 4662 3539 4703 re
3570 4647 3644 4703 ab
3672 4649 3803 4721 epi-

2196 4746 2374 4818 scopis
2393 4746 2727 4802 sententiam
2750 4786 2764 4814 ,
2788 4761 2889 4801 nec
2927 4744 3090 4799 aliam
3117 4760 3281 4816 quam
3302 4743 3682 4800 damnationis
3709 4759 3797 4799 ac.

2196 4841 2339 4912 cepit
2366 4840 2434 4896 ab
2449 4838 2722 4896 omnibus.
2745 4838 2955 4895 Eodem
2982 4854 3113 4911 ergo
3138 4854 3281 4895 anno
3310 4838 3457 4894 idem
3484 4838 3803 4910 Reginarus

2198 4933 2571 4991 inﬁrmitatem
2594 4932 2805 5000 incidit,
2839 4932 2896 4988 in
2926 4947 3032 5003 qua
3061 4933 3228 4988 etiam
3251 4946 3423 5004 usque
3450 4931 3519 4987 ad
3547 4941 3800 4990 mortem

2198 5027 2531 5099 perduravit.

2271 5124 2428 5177 Nunc
2456 5135 2583 5192 ergo
2616 5133 2780 5189 quem
2808 5119 2977 5175 ﬁnem
3018 5119 3163 5186 vitae,
3202 5120 3386 5174 verius
3426 5126 3617 5175 autem
3645 5119 3802 5191 quod

2198 5214 2527 5286 principium
2566 5214 2694 5269 vita:
2723 5213 2952 5269 sortitus
2971 5213 3044 5269 sit
3080 5213 3275 5269 beatus
3303 5213 3405 5281 vir,
3432 5213 3797 5284 explicemus.

2198 5309 2356 5366 Sicut
2372 5308 2513 5364 enim
2542 5307 2813 5377 scriptum
2842 5315 2927 5363 est
2953 5325 2968 5363 :
2999 5307 3130 5363 Cum
3155 5310 3601 5364 consummaverit
3618 5309 3798 5371 homo.

2200 5407 2326 5457 tunc
2356 5404 2545 5472 incipit
2571 5402 2760 5470 (Eccle.
2811 5405 3012 5469 xvm).
3045 5402 3362 5458 Transactis
3404 5401 3570 5474 igitur
3597 5401 3654 5457 in
3678 5402 3801 5472 epi-

2195 5504 2421 5566 scopatu
2450 5508 2602 5550 xxvr
2630 5494 2807 5563 annis,
2831 5503 2956 5566 post
2983 5494 3187 5552 multos
3210 5496 3427 5552 labores
3456 5504 3514 5551 et
3529 5494 3799 5552 adversus

2197 5589 2400 5645 bestias
2432 5588 2629 5659 Ephesi
2660 5604 2895 5662 pugnas,
2939 5605 3064 5645 cum
3099 5590 3218 5661 jam
3260 5590 3499 5663 placeret
3542 5590 3798 5646 Domino

2194 5682 2409 5739 emeriti
2458 5682 2650 5739 militis
2694 5682 2926 5740 sudores
2954 5698 3326 5753 remunerare,
3377 5685 3433 5740 in
3479 5683 3629 5749 villa,
3662 5697 3797 5753 quae

2198 5776 2519 5834 Zarzimuor
2547 5775 2773 5844 dicitur,
2795 5776 2944 5833 febre
2977 5786 3265 5850 correptus
3288 5785 3392 5834 est.
3424 5778 3550 5847 Qua
3580 5776 3794 5833 invale-
