  <div class='ocr_page' id='page_1' title='image "/cluster/home/n/w/nwhite01/storage/ocr_20150623/148/hvd.32044054760061/448.png"; bbox 0 0 4024 6170; ppageno 0'>
   <div class='ocr_carea' id='block_1_1' title="bbox 221 251 323 304">
    <p class='ocr_par' dir='ltr' id='par_1_1' title="bbox 221 251 323 304">
     <span class='ocr_line' id='line_1_1' title="bbox 221 251 323 304; baseline -0.01 0"><span class='ocrx_word' id='word_1_1' title='bbox 221 251 323 304; x_wconf 81' lang='grc'><strong>885</strong></span> 
     </span>
    </p>
   </div>
   <div class='ocr_carea' id='block_1_2' title="bbox 1132 250 2624 310">
    <p class='ocr_par' dir='ltr' id='par_1_2' title="bbox 1132 250 2624 310">
     <span class='ocr_line' id='line_1_2' title="bbox 1132 250 2624 310; baseline 0.001 -5"><span class='ocrx_word' id='word_1_2' title='bbox 1132 250 1423 307; x_wconf 83' lang='lat' dir='ltr'><strong>APPEND.</strong></span> <span class='ocrx_word' id='word_1_3' title='bbox 1464 253 1550 309; x_wconf 86' lang='grc'><strong>111.</strong></span> <span class='ocrx_word' id='word_1_4' title='bbox 1593 281 1660 293; x_wconf 90' lang='grc'><strong>-</strong></span> <span class='ocrx_word' id='word_1_5' title='bbox 1706 254 2123 310; x_wconf 79' lang='grc' dir='ltr'><strong>ΜΟΝυΜΕΝΤΛ</strong></span> <span class='ocrx_word' id='word_1_6' title='bbox 2161 252 2624 309; x_wconf 79' lang='lat' dir='ltr'><strong>GREGORIANA.</strong></span> 
     </span>
    </p>
   </div>
   <div class='ocr_carea' id='block_1_3' title="bbox 3425 259 3527 312">
    <p class='ocr_par' dir='ltr' id='par_1_3' title="bbox 3425 259 3527 312">
     <span class='ocr_line' id='line_1_3' title="bbox 3425 259 3527 312; baseline 0 -1"><span class='ocrx_word' id='word_1_7' title='bbox 3425 259 3527 312; x_wconf 81' lang='lat'><strong>886</strong></span> 
     </span>
    </p>
   </div>
   <div class='ocr_carea' id='block_1_4' title="bbox 217 372 3529 452">
    <p class='ocr_par' dir='ltr' id='par_1_4' title="bbox 217 372 3529 452">
     <span class='ocr_line' id='line_1_4' title="bbox 217 372 3529 452; baseline 0.002 -22"><span class='ocrx_word' id='word_1_8' title='bbox 217 380 425 441; x_wconf 87' lang='lat' dir='ltr'><strong>scente,</strong></span> <span class='ocrx_word' id='word_1_9' title='bbox 451 372 723 429; x_wconf 79' lang='lat' dir='ltr'><strong>intellexit</strong></span> <span class='ocrx_word' id='word_1_10' title='bbox 740 374 995 430; x_wconf 89' lang='lat' dir='ltr'><strong>nuntium</strong></span> <span class='ocrx_word' id='word_1_11' title='bbox 1018 375 1233 430; x_wconf 89' lang='lat' dir='ltr'><strong>mortis.</strong></span> <span class='ocrx_word' id='word_1_12' title='bbox 1256 374 1347 431; x_wconf 78' lang='lat' dir='ltr'><strong>Ad</strong></span> <span class='ocrx_word' id='word_1_13' title='bbox 1374 391 1562 448; x_wconf 85' lang='lat' dir='ltr'><strong>quem,</strong></span> <span class='ocrx_word' id='word_1_14' title='bbox 1593 377 1810 434; x_wconf 89' lang='lat' dir='ltr'><strong>etiamsi</strong></span> <span class='ocrx_word' id='word_1_15' title='bbox 1842 387 1893 444; x_wconf 77' lang='grc' dir='ltr'><strong>Α</strong></span> <span class='ocrx_word' id='word_1_16' title='bbox 1923 378 2085 435; x_wconf 86' lang='lat' dir='ltr'><strong>Unde</strong></span> <span class='ocrx_word' id='word_1_17' title='bbox 2131 378 2488 450; x_wconf 76' lang='lat' dir='ltr'><strong>ingemiscens</strong></span> <span class='ocrx_word' id='word_1_18' title='bbox 2521 375 2797 433; x_wconf 87' lang='lat' dir='ltr'><strong>clamabat</strong></span> <span class='ocrx_word' id='word_1_19' title='bbox 2827 394 2842 431; x_wconf 91' lang='lat'><strong>:</strong></span> <span class='ocrx_word' id='word_1_20' title='bbox 2887 379 3010 433; x_wconf 84' lang='lat' dir='ltr'><strong>Heu</strong></span> <span class='ocrx_word' id='word_1_21' title='bbox 3053 377 3341 445; x_wconf 89' lang='lat' dir='ltr'><strong>miserum,</strong></span> <span class='ocrx_word' id='word_1_22' title='bbox 3380 380 3529 452; x_wconf 89' lang='lat' dir='ltr'><strong>quod</strong></span> 
     </span>
    </p>
   </div>
   <div class='ocr_carea' id='block_1_5' title="bbox 217 464 1831 541">
    <p class='ocr_par' dir='ltr' id='par_1_5' title="bbox 217 464 1831 541">
     <span class='ocr_line' id='line_1_5' title="bbox 217 464 1831 541; baseline 0.002 -18"><span class='ocrx_word' id='word_1_23' title='bbox 217 482 318 540; x_wconf 91' lang='lat' dir='ltr'><strong>pro</strong></span> <span class='ocrx_word' id='word_1_24' title='bbox 366 464 667 540; x_wconf 77' lang='lat' dir='ltr'><strong>fragilitate</strong></span> <span class='ocrx_word' id='word_1_25' title='bbox 715 466 959 537; x_wconf 85' lang='lat' dir='ltr'><strong>humana</strong></span> <span class='ocrx_word' id='word_1_26' title='bbox 992 467 1287 538; x_wconf 78' lang='lat' dir='ltr'><strong>inhorruit,</strong></span> <span class='ocrx_word' id='word_1_27' title='bbox 1340 484 1441 541; x_wconf 91' lang='lat' dir='ltr'><strong>pro</strong></span> <span class='ocrx_word' id='word_1_28' title='bbox 1497 471 1831 528; x_wconf 78' lang='lat' dir='ltr'><strong>conscientia</strong></span> 
     </span>
    </p>
   </div>
   <div class='ocr_carea' id='block_1_6' title="bbox 214 560 1829 637">
    <p class='ocr_par' dir='ltr' id='par_1_6' title="bbox 214 560 1829 637">
     <span class='ocr_line' id='line_1_6' title="bbox 214 560 1829 637; baseline 0.002 -20"><span class='ocrx_word' id='word_1_29' title='bbox 214 569 405 618; x_wconf 86' lang='lat' dir='ltr'><strong>tamen</strong></span> <span class='ocrx_word' id='word_1_30' title='bbox 442 560 589 617; x_wconf 91' lang='lat' dir='ltr'><strong>bona</strong></span> <span class='ocrx_word' id='word_1_31' title='bbox 625 560 841 633; x_wconf 77' lang='lat' dir='ltr'><strong>gavisus</strong></span> <span class='ocrx_word' id='word_1_32' title='bbox 876 570 980 634; x_wconf 89' lang='lat' dir='ltr'><strong>est,</strong></span> <span class='ocrx_word' id='word_1_33' title='bbox 1017 562 1211 630; x_wconf 71' lang='lat' dir='ltr'><strong>scienfs</strong></span> <span class='ocrx_word' id='word_1_34' title='bbox 1235 562 1385 636; x_wconf 88' lang='lat' dir='ltr'><strong>quod</strong></span> <span class='ocrx_word' id='word_1_35' title='bbox 1424 563 1527 620; x_wconf 90' lang='lat' dir='ltr'><strong>hac</strong></span> <span class='ocrx_word' id='word_1_36' title='bbox 1555 574 1713 637; x_wconf 90' lang='lat' dir='ltr'><strong>porta</strong></span> <span class='ocrx_word' id='word_1_37' title='bbox 1744 566 1829 621; x_wconf 82' lang='lat' dir='ltr'><strong>in&#39;</strong></span> 
     </span>
    </p>
   </div>
   <div class='ocr_carea' id='block_1_7' title="bbox 215 653 1827 731">
    <p class='ocr_par' dir='ltr' id='par_1_7' title="bbox 215 653 1827 731">
     <span class='ocr_line' id='line_1_7' title="bbox 215 653 1827 731; baseline 0.003 -20"><span class='ocrx_word' id='word_1_38' title='bbox 215 662 391 712; x_wconf 85' lang='lat' dir='ltr'><strong>traret</strong></span> <span class='ocrx_word' id='word_1_39' title='bbox 430 655 487 710; x_wconf 92' lang='lat' dir='ltr'><strong>in</strong></span> <span class='ocrx_word' id='word_1_40' title='bbox 516 653 782 727; x_wconf 81' lang='lat' dir='ltr'><strong>gaudium</strong></span> <span class='ocrx_word' id='word_1_41' title='bbox 811 656 1039 711; x_wconf 90' lang='lat' dir='ltr'><strong>Domini</strong></span> <span class='ocrx_word' id='word_1_42' title='bbox 1068 656 1172 714; x_wconf 91' lang='lat' dir='ltr'><strong>sui.</strong></span> <span class='ocrx_word' id='word_1_43' title='bbox 1207 659 1420 731; x_wconf 93' lang='lat' dir='ltr'><strong>Itaque,</strong></span> <span class='ocrx_word' id='word_1_44' title='bbox 1452 658 1579 731; x_wconf 87' lang='lat' dir='ltr'><strong>quia</strong></span> <span class='ocrx_word' id='word_1_45' title='bbox 1608 674 1720 715; x_wconf 93' lang='lat' dir='ltr'><strong>non</strong></span> <span class='ocrx_word' id='word_1_46' title='bbox 1747 659 1827 716; x_wconf 90' lang='lat' dir='ltr'><strong>di-</strong></span> 
     </span>
    </p>
   </div>
   <div class='ocr_carea' id='block_1_8' title="bbox 214 747 1823 825">
    <p class='ocr_par' dir='ltr' id='par_1_8' title="bbox 214 747 1823 825">
     <span class='ocr_line' id='line_1_8' title="bbox 214 747 1823 825; baseline 0.003 -21"><span class='ocrx_word' id='word_1_47' title='bbox 214 756 373 805; x_wconf 83' lang='lat' dir='ltr'><strong>xerat</strong></span> <span class='ocrx_word' id='word_1_48' title='bbox 399 747 526 816; x_wconf 89' lang='lat' dir='ltr'><strong>sibi,</strong></span> <span class='ocrx_word' id='word_1_49' title='bbox 545 764 663 819; x_wconf 69' lang='lat' dir='ltr'><strong>pas:</strong></span> <span class='ocrx_word' id='word_1_50' title='bbox 686 753 736 805; x_wconf 90' lang='lat' dir='ltr'><strong>et</strong></span> <span class='ocrx_word' id='word_1_51' title='bbox 769 752 1025 805; x_wconf 78' lang='lat' dir='ltr'><strong>securitas</strong></span> <span class='ocrx_word' id='word_1_52' title='bbox 1060 750 1135 820; x_wconf 88' lang='lat' dir='ltr'><strong>(II</strong></span> <span class='ocrx_word' id='word_1_53' title='bbox 1164 751 1341 807; x_wconf 83' lang='lat' dir='ltr'><strong>Thess.</strong></span> <span class='ocrx_word' id='word_1_54' title='bbox 1369 756 1451 819; x_wconf 89' lang='lat' dir='ltr'><strong>v),</strong></span> <span class='ocrx_word' id='word_1_55' title='bbox 1481 768 1593 809; x_wconf 92' lang='lat' dir='ltr'><strong>non</strong></span> <span class='ocrx_word' id='word_1_56' title='bbox 1629 769 1823 825; x_wconf 91' lang='lat' dir='ltr'><strong>repen-</strong></span> 
     </span>
    </p>
   </div>
   <div class='ocr_carea' id='block_1_9' title="bbox 215 841 1824 913">
    <p class='ocr_par' dir='ltr' id='par_1_9' title="bbox 215 841 1824 913">
     <span class='ocr_line' id='line_1_9' title="bbox 215 841 1824 913; baseline 0.004 -15"><span class='ocrx_word' id='word_1_57' title='bbox 215 843 368 899; x_wconf 89' lang='lat' dir='ltr'><strong>tinus</strong></span> <span class='ocrx_word' id='word_1_58' title='bbox 417 843 471 899; x_wconf 83' lang='lat' dir='ltr'><strong>ei</strong></span> <span class='ocrx_word' id='word_1_59' title='bbox 518 841 837 913; x_wconf 81' lang='lat' dir='ltr'><strong>supervenit</strong></span> <span class='ocrx_word' id='word_1_60' title='bbox 879 843 1151 900; x_wconf 88' lang='lat' dir='ltr'><strong>interitus.</strong></span> <span class='ocrx_word' id='word_1_61' title='bbox 1196 848 1684 904; x_wconf 78' lang='lat' dir='ltr'><strong>Rememoraverat</strong></span> <span class='ocrx_word' id='word_1_62' title='bbox 1731 847 1824 904; x_wconf 89' lang='lat' dir='ltr'><strong>ille</strong></span> 
     </span>
    </p>
   </div>
   <div class='ocr_carea' id='block_1_10' title="bbox 215 936 1821 1011">
    <p class='ocr_par' dir='ltr' id='par_1_10' title="bbox 215 936 1821 1011">
     <span class='ocr_line' id='line_1_10' title="bbox 215 936 1821 1011; baseline 0.003 -19"><span class='ocrx_word' id='word_1_63' title='bbox 215 950 445 1008; x_wconf 83' lang='lat' dir='ltr'><strong>semper</strong></span> <span class='ocrx_word' id='word_1_64' title='bbox 480 936 780 993; x_wconf 88' lang='lat' dir='ltr'><strong>novissima</strong></span> <span class='ocrx_word' id='word_1_65' title='bbox 817 952 939 1006; x_wconf 88' lang='lat' dir='ltr'><strong>sua,</strong></span> <span class='ocrx_word' id='word_1_66' title='bbox 986 947 1041 993; x_wconf 89' lang='lat' dir='ltr'><strong>et</strong></span> <span class='ocrx_word' id='word_1_67' title='bbox 1084 953 1147 994; x_wconf 91' lang='lat' dir='ltr'><strong>ea</strong></span> <span class='ocrx_word' id='word_1_68' title='bbox 1172 939 1375 1011; x_wconf 89' lang='lat' dir='ltr'><strong>jugiter</strong></span> <span class='ocrx_word' id='word_1_69' title='bbox 1410 939 1821 997; x_wconf 87' lang='lat' dir='ltr'><strong>desideraverat</strong></span> 
     </span>
    </p>
   </div>
   <div class='ocr_carea' id='block_1_11' title="bbox 217 1029 1822 1107">
    <p class='ocr_par' dir='ltr' id='par_1_11' title="bbox 217 1029 1822 1107">
     <span class='ocr_line' id='line_1_11' title="bbox 217 1029 1822 1107; baseline 0.002 -20"><span class='ocrx_word' id='word_1_70' title='bbox 217 1029 414 1087; x_wconf 82' lang='lat' dir='ltr'><strong>dicens</strong></span> <span class='ocrx_word' id='word_1_71' title='bbox 441 1029 686 1102; x_wconf 86' lang='lat' dir='ltr'><strong>quotidie</strong></span> <span class='ocrx_word' id='word_1_72' title='bbox 704 1031 761 1085; x_wconf 91' lang='lat' dir='ltr'><strong>in</strong></span> <span class='ocrx_word' id='word_1_73' title='bbox 783 1030 949 1087; x_wconf 87' lang='lat' dir='ltr'><strong>corde</strong></span> <span class='ocrx_word' id='word_1_74' title='bbox 977 1046 1078 1089; x_wconf 90' lang='lat' dir='ltr'><strong>suo</strong></span> <span class='ocrx_word' id='word_1_75' title='bbox 1108 1051 1121 1088; x_wconf 91' lang='lat'><strong>:</strong></span> <span class='ocrx_word' id='word_1_76' title='bbox 1151 1035 1377 1101; x_wconf 84' lang='lat' dir='ltr'><strong>Quando</strong></span> <span class='ocrx_word' id='word_1_77' title='bbox 1392 1038 1625 1104; x_wconf 81' lang='lat' dir='ltr'><strong>veniam,</strong></span> <span class='ocrx_word' id='word_1_78' title='bbox 1655 1040 1705 1091; x_wconf 86' lang='lat' dir='ltr'><strong>et</strong></span> <span class='ocrx_word' id='word_1_79' title='bbox 1725 1052 1822 1107; x_wconf 83' lang='lat' dir='ltr'><strong>ap-</strong></span> 
     </span>
    </p>
   </div>
   <div class='ocr_carea' id='block_1_12' title="bbox 208 1126 1314 1197">
    <p class='ocr_par' dir='ltr' id='par_1_12' title="bbox 208 1126 1314 1197">
     <span class='ocr_line' id='line_1_12' title="bbox 208 1126 1314 1197; baseline 0.005 -19"><span class='ocrx_word' id='word_1_80' title='bbox 208 1126 417 1197; x_wconf 81' lang='lat' dir='ltr'><strong>parebo</strong></span> <span class='ocrx_word' id='word_1_81' title='bbox 441 1129 565 1180; x_wconf 84' lang='lat' dir='ltr'><strong>ante</strong></span> <span class='ocrx_word' id='word_1_82' title='bbox 588 1126 787 1193; x_wconf 80' lang='lat' dir='ltr'><strong>faciem</strong></span> <span class='ocrx_word' id='word_1_83' title='bbox 814 1127 954 1182; x_wconf 85' lang='lat' dir='ltr'><strong>Dei?</strong></span> <span class='ocrx_word' id='word_1_84' title='bbox 973 1128 1138 1192; x_wconf 86' lang='lat' dir='ltr'><strong>(Psal.</strong></span> <span class='ocrx_word' id='word_1_85' title='bbox 1166 1132 1314 1193; x_wconf 77' lang='lat' dir='ltr'><strong>XLI).</strong></span> 
     </span>
    </p>
   </div>
   <div class='ocr_carea' id='block_1_13' title="bbox 283 1219 1815 1291">
    <p class='ocr_par' dir='ltr' id='par_1_13' title="bbox 283 1219 1815 1291">
     <span class='ocr_line' id='line_1_13' title="bbox 283 1219 1815 1291; baseline 0.004 -17"><span class='ocrx_word' id='word_1_86' title='bbox 283 1221 631 1291; x_wconf 83' lang='lat' dir='ltr'><strong>Quapropter</strong></span> <span class='ocrx_word' id='word_1_87' title='bbox 657 1219 899 1275; x_wconf 85' lang='lat' dir='ltr'><strong>sentiens</strong></span> <span class='ocrx_word' id='word_1_88' title='bbox 928 1220 1221 1277; x_wconf 86' lang='lat' dir='ltr'><strong>imminere</strong></span> <span class='ocrx_word' id='word_1_89' title='bbox 1256 1221 1359 1277; x_wconf 85' lang='lat' dir='ltr'><strong>sibi</strong></span> <span class='ocrx_word' id='word_1_90' title='bbox 1396 1222 1815 1280; x_wconf 86' lang='lat' dir='ltr'><strong>dissolutionem</strong></span> 
     </span>
    </p>
   </div>
   <div class='ocr_carea' id='block_1_14' title="bbox 211 1312 1811 1387">
    <p class='ocr_par' dir='ltr' id='par_1_14' title="bbox 211 1312 1811 1387">
     <span class='ocr_line' id='line_1_14' title="bbox 211 1312 1811 1387; baseline 0.003 -17"><span class='ocrx_word' id='word_1_91' title='bbox 211 1312 463 1385; x_wconf 88' lang='lat' dir='ltr'><strong>corporis</strong></span> <span class='ocrx_word' id='word_1_92' title='bbox 506 1312 616 1380; x_wconf 87' lang='lat' dir='ltr'><strong>sui,</strong></span> <span class='ocrx_word' id='word_1_93' title='bbox 646 1313 701 1367; x_wconf 90' lang='lat' dir='ltr'><strong>in</strong></span> <span class='ocrx_word' id='word_1_94' title='bbox 731 1328 843 1385; x_wconf 91' lang='lat' dir='ltr'><strong>quo</strong></span> <span class='ocrx_word' id='word_1_95' title='bbox 864 1313 982 1385; x_wconf 89' lang='lat' dir='ltr'><strong>jam</strong></span> <span class='ocrx_word' id='word_1_96' title='bbox 1020 1312 1113 1370; x_wconf 89' lang='lat' dir='ltr'><strong>diu</strong></span> <span class='ocrx_word' id='word_1_97' title='bbox 1146 1316 1591 1387; x_wconf 85' lang='lat' dir='ltr'><strong>peregrinabatur</strong></span> <span class='ocrx_word' id='word_1_98' title='bbox 1617 1333 1649 1373; x_wconf 89' lang='lat' dir='ltr'><strong>a</strong></span> <span class='ocrx_word' id='word_1_99' title='bbox 1693 1321 1811 1374; x_wconf 88' lang='lat' dir='ltr'><strong>Do-</strong></span> 
     </span>
    </p>
   </div>
   <div class='ocr_carea' id='block_1_15' title="bbox 211 1406 1810 1473">
    <p class='ocr_par' dir='ltr' id='par_1_15' title="bbox 211 1406 1810 1473">
     <span class='ocr_line' id='line_1_15' title="bbox 211 1406 1810 1473; baseline 0.002 -11"><span class='ocrx_word' id='word_1_100' title='bbox 211 1407 389 1473; x_wconf 89' lang='lat' dir='ltr'><strong>mino,</strong></span> <span class='ocrx_word' id='word_1_101' title='bbox 418 1407 577 1463; x_wconf 67' lang='lat' dir='ltr'><strong>laetus</strong></span> <span class='ocrx_word' id='word_1_102' title='bbox 621 1406 815 1462; x_wconf 87' lang='lat' dir='ltr'><strong>orabat</strong></span> <span class='ocrx_word' id='word_1_103' title='bbox 840 1406 1029 1464; x_wconf 90' lang='lat' dir='ltr'><strong>dicens</strong></span> <span class='ocrx_word' id='word_1_104' title='bbox 1062 1426 1073 1462; x_wconf 93' lang='lat'><strong>:</strong></span> <span class='ocrx_word' id='word_1_105' title='bbox 1129 1410 1278 1464; x_wconf 86' lang='lat' dir='ltr'><strong>Educ</strong></span> <span class='ocrx_word' id='word_1_106' title='bbox 1322 1411 1389 1465; x_wconf 89' lang='lat' dir='ltr'><strong>de</strong></span> <span class='ocrx_word' id='word_1_107' title='bbox 1410 1413 1653 1466; x_wconf 84' lang='lat' dir='ltr'><strong>custodia</strong></span> <span class='ocrx_word' id='word_1_108' title='bbox 1688 1415 1810 1467; x_wconf 82' lang='lat' dir='ltr'><strong>ani-</strong></span> 
     </span>
    </p>
   </div>
   <div class='ocr_carea' id='block_1_16' title="bbox 208 1501 1812 1571">
    <p class='ocr_par' dir='ltr' id='par_1_16' title="bbox 208 1501 1812 1571">
     <span class='ocr_line' id='line_1_16' title="bbox 208 1501 1812 1571; baseline 0.004 -16"><span class='ocrx_word' id='word_1_109' title='bbox 208 1516 358 1556; x_wconf 87' lang='lat' dir='ltr'><strong>mam</strong></span> <span class='ocrx_word' id='word_1_110' title='bbox 382 1516 558 1555; x_wconf 87' lang='lat' dir='ltr'><strong>meam</strong></span> <span class='ocrx_word' id='word_1_111' title='bbox 584 1501 656 1555; x_wconf 88' lang='lat' dir='ltr'><strong>ad</strong></span> <span class='ocrx_word' id='word_1_112' title='bbox 683 1501 1037 1571; x_wconf 77' lang='lat' dir='ltr'><strong>conﬁtendum</strong></span> <span class='ocrx_word' id='word_1_113' title='bbox 1070 1504 1280 1557; x_wconf 84' lang='lat' dir='ltr'><strong>nomini</strong></span> <span class='ocrx_word' id='word_1_114' title='bbox 1306 1508 1396 1559; x_wconf 86' lang='lat' dir='ltr'><strong>tuo</strong></span> <span class='ocrx_word' id='word_1_115' title='bbox 1430 1506 1594 1570; x_wconf 85' lang='lat' dir='ltr'><strong>(Psal.</strong></span> <span class='ocrx_word' id='word_1_116' title='bbox 1631 1511 1812 1571; x_wconf 78' lang='lat' dir='ltr'><strong>CXLI).</strong></span> 
     </span>
    </p>
   </div>
   <div class='ocr_carea' id='block_1_17' title="bbox 212 1594 1817 1671">
    <p class='ocr_par' dir='ltr' id='par_1_17' title="bbox 212 1594 1817 1671">
     <span class='ocr_line' id='line_1_17' title="bbox 212 1594 1817 1671; baseline 0.002 -21"><span class='ocrx_word' id='word_1_117' title='bbox 212 1598 283 1650; x_wconf 82' lang='lat' dir='ltr'><strong>Et</strong></span> <span class='ocrx_word' id='word_1_118' title='bbox 322 1594 450 1667; x_wconf 87' lang='lat' dir='ltr'><strong>quia</strong></span> <span class='ocrx_word' id='word_1_119' title='bbox 474 1602 699 1650; x_wconf 83' lang='lat' dir='ltr'><strong>noverat</strong></span> <span class='ocrx_word' id='word_1_120' title='bbox 724 1603 779 1651; x_wconf 90' lang='lat' dir='ltr'><strong>et</strong></span> <span class='ocrx_word' id='word_1_121' title='bbox 806 1610 1047 1667; x_wconf 65' lang='lat' dir='ltr'><strong>persaepe</strong></span> <span class='ocrx_word' id='word_1_122' title='bbox 1074 1594 1336 1653; x_wconf 87' lang='lat' dir='ltr'><strong>docuerat</strong></span> <span class='ocrx_word' id='word_1_123' title='bbox 1360 1598 1511 1669; x_wconf 90' lang='lat' dir='ltr'><strong>quod</strong></span> <span class='ocrx_word' id='word_1_124' title='bbox 1539 1598 1608 1654; x_wconf 90' lang='lat' dir='ltr'><strong>ad</strong></span> <span class='ocrx_word' id='word_1_125' title='bbox 1636 1614 1817 1671; x_wconf 87' lang='lat' dir='ltr'><strong>quan-</strong></span> 
     </span>
    </p>
   </div>
   <div class='ocr_carea' id='block_1_18' title="bbox 210 1688 1813 1765">
    <p class='ocr_par' dir='ltr' id='par_1_18' title="bbox 210 1688 1813 1765">
     <span class='ocr_line' id='line_1_18' title="bbox 210 1688 1813 1765; baseline 0.002 -20"><span class='ocrx_word' id='word_1_126' title='bbox 210 1688 756 1761; x_wconf 87' lang='lat' dir='ltr'><strong>tumlibetjustorum</strong></span> <span class='ocrx_word' id='word_1_127' title='bbox 778 1689 1202 1760; x_wconf 89' lang='lat' dir='ltr'><strong>emigrationem</strong></span> <span class='ocrx_word' id='word_1_128' title='bbox 1224 1690 1521 1747; x_wconf 83' lang='lat' dir='ltr'><strong>adversarii</strong></span> <span class='ocrx_word' id='word_1_129' title='bbox 1540 1693 1813 1765; x_wconf 90' lang='lat' dir='ltr'><strong>colligun-</strong></span> 
     </span>
    </p>
   </div>
   <div class='ocr_carea' id='block_1_19' title="bbox 210 1772 1889 1856">
    <p class='ocr_par' dir='ltr' id='par_1_19' title="bbox 210 1772 1889 1856">
     <span class='ocr_line' id='line_1_19' title="bbox 210 1772 1889 1856; baseline 0 -19"><span class='ocrx_word' id='word_1_130' title='bbox 210 1790 303 1838; x_wconf 85' lang='lat' dir='ltr'><strong>tur</strong></span> <span class='ocrx_word' id='word_1_131' title='bbox 342 1782 582 1853; x_wconf 85' lang='lat' dir='ltr'><strong>spiritus,</strong></span> <span class='ocrx_word' id='word_1_132' title='bbox 629 1782 793 1838; x_wconf 90' lang='lat' dir='ltr'><strong>etiam</strong></span> <span class='ocrx_word' id='word_1_133' title='bbox 841 1792 1033 1839; x_wconf 88' lang='lat' dir='ltr'><strong>contra</strong></span> <span class='ocrx_word' id='word_1_134' title='bbox 1082 1783 1183 1839; x_wconf 89' lang='lat' dir='ltr'><strong>hos</strong></span> <span class='ocrx_word' id='word_1_135' title='bbox 1233 1785 1510 1856; x_wconf 86' lang='lat' dir='ltr'><strong>pugnabat</strong></span> <span class='ocrx_word' id='word_1_136' title='bbox 1559 1786 1747 1843; x_wconf 86' lang='lat' dir='ltr'><strong>dicens</strong></span> <span class='ocrx_word' id='word_1_137' title='bbox 1797 1772 1889 1842; x_wconf 88' lang='lat' dir='ltr'><strong>:B</strong></span> 
     </span>
    </p>
   </div>
   <div class='ocr_carea' id='block_1_20' title="bbox 206 1877 1813 1942">
    <p class='ocr_par' dir='ltr' id='par_1_20' title="bbox 206 1877 1813 1942">
     <span class='ocr_line' id='line_1_20' title="bbox 206 1877 1813 1942; baseline 0.001 -9"><span class='ocrx_word' id='word_1_138' title='bbox 206 1879 370 1933; x_wconf 82' lang='lat' dir='ltr'><strong>Salva</strong></span> <span class='ocrx_word' id='word_1_139' title='bbox 396 1892 481 1931; x_wconf 89' lang='lat' dir='ltr'><strong>me</strong></span> <span class='ocrx_word' id='word_1_140' title='bbox 503 1892 570 1932; x_wconf 73' lang='lat' dir='ltr'><strong>ea:</strong></span> <span class='ocrx_word' id='word_1_141' title='bbox 597 1892 685 1931; x_wconf 88' lang='lat' dir='ltr'><strong>ore</strong></span> <span class='ocrx_word' id='word_1_142' title='bbox 714 1877 900 1942; x_wconf 78' lang='lat' dir='ltr'><strong>leonis,</strong></span> <span class='ocrx_word' id='word_1_143' title='bbox 932 1882 984 1932; x_wconf 89' lang='lat' dir='ltr'><strong>et</strong></span> <span class='ocrx_word' id='word_1_144' title='bbox 1006 1894 1040 1931; x_wconf 91' lang='lat' dir='ltr'><strong>a</strong></span> <span class='ocrx_word' id='word_1_145' title='bbox 1073 1879 1321 1933; x_wconf 84' lang='lat' dir='ltr'><strong>cornibus</strong></span> <span class='ocrx_word' id='word_1_146' title='bbox 1344 1880 1685 1935; x_wconf 78' lang='lat' dir='ltr'><strong>unicornium</strong></span> <span class='ocrx_word' id='word_1_147' title='bbox 1718 1882 1813 1935; x_wconf 85' lang='lat' dir='ltr'><strong>hu-</strong></span> 
     </span>
    </p>
   </div>
   <div class='ocr_carea' id='block_1_21' title="bbox 209 1972 1814 2037">
    <p class='ocr_par' dir='ltr' id='par_1_21' title="bbox 209 1972 1814 2037">
     <span class='ocr_line' id='line_1_21' title="bbox 209 1972 1814 2037; baseline 0.003 -12"><span class='ocrx_word' id='word_1_148' title='bbox 209 1972 504 2025; x_wconf 80' lang='lat' dir='ltr'><strong>militatem</strong></span> <span class='ocrx_word' id='word_1_149' title='bbox 530 1986 701 2025; x_wconf 87' lang='lat' dir='ltr'><strong>meam</strong></span> <span class='ocrx_word' id='word_1_150' title='bbox 727 1972 894 2037; x_wconf 85' lang='lat' dir='ltr'><strong>(Psal.</strong></span> <span class='ocrx_word' id='word_1_151' title='bbox 920 1975 1072 2035; x_wconf 66' lang='lat' dir='ltr'><strong>xxx).</strong></span> <span class='ocrx_word' id='word_1_152' title='bbox 1105 1973 1177 2026; x_wconf 90' lang='lat' dir='ltr'><strong>Et</strong></span> <span class='ocrx_word' id='word_1_153' title='bbox 1202 1986 1331 2028; x_wconf 89' lang='lat' dir='ltr'><strong>cum</strong></span> <span class='ocrx_word' id='word_1_154' title='bbox 1361 1972 1430 2028; x_wconf 90' lang='lat' dir='ltr'><strong>ad</strong></span> <span class='ocrx_word' id='word_1_155' title='bbox 1459 1972 1596 2029; x_wconf 91' lang='lat' dir='ltr'><strong>illud</strong></span> <span class='ocrx_word' id='word_1_156' title='bbox 1623 1973 1814 2030; x_wconf 86' lang='lat' dir='ltr'><strong>distri-</strong></span> 
     </span>
    </p>
   </div>
   <div class='ocr_carea' id='block_1_22' title="bbox 205 2064 1810 2138">
    <p class='ocr_par' dir='ltr' id='par_1_22' title="bbox 205 2064 1810 2138">
     <span class='ocr_line' id='line_1_22' title="bbox 205 2064 1810 2138; baseline 0.002 -17"><span class='ocrx_word' id='word_1_157' title='bbox 205 2073 363 2121; x_wconf 86' lang='lat' dir='ltr'><strong>ctum</strong></span> <span class='ocrx_word' id='word_1_158' title='bbox 406 2078 633 2119; x_wconf 83' lang='lat' dir='ltr'><strong>examen</strong></span> <span class='ocrx_word' id='word_1_159' title='bbox 672 2064 895 2136; x_wconf 80' lang='lat' dir='ltr'><strong>superni</strong></span> <span class='ocrx_word' id='word_1_160' title='bbox 942 2064 1150 2121; x_wconf 90' lang='lat' dir='ltr'><strong>Judicis</strong></span> <span class='ocrx_word' id='word_1_161' title='bbox 1185 2065 1451 2137; x_wconf 85' lang='lat' dir='ltr'><strong>sollicitus</strong></span> <span class='ocrx_word' id='word_1_162' title='bbox 1478 2066 1810 2138; x_wconf 86' lang='lat' dir='ltr'><strong>intenderet,</strong></span> 
     </span>
    </p>
   </div>
   <div class='ocr_carea' id='block_1_23' title="bbox 206 2158 1814 2230">
    <p class='ocr_par' dir='ltr' id='par_1_23' title="bbox 206 2158 1814 2230">
     <span class='ocr_line' id='line_1_23' title="bbox 206 2158 1814 2230; baseline 0.001 -16"><span class='ocrx_word' id='word_1_163' title='bbox 206 2158 446 2230; x_wconf 79' lang='lat' dir='ltr'><strong>gemitu,</strong></span> <span class='ocrx_word' id='word_1_164' title='bbox 474 2171 584 2229; x_wconf 92' lang='lat' dir='ltr'><strong>quo</strong></span> <span class='ocrx_word' id='word_1_165' title='bbox 618 2164 846 2229; x_wconf 86' lang='lat' dir='ltr'><strong>poterat,</strong></span> <span class='ocrx_word' id='word_1_166' title='bbox 876 2166 933 2213; x_wconf 89' lang='lat' dir='ltr'><strong>et</strong></span> <span class='ocrx_word' id='word_1_167' title='bbox 973 2158 1177 2214; x_wconf 90' lang='lat' dir='ltr'><strong>intimis</strong></span> <span class='ocrx_word' id='word_1_168' title='bbox 1213 2158 1455 2230; x_wconf 89' lang='lat' dir='ltr'><strong>suspiriis</strong></span> <span class='ocrx_word' id='word_1_169' title='bbox 1479 2158 1717 2215; x_wconf 88' lang='lat' dir='ltr'><strong>adorans</strong></span> <span class='ocrx_word' id='word_1_170' title='bbox 1760 2167 1814 2216; x_wconf 90' lang='lat' dir='ltr'><strong>et</strong></span> 
     </span>
    </p>
   </div>
   <div class='ocr_carea' id='block_1_24' title="bbox 206 2251 1808 2324">
    <p class='ocr_par' dir='ltr' id='par_1_24' title="bbox 206 2251 1808 2324">
     <span class='ocr_line' id='line_1_24' title="bbox 206 2251 1808 2324; baseline 0.001 -16"><span class='ocrx_word' id='word_1_171' title='bbox 206 2251 529 2324; x_wconf 86' lang='lat' dir='ltr'><strong>supplicans</strong></span> <span class='ocrx_word' id='word_1_172' title='bbox 547 2252 623 2307; x_wconf 90' lang='lat' dir='ltr'><strong>ait</strong></span> <span class='ocrx_word' id='word_1_173' title='bbox 648 2269 661 2307; x_wconf 90' lang='lat'><strong>:</strong></span> <span class='ocrx_word' id='word_1_174' title='bbox 680 2254 798 2309; x_wconf 92' lang='lat' dir='ltr'><strong>Non</strong></span> <span class='ocrx_word' id='word_1_175' title='bbox 822 2254 991 2307; x_wconf 80' lang='lat' dir='ltr'><strong>intres</strong></span> <span class='ocrx_word' id='word_1_176' title='bbox 1011 2255 1069 2307; x_wconf 87' lang='lat' dir='ltr'><strong>in</strong></span> <span class='ocrx_word' id='word_1_177' title='bbox 1083 2252 1355 2323; x_wconf 80' lang='lat' dir='ltr'><strong>judicium</strong></span> <span class='ocrx_word' id='word_1_178' title='bbox 1380 2269 1499 2308; x_wconf 88' lang='lat' dir='ltr'><strong>cum</strong></span> <span class='ocrx_word' id='word_1_179' title='bbox 1522 2269 1670 2309; x_wconf 77' lang='lat' dir='ltr'><strong>smo</strong></span> <span class='ocrx_word' id='word_1_180' title='bbox 1700 2259 1808 2323; x_wconf 81' lang='lat' dir='ltr'><strong>tuo,</strong></span> 
     </span>
    </p>
   </div>
   <div class='ocr_carea' id='block_1_25' title="bbox 210 2346 1812 2418">
    <p class='ocr_par' dir='ltr' id='par_1_25' title="bbox 210 2346 1812 2418">
     <span class='ocr_line' id='line_1_25' title="bbox 210 2346 1812 2418; baseline 0 -15"><span class='ocrx_word' id='word_1_181' title='bbox 210 2349 457 2411; x_wconf 79' lang='lat' dir='ltr'><strong>Domine,</strong></span> <span class='ocrx_word' id='word_1_182' title='bbox 485 2347 618 2416; x_wconf 78' lang='lat' dir='ltr'><strong>quia</strong></span> <span class='ocrx_word' id='word_1_183' title='bbox 644 2361 751 2400; x_wconf 89' lang='lat' dir='ltr'><strong>non</strong></span> <span class='ocrx_word' id='word_1_184' title='bbox 771 2346 1164 2416; x_wconf 75' lang='lat' dir='ltr'><strong>justi/imbitur</strong></span> <span class='ocrx_word' id='word_1_185' title='bbox 1180 2348 1243 2401; x_wconf 85' lang='lat' dir='ltr'><strong>in</strong></span> <span class='ocrx_word' id='word_1_186' title='bbox 1278 2353 1555 2418; x_wconf 83' lang='lat' dir='ltr'><strong>conspectu</strong></span> <span class='ocrx_word' id='word_1_187' title='bbox 1589 2354 1678 2403; x_wconf 85' lang='lat' dir='ltr'><strong>tuo</strong></span> <span class='ocrx_word' id='word_1_188' title='bbox 1706 2364 1812 2403; x_wconf 87' lang='lat' dir='ltr'><strong>om-</strong></span> 
     </span>
    </p>
   </div>
   <div class='ocr_carea' id='block_1_26' title="bbox 204 2440 1809 2507">
    <p class='ocr_par' dir='ltr' id='par_1_26' title="bbox 204 2440 1809 2507">
     <span class='ocr_line' id='line_1_26' title="bbox 204 2440 1809 2507; baseline 0.002 -13"><span class='ocrx_word' id='word_1_189' title='bbox 204 2443 295 2494; x_wconf 83' lang='lat' dir='ltr'><strong>nis</strong></span> <span class='ocrx_word' id='word_1_190' title='bbox 324 2442 510 2495; x_wconf 78' lang='lat' dir='ltr'><strong>vivens</strong></span> <span class='ocrx_word' id='word_1_191' title='bbox 548 2440 707 2498; x_wconf 78' lang='lat' dir='ltr'><strong>(Psal.</strong></span> <span class='ocrx_word' id='word_1_192' title='bbox 742 2443 950 2507; x_wconf 75' lang='lat' dir='ltr'><strong>CXLII).</strong></span> <span class='ocrx_word' id='word_1_193' title='bbox 987 2440 1273 2496; x_wconf 81' lang='lat' dir='ltr'><strong>Advocans</strong></span> <span class='ocrx_word' id='word_1_194' title='bbox 1303 2442 1467 2496; x_wconf 88' lang='lat' dir='ltr'><strong>etiam</strong></span> <span class='ocrx_word' id='word_1_195' title='bbox 1496 2451 1809 2498; x_wconf 89' lang='lat' dir='ltr'><strong>sanctorum</strong></span> 
     </span>
    </p>
   </div>
   <div class='ocr_carea' id='block_1_27' title="bbox 204 2534 1807 2607">
    <p class='ocr_par' dir='ltr' id='par_1_27' title="bbox 204 2534 1807 2607">
     <span class='ocr_line' id='line_1_27' title="bbox 204 2534 1807 2607; baseline 0.001 -19"><span class='ocrx_word' id='word_1_196' title='bbox 204 2548 488 2607; x_wconf 84' lang='lat' dir='ltr'><strong>quemque</strong></span> <span class='ocrx_word' id='word_1_197' title='bbox 531 2547 697 2604; x_wconf 86' lang='lat' dir='ltr'><strong>quem</strong></span> <span class='ocrx_word' id='word_1_198' title='bbox 736 2542 1030 2601; x_wconf 88' lang='lat' dir='ltr'><strong>amaverat,</strong></span> <span class='ocrx_word' id='word_1_199' title='bbox 1078 2549 1245 2606; x_wconf 88' lang='lat' dir='ltr'><strong>quem</strong></span> <span class='ocrx_word' id='word_1_200' title='bbox 1286 2543 1575 2591; x_wconf 89' lang='lat' dir='ltr'><strong>veneratus</strong></span> <span class='ocrx_word' id='word_1_201' title='bbox 1616 2534 1807 2601; x_wconf 84' lang='lat' dir='ltr'><strong>fuerat,</strong></span> 
     </span>
    </p>
   </div>
   <div class='ocr_carea' id='block_1_28' title="bbox 203 2627 1813 2701">
    <p class='ocr_par' dir='ltr' id='par_1_28' title="bbox 203 2627 1813 2701">
     <span class='ocr_line' id='line_1_28' title="bbox 203 2627 1813 2701; baseline 0.001 -18"><span class='ocrx_word' id='word_1_202' title='bbox 203 2637 261 2683; x_wconf 88' lang='lat' dir='ltr'><strong>et</strong></span> <span class='ocrx_word' id='word_1_203' title='bbox 286 2627 439 2683; x_wconf 88' lang='lat' dir='ltr'><strong>illam</strong></span> <span class='ocrx_word' id='word_1_204' title='bbox 468 2634 595 2682; x_wconf 89' lang='lat' dir='ltr'><strong>ante</strong></span> <span class='ocrx_word' id='word_1_205' title='bbox 623 2642 815 2683; x_wconf 89' lang='lat' dir='ltr'><strong>omnes</strong></span> <span class='ocrx_word' id='word_1_206' title='bbox 850 2627 1071 2683; x_wconf 89' lang='lat' dir='ltr'><strong>beatam</strong></span> <span class='ocrx_word' id='word_1_207' title='bbox 1118 2636 1175 2683; x_wconf 92' lang='lat' dir='ltr'><strong>et</strong></span> <span class='ocrx_word' id='word_1_208' title='bbox 1200 2628 1496 2698; x_wconf 77' lang='lat' dir='ltr'><strong>gloriosam</strong></span> <span class='ocrx_word' id='word_1_209' title='bbox 1526 2630 1628 2685; x_wconf 91' lang='lat' dir='ltr'><strong>Dei</strong></span> <span class='ocrx_word' id='word_1_210' title='bbox 1657 2629 1813 2701; x_wconf 88' lang='lat' dir='ltr'><strong>geni-</strong></span> 
     </span>
    </p>
   </div>
   <div class='ocr_carea' id='block_1_29' title="bbox 202 2720 1814 2789">
    <p class='ocr_par' dir='ltr' id='par_1_29' title="bbox 202 2720 1814 2789">
     <span class='ocr_line' id='line_1_29' title="bbox 202 2720 1814 2789; baseline 0.001 -12"><span class='ocrx_word' id='word_1_211' title='bbox 202 2722 407 2777; x_wconf 85' lang='lat' dir='ltr'><strong>tricem</strong></span> <span class='ocrx_word' id='word_1_212' title='bbox 440 2720 694 2789; x_wconf 84' lang='lat' dir='ltr'><strong>Mariam,</strong></span> <span class='ocrx_word' id='word_1_213' title='bbox 720 2721 803 2776; x_wconf 90' lang='lat' dir='ltr'><strong>cui</strong></span> <span class='ocrx_word' id='word_1_214' title='bbox 831 2728 949 2777; x_wconf 88' lang='lat' dir='ltr'><strong>tam</strong></span> <span class='ocrx_word' id='word_1_215' title='bbox 980 2720 1240 2777; x_wconf 87' lang='lat' dir='ltr'><strong>decorum</strong></span> <span class='ocrx_word' id='word_1_216' title='bbox 1272 2722 1636 2779; x_wconf 86' lang='lat' dir='ltr'><strong>constituerat</strong></span> <span class='ocrx_word' id='word_1_217' title='bbox 1662 2722 1814 2778; x_wconf 87' lang='lat' dir='ltr'><strong>habi-</strong></span> 
     </span>
    </p>
   </div>
   <div class='ocr_carea' id='block_1_30' title="bbox 199 2814 1813 2888">
    <p class='ocr_par' dir='ltr' id='par_1_30' title="bbox 199 2814 1813 2888">
     <span class='ocr_line' id='line_1_30' title="bbox 199 2814 1813 2888; baseline 0.001 -18"><span class='ocrx_word' id='word_1_218' title='bbox 199 2815 475 2882; x_wconf 84' lang='lat' dir='ltr'><strong>taculum,</strong></span> <span class='ocrx_word' id='word_1_219' title='bbox 509 2822 571 2871; x_wconf 90' lang='lat' dir='ltr'><strong>ut</strong></span> <span class='ocrx_word' id='word_1_220' title='bbox 594 2815 710 2886; x_wconf 87' lang='lat' dir='ltr'><strong>ipsa</strong></span> <span class='ocrx_word' id='word_1_221' title='bbox 736 2830 863 2871; x_wconf 91' lang='lat' dir='ltr'><strong>eum</strong></span> <span class='ocrx_word' id='word_1_222' title='bbox 899 2814 952 2870; x_wconf 91' lang='lat' dir='ltr'><strong>in</strong></span> <span class='ocrx_word' id='word_1_223' title='bbox 979 2824 1348 2887; x_wconf 67' lang='lat' dir='ltr'><strong>praeparatum</strong></span> <span class='ocrx_word' id='word_1_224' title='bbox 1383 2816 1487 2872; x_wconf 90' lang='lat' dir='ltr'><strong>sibi</strong></span> <span class='ocrx_word' id='word_1_225' title='bbox 1519 2832 1550 2871; x_wconf 89' lang='lat' dir='ltr'><strong>a</strong></span> <span class='ocrx_word' id='word_1_226' title='bbox 1580 2820 1699 2872; x_wconf 92' lang='lat' dir='ltr'><strong>Deo</strong></span> <span class='ocrx_word' id='word_1_227' title='bbox 1730 2816 1813 2888; x_wconf 89' lang='lat' dir='ltr'><strong>pia</strong></span> 
     </span>
    </p>
   </div>
   <div class='ocr_carea' id='block_1_31' title="bbox 200 2908 1811 2977">
    <p class='ocr_par' dir='ltr' id='par_1_31' title="bbox 200 2908 1811 2977">
     <span class='ocr_line' id='line_1_31' title="bbox 200 2908 1811 2977; baseline -0.001 -11"><span class='ocrx_word' id='word_1_228' title='bbox 200 2908 511 2966; x_wconf 86' lang='lat' dir='ltr'><strong>deduceret</strong></span> <span class='ocrx_word' id='word_1_229' title='bbox 537 2909 989 2977; x_wconf 86' lang='lat' dir='ltr'><strong>tabernaculum;</strong></span> <span class='ocrx_word' id='word_1_230' title='bbox 1018 2924 1120 2966; x_wconf 90' lang='lat' dir='ltr'><strong>nec</strong></span> <span class='ocrx_word' id='word_1_231' title='bbox 1146 2924 1254 2965; x_wconf 93' lang='lat' dir='ltr'><strong>non</strong></span> <span class='ocrx_word' id='word_1_232' title='bbox 1281 2919 1336 2965; x_wconf 89' lang='lat' dir='ltr'><strong>et</strong></span> <span class='ocrx_word' id='word_1_233' title='bbox 1364 2909 1520 2965; x_wconf 92' lang='lat' dir='ltr'><strong>illum</strong></span> <span class='ocrx_word' id='word_1_234' title='bbox 1552 2911 1653 2967; x_wconf 91' lang='lat' dir='ltr'><strong>Dei</strong></span> <span class='ocrx_word' id='word_1_235' title='bbox 1684 2925 1811 2966; x_wconf 89' lang='lat' dir='ltr'><strong>san-</strong></span> 
     </span>
    </p>
   </div>
   <div class='ocr_carea' id='block_1_32' title="bbox 165 3001 1810 3075">
    <p class='ocr_par' dir='ltr' id='par_1_32' title="bbox 165 3001 1810 3075">
     <span class='ocr_line' id='line_1_32' title="bbox 165 3001 1810 3075; baseline -0.004 -10"><span class='ocrx_word' id='word_1_236' title='bbox 165 3050 172 3065; x_wconf 86' lang='lat'><strong>.</strong></span> <span class='ocrx_word' id='word_1_237' title='bbox 198 3004 521 3060; x_wconf 87' lang='lat' dir='ltr'><strong>ctissimum</strong></span> <span class='ocrx_word' id='word_1_238' title='bbox 553 3001 928 3059; x_wconf 86' lang='lat' dir='ltr'><strong>confessorem</strong></span> <span class='ocrx_word' id='word_1_239' title='bbox 944 3011 1008 3060; x_wconf 82' lang='lat' dir='ltr'><strong>et</strong></span> <span class='ocrx_word' id='word_1_240' title='bbox 1030 3003 1349 3075; x_wconf 78' lang='lat' dir='ltr'><strong>pontiﬁcem</strong></span> <span class='ocrx_word' id='word_1_241' title='bbox 1374 3004 1684 3072; x_wconf 82' lang='lat' dir='ltr'><strong>Nicolaum,</strong></span> <span class='ocrx_word' id='word_1_242' title='bbox 1714 3020 1810 3059; x_wconf 91' lang='lat' dir='ltr'><strong>cu-</strong></span> 
     </span>
    </p>
   </div>
   <div class='ocr_carea' id='block_1_33' title="bbox 193 3097 1809 3170">
    <p class='ocr_par' dir='ltr' id='par_1_33' title="bbox 193 3097 1809 3170">
     <span class='ocr_line' id='line_1_33' title="bbox 193 3097 1809 3170; baseline -0.001 -15"><span class='ocrx_word' id='word_1_243' title='bbox 193 3098 291 3170; x_wconf 85' lang='lat' dir='ltr'><strong>jus</strong></span> <span class='ocrx_word' id='word_1_244' title='bbox 314 3111 541 3170; x_wconf 89' lang='lat' dir='ltr'><strong>quoque</strong></span> <span class='ocrx_word' id='word_1_245' title='bbox 568 3097 867 3153; x_wconf 86' lang='lat' dir='ltr'><strong>Ecclesiam</strong></span> <span class='ocrx_word' id='word_1_246' title='bbox 898 3113 1116 3153; x_wconf 90' lang='lat' dir='ltr'><strong>summa</strong></span> <span class='ocrx_word' id='word_1_247' title='bbox 1141 3097 1435 3154; x_wconf 87' lang='lat' dir='ltr'><strong>devotione</strong></span> <span class='ocrx_word' id='word_1_248' title='bbox 1466 3098 1809 3166; x_wconf 82' lang='lat' dir='ltr'><strong>instituerat;</strong></span> 
     </span>
    </p>
   </div>
   <div class='ocr_carea' id='block_1_34' title="bbox 1944 469 3528 545">
    <p class='ocr_par' dir='ltr' id='par_1_34' title="bbox 1944 469 3528 545">
     <span class='ocr_line' id='line_1_34' title="bbox 1944 469 3528 545; baseline 0.002 -18"><span class='ocrx_word' id='word_1_249' title='bbox 1944 473 2064 544; x_wconf 89' lang='lat' dir='ltr'><strong>plus</strong></span> <span class='ocrx_word' id='word_1_250' title='bbox 2100 486 2346 545; x_wconf 90' lang='lat' dir='ltr'><strong>unquam</strong></span> <span class='ocrx_word' id='word_1_251' title='bbox 2392 470 2605 543; x_wconf 88' lang='lat' dir='ltr'><strong>possedi</strong></span> <span class='ocrx_word' id='word_1_252' title='bbox 2646 469 2959 527; x_wconf 85' lang='lat' dir='ltr'><strong>divitiarum</strong></span> <span class='ocrx_word' id='word_1_253' title='bbox 3008 484 3177 543; x_wconf 86' lang='lat' dir='ltr'><strong>quam</strong></span> <span class='ocrx_word' id='word_1_254' title='bbox 3229 472 3528 545; x_wconf 88' lang='lat' dir='ltr'><strong>simplicem</strong></span> 
     </span>
    </p>
   </div>
   <div class='ocr_carea' id='block_1_35' title="bbox 1937 566 2529 623">
    <p class='ocr_par' dir='ltr' id='par_1_35' title="bbox 1937 566 2529 623">
     <span class='ocr_line' id='line_1_35' title="bbox 1937 566 2529 623; baseline -0.002 -2"><span class='ocrx_word' id='word_1_255' title='bbox 1937 566 2142 623; x_wconf 88' lang='lat' dir='ltr'><strong>victum</strong></span> <span class='ocrx_word' id='word_1_256' title='bbox 2162 574 2219 623; x_wconf 90' lang='lat' dir='ltr'><strong>et</strong></span> <span class='ocrx_word' id='word_1_257' title='bbox 2246 566 2529 622; x_wconf 87' lang='lat' dir='ltr'><strong>vestitum!</strong></span> 
     </span>
    </p>
   </div>
   <div class='ocr_carea' id='block_1_36' title="bbox 2006 658 3527 733">
    <p class='ocr_par' dir='ltr' id='par_1_36' title="bbox 2006 658 3527 733">
     <span class='ocr_line' id='line_1_36' title="bbox 2006 658 3527 733; baseline 0.001 -18"><span class='ocrx_word' id='word_1_258' title='bbox 2006 664 2216 732; x_wconf 81' lang='lat' dir='ltr'><strong>Agente</strong></span> <span class='ocrx_word' id='word_1_259' title='bbox 2244 660 2434 733; x_wconf 84' lang='lat' dir='ltr'><strong>itaque</strong></span> <span class='ocrx_word' id='word_1_260' title='bbox 2457 659 2515 713; x_wconf 92' lang='lat' dir='ltr'><strong>in</strong></span> <span class='ocrx_word' id='word_1_261' title='bbox 2538 658 2794 715; x_wconf 88' lang='lat' dir='ltr'><strong>extremis</strong></span> <span class='ocrx_word' id='word_1_262' title='bbox 2816 658 2985 732; x_wconf 87' lang='lat' dir='ltr'><strong>hujus</strong></span> <span class='ocrx_word' id='word_1_263' title='bbox 3008 660 3259 716; x_wconf 85' lang='lat' dir='ltr'><strong>mortalis</strong></span> <span class='ocrx_word' id='word_1_264' title='bbox 3286 661 3413 718; x_wconf 84' lang='lat' dir='ltr'><strong>vitae</strong></span> <span class='ocrx_word' id='word_1_265' title='bbox 3434 675 3527 717; x_wconf 81' lang='lat' dir='ltr'><strong>ve-</strong></span> 
     </span>
    </p>
   </div>
   <div class='ocr_carea' id='block_1_37' title="bbox 1932 752 3527 826">
    <p class='ocr_par' dir='ltr' id='par_1_37' title="bbox 1932 752 3527 826">
     <span class='ocr_line' id='line_1_37' title="bbox 1932 752 3527 826; baseline 0.001 -17"><span class='ocrx_word' id='word_1_266' title='bbox 1932 753 2177 811; x_wconf 88' lang='lat' dir='ltr'><strong>nerando</strong></span> <span class='ocrx_word' id='word_1_267' title='bbox 2220 752 2480 819; x_wconf 88' lang='lat' dir='ltr'><strong>antistite,</strong></span> <span class='ocrx_word' id='word_1_268' title='bbox 2524 768 2636 809; x_wconf 89' lang='lat' dir='ltr'><strong>non</strong></span> <span class='ocrx_word' id='word_1_269' title='bbox 2680 767 2819 824; x_wconf 89' lang='lat' dir='ltr'><strong>opus</strong></span> <span class='ocrx_word' id='word_1_270' title='bbox 2847 761 2967 809; x_wconf 89' lang='lat' dir='ltr'><strong>erat</strong></span> <span class='ocrx_word' id='word_1_271' title='bbox 3002 761 3065 808; x_wconf 91' lang='lat' dir='ltr'><strong>ut</strong></span> <span class='ocrx_word' id='word_1_272' title='bbox 3099 753 3167 810; x_wconf 93' lang='lat' dir='ltr'><strong>de</strong></span> <span class='ocrx_word' id='word_1_273' title='bbox 3196 753 3527 826; x_wconf 89' lang='lat' dir='ltr'><strong>providendo</strong></span> 
     </span>
    </p>
   </div>
   <div class='ocr_carea' id='block_1_38' title="bbox 1929 847 3525 921">
    <p class='ocr_par' dir='ltr' id='par_1_38' title="bbox 1929 847 3525 921">
     <span class='ocr_line' id='line_1_38' title="bbox 1929 847 3525 921; baseline -0.001 -17"><span class='ocrx_word' id='word_1_274' title='bbox 1929 848 2075 904; x_wconf 86' lang='lat' dir='ltr'><strong>exitu</strong></span> <span class='ocrx_word' id='word_1_275' title='bbox 2103 864 2203 904; x_wconf 92' lang='lat' dir='ltr'><strong>suo</strong></span> <span class='ocrx_word' id='word_1_276' title='bbox 2228 848 2349 921; x_wconf 91' lang='lat' dir='ltr'><strong>quis</strong></span> <span class='ocrx_word' id='word_1_277' title='bbox 2380 861 2505 903; x_wconf 92' lang='lat' dir='ltr'><strong>eum</strong></span> <span class='ocrx_word' id='word_1_278' title='bbox 2534 855 2927 903; x_wconf 90' lang='lat' dir='ltr'><strong>commoneret.</strong></span> <span class='ocrx_word' id='word_1_279' title='bbox 2957 849 3080 919; x_wconf 88' lang='lat' dir='ltr'><strong>Ipse</strong></span> <span class='ocrx_word' id='word_1_280' title='bbox 3104 847 3251 902; x_wconf 91' lang='lat' dir='ltr'><strong>enim</strong></span> <span class='ocrx_word' id='word_1_281' title='bbox 3277 847 3378 903; x_wconf 90' lang='lat' dir='ltr'><strong>sibi</strong></span> <span class='ocrx_word' id='word_1_282' title='bbox 3401 863 3525 920; x_wconf 91' lang='lat' dir='ltr'><strong>pro-</strong></span> 
     </span>
    </p>
   </div>
   <div class='ocr_carea' id='block_1_39' title="bbox 1928 941 3523 1013">
    <p class='ocr_par' dir='ltr' id='par_1_39' title="bbox 1928 941 3523 1013">
     <span class='ocr_line' id='line_1_39' title="bbox 1928 941 3523 1013; baseline 0.001 -17"><span class='ocrx_word' id='word_1_283' title='bbox 1928 941 2136 998; x_wconf 87' lang='lat' dir='ltr'><strong>viderat</strong></span> <span class='ocrx_word' id='word_1_284' title='bbox 2158 950 2273 998; x_wconf 91' lang='lat' dir='ltr'><strong>toto</strong></span> <span class='ocrx_word' id='word_1_285' title='bbox 2312 949 2566 1013; x_wconf 89' lang='lat' dir='ltr'><strong>tempore</strong></span> <span class='ocrx_word' id='word_1_286' title='bbox 2603 941 2729 996; x_wconf 65' lang='lat' dir='ltr'><strong>vitae</strong></span> <span class='ocrx_word' id='word_1_287' title='bbox 2763 956 2899 1009; x_wconf 73' lang='lat' dir='ltr'><strong>suae,</strong></span> <span class='ocrx_word' id='word_1_288' title='bbox 2937 949 3009 1009; x_wconf 90' lang='lat' dir='ltr'><strong>et,</strong></span> <span class='ocrx_word' id='word_1_289' title='bbox 3054 942 3183 1012; x_wconf 87' lang='lat' dir='ltr'><strong>quia</strong></span> <span class='ocrx_word' id='word_1_290' title='bbox 3211 941 3348 997; x_wconf 90' lang='lat' dir='ltr'><strong>bene</strong></span> <span class='ocrx_word' id='word_1_291' title='bbox 3377 942 3523 998; x_wconf 80' lang='lat' dir='ltr'><strong>vixe-</strong></span> 
     </span>
    </p>
   </div>
   <div class='ocr_carea' id='block_1_40' title="bbox 1924 1034 3522 1107">
    <p class='ocr_par' dir='ltr' id='par_1_40' title="bbox 1924 1034 3522 1107">
     <span class='ocr_line' id='line_1_40' title="bbox 1924 1034 3522 1107; baseline 0 -16"><span class='ocrx_word' id='word_1_292' title='bbox 1924 1044 2035 1105; x_wconf 89' lang='lat' dir='ltr'><strong>rat,</strong></span> <span class='ocrx_word' id='word_1_293' title='bbox 2084 1034 2315 1092; x_wconf 88' lang='lat' dir='ltr'><strong>feliciter</strong></span> <span class='ocrx_word' id='word_1_294' title='bbox 2360 1034 2725 1091; x_wconf 87' lang='lat' dir='ltr'><strong>moriebatur.</strong></span> <span class='ocrx_word' id='word_1_295' title='bbox 2779 1034 3040 1107; x_wconf 77' lang='lat' dir='ltr'><strong>Alioquin</strong></span> <span class='ocrx_word' id='word_1_296' title='bbox 3084 1034 3130 1089; x_wconf 89' lang='lat' dir='ltr'><strong>si</strong></span> <span class='ocrx_word' id='word_1_297' title='bbox 3172 1042 3301 1090; x_wconf 91' lang='lat' dir='ltr'><strong>tunc</strong></span> <span class='ocrx_word' id='word_1_298' title='bbox 3343 1035 3522 1107; x_wconf 91' lang='lat' dir='ltr'><strong>primo</strong></span> 
     </span>
    </p>
   </div>
   <div class='ocr_carea' id='block_1_41' title="bbox 1924 1126 3524 1201">
    <p class='ocr_par' dir='ltr' id='par_1_41' title="bbox 1924 1126 3524 1201">
     <span class='ocr_line' id='line_1_41' title="bbox 1924 1126 3524 1201; baseline -0.001 -15"><span class='ocrx_word' id='word_1_299' title='bbox 1924 1130 2264 1186; x_wconf 90' lang='lat' dir='ltr'><strong>commoneri</strong></span> <span class='ocrx_word' id='word_1_300' title='bbox 2302 1143 2429 1185; x_wconf 91' lang='lat' dir='ltr'><strong>eum</strong></span> <span class='ocrx_word' id='word_1_301' title='bbox 2466 1142 2688 1184; x_wconf 88' lang='lat' dir='ltr'><strong>necesse</strong></span> <span class='ocrx_word' id='word_1_302' title='bbox 2715 1126 2934 1196; x_wconf 88' lang='lat' dir='ltr'><strong>fuisset,</strong></span> <span class='ocrx_word' id='word_1_303' title='bbox 2962 1134 3110 1183; x_wconf 86' lang='lat' dir='ltr'><strong>recte</strong></span> <span class='ocrx_word' id='word_1_304' title='bbox 3151 1127 3524 1201; x_wconf 88' lang='lat' dir='ltr'><strong>respondisset</strong></span> 
     </span>
    </p>
   </div>
   <div class='ocr_carea' id='block_1_42' title="bbox 1922 1220 3523 1296">
    <p class='ocr_par' dir='ltr' id='par_1_42' title="bbox 1922 1220 3523 1296">
     <span class='ocr_line' id='line_1_42' title="bbox 1922 1220 3523 1296; baseline -0.002 -16"><span class='ocrx_word' id='word_1_305' title='bbox 1922 1223 2070 1296; x_wconf 92' lang='lat' dir='ltr'><strong>quod</strong></span> <span class='ocrx_word' id='word_1_306' title='bbox 2089 1222 2410 1279; x_wconf 85' lang='lat' dir='ltr'><strong>venerabilis</strong></span> <span class='ocrx_word' id='word_1_307' title='bbox 2434 1222 2666 1279; x_wconf 88' lang='lat' dir='ltr'><strong>Chuono</strong></span> <span class='ocrx_word' id='word_1_308' title='bbox 2692 1221 3109 1293; x_wconf 85' lang='lat' dir='ltr'><strong>Ratisponensis</strong></span> <span class='ocrx_word' id='word_1_309' title='bbox 3133 1220 3393 1278; x_wconf 70' lang='lat' dir='ltr'><strong>Ecclesiae</strong></span> <span class='ocrx_word' id='word_1_310' title='bbox 3419 1222 3523 1294; x_wconf 88' lang='lat' dir='ltr'><strong>epi-</strong></span> 
     </span>
    </p>
   </div>
   <div class='ocr_carea' id='block_1_43' title="bbox 1920 1314 3524 1390">
    <p class='ocr_par' dir='ltr' id='par_1_43' title="bbox 1920 1314 3524 1390">
     <span class='ocr_line' id='line_1_43' title="bbox 1920 1314 3524 1390; baseline -0.001 -17"><span class='ocrx_word' id='word_1_311' title='bbox 1920 1333 2137 1390; x_wconf 91' lang='lat' dir='ltr'><strong>scopus,</strong></span> <span class='ocrx_word' id='word_1_312' title='bbox 2179 1325 2304 1373; x_wconf 92' lang='lat' dir='ltr'><strong>ante</strong></span> <span class='ocrx_word' id='word_1_313' title='bbox 2333 1332 2465 1372; x_wconf 90' lang='lat' dir='ltr'><strong>vero</strong></span> <span class='ocrx_word' id='word_1_314' title='bbox 2504 1316 2875 1388; x_wconf 90' lang='lat' dir='ltr'><strong>Sigbergensis</strong></span> <span class='ocrx_word' id='word_1_315' title='bbox 2900 1315 3092 1383; x_wconf 90' lang='lat' dir='ltr'><strong>abbas,</strong></span> <span class='ocrx_word' id='word_1_316' title='bbox 3136 1314 3442 1387; x_wconf 78' lang='lat' dir='ltr'><strong>astantibus</strong></span> <span class='ocrx_word' id='word_1_317' title='bbox 3468 1324 3524 1371; x_wconf 88' lang='lat' dir='ltr'><strong>et</strong></span> 
     </span>
    </p>
   </div>
   <div class='ocr_carea' id='block_1_44' title="bbox 1922 1406 3522 1480">
    <p class='ocr_par' dir='ltr' id='par_1_44' title="bbox 1922 1406 3522 1480">
     <span class='ocr_line' id='line_1_44' title="bbox 1922 1406 3522 1480; baseline -0.001 -13"><span class='ocrx_word' id='word_1_318' title='bbox 1922 1420 2057 1467; x_wconf 89' lang='lat' dir='ltr'><strong>tunc</strong></span> <span class='ocrx_word' id='word_1_319' title='bbox 2085 1410 2312 1467; x_wconf 89' lang='lat' dir='ltr'><strong>demum</strong></span> <span class='ocrx_word' id='word_1_320' title='bbox 2347 1411 2617 1465; x_wconf 91' lang='lat' dir='ltr'><strong>morituro</strong></span> <span class='ocrx_word' id='word_1_321' title='bbox 2646 1409 3086 1478; x_wconf 86' lang='lat' dir='ltr'><strong>consulentibus,</strong></span> <span class='ocrx_word' id='word_1_322' title='bbox 3108 1406 3280 1464; x_wconf 85' lang='lat' dir='ltr'><strong>fertur</strong></span> <span class='ocrx_word' id='word_1_323' title='bbox 3302 1424 3522 1480; x_wconf 83' lang='lat' dir='ltr'><strong>respon-</strong></span> 
     </span>
    </p>
   </div>
   <div class='ocr_carea' id='block_1_45' title="bbox 1924 1504 3526 1574">
    <p class='ocr_par' dir='ltr' id='par_1_45' title="bbox 1924 1504 3526 1574">
     <span class='ocr_line' id='line_1_45' title="bbox 1924 1504 3526 1574; baseline -0.002 -13"><span class='ocrx_word' id='word_1_324' title='bbox 1924 1504 2089 1562; x_wconf 89' lang='lat' dir='ltr'><strong>disse.</strong></span> <span class='ocrx_word' id='word_1_325' title='bbox 2123 1505 2213 1561; x_wconf 78' lang='lat' dir='ltr'><strong>Ait</strong></span> <span class='ocrx_word' id='word_1_326' title='bbox 2240 1505 2387 1562; x_wconf 91' lang='lat' dir='ltr'><strong>enim</strong></span> <span class='ocrx_word' id='word_1_327' title='bbox 2427 1526 2438 1560; x_wconf 93' lang='lat'>:</span> <span class='ocrx_word' id='word_1_328' title='bbox 2467 1506 2605 1559; x_wconf 87' lang='lat' dir='ltr'><strong>Bene</strong></span> <span class='ocrx_word' id='word_1_329' title='bbox 2632 1504 2851 1574; x_wconf 82' lang='lat' dir='ltr'><strong>quidem</strong></span> <span class='ocrx_word' id='word_1_330' title='bbox 2877 1519 2960 1557; x_wconf 89' lang='lat' dir='ltr'><strong>me</strong></span> <span class='ocrx_word' id='word_1_331' title='bbox 2980 1506 3226 1571; x_wconf 86' lang='lat' dir='ltr'><strong>monetis,</strong></span> <span class='ocrx_word' id='word_1_332' title='bbox 3259 1519 3288 1556; x_wconf 90' lang='grc' dir='ltr'>ο</span> <span class='ocrx_word' id='word_1_333' title='bbox 3315 1504 3436 1572; x_wconf 82' lang='lat' dir='ltr'><strong>ﬁlii,</strong></span> <span class='ocrx_word' id='word_1_334' title='bbox 3462 1508 3526 1557; x_wconf 89' lang='lat' dir='ltr'><strong>ut</strong></span> 
     </span>
    </p>
   </div>
   <div class='ocr_carea' id='block_1_46' title="bbox 1924 1597 3526 1667">
    <p class='ocr_par' dir='ltr' id='par_1_46' title="bbox 1924 1597 3526 1667">
     <span class='ocr_line' id='line_1_46' title="bbox 1924 1597 3526 1667; baseline -0.002 -12"><span class='ocrx_word' id='word_1_335' title='bbox 1924 1604 1984 1655; x_wconf 86' lang='lat' dir='ltr'><strong>in</strong></span> <span class='ocrx_word' id='word_1_336' title='bbox 2024 1602 2154 1655; x_wconf 80' lang='lat' dir='ltr'><strong>hora</strong></span> <span class='ocrx_word' id='word_1_337' title='bbox 2184 1601 2284 1655; x_wconf 87' lang='lat' dir='ltr'><strong>hac</strong></span> <span class='ocrx_word' id='word_1_338' title='bbox 2309 1598 2597 1654; x_wconf 85' lang='lat' dir='ltr'><strong>metuenda</strong></span> <span class='ocrx_word' id='word_1_339' title='bbox 2624 1613 2753 1653; x_wconf 79' lang='lat' dir='ltr'><strong>meae</strong></span> <span class='ocrx_word' id='word_1_340' title='bbox 2798 1599 3123 1667; x_wconf 77' lang='lat' dir='ltr'><strong>prospiciam</strong></span> <span class='ocrx_word' id='word_1_341' title='bbox 3159 1597 3349 1651; x_wconf 82' lang='lat' dir='ltr'><strong>saluti.</strong></span> <span class='ocrx_word' id='word_1_342' title='bbox 3376 1599 3526 1654; x_wconf 88' lang='lat' dir='ltr'><strong>Nun-</strong></span> 
     </span>
    </p>
   </div>
   <div class='ocr_carea' id='block_1_47' title="bbox 1925 1690 3523 1764">
    <p class='ocr_par' dir='ltr' id='par_1_47' title="bbox 1925 1690 3523 1764">
     <span class='ocr_line' id='line_1_47' title="bbox 1925 1690 3523 1764; baseline -0.003 -17"><span class='ocrx_word' id='word_1_343' title='bbox 1925 1694 2062 1764; x_wconf 83' lang='lat' dir='ltr'><strong>quid</strong></span> <span class='ocrx_word' id='word_1_344' title='bbox 2086 1696 2180 1749; x_wconf 81' lang='lat' dir='ltr'><strong>hoc</strong></span> <span class='ocrx_word' id='word_1_345' title='bbox 2202 1694 2402 1748; x_wconf 86' lang='lat' dir='ltr'><strong>salutis</strong></span> <span class='ocrx_word' id='word_1_346' title='bbox 2421 1692 2803 1764; x_wconf 82' lang='lat' dir='ltr'><strong>praponebatis</strong></span> <span class='ocrx_word' id='word_1_347' title='bbox 2828 1692 3135 1757; x_wconf 78' lang='lat' dir='ltr'><strong>consilium,</strong></span> <span class='ocrx_word' id='word_1_348' title='bbox 3162 1690 3380 1758; x_wconf 85' lang='lat' dir='ltr'><strong>quando</strong></span> <span class='ocrx_word' id='word_1_349' title='bbox 3398 1691 3523 1760; x_wconf 85' lang='lat' dir='ltr'><strong>pla-</strong></span> 
     </span>
    </p>
   </div>
   <div class='ocr_carea' id='block_1_48' title="bbox 1920 1785 3525 1853">
    <p class='ocr_par' dir='ltr' id='par_1_48' title="bbox 1920 1785 3525 1853">
     <span class='ocr_line' id='line_1_48' title="bbox 1920 1785 3525 1853; baseline -0.004 -10"><span class='ocrx_word' id='word_1_350' title='bbox 1920 1791 2031 1843; x_wconf 81' lang='lat' dir='ltr'><strong>cuit</strong></span> <span class='ocrx_word' id='word_1_351' title='bbox 2054 1789 2199 1843; x_wconf 74' lang='lat' dir='ltr'><strong>vobis</strong></span> <span class='ocrx_word' id='word_1_352' title='bbox 2237 1792 2297 1841; x_wconf 80' lang='lat' dir='ltr'><strong>ut</strong></span> <span class='ocrx_word' id='word_1_353' title='bbox 2326 1801 2552 1841; x_wconf 83' lang='lat' dir='ltr'><strong>munera</strong></span> <span class='ocrx_word' id='word_1_354' title='bbox 2580 1786 2804 1839; x_wconf 79' lang='lat' dir='ltr'><strong>libenter</strong></span> <span class='ocrx_word' id='word_1_355' title='bbox 2829 1785 3139 1853; x_wconf 75' lang='lat' dir='ltr'><strong>acciperem,</strong></span> <span class='ocrx_word' id='word_1_356' title='bbox 3169 1786 3233 1837; x_wconf 86' lang='lat' dir='ltr'><strong>ut</strong></span> <span class='ocrx_word' id='word_1_357' title='bbox 3258 1785 3525 1853; x_wconf 77' lang='lat' dir='ltr'><strong>spiritua-</strong></span> 
     </span>
    </p>
   </div>
   <div class='ocr_carea' id='block_1_49' title="bbox 1922 1870 3525 1948">
    <p class='ocr_par' dir='ltr' id='par_1_49' title="bbox 1922 1870 3525 1948">
     <span class='ocr_line' id='line_1_49' title="bbox 1922 1870 3525 1948; baseline -0.004 -12"><span class='ocrx_word' id='word_1_358' title='bbox 1922 1884 1998 1936; x_wconf 83' lang='lat' dir='ltr'><strong>lia</strong></span> <span class='ocrx_word' id='word_1_359' title='bbox 2034 1884 2331 1938; x_wconf 80' lang='lat' dir='ltr'><strong>Simoniace</strong></span> <span class='ocrx_word' id='word_1_360' title='bbox 2356 1870 2658 1946; x_wconf 70' lang='lat' dir='ltr'><strong>uenderem,</strong></span> <span class='ocrx_word' id='word_1_361' title='bbox 2697 1883 2759 1932; x_wconf 79' lang='lat' dir='ltr'><strong>ut</strong></span> <span class='ocrx_word' id='word_1_362' title='bbox 2790 1877 3008 1948; x_wconf 76' lang='lat' dir='ltr'><strong>judicia</strong></span> <span class='ocrx_word' id='word_1_363' title='bbox 3044 1880 3419 1947; x_wconf 80' lang='lat' dir='ltr'><strong>peruerterem,</strong></span> <span class='ocrx_word' id='word_1_364' title='bbox 3461 1881 3525 1931; x_wconf 87' lang='lat' dir='ltr'><strong>ut</strong></span> 
     </span>
    </p>
   </div>
   <div class='ocr_carea' id='block_1_50' title="bbox 1924 1969 3525 2046">
    <p class='ocr_par' dir='ltr' id='par_1_50' title="bbox 1924 1969 3525 2046">
     <span class='ocr_line' id='line_1_50' title="bbox 1924 1969 3525 2046; baseline -0.003 -17"><span class='ocrx_word' id='word_1_365' title='bbox 1924 1980 2145 2046; x_wconf 85' lang='lat' dir='ltr'><strong>peccata</strong></span> <span class='ocrx_word' id='word_1_366' title='bbox 2173 1975 2511 2029; x_wconf 81' lang='lat' dir='ltr'><strong>subditorum</strong></span> <span class='ocrx_word' id='word_1_367' title='bbox 2544 1973 2949 2027; x_wconf 83' lang='lat' dir='ltr'><strong>dissimularem</strong></span> <span class='ocrx_word' id='word_1_368' title='bbox 2966 1974 2993 2025; x_wconf 85' lang='lat'><em>?</em></span> <span class='ocrx_word' id='word_1_369' title='bbox 3031 1972 3159 2025; x_wconf 78' lang='lat' dir='ltr'><strong>Sero</strong></span> <span class='ocrx_word' id='word_1_370' title='bbox 3191 1969 3525 2039; x_wconf 81' lang='lat' dir='ltr'><strong>providerem</strong></span> 
     </span>
    </p>
   </div>
   <div class='ocr_carea' id='block_1_51' title="bbox 1927 2062 3526 2137">
    <p class='ocr_par' dir='ltr' id='par_1_51' title="bbox 1927 2062 3526 2137">
     <span class='ocr_line' id='line_1_51' title="bbox 1927 2062 3526 2137; baseline -0.004 -14"><span class='ocrx_word' id='word_1_371' title='bbox 1927 2070 2102 2131; x_wconf 90' lang='lat' dir='ltr'><strong>modo,</strong></span> <span class='ocrx_word' id='word_1_372' title='bbox 2141 2070 2190 2122; x_wconf 85' lang='lat' dir='ltr'><strong>si</strong></span> <span class='ocrx_word' id='word_1_373' title='bbox 2222 2069 2494 2137; x_wconf 85' lang='lat' dir='ltr'><strong>hucusque</strong></span> <span class='ocrx_word' id='word_1_374' title='bbox 2533 2068 2758 2120; x_wconf 82' lang='lat' dir='ltr'><strong>minime</strong></span> <span class='ocrx_word' id='word_1_375' title='bbox 2792 2065 3169 2135; x_wconf 77' lang='lat' dir='ltr'><strong>prouidissem.</strong></span> <span class='ocrx_word' id='word_1_376' title='bbox 3216 2063 3307 2119; x_wconf 89' lang='lat' dir='ltr'><strong>Sic</strong></span> <span class='ocrx_word' id='word_1_377' title='bbox 3336 2062 3526 2117; x_wconf 88' lang='lat' dir='ltr'><strong>beatus</strong></span> 
     </span>
    </p>
   </div>
   <div class='ocr_carea' id='block_1_52' title="bbox 1929 2154 3524 2230">
    <p class='ocr_par' dir='ltr' id='par_1_52' title="bbox 1929 2154 3524 2230">
     <span class='ocr_line' id='line_1_52' title="bbox 1929 2154 3524 2230; baseline -0.004 -13"><span class='ocrx_word' id='word_1_378' title='bbox 1929 2162 2027 2218; x_wconf 90' lang='lat' dir='ltr'><strong>Dei</strong></span> <span class='ocrx_word' id='word_1_379' title='bbox 2056 2160 2296 2217; x_wconf 88' lang='lat' dir='ltr'><strong>famulus</strong></span> <span class='ocrx_word' id='word_1_380' title='bbox 2339 2169 2555 2216; x_wconf 90' lang='lat' dir='ltr'><strong>mature</strong></span> <span class='ocrx_word' id='word_1_381' title='bbox 2589 2159 2691 2216; x_wconf 91' lang='lat' dir='ltr'><strong>sibi</strong></span> <span class='ocrx_word' id='word_1_382' title='bbox 2728 2165 3097 2230; x_wconf 85' lang='lat' dir='ltr'><strong>prospexerat,</strong></span> <span class='ocrx_word' id='word_1_383' title='bbox 3127 2163 3181 2212; x_wconf 91' lang='lat' dir='ltr'><strong>et</strong></span> <span class='ocrx_word' id='word_1_384' title='bbox 3208 2154 3335 2212; x_wconf 89' lang='lat' dir='ltr'><strong>ideo</strong></span> <span class='ocrx_word' id='word_1_385' title='bbox 3363 2170 3524 2228; x_wconf 80' lang='lat' dir='ltr'><strong>expe-</strong></span> 
     </span>
    </p>
   </div>
   <div class='ocr_carea' id='block_1_53' title="bbox 1927 2253 2563 2327">
    <p class='ocr_par' dir='ltr' id='par_1_53' title="bbox 1927 2253 2563 2327">
     <span class='ocr_line' id='line_1_53' title="bbox 1927 2253 2563 2327; baseline -0.003 -16"><span class='ocrx_word' id='word_1_386' title='bbox 1927 2255 2093 2311; x_wconf 90' lang='lat' dir='ltr'><strong>ditius</strong></span> <span class='ocrx_word' id='word_1_387' title='bbox 2119 2253 2563 2327; x_wconf 89' lang='lat' dir='ltr'><strong>transmigrabat.</strong></span> 
     </span>
    </p>
   </div>
   <div class='ocr_carea' id='block_1_54' title="bbox 2000 2344 3526 2421">
    <p class='ocr_par' dir='ltr' id='par_1_54' title="bbox 2000 2344 3526 2421">
     <span class='ocr_line' id='line_1_54' title="bbox 2000 2344 3526 2421; baseline -0.003 -17"><span class='ocrx_word' id='word_1_388' title='bbox 2000 2349 2168 2421; x_wconf 86' lang='lat' dir='ltr'><strong>Igitur</strong></span> <span class='ocrx_word' id='word_1_389' title='bbox 2192 2365 2222 2405; x_wconf 90' lang='lat' dir='ltr'><strong>a</strong></span> <span class='ocrx_word' id='word_1_390' title='bbox 2245 2346 2515 2419; x_wconf 90' lang='lat' dir='ltr'><strong>religiosis</strong></span> <span class='ocrx_word' id='word_1_391' title='bbox 2544 2344 2673 2402; x_wconf 89' lang='lat' dir='ltr'><strong>viris</strong></span> <span class='ocrx_word' id='word_1_392' title='bbox 2697 2345 2816 2401; x_wconf 92' lang='lat' dir='ltr'><strong>oleo</strong></span> <span class='ocrx_word' id='word_1_393' title='bbox 2846 2359 3000 2401; x_wconf 89' lang='lat' dir='ltr'><strong>sacro</strong></span> <span class='ocrx_word' id='word_1_394' title='bbox 3032 2344 3309 2410; x_wconf 89' lang='lat' dir='ltr'><strong>inunctus,</strong></span> <span class='ocrx_word' id='word_1_395' title='bbox 3341 2349 3395 2398; x_wconf 92' lang='lat' dir='ltr'><strong>et</strong></span> <span class='ocrx_word' id='word_1_396' title='bbox 3412 2345 3526 2400; x_wconf 93' lang='lat' dir='ltr'><strong>Do-</strong></span> 
     </span>
    </p>
   </div>
   <div class='ocr_carea' id='block_1_55' title="bbox 1928 2436 3523 2506">
    <p class='ocr_par' dir='ltr' id='par_1_55' title="bbox 1928 2436 3523 2506">
     <span class='ocr_line' id='line_1_55' title="bbox 1928 2436 3523 2506; baseline -0.003 -10"><span class='ocrx_word' id='word_1_397' title='bbox 1928 2443 2142 2497; x_wconf 91' lang='lat' dir='ltr'><strong>minicis</strong></span> <span class='ocrx_word' id='word_1_398' title='bbox 2188 2440 2541 2497; x_wconf 87' lang='lat' dir='ltr'><strong>sacramentis</strong></span> <span class='ocrx_word' id='word_1_399' title='bbox 2583 2439 2842 2506; x_wconf 83' lang='lat' dir='ltr'><strong>refectus,</strong></span> <span class='ocrx_word' id='word_1_400' title='bbox 2874 2437 3194 2494; x_wconf 87' lang='lat' dir='ltr'><strong>benedicens</strong></span> <span class='ocrx_word' id='word_1_401' title='bbox 3238 2436 3361 2492; x_wconf 82' lang='lat' dir='ltr'><strong>ﬁliis</strong></span> <span class='ocrx_word' id='word_1_402' title='bbox 3390 2437 3523 2501; x_wconf 83' lang='lat' dir='ltr'><strong>suis,</strong></span> 
     </span>
    </p>
   </div>
   <div class='ocr_carea' id='block_1_56' title="bbox 1926 2531 3523 2598">
    <p class='ocr_par' dir='ltr' id='par_1_56' title="bbox 1926 2531 3523 2598">
     <span class='ocr_line' id='line_1_56' title="bbox 1926 2531 3523 2598; baseline -0.003 -7"><span class='ocrx_word' id='word_1_403' title='bbox 1926 2544 1981 2591; x_wconf 90' lang='lat' dir='ltr'><strong>et</strong></span> <span class='ocrx_word' id='word_1_404' title='bbox 2022 2551 2117 2591; x_wconf 91' lang='lat' dir='ltr'><strong>eos</strong></span> <span class='ocrx_word' id='word_1_405' title='bbox 2155 2534 2359 2591; x_wconf 73' lang='lat' dir='ltr'><strong>cmlesti</strong></span> <span class='ocrx_word' id='word_1_406' title='bbox 2400 2533 2543 2590; x_wconf 89' lang='lat' dir='ltr'><strong>Patri</strong></span> <span class='ocrx_word' id='word_1_407' title='bbox 2592 2532 2847 2589; x_wconf 88' lang='lat' dir='ltr'><strong>obnixius</strong></span> <span class='ocrx_word' id='word_1_408' title='bbox 2894 2531 3316 2598; x_wconf 88' lang='lat' dir='ltr'><strong>commendans,</strong></span> <span class='ocrx_word' id='word_1_409' title='bbox 3377 2531 3523 2586; x_wconf 90' lang='lat' dir='ltr'><strong>viam</strong></span> 
     </span>
    </p>
   </div>
   <div class='ocr_carea' id='block_1_57' title="bbox 1925 2624 3522 2697">
    <p class='ocr_par' dir='ltr' id='par_1_57' title="bbox 1925 2624 3522 2697">
     <span class='ocr_line' id='line_1_57' title="bbox 1925 2624 3522 2697; baseline -0.003 -12"><span class='ocrx_word' id='word_1_410' title='bbox 1925 2630 2192 2685; x_wconf 62' lang='lat' dir='ltr'><strong>universa</strong></span> <span class='ocrx_word' id='word_1_411' title='bbox 2219 2628 2398 2697; x_wconf 84' lang='lat' dir='ltr'><strong>carnis</strong></span> <span class='ocrx_word' id='word_1_412' title='bbox 2443 2627 2600 2684; x_wconf 72' lang='lat' dir='ltr'><strong>laetus</strong></span> <span class='ocrx_word' id='word_1_413' title='bbox 2643 2625 2947 2697; x_wconf 86' lang='lat' dir='ltr'><strong>ingreditur</strong></span> <span class='ocrx_word' id='word_1_414' title='bbox 2976 2640 3122 2681; x_wconf 91' lang='lat' dir='ltr'><strong>anno</strong></span> <span class='ocrx_word' id='word_1_415' title='bbox 3165 2624 3233 2680; x_wconf 88' lang='lat' dir='ltr'><strong>ab</strong></span> <span class='ocrx_word' id='word_1_416' title='bbox 3270 2628 3522 2681; x_wconf 90' lang='lat' dir='ltr'><strong>Incarna-</strong></span> 
     </span>
    </p>
   </div>
   <div class='ocr_carea' id='block_1_58' title="bbox 1925 2718 3525 2791">
    <p class='ocr_par' dir='ltr' id='par_1_58' title="bbox 1925 2718 3525 2791">
     <span class='ocr_line' id='line_1_58' title="bbox 1925 2718 3525 2791; baseline -0.003 -13"><span class='ocrx_word' id='word_1_417' title='bbox 1925 2724 2075 2779; x_wconf 90' lang='lat' dir='ltr'><strong>tione</strong></span> <span class='ocrx_word' id='word_1_418' title='bbox 2104 2722 2329 2779; x_wconf 91' lang='lat' dir='ltr'><strong>Domini</strong></span> <span class='ocrx_word' id='word_1_419' title='bbox 2379 2724 2538 2790; x_wconf 80' lang='grc'><strong>1091,</strong></span> <span class='ocrx_word' id='word_1_420' title='bbox 2562 2734 2629 2776; x_wconf 79' lang='lat' dir='ltr'><strong>v1</strong></span> <span class='ocrx_word' id='word_1_421' title='bbox 2660 2719 2790 2775; x_wconf 89' lang='lat' dir='ltr'><strong>Idus</strong></span> <span class='ocrx_word' id='word_1_422' title='bbox 2817 2719 3067 2791; x_wconf 82' lang='lat' dir='ltr'><strong>Augusti,</strong></span> <span class='ocrx_word' id='word_1_423' title='bbox 3105 2718 3366 2775; x_wconf 85' lang='lat' dir='ltr'><strong>ﬂentibus</strong></span> <span class='ocrx_word' id='word_1_424' title='bbox 3393 2734 3525 2774; x_wconf 90' lang='lat' dir='ltr'><strong>cnn-</strong></span> 
     </span>
    </p>
   </div>
   <div class='ocr_carea' id='block_1_59' title="bbox 1926 2812 3522 2887">
    <p class='ocr_par' dir='ltr' id='par_1_59' title="bbox 1926 2812 3522 2887">
     <span class='ocr_line' id='line_1_59' title="bbox 1926 2812 3522 2887; baseline -0.002 -15"><span class='ocrx_word' id='word_1_425' title='bbox 1926 2818 2049 2883; x_wconf 88' lang='lat' dir='ltr'><strong>ctis,</strong></span> <span class='ocrx_word' id='word_1_426' title='bbox 2080 2825 2132 2871; x_wconf 90' lang='lat' dir='ltr'><strong>et</strong></span> <span class='ocrx_word' id='word_1_427' title='bbox 2170 2815 2387 2887; x_wconf 90' lang='lat' dir='ltr'><strong>planctu</strong></span> <span class='ocrx_word' id='word_1_428' title='bbox 2429 2812 2724 2869; x_wconf 90' lang='lat' dir='ltr'><strong>miserabili</strong></span> <span class='ocrx_word' id='word_1_429' title='bbox 2761 2813 3069 2883; x_wconf 88' lang='lat' dir='ltr'><strong>lugentibus</strong></span> <span class='ocrx_word' id='word_1_430' title='bbox 3094 2828 3153 2868; x_wconf 90' lang='lat' dir='ltr'><strong>se</strong></span> <span class='ocrx_word' id='word_1_431' title='bbox 3185 2820 3337 2868; x_wconf 87' lang='lat' dir='ltr'><strong>tanto</strong></span> <span class='ocrx_word' id='word_1_432' title='bbox 3368 2816 3522 2869; x_wconf 90' lang='lat' dir='ltr'><strong>Patre</strong></span> 
     </span>
    </p>
   </div>
   <div class='ocr_carea' id='block_1_60' title="bbox 1925 2905 3520 2979">
    <p class='ocr_par' dir='ltr' id='par_1_60' title="bbox 1925 2905 3520 2979">
     <span class='ocr_line' id='line_1_60' title="bbox 1925 2905 3520 2979; baseline -0.003 -14"><span class='ocrx_word' id='word_1_433' title='bbox 1925 2911 2175 2977; x_wconf 86' lang='lat' dir='ltr'><strong>orbatos,</strong></span> <span class='ocrx_word' id='word_1_434' title='bbox 2206 2924 2264 2965; x_wconf 89' lang='lat' dir='ltr'><strong>se</strong></span> <span class='ocrx_word' id='word_1_435' title='bbox 2306 2914 2455 2964; x_wconf 91' lang='lat' dir='ltr'><strong>tanto</strong></span> <span class='ocrx_word' id='word_1_436' title='bbox 2502 2906 2757 2979; x_wconf 84' lang='lat' dir='ltr'><strong>pontiﬁce</strong></span> <span class='ocrx_word' id='word_1_437' title='bbox 2784 2906 3103 2963; x_wconf 90' lang='lat' dir='ltr'><strong>destitutos.</strong></span> <span class='ocrx_word' id='word_1_438' title='bbox 3153 2908 3276 2962; x_wconf 83' lang='lat' dir='ltr'><strong>Non</strong></span> <span class='ocrx_word' id='word_1_439' title='bbox 3304 2905 3520 2978; x_wconf 88' lang='lat' dir='ltr'><strong>quidem</strong></span> 
     </span>
    </p>
   </div>
   <div class='ocr_carea' id='block_1_61' title="bbox 1927 2999 3523 3075">
    <p class='ocr_par' dir='ltr' id='par_1_61' title="bbox 1927 2999 3523 3075">
     <span class='ocr_line' id='line_1_61' title="bbox 1927 2999 3523 3075; baseline -0.004 -14"><span class='ocrx_word' id='word_1_440' title='bbox 1927 3004 2245 3061; x_wconf 77' lang='lat' dir='ltr'><strong>invidebant</strong></span> <span class='ocrx_word' id='word_1_441' title='bbox 2285 3002 2403 3075; x_wconf 88' lang='lat' dir='ltr'><strong>ejus</strong></span> <span class='ocrx_word' id='word_1_442' title='bbox 2444 3000 2662 3073; x_wconf 69' lang='lat' dir='ltr'><strong>gloriae,</strong></span> <span class='ocrx_word' id='word_1_443' title='bbox 2710 3000 2805 3056; x_wconf 86' lang='lat' dir='ltr'><strong>sed</strong></span> <span class='ocrx_word' id='word_1_444' title='bbox 2849 3014 2962 3056; x_wconf 70' lang='lat' dir='ltr'><strong>suae</strong></span> <span class='ocrx_word' id='word_1_445' title='bbox 3007 3014 3223 3072; x_wconf 65' lang='lat' dir='ltr'><strong>magnae</strong></span> <span class='ocrx_word' id='word_1_446' title='bbox 3264 2999 3523 3056; x_wconf 90' lang='lat' dir='ltr'><strong>dolebant</strong></span> 
     </span>
    </p>
   </div>
   <div class='ocr_carea' id='block_1_62' title="bbox 1926 3092 3521 3168">
    <p class='ocr_par' dir='ltr' id='par_1_62' title="bbox 1926 3092 3521 3168">
     <span class='ocr_line' id='line_1_62' title="bbox 1926 3092 3521 3168; baseline -0.004 -12"><span class='ocrx_word' id='word_1_447' title='bbox 1926 3099 2182 3157; x_wconf 72' lang='lat' dir='ltr'><strong>miserim.</strong></span> <span class='ocrx_word' id='word_1_448' title='bbox 2223 3097 2384 3153; x_wconf 90' lang='lat' dir='ltr'><strong>Illum</strong></span> <span class='ocrx_word' id='word_1_449' title='bbox 2424 3094 2730 3168; x_wconf 88' lang='lat' dir='ltr'><strong>gaudebant</strong></span> <span class='ocrx_word' id='word_1_450' title='bbox 2772 3094 2841 3150; x_wconf 89' lang='lat' dir='ltr'><strong>ab</strong></span> <span class='ocrx_word' id='word_1_451' title='bbox 2870 3094 3073 3166; x_wconf 88' lang='lat' dir='ltr'><strong>angelis</strong></span> <span class='ocrx_word' id='word_1_452' title='bbox 3120 3093 3338 3165; x_wconf 83' lang='lat' dir='ltr'><strong>suscipi,</strong></span> <span class='ocrx_word' id='word_1_453' title='bbox 3385 3092 3521 3149; x_wconf 90' lang='lat' dir='ltr'><strong>etin</strong></span> 
     </span>
    </p>
   </div>
   <div class='ocr_carea' id='block_1_63' title="bbox 199 3162 3520 3258">
    <p class='ocr_par' dir='ltr' id='par_1_63' title="bbox 199 3162 3520 3258">
     <span class='ocr_line' id='line_1_63' title="bbox 199 3162 3520 3258; baseline -0.002 -11"><span class='ocrx_word' id='word_1_454' title='bbox 199 3162 312 3247; x_wconf 81' lang='lat' dir='ltr'><strong>illis</strong></span> <span class='ocrx_word' id='word_1_455' title='bbox 430 3162 612 3246; x_wconf 73' lang='lat' dir='ltr'><strong>totum</strong></span> <span class='ocrx_word' id='word_1_456' title='bbox 648 3190 1029 3257; x_wconf 82' lang='lat' dir='ltr'><strong>commendat;</strong></span> <span class='ocrx_word' id='word_1_457' title='bbox 1054 3191 1176 3247; x_wconf 92' lang='lat' dir='ltr'><strong>illos</strong></span> <span class='ocrx_word' id='word_1_458' title='bbox 1205 3191 1306 3247; x_wconf 66' lang='lat' dir='ltr'><strong>viae</strong></span> <span class='ocrx_word' id='word_1_459' title='bbox 1348 3206 1463 3248; x_wconf 65' lang='lat' dir='ltr'><strong>suae</strong></span> <span class='ocrx_word' id='word_1_460' title='bbox 1496 3192 1724 3248; x_wconf 89' lang='lat' dir='ltr'><strong>comites</strong></span> <span class='ocrx_word' id='word_1_461' title='bbox 1761 3162 1813 3248; x_wconf 83' lang='lat' dir='ltr'><strong>et</strong></span> <span class='ocrx_word' id='word_1_462' title='bbox 1843 3162 1888 3227; x_wconf 68' lang='grc' dir='ltr'>Ο</span> <span class='ocrx_word' id='word_1_463' title='bbox 1921 3194 2112 3250; x_wconf 90' lang='lat' dir='ltr'><strong>beatas</strong></span> <span class='ocrx_word' id='word_1_464' title='bbox 2152 3162 2468 3249; x_wconf 70' lang='lat' dir='ltr'><strong>mansiones</strong></span> <span class='ocrx_word' id='word_1_465' title='bbox 2504 3189 2803 3245; x_wconf 90' lang='lat' dir='ltr'><strong>electorum</strong></span> <span class='ocrx_word' id='word_1_466' title='bbox 2830 3162 3045 3244; x_wconf 75' lang='lat' dir='ltr'><strong>adduci.</strong></span> <span class='ocrx_word' id='word_1_467' title='bbox 3096 3191 3200 3243; x_wconf 90' lang='lat' dir='ltr'><strong>Pro</strong></span> <span class='ocrx_word' id='word_1_468' title='bbox 3245 3162 3303 3242; x_wconf 80' lang='lat' dir='ltr'><strong>se</strong></span> <span class='ocrx_word' id='word_1_469' title='bbox 3338 3200 3520 3258; x_wconf 88' lang='lat' dir='ltr'><strong>geme-</strong></span> 
     </span>
    </p>
   </div>
   <div class='ocr_carea' id='block_1_64' title="bbox 199 3284 1813 3356">
    <p class='ocr_par' dir='ltr' id='par_1_64' title="bbox 199 3284 1813 3356">
     <span class='ocr_line' id='line_1_64' title="bbox 199 3284 1813 3356; baseline 0 -15"><span class='ocrx_word' id='word_1_470' title='bbox 199 3284 380 3341; x_wconf 86' lang='lat' dir='ltr'><strong>duces</strong></span> <span class='ocrx_word' id='word_1_471' title='bbox 436 3290 726 3356; x_wconf 66' lang='lat' dir='ltr'><strong>praeparat.</strong></span> <span class='ocrx_word' id='word_1_472' title='bbox 775 3284 887 3340; x_wconf 89' lang='lat' dir='ltr'><strong>Illis</strong></span> <span class='ocrx_word' id='word_1_473' title='bbox 934 3284 1291 3343; x_wconf 90' lang='lat' dir='ltr'><strong>nihilominus</strong></span> <span class='ocrx_word' id='word_1_474' title='bbox 1338 3284 1813 3341; x_wconf 90' lang='lat' dir='ltr'><strong>administratoriis</strong></span> 
     </span>
    </p>
   </div>
   <div class='ocr_carea' id='block_1_65' title="bbox 196 3377 1809 3453">
    <p class='ocr_par' dir='ltr' id='par_1_65' title="bbox 196 3377 1809 3453">
     <span class='ocr_line' id='line_1_65' title="bbox 196 3377 1809 3453; baseline 0.001 -20"><span class='ocrx_word' id='word_1_475' title='bbox 196 3377 511 3451; x_wconf 87' lang='lat' dir='ltr'><strong>spiritibus,</strong></span> <span class='ocrx_word' id='word_1_476' title='bbox 546 3393 786 3450; x_wconf 90' lang='lat' dir='ltr'><strong>quorum</strong></span> <span class='ocrx_word' id='word_1_477' title='bbox 814 3378 984 3434; x_wconf 86' lang='lat' dir='ltr'><strong>virtus</strong></span> <span class='ocrx_word' id='word_1_478' title='bbox 1020 3386 1075 3433; x_wconf 89' lang='lat' dir='ltr'><strong>et</strong></span> <span class='ocrx_word' id='word_1_479' title='bbox 1118 3386 1357 3450; x_wconf 87' lang='lat' dir='ltr'><strong>potestas</strong></span> <span class='ocrx_word' id='word_1_480' title='bbox 1384 3379 1687 3453; x_wconf 89' lang='lat' dir='ltr'><strong>contrarias</strong></span> <span class='ocrx_word' id='word_1_481' title='bbox 1721 3395 1809 3435; x_wconf 84' lang='lat' dir='ltr'><strong>ar-</strong></span> 
     </span>
    </p>
   </div>
   <div class='ocr_carea' id='block_1_66' title="bbox 199 3469 1811 3544">
    <p class='ocr_par' dir='ltr' id='par_1_66' title="bbox 199 3469 1811 3544">
     <span class='ocr_line' id='line_1_66' title="bbox 199 3469 1811 3544; baseline 0.001 -17"><span class='ocrx_word' id='word_1_482' title='bbox 199 3480 293 3527; x_wconf 84' lang='lat' dir='ltr'><strong>cet</strong></span> <span class='ocrx_word' id='word_1_483' title='bbox 320 3479 622 3544; x_wconf 86' lang='lat' dir='ltr'><strong>potestates</strong></span> <span class='ocrx_word' id='word_1_484' title='bbox 646 3486 706 3529; x_wconf 83' lang='lat' dir='ltr'><strong>se</strong></span> <span class='ocrx_word' id='word_1_485' title='bbox 739 3480 918 3528; x_wconf 87' lang='lat' dir='ltr'><strong>totum</strong></span> <span class='ocrx_word' id='word_1_486' title='bbox 946 3469 1337 3539; x_wconf 85' lang='lat' dir='ltr'><strong>circumvallat,</strong></span> <span class='ocrx_word' id='word_1_487' title='bbox 1371 3481 1432 3528; x_wconf 92' lang='lat' dir='ltr'><strong>ut</strong></span> <span class='ocrx_word' id='word_1_488' title='bbox 1472 3474 1672 3528; x_wconf 89' lang='lat' dir='ltr'><strong>merito</strong></span> <span class='ocrx_word' id='word_1_489' title='bbox 1713 3473 1811 3528; x_wconf 86' lang='lat' dir='ltr'><strong>ini-</strong></span> 
     </span>
    </p>
   </div>
   <div class='ocr_carea' id='block_1_67' title="bbox 199 3565 1812 3641">
    <p class='ocr_par' dir='ltr' id='par_1_67' title="bbox 199 3565 1812 3641">
     <span class='ocr_line' id='line_1_67' title="bbox 199 3565 1812 3641; baseline -0.001 -18"><span class='ocrx_word' id='word_1_490' title='bbox 199 3566 342 3623; x_wconf 88' lang='lat' dir='ltr'><strong>mici</strong></span> <span class='ocrx_word' id='word_1_491' title='bbox 389 3566 669 3622; x_wconf 63' lang='lat' dir='ltr'><strong>daemones</strong></span> <span class='ocrx_word' id='word_1_492' title='bbox 688 3565 874 3641; x_wconf 90' lang='lat' dir='ltr'><strong>dicere</strong></span> <span class='ocrx_word' id='word_1_493' title='bbox 901 3574 1165 3638; x_wconf 87' lang='lat' dir='ltr'><strong>cogantur</strong></span> <span class='ocrx_word' id='word_1_494' title='bbox 1194 3583 1207 3621; x_wconf 91' lang='lat'>:</span> <span class='ocrx_word' id='word_1_495' title='bbox 1238 3567 1322 3620; x_wconf 87' lang='lat' dir='ltr'><strong>En</strong></span> <span class='ocrx_word' id='word_1_496' title='bbox 1352 3567 1613 3622; x_wconf 89' lang='lat' dir='ltr'><strong>lectulum</strong></span> <span class='ocrx_word' id='word_1_497' title='bbox 1651 3566 1812 3638; x_wconf 87' lang='lat' dir='ltr'><strong>hujus</strong></span> 
     </span>
    </p>
   </div>
   <div class='ocr_carea' id='block_1_68' title="bbox 199 3657 1814 3717">
    <p class='ocr_par' dir='ltr' id='par_1_68' title="bbox 199 3657 1814 3717">
     <span class='ocr_line' id='line_1_68' title="bbox 199 3657 1814 3717; baseline -0.001 -1"><span class='ocrx_word' id='word_1_498' title='bbox 199 3660 473 3717; x_wconf 86' lang='lat' dir='ltr'><strong>antistitis</strong></span> <span class='ocrx_word' id='word_1_499' title='bbox 513 3659 761 3715; x_wconf 90' lang='lat' dir='ltr'><strong>ambiunt</strong></span> <span class='ocrx_word' id='word_1_500' title='bbox 799 3658 971 3715; x_wconf 84' lang='lat' dir='ltr'><strong>fortes</strong></span> <span class='ocrx_word' id='word_1_501' title='bbox 1001 3674 1067 3714; x_wconf 87' lang='lat' dir='ltr'><strong>ex</strong></span> <span class='ocrx_word' id='word_1_502' title='bbox 1098 3657 1413 3714; x_wconf 89' lang='lat' dir='ltr'><strong>fortissimis</strong></span> <span class='ocrx_word' id='word_1_503' title='bbox 1441 3658 1604 3714; x_wconf 88' lang='lat' dir='ltr'><strong>Israel</strong></span> <span class='ocrx_word' id='word_1_504' title='bbox 1637 3676 1651 3713; x_wconf 91' lang='lat'><strong>:</strong></span> <span class='ocrx_word' id='word_1_505' title='bbox 1688 3660 1814 3715; x_wconf 91' lang='lat' dir='ltr'><strong>0m-</strong></span> 
     </span>
    </p>
   </div>
   <div class='ocr_carea' id='block_1_69' title="bbox 200 3752 1808 3823">
    <p class='ocr_par' dir='ltr' id='par_1_69' title="bbox 200 3752 1808 3823">
     <span class='ocr_line' id='line_1_69' title="bbox 200 3752 1808 3823; baseline -0.001 -13"><span class='ocrx_word' id='word_1_506' title='bbox 200 3772 305 3810; x_wconf 81' lang='lat' dir='ltr'><strong>nes</strong></span> <span class='ocrx_word' id='word_1_507' title='bbox 335 3759 567 3809; x_wconf 51' lang='lat' dir='ltr'><strong>tenuiter:</strong></span> <span class='ocrx_word' id='word_1_508' title='bbox 592 3754 802 3823; x_wconf 84' lang='lat' dir='ltr'><strong>gladios</strong></span> <span class='ocrx_word' id='word_1_509' title='bbox 823 3758 874 3809; x_wconf 89' lang='lat' dir='ltr'><strong>et</strong></span> <span class='ocrx_word' id='word_1_510' title='bbox 900 3754 974 3808; x_wconf 87' lang='lat' dir='ltr'><strong>ad</strong></span> <span class='ocrx_word' id='word_1_511' title='bbox 1012 3753 1150 3808; x_wconf 83' lang='lat' dir='ltr'><strong>bella</strong></span> <span class='ocrx_word' id='word_1_512' title='bbox 1168 3754 1464 3808; x_wconf 81' lang='lat' dir='ltr'><strong>doctissimi</strong></span> <span class='ocrx_word' id='word_1_513' title='bbox 1486 3752 1665 3820; x_wconf 84' lang='lat' dir='ltr'><strong>(Cant.</strong></span> <span class='ocrx_word' id='word_1_514' title='bbox 1697 3758 1808 3819; x_wconf 90' lang='lat' dir='ltr'><strong>III).</strong></span> 
     </span>
    </p>
   </div>
   <div class='ocr_carea' id='block_1_70' title="bbox 199 3846 1809 3919">
    <p class='ocr_par' dir='ltr' id='par_1_70' title="bbox 199 3846 1809 3919">
     <span class='ocr_line' id='line_1_70' title="bbox 199 3846 1809 3919; baseline 0 -17"><span class='ocrx_word' id='word_1_515' title='bbox 199 3847 355 3919; x_wconf 83' lang='lat' dir='ltr'><strong>Quid</strong></span> <span class='ocrx_word' id='word_1_516' title='bbox 384 3847 471 3902; x_wconf 87' lang='lat' dir='ltr'><strong>hic</strong></span> <span class='ocrx_word' id='word_1_517' title='bbox 503 3847 782 3903; x_wconf 81' lang='lat' dir='ltr'><strong>astamns?</strong></span> <span class='ocrx_word' id='word_1_518' title='bbox 809 3848 1084 3918; x_wconf 89' lang='lat' dir='ltr'><strong>Superant</strong></span> <span class='ocrx_word' id='word_1_519' title='bbox 1110 3861 1212 3903; x_wconf 88' lang='lat' dir='ltr'><strong>nos</strong></span> <span class='ocrx_word' id='word_1_520' title='bbox 1238 3847 1326 3902; x_wconf 91' lang='lat' dir='ltr'><strong>isti</strong></span> <span class='ocrx_word' id='word_1_521' title='bbox 1354 3846 1552 3904; x_wconf 87' lang='lat' dir='ltr'><strong>virtute</strong></span> <span class='ocrx_word' id='word_1_522' title='bbox 1585 3855 1637 3902; x_wconf 90' lang='lat' dir='ltr'><strong>et</strong></span> <span class='ocrx_word' id='word_1_523' title='bbox 1666 3848 1809 3903; x_wconf 92' lang='lat' dir='ltr'><strong>mul-</strong></span> 
     </span>
    </p>
   </div>
   <div class='ocr_carea' id='block_1_71' title="bbox 196 3939 1808 4013">
    <p class='ocr_par' dir='ltr' id='par_1_71' title="bbox 196 3939 1808 4013">
     <span class='ocr_line' id='line_1_71' title="bbox 196 3939 1808 4013; baseline -0.001 -15"><span class='ocrx_word' id='word_1_524' title='bbox 196 3939 467 3999; x_wconf 78' lang='lat' dir='ltr'><strong>titudine.</strong></span> <span class='ocrx_word' id='word_1_525' title='bbox 502 3943 693 3997; x_wconf 85' lang='lat' dir='ltr'><strong>Nonne</strong></span> <span class='ocrx_word' id='word_1_526' title='bbox 731 3941 847 4013; x_wconf 89' lang='lat' dir='ltr'><strong>ipse</strong></span> <span class='ocrx_word' id='word_1_527' title='bbox 890 3948 993 4009; x_wconf 86' lang='lat' dir='ltr'><strong>est,</strong></span> <span class='ocrx_word' id='word_1_528' title='bbox 1024 3941 1114 4012; x_wconf 89' lang='lat' dir='ltr'><strong>qui</strong></span> <span class='ocrx_word' id='word_1_529' title='bbox 1156 3957 1187 3996; x_wconf 89' lang='lat' dir='ltr'><strong>a</strong></span> <span class='ocrx_word' id='word_1_530' title='bbox 1216 3940 1537 4012; x_wconf 88' lang='lat' dir='ltr'><strong>corporibus</strong></span> <span class='ocrx_word' id='word_1_531' title='bbox 1572 3942 1808 3997; x_wconf 88' lang='lat' dir='ltr'><strong>aliorum</strong></span> 
     </span>
    </p>
   </div>
   <div class='ocr_carea' id='block_1_72' title="bbox 196 4032 1809 4106">
    <p class='ocr_par' dir='ltr' id='par_1_72' title="bbox 196 4032 1809 4106">
     <span class='ocr_line' id='line_1_72' title="bbox 196 4032 1809 4106; baseline -0.001 -15"><span class='ocrx_word' id='word_1_532' title='bbox 196 4042 363 4091; x_wconf 89' lang='lat' dir='ltr'><strong>tanta</strong></span> <span class='ocrx_word' id='word_1_533' title='bbox 393 4048 497 4090; x_wconf 89' lang='lat' dir='ltr'><strong>nos</strong></span> <span class='ocrx_word' id='word_1_534' title='bbox 532 4032 746 4106; x_wconf 89' lang='lat' dir='ltr'><strong>fugavit</strong></span> <span class='ocrx_word' id='word_1_535' title='bbox 785 4035 1097 4105; x_wconf 82' lang='lat' dir='ltr'><strong>potestate?</strong></span> <span class='ocrx_word' id='word_1_536' title='bbox 1124 4034 1436 4090; x_wconf 79' lang='lat' dir='ltr'><strong>Praesertim</strong></span> <span class='ocrx_word' id='word_1_537' title='bbox 1474 4049 1602 4089; x_wconf 93' lang='lat' dir='ltr'><strong>cum</strong></span> <span class='ocrx_word' id='word_1_538' title='bbox 1631 4034 1809 4105; x_wconf 90' lang='lat' dir='ltr'><strong>plures</strong></span> 
     </span>
    </p>
   </div>
   <div class='ocr_carea' id='block_1_73' title="bbox 198 4127 1127 4201">
    <p class='ocr_par' dir='ltr' id='par_1_73' title="bbox 198 4127 1127 4201">
     <span class='ocr_line' id='line_1_73' title="bbox 198 4127 1127 4201; baseline -0.003 -16"><span class='ocrx_word' id='word_1_539' title='bbox 198 4130 325 4185; x_wconf 86' lang='lat' dir='ltr'><strong>sint</strong></span> <span class='ocrx_word' id='word_1_540' title='bbox 346 4142 481 4184; x_wconf 89' lang='lat' dir='ltr'><strong>cum</strong></span> <span class='ocrx_word' id='word_1_541' title='bbox 506 4127 599 4183; x_wconf 93' lang='lat' dir='ltr'><strong>illo</strong></span> <span class='ocrx_word' id='word_1_542' title='bbox 628 4142 795 4201; x_wconf 90' lang='lat' dir='ltr'><strong>quam</strong></span> <span class='ocrx_word' id='word_1_543' title='bbox 816 4127 1127 4182; x_wconf 86' lang='lat' dir='ltr'><strong>nobiscum.</strong></span> 
     </span>
    </p>
   </div>
   <div class='ocr_carea' id='block_1_74' title="bbox 283 4218 1807 4294">
    <p class='ocr_par' dir='ltr' id='par_1_74' title="bbox 283 4218 1807 4294">
     <span class='ocr_line' id='line_1_74' title="bbox 283 4218 1807 4294; baseline -0.003 -16"><span class='ocrx_word' id='word_1_544' title='bbox 283 4221 461 4294; x_wconf 84' lang='lat' dir='ltr'><strong>Igitur</strong></span> <span class='ocrx_word' id='word_1_545' title='bbox 482 4236 590 4277; x_wconf 92' lang='lat' dir='ltr'><strong>non</strong></span> <span class='ocrx_word' id='word_1_546' title='bbox 628 4220 684 4276; x_wconf 93' lang='lat' dir='ltr'><strong>in</strong></span> <span class='ocrx_word' id='word_1_547' title='bbox 712 4221 925 4289; x_wconf 88' lang='lat' dir='ltr'><strong>castris,</strong></span> <span class='ocrx_word' id='word_1_548' title='bbox 960 4236 1074 4275; x_wconf 91' lang='lat' dir='ltr'><strong>non</strong></span> <span class='ocrx_word' id='word_1_549' title='bbox 1104 4221 1160 4274; x_wconf 90' lang='lat' dir='ltr'><strong>in</strong></span> <span class='ocrx_word' id='word_1_550' title='bbox 1197 4219 1369 4276; x_wconf 89' lang='lat' dir='ltr'><strong>armis</strong></span> <span class='ocrx_word' id='word_1_551' title='bbox 1396 4234 1509 4276; x_wconf 92' lang='lat' dir='ltr'><strong>non</strong></span> <span class='ocrx_word' id='word_1_552' title='bbox 1531 4219 1588 4274; x_wconf 92' lang='lat' dir='ltr'><strong>in</strong></span> <span class='ocrx_word' id='word_1_553' title='bbox 1620 4218 1807 4276; x_wconf 89' lang='lat' dir='ltr'><strong>famu-</strong></span> 
     </span>
    </p>
   </div>
   <div class='ocr_carea' id='block_1_75' title="bbox 199 4313 1808 4385">
    <p class='ocr_par' dir='ltr' id='par_1_75' title="bbox 199 4313 1808 4385">
     <span class='ocr_line' id='line_1_75' title="bbox 199 4313 1808 4385; baseline -0.002 -13"><span class='ocrx_word' id='word_1_554' title='bbox 199 4317 444 4373; x_wconf 85' lang='lat' dir='ltr'><strong>lantium</strong></span> <span class='ocrx_word' id='word_1_555' title='bbox 486 4315 685 4371; x_wconf 89' lang='lat' dir='ltr'><strong>decore</strong></span> <span class='ocrx_word' id='word_1_556' title='bbox 710 4324 844 4370; x_wconf 88' lang='lat' dir='ltr'><strong>tunc</strong></span> <span class='ocrx_word' id='word_1_557' title='bbox 879 4313 1147 4385; x_wconf 86' lang='lat' dir='ltr'><strong>temporis</strong></span> <span class='ocrx_word' id='word_1_558' title='bbox 1179 4322 1401 4370; x_wconf 88' lang='lat' dir='ltr'><strong>sanctus</strong></span> <span class='ocrx_word' id='word_1_559' title='bbox 1430 4315 1626 4385; x_wconf 70' lang='lat' dir='ltr'><strong>pmsul</strong></span> <span class='ocrx_word' id='word_1_560' title='bbox 1654 4329 1808 4385; x_wconf 89' lang='lat' dir='ltr'><strong>spem</strong></span> 
     </span>
    </p>
   </div>
   <div class='ocr_carea' id='block_1_76' title="bbox 198 4406 1810 4483">
    <p class='ocr_par' dir='ltr' id='par_1_76' title="bbox 198 4406 1810 4483">
     <span class='ocr_line' id='line_1_76' title="bbox 198 4406 1810 4483; baseline -0.002 -17"><span class='ocrx_word' id='word_1_561' title='bbox 198 4408 512 4483; x_wconf 87' lang='lat' dir='ltr'><strong>repositam</strong></span> <span class='ocrx_word' id='word_1_562' title='bbox 540 4407 751 4477; x_wconf 80' lang='lat' dir='ltr'><strong>habuit,</strong></span> <span class='ocrx_word' id='word_1_563' title='bbox 783 4406 880 4464; x_wconf 87' lang='lat' dir='ltr'><strong>sed</strong></span> <span class='ocrx_word' id='word_1_564' title='bbox 922 4406 976 4462; x_wconf 93' lang='lat' dir='ltr'><strong>in</strong></span> <span class='ocrx_word' id='word_1_565' title='bbox 1023 4407 1262 4463; x_wconf 91' lang='lat' dir='ltr'><strong>Domino</strong></span> <span class='ocrx_word' id='word_1_566' title='bbox 1306 4410 1424 4463; x_wconf 93' lang='lat' dir='ltr'><strong>Deo</strong></span> <span class='ocrx_word' id='word_1_567' title='bbox 1452 4422 1574 4476; x_wconf 90' lang='lat' dir='ltr'><strong>suo,</strong></span> <span class='ocrx_word' id='word_1_568' title='bbox 1604 4416 1660 4463; x_wconf 89' lang='lat' dir='ltr'><strong>et</strong></span> <span class='ocrx_word' id='word_1_569' title='bbox 1692 4423 1810 4462; x_wconf 89' lang='lat' dir='ltr'><strong>con-</strong></span> 
     </span>
    </p>
   </div>
   <div class='ocr_carea' id='block_1_77' title="bbox 199 4501 1809 4572">
    <p class='ocr_par' dir='ltr' id='par_1_77' title="bbox 199 4501 1809 4572">
     <span class='ocr_line' id='line_1_77' title="bbox 199 4501 1809 4572; baseline -0.002 -13"><span class='ocrx_word' id='word_1_570' title='bbox 199 4506 443 4559; x_wconf 81' lang='lat' dir='ltr'><strong>scientia</strong></span> <span class='ocrx_word' id='word_1_571' title='bbox 481 4503 637 4566; x_wconf 87' lang='lat' dir='ltr'><strong>bona,</strong></span> <span class='ocrx_word' id='word_1_572' title='bbox 688 4506 741 4556; x_wconf 88' lang='lat' dir='ltr'><strong>et</strong></span> <span class='ocrx_word' id='word_1_573' title='bbox 775 4502 881 4572; x_wconf 82' lang='lat' dir='ltr'><strong>fide</strong></span> <span class='ocrx_word' id='word_1_574' title='bbox 918 4517 1020 4557; x_wconf 87' lang='lat' dir='ltr'><strong>non</strong></span> <span class='ocrx_word' id='word_1_575' title='bbox 1048 4505 1171 4570; x_wconf 82' lang='lat' dir='ltr'><strong>ﬁcta</strong></span> <span class='ocrx_word' id='word_1_576' title='bbox 1201 4504 1249 4566; x_wconf 80' lang='grc' dir='ltr'><strong>(Ι</strong></span> <span class='ocrx_word' id='word_1_577' title='bbox 1290 4504 1426 4557; x_wconf 89' lang='lat' dir='ltr'><strong>Tim.</strong></span> <span class='ocrx_word' id='word_1_578' title='bbox 1474 4508 1546 4569; x_wconf 84' lang='lat'><strong>1);</strong></span> <span class='ocrx_word' id='word_1_579' title='bbox 1580 4501 1725 4558; x_wconf 89' lang='lat' dir='ltr'><strong>unde</strong></span> <span class='ocrx_word' id='word_1_580' title='bbox 1755 4509 1809 4557; x_wconf 90' lang='lat' dir='ltr'><strong>et</strong></span> 
     </span>
    </p>
   </div>
   <div class='ocr_carea' id='block_1_78' title="bbox 1920 3280 3521 3357">
    <p class='ocr_par' dir='ltr' id='par_1_78' title="bbox 1920 3280 3521 3357">
     <span class='ocr_line' id='line_1_78' title="bbox 1920 3280 3521 3357; baseline -0.005 -14"><span class='ocrx_word' id='word_1_581' title='bbox 1920 3289 2056 3344; x_wconf 91' lang='lat' dir='ltr'><strong>bant</strong></span> <span class='ocrx_word' id='word_1_582' title='bbox 2102 3287 2158 3341; x_wconf 92' lang='lat' dir='ltr'><strong>in</strong></span> <span class='ocrx_word' id='word_1_583' title='bbox 2188 3286 2291 3341; x_wconf 89' lang='lat' dir='ltr'><strong>hac</strong></span> <span class='ocrx_word' id='word_1_584' title='bbox 2320 3285 2685 3357; x_wconf 90' lang='lat' dir='ltr'><strong>lacrymarum</strong></span> <span class='ocrx_word' id='word_1_585' title='bbox 2716 3282 2851 3337; x_wconf 89' lang='lat' dir='ltr'><strong>valle</strong></span> <span class='ocrx_word' id='word_1_586' title='bbox 2891 3282 3009 3336; x_wconf 89' lang='lat' dir='ltr'><strong>sine</strong></span> <span class='ocrx_word' id='word_1_587' title='bbox 3051 3280 3395 3337; x_wconf 84' lang='lat' dir='ltr'><strong>consolatore</strong></span> <span class='ocrx_word' id='word_1_588' title='bbox 3423 3280 3521 3335; x_wconf 87' lang='lat' dir='ltr'><strong>mi-</strong></span> 
     </span>
    </p>
   </div>
   <div class='ocr_carea' id='block_1_79' title="bbox 1919 3373 3520 3447">
    <p class='ocr_par' dir='ltr' id='par_1_79' title="bbox 1919 3373 3520 3447">
     <span class='ocr_line' id='line_1_79' title="bbox 1919 3373 3520 3447; baseline -0.006 -10"><span class='ocrx_word' id='word_1_589' title='bbox 1919 3397 2037 3438; x_wconf 90' lang='lat' dir='ltr'><strong>sere</strong></span> <span class='ocrx_word' id='word_1_590' title='bbox 2074 3380 2406 3447; x_wconf 90' lang='lat' dir='ltr'><strong>conservari,</strong></span> <span class='ocrx_word' id='word_1_591' title='bbox 2428 3386 2482 3433; x_wconf 90' lang='lat' dir='ltr'><strong>et</strong></span> <span class='ocrx_word' id='word_1_592' title='bbox 2508 3377 2563 3432; x_wconf 94' lang='lat' dir='ltr'><strong>in</strong></span> <span class='ocrx_word' id='word_1_593' title='bbox 2586 3376 2692 3432; x_wconf 90' lang='lat' dir='ltr'><strong>hoc</strong></span> <span class='ocrx_word' id='word_1_594' title='bbox 2713 3375 2853 3431; x_wconf 87' lang='lat' dir='ltr'><strong>mari</strong></span> <span class='ocrx_word' id='word_1_595' title='bbox 2884 3389 3085 3447; x_wconf 91' lang='lat' dir='ltr'><strong>magno</strong></span> <span class='ocrx_word' id='word_1_596' title='bbox 3116 3373 3233 3429; x_wconf 87' lang='lat' dir='ltr'><strong>sine</strong></span> <span class='ocrx_word' id='word_1_597' title='bbox 3254 3374 3520 3446; x_wconf 87' lang='lat' dir='ltr'><strong>guberna-</strong></span> 
     </span>
    </p>
   </div>
   <div class='ocr_carea' id='block_1_80' title="bbox 1918 3465 3519 3543">
    <p class='ocr_par' dir='ltr' id='par_1_80' title="bbox 1918 3465 3519 3543">
     <span class='ocr_line' id='line_1_80' title="bbox 1918 3465 3519 3543; baseline -0.006 -13"><span class='ocrx_word' id='word_1_598' title='bbox 1918 3483 2039 3531; x_wconf 90' lang='lat' dir='ltr'><strong>tore</strong></span> <span class='ocrx_word' id='word_1_599' title='bbox 2068 3471 2439 3543; x_wconf 88' lang='lat' dir='ltr'><strong>conquassari.</strong></span> <span class='ocrx_word' id='word_1_600' title='bbox 2474 3470 2720 3526; x_wconf 91' lang='lat' dir='ltr'><strong>Ubinam</strong></span> <span class='ocrx_word' id='word_1_601' title='bbox 2760 3469 2911 3525; x_wconf 90' lang='lat' dir='ltr'><strong>enim</strong></span> <span class='ocrx_word' id='word_1_602' title='bbox 2938 3468 3021 3524; x_wconf 88' lang='lat' dir='ltr'><strong>his</strong></span> <span class='ocrx_word' id='word_1_603' title='bbox 3060 3465 3281 3535; x_wconf 90' lang='lat' dir='ltr'><strong>diebus,</strong></span> <span class='ocrx_word' id='word_1_604' title='bbox 3313 3467 3404 3539; x_wconf 90' lang='lat' dir='ltr'><strong>qui</strong></span> <span class='ocrx_word' id='word_1_605' title='bbox 3460 3467 3519 3522; x_wconf 91' lang='lat' dir='ltr'><strong>in</strong></span> 
     </span>
    </p>
   </div>
   <div class='ocr_carea' id='block_1_81' title="bbox 1917 3560 3519 3637">
    <p class='ocr_par' dir='ltr' id='par_1_81' title="bbox 1917 3560 3519 3637">
     <span class='ocr_line' id='line_1_81' title="bbox 1917 3560 3519 3637; baseline -0.005 -13"><span class='ocrx_word' id='word_1_606' title='bbox 1917 3568 2066 3624; x_wconf 92' lang='lat' dir='ltr'><strong>ﬁlios</strong></span> <span class='ocrx_word' id='word_1_607' title='bbox 2089 3582 2220 3623; x_wconf 91' lang='lat' dir='ltr'><strong>suos</strong></span> <span class='ocrx_word' id='word_1_608' title='bbox 2246 3565 2411 3637; x_wconf 88' lang='lat' dir='ltr'><strong>patris</strong></span> <span class='ocrx_word' id='word_1_609' title='bbox 2435 3571 2627 3637; x_wconf 89' lang='lat' dir='ltr'><strong>gerant</strong></span> <span class='ocrx_word' id='word_1_610' title='bbox 2653 3562 2934 3630; x_wconf 84' lang='lat' dir='ltr'><strong>affectum,</strong></span> <span class='ocrx_word' id='word_1_611' title='bbox 2960 3569 3015 3617; x_wconf 90' lang='lat' dir='ltr'><strong>et</strong></span> <span class='ocrx_word' id='word_1_612' title='bbox 3030 3560 3194 3634; x_wconf 85' lang='lat' dir='ltr'><strong>patris</strong></span> <span class='ocrx_word' id='word_1_613' title='bbox 3222 3575 3519 3633; x_wconf 83' lang='lat' dir='ltr'><strong>exsequan-</strong></span> 
     </span>
    </p>
   </div>
   <div class='ocr_carea' id='block_1_82' title="bbox 1918 3653 3516 3723">
    <p class='ocr_par' dir='ltr' id='par_1_82' title="bbox 1918 3653 3516 3723">
     <span class='ocr_line' id='line_1_82' title="bbox 1918 3653 3516 3723; baseline -0.005 -6"><span class='ocrx_word' id='word_1_614' title='bbox 1918 3670 2009 3717; x_wconf 91' lang='lat' dir='ltr'><strong>tur</strong></span> <span class='ocrx_word' id='word_1_615' title='bbox 2031 3661 2317 3717; x_wconf 83' lang='lat' dir='ltr'><strong>ofﬂcium?</strong></span> <span class='ocrx_word' id='word_1_616' title='bbox 2346 3662 2499 3716; x_wconf 88' lang='lat' dir='ltr'><strong>More</strong></span> <span class='ocrx_word' id='word_1_617' title='bbox 2523 3656 2897 3713; x_wconf 87' lang='lat' dir='ltr'><strong>struthionum</strong></span> <span class='ocrx_word' id='word_1_618' title='bbox 2926 3655 3254 3712; x_wconf 89' lang='lat' dir='ltr'><strong>indurantur</strong></span> <span class='ocrx_word' id='word_1_619' title='bbox 3279 3654 3335 3710; x_wconf 90' lang='lat' dir='ltr'><strong>in</strong></span> <span class='ocrx_word' id='word_1_620' title='bbox 3354 3653 3516 3723; x_wconf 88' lang='lat' dir='ltr'><strong>ﬁlios,</strong></span> 
     </span>
    </p>
   </div>
   <div class='ocr_carea' id='block_1_83' title="bbox 1918 3748 3517 3828">
    <p class='ocr_par' dir='ltr' id='par_1_83' title="bbox 1918 3748 3517 3828">
     <span class='ocr_line' id='line_1_83' title="bbox 1918 3748 3517 3828; baseline -0.006 -17"><span class='ocrx_word' id='word_1_621' title='bbox 1918 3756 2070 3828; x_wconf 89' lang='lat' dir='ltr'><strong>quasi</strong></span> <span class='ocrx_word' id='word_1_622' title='bbox 2099 3770 2210 3810; x_wconf 93' lang='lat' dir='ltr'><strong>non</strong></span> <span class='ocrx_word' id='word_1_623' title='bbox 2241 3754 2351 3809; x_wconf 91' lang='lat' dir='ltr'><strong>sint</strong></span> <span class='ocrx_word' id='word_1_624' title='bbox 2382 3753 2486 3820; x_wconf 89' lang='lat' dir='ltr'><strong>sui,</strong></span> <span class='ocrx_word' id='word_1_625' title='bbox 2518 3760 2573 3807; x_wconf 90' lang='lat' dir='ltr'><strong>et</strong></span> <span class='ocrx_word' id='word_1_626' title='bbox 2599 3750 2997 3807; x_wconf 89' lang='lat' dir='ltr'><strong>consuetudine</strong></span> <span class='ocrx_word' id='word_1_627' title='bbox 3022 3748 3517 3815; x_wconf 87' lang='lat' dir='ltr'><strong>mercenariorum,</strong></span> 
     </span>
    </p>
   </div>
   <div class='ocr_carea' id='block_1_84' title="bbox 1918 3841 3520 3922">
    <p class='ocr_par' dir='ltr' id='par_1_84' title="bbox 1918 3841 3520 3922">
     <span class='ocr_line' id='line_1_84' title="bbox 1918 3841 3520 3922; baseline -0.006 -16"><span class='ocrx_word' id='word_1_628' title='bbox 1918 3850 2204 3922; x_wconf 85' lang='lat' dir='ltr'><strong>prolueris</strong></span> <span class='ocrx_word' id='word_1_629' title='bbox 2229 3845 2626 3919; x_wconf 88' lang='lat' dir='ltr'><strong>temporalibus</strong></span> <span class='ocrx_word' id='word_1_630' title='bbox 2656 3852 2841 3899; x_wconf 88' lang='lat' dir='ltr'><strong>astant</strong></span> <span class='ocrx_word' id='word_1_631' title='bbox 2872 3843 2926 3898; x_wconf 90' lang='lat' dir='ltr'><strong>in</strong></span> <span class='ocrx_word' id='word_1_632' title='bbox 2964 3842 3317 3914; x_wconf 82' lang='lat' dir='ltr'><strong>prosperitate</strong></span> <span class='ocrx_word' id='word_1_633' title='bbox 3340 3858 3373 3897; x_wconf 90' lang='lat' dir='ltr'><strong>a</strong></span> <span class='ocrx_word' id='word_1_634' title='bbox 3406 3841 3520 3914; x_wconf 86' lang='lat' dir='ltr'><strong>qui-</strong></span> 
     </span>
    </p>
   </div>
   <div class='ocr_carea' id='block_1_85' title="bbox 1918 3935 3520 4015">
    <p class='ocr_par' dir='ltr' id='par_1_85' title="bbox 1918 3935 3520 4015">
     <span class='ocr_line' id='line_1_85' title="bbox 1918 3935 3520 4015; baseline -0.005 -16"><span class='ocrx_word' id='word_1_635' title='bbox 1918 3944 2021 4000; x_wconf 92' lang='lat' dir='ltr'><strong>bus</strong></span> <span class='ocrx_word' id='word_1_636' title='bbox 2057 3942 2159 4015; x_wconf 90' lang='lat' dir='ltr'><strong>ipsi</strong></span> <span class='ocrx_word' id='word_1_637' title='bbox 2196 3941 2358 4015; x_wconf 92' lang='lat' dir='ltr'><strong>primi</strong></span> <span class='ocrx_word' id='word_1_638' title='bbox 2391 3939 2581 4012; x_wconf 84' lang='lat' dir='ltr'><strong>fugam</strong></span> <span class='ocrx_word' id='word_1_639' title='bbox 2618 3945 2812 4011; x_wconf 87' lang='lat' dir='ltr'><strong>petunt</strong></span> <span class='ocrx_word' id='word_1_640' title='bbox 2850 3938 2907 3992; x_wconf 91' lang='lat' dir='ltr'><strong>in</strong></span> <span class='ocrx_word' id='word_1_641' title='bbox 2949 3935 3297 3992; x_wconf 89' lang='lat' dir='ltr'><strong>adversitate.</strong></span> <span class='ocrx_word' id='word_1_642' title='bbox 3329 3937 3520 4007; x_wconf 90' lang='lat' dir='ltr'><strong>Longe</strong></span> 
     </span>
    </p>
   </div>
   <div class='ocr_carea' id='block_1_86' title="bbox 1916 4027 3521 4103">
    <p class='ocr_par' dir='ltr' id='par_1_86' title="bbox 1916 4027 3521 4103">
     <span class='ocr_line' id='line_1_86' title="bbox 1916 4027 3521 4103; baseline -0.006 -10"><span class='ocrx_word' id='word_1_643' title='bbox 1916 4037 2020 4093; x_wconf 87' lang='lat' dir='ltr'><strong>fuit</strong></span> <span class='ocrx_word' id='word_1_644' title='bbox 2041 4036 2147 4092; x_wconf 92' lang='lat' dir='ltr'><strong>hoc</strong></span> <span class='ocrx_word' id='word_1_645' title='bbox 2173 4035 2243 4091; x_wconf 92' lang='lat' dir='ltr'><strong>ab</strong></span> <span class='ocrx_word' id='word_1_646' title='bbox 2266 4035 2371 4090; x_wconf 91' lang='lat' dir='ltr'><strong>hoc</strong></span> <span class='ocrx_word' id='word_1_647' title='bbox 2399 4042 2585 4090; x_wconf 88' lang='lat' dir='ltr'><strong>sancto</strong></span> <span class='ocrx_word' id='word_1_648' title='bbox 2615 4035 2793 4101; x_wconf 86' lang='lat' dir='ltr'><strong>Patre,</strong></span> <span class='ocrx_word' id='word_1_649' title='bbox 2815 4030 2873 4086; x_wconf 91' lang='lat' dir='ltr'><strong>in</strong></span> <span class='ocrx_word' id='word_1_650' title='bbox 2900 4046 3011 4103; x_wconf 89' lang='lat' dir='ltr'><strong>quo</strong></span> <span class='ocrx_word' id='word_1_651' title='bbox 3040 4027 3521 4101; x_wconf 88' lang='lat' dir='ltr'><strong>superabundabat</strong></span> 
     </span>
    </p>
   </div>
   <div class='ocr_carea' id='block_1_87' title="bbox 1916 4122 3518 4201">
    <p class='ocr_par' dir='ltr' id='par_1_87' title="bbox 1916 4122 3518 4201">
     <span class='ocr_line' id='line_1_87' title="bbox 1916 4122 3518 4201; baseline -0.006 -15"><span class='ocrx_word' id='word_1_652' title='bbox 1916 4139 1970 4186; x_wconf 87' lang='lat' dir='ltr'><strong>et</strong></span> <span class='ocrx_word' id='word_1_653' title='bbox 2004 4130 2168 4201; x_wconf 88' lang='lat' dir='ltr'><strong>patris</strong></span> <span class='ocrx_word' id='word_1_654' title='bbox 2206 4128 2420 4185; x_wconf 84' lang='lat' dir='ltr'><strong>dilectio</strong></span> <span class='ocrx_word' id='word_1_655' title='bbox 2452 4135 2506 4183; x_wconf 91' lang='lat' dir='ltr'><strong>et</strong></span> <span class='ocrx_word' id='word_1_656' title='bbox 2532 4125 2766 4198; x_wconf 88' lang='lat' dir='ltr'><strong>pastoris</strong></span> <span class='ocrx_word' id='word_1_657' title='bbox 2795 4122 3127 4191; x_wconf 88' lang='lat' dir='ltr'><strong>sollicitudo,</strong></span> <span class='ocrx_word' id='word_1_658' title='bbox 3163 4132 3217 4179; x_wconf 88' lang='lat' dir='ltr'><strong>et</strong></span> <span class='ocrx_word' id='word_1_659' title='bbox 3246 4122 3518 4196; x_wconf 89' lang='lat' dir='ltr'><strong>vigilantia</strong></span> 
     </span>
    </p>
   </div>
   <div class='ocr_carea' id='block_1_88' title="bbox 1917 4218 3061 4294">
    <p class='ocr_par' dir='ltr' id='par_1_88' title="bbox 1917 4218 3061 4294">
     <span class='ocr_line' id='line_1_88' title="bbox 1917 4218 3061 4294; baseline -0.005 -15"><span class='ocrx_word' id='word_1_660' title='bbox 1917 4226 1972 4279; x_wconf 92' lang='lat' dir='ltr'><strong>in</strong></span> <span class='ocrx_word' id='word_1_661' title='bbox 1999 4222 2271 4294; x_wconf 87' lang='lat' dir='ltr'><strong>prosperis</strong></span> <span class='ocrx_word' id='word_1_662' title='bbox 2298 4230 2352 4277; x_wconf 90' lang='lat' dir='ltr'><strong>et</strong></span> <span class='ocrx_word' id='word_1_663' title='bbox 2380 4220 2684 4276; x_wconf 88' lang='lat' dir='ltr'><strong>constantia</strong></span> <span class='ocrx_word' id='word_1_664' title='bbox 2714 4219 2772 4274; x_wconf 90' lang='lat' dir='ltr'><strong>in</strong></span> <span class='ocrx_word' id='word_1_665' title='bbox 2802 4218 3061 4274; x_wconf 90' lang='lat' dir='ltr'><strong>adversis.</strong></span> 
     </span>
    </p>
   </div>
   <div class='ocr_carea' id='block_1_89' title="bbox 1988 4308 3519 4382">
    <p class='ocr_par' dir='ltr' id='par_1_89' title="bbox 1988 4308 3519 4382">
     <span class='ocr_line' id='line_1_89' title="bbox 1988 4308 3519 4382; baseline -0.005 -11"><span class='ocrx_word' id='word_1_666' title='bbox 1988 4315 2231 4372; x_wconf 85' lang='lat' dir='ltr'><strong>Conﬁuit</strong></span> <span class='ocrx_word' id='word_1_667' title='bbox 2274 4316 2481 4369; x_wconf 89' lang='lat' dir='ltr'><strong>interea</strong></span> <span class='ocrx_word' id='word_1_668' title='bbox 2512 4312 2580 4369; x_wconf 89' lang='lat' dir='ltr'><strong>ab</strong></span> <span class='ocrx_word' id='word_1_669' title='bbox 2614 4311 2765 4367; x_wconf 92' lang='lat' dir='ltr'><strong>omni</strong></span> <span class='ocrx_word' id='word_1_670' title='bbox 2803 4319 2959 4382; x_wconf 91' lang='lat' dir='ltr'><strong>parte</strong></span> <span class='ocrx_word' id='word_1_671' title='bbox 3000 4309 3235 4381; x_wconf 87' lang='lat' dir='ltr'><strong>populus</strong></span> <span class='ocrx_word' id='word_1_672' title='bbox 3271 4308 3519 4364; x_wconf 85' lang='lat' dir='ltr'><strong>innume-</strong></span> 
     </span>
    </p>
   </div>
   <div class='ocr_carea' id='block_1_90' title="bbox 1916 4401 3518 4479">
    <p class='ocr_par' dir='ltr' id='par_1_90' title="bbox 1916 4401 3518 4479">
     <span class='ocr_line' id='line_1_90' title="bbox 1916 4401 3518 4479; baseline -0.006 -14"><span class='ocrx_word' id='word_1_673' title='bbox 1916 4409 2098 4465; x_wconf 89' lang='lat' dir='ltr'><strong>rabilis</strong></span> <span class='ocrx_word' id='word_1_674' title='bbox 2128 4408 2195 4465; x_wconf 91' lang='lat' dir='ltr'><strong>ad</strong></span> <span class='ocrx_word' id='word_1_675' title='bbox 2226 4407 2506 4479; x_wconf 86' lang='lat' dir='ltr'><strong>exsequias</strong></span> <span class='ocrx_word' id='word_1_676' title='bbox 2536 4404 2824 4478; x_wconf 86' lang='lat' dir='ltr'><strong>pontiﬁcis.</strong></span> <span class='ocrx_word' id='word_1_677' title='bbox 2867 4406 3047 4475; x_wconf 91' lang='lat' dir='ltr'><strong>Luget</strong></span> <span class='ocrx_word' id='word_1_678' title='bbox 3073 4410 3191 4457; x_wconf 88' lang='lat' dir='ltr'><strong>tota</strong></span> <span class='ocrx_word' id='word_1_679' title='bbox 3221 4401 3518 4472; x_wconf 81' lang='lat' dir='ltr'><strong>provincia,</strong></span> 
     </span>
    </p>
   </div>
   <div class='ocr_carea' id='block_1_91' title="bbox 1917 4494 3518 4573">
    <p class='ocr_par' dir='ltr' id='par_1_91' title="bbox 1917 4494 3518 4573">
     <span class='ocr_line' id='line_1_91' title="bbox 1917 4494 3518 4573; baseline -0.006 -15"><span class='ocrx_word' id='word_1_680' title='bbox 1917 4503 2228 4559; x_wconf 90' lang='lat' dir='ltr'><strong>sublimium</strong></span> <span class='ocrx_word' id='word_1_681' title='bbox 2266 4500 2523 4573; x_wconf 88' lang='lat' dir='ltr'><strong>dignitas,</strong></span> <span class='ocrx_word' id='word_1_682' title='bbox 2569 4506 2699 4556; x_wconf 63' lang='lat' dir='ltr'><strong>aetas</strong></span> <span class='ocrx_word' id='word_1_683' title='bbox 2725 4496 2926 4563; x_wconf 91' lang='lat' dir='ltr'><strong>omnis,</strong></span> <span class='ocrx_word' id='word_1_684' title='bbox 2952 4511 3110 4551; x_wconf 86' lang='lat' dir='ltr'><strong>sexus</strong></span> <span class='ocrx_word' id='word_1_685' title='bbox 3136 4502 3388 4566; x_wconf 87' lang='lat' dir='ltr'><strong>uterque.</strong></span> <span class='ocrx_word' id='word_1_686' title='bbox 3417 4494 3518 4549; x_wconf 85' lang='lat' dir='ltr'><strong>Vix</strong></span> 
     </span>
    </p>
   </div>
   <div class='ocr_carea' id='block_1_92' title="bbox 200 4562 3520 4666">
    <p class='ocr_par' dir='ltr' id='par_1_92' title="bbox 200 4562 3520 4666">
     <span class='ocr_line' id='line_1_92' title="bbox 200 4562 3520 4666; baseline -0.003 -13"><span class='ocrx_word' id='word_1_687' title='bbox 200 4599 287 4653; x_wconf 90' lang='lat' dir='ltr'><strong>ait</strong></span> <span class='ocrx_word' id='word_1_688' title='bbox 322 4617 336 4652; x_wconf 93' lang='lat'><strong>:</strong></span> <span class='ocrx_word' id='word_1_689' title='bbox 390 4598 531 4653; x_wconf 84' lang='lat' dir='ltr'><strong>Mihi</strong></span> <span class='ocrx_word' id='word_1_690' title='bbox 566 4600 746 4651; x_wconf 87' lang='lat' dir='ltr'><strong>autem</strong></span> <span class='ocrx_word' id='word_1_691' title='bbox 771 4562 989 4651; x_wconf 67' lang='lat' dir='ltr'><strong>adlicere</strong></span> <span class='ocrx_word' id='word_1_692' title='bbox 1017 4599 1121 4650; x_wconf 89' lang='lat' dir='ltr'><strong>Deo</strong></span> <span class='ocrx_word' id='word_1_693' title='bbox 1152 4597 1345 4649; x_wconf 86' lang='lat' dir='ltr'><strong>bonum</strong></span> <span class='ocrx_word' id='word_1_694' title='bbox 1386 4602 1493 4661; x_wconf 85' lang='lat' dir='ltr'><strong>est;</strong></span> <span class='ocrx_word' id='word_1_695' title='bbox 1522 4612 1720 4666; x_wconf 82' lang='lat' dir='ltr'><strong>ponere</strong></span> <span class='ocrx_word' id='word_1_696' title='bbox 1752 4598 1808 4651; x_wconf 85' lang='lat' dir='ltr'><strong>in</strong></span> <span class='ocrx_word' id='word_1_697' title='bbox 1834 4562 1889 4627; x_wconf 76' lang='lat' dir='ltr'><strong>D</strong></span> <span class='ocrx_word' id='word_1_698' title='bbox 1919 4597 2137 4654; x_wconf 88' lang='lat' dir='ltr'><strong>tandem</strong></span> <span class='ocrx_word' id='word_1_699' title='bbox 2165 4613 2196 4652; x_wconf 91' lang='lat' dir='ltr'><strong>a</strong></span> <span class='ocrx_word' id='word_1_700' title='bbox 2230 4562 2436 4652; x_wconf 75' lang='lat' dir='ltr'><strong>Christi</strong></span> <span class='ocrx_word' id='word_1_701' title='bbox 2468 4590 2841 4650; x_wconf 88' lang='lat' dir='ltr'><strong>sacerdotibus</strong></span> <span class='ocrx_word' id='word_1_702' title='bbox 2867 4588 3172 4644; x_wconf 86' lang='lat' dir='ltr'><strong>sustollitur</strong></span> <span class='ocrx_word' id='word_1_703' title='bbox 3199 4601 3400 4660; x_wconf 88' lang='lat' dir='ltr'><strong>corpus</strong></span> <span class='ocrx_word' id='word_1_704' title='bbox 3427 4602 3520 4644; x_wconf 85' lang='lat' dir='ltr'><strong>ve-</strong></span> 
     </span>
    </p>
   </div>
   <div class='ocr_carea' id='block_1_93' title="bbox 198 4690 1815 4760">
    <p class='ocr_par' dir='ltr' id='par_1_93' title="bbox 198 4690 1815 4760">
     <span class='ocr_line' id='line_1_93' title="bbox 198 4690 1815 4760; baseline -0.001 -13"><span class='ocrx_word' id='word_1_705' title='bbox 198 4694 445 4748; x_wconf 81' lang='lat' dir='ltr'><strong>Domino</strong></span> <span class='ocrx_word' id='word_1_706' title='bbox 488 4693 595 4745; x_wconf 87' lang='lat' dir='ltr'><strong>Deo</strong></span> <span class='ocrx_word' id='word_1_707' title='bbox 640 4706 785 4760; x_wconf 84' lang='lat' dir='ltr'><strong>spem</strong></span> <span class='ocrx_word' id='word_1_708' title='bbox 818 4706 990 4745; x_wconf 87' lang='lat' dir='ltr'><strong>meam</strong></span> <span class='ocrx_word' id='word_1_709' title='bbox 1034 4690 1199 4754; x_wconf 88' lang='lat' dir='ltr'><strong>(Psal.</strong></span> <span class='ocrx_word' id='word_1_710' title='bbox 1240 4694 1448 4754; x_wconf 81' lang='lat' dir='ltr'><strong>Lxxu).</strong></span> <span class='ocrx_word' id='word_1_711' title='bbox 1482 4692 1601 4743; x_wconf 85' lang='lat' dir='ltr'><strong>Hac</strong></span> <span class='ocrx_word' id='word_1_712' title='bbox 1628 4699 1815 4746; x_wconf 88' lang='lat' dir='ltr'><strong>nostra</strong></span> 
     </span>
    </p>
   </div>
   <div class='ocr_carea' id='block_1_94' title="bbox 197 4782 1813 4853">
    <p class='ocr_par' dir='ltr' id='par_1_94' title="bbox 197 4782 1813 4853">
     <span class='ocr_line' id='line_1_94' title="bbox 197 4782 1813 4853; baseline -0.003 -11"><span class='ocrx_word' id='word_1_713' title='bbox 197 4793 379 4842; x_wconf 67' lang='lat' dir='ltr'><strong>aetate</strong></span> <span class='ocrx_word' id='word_1_714' title='bbox 408 4782 515 4839; x_wconf 89' lang='lat' dir='ltr'><strong>hoc</strong></span> <span class='ocrx_word' id='word_1_715' title='bbox 541 4782 689 4839; x_wconf 90' lang='lat' dir='ltr'><strong>idem</strong></span> <span class='ocrx_word' id='word_1_716' title='bbox 715 4784 796 4838; x_wconf 89' lang='lat' dir='ltr'><strong>vir</strong></span> <span class='ocrx_word' id='word_1_717' title='bbox 824 4783 1025 4839; x_wconf 91' lang='lat' dir='ltr'><strong>nobilis</strong></span> <span class='ocrx_word' id='word_1_718' title='bbox 1049 4791 1104 4838; x_wconf 89' lang='lat' dir='ltr'><strong>et</strong></span> <span class='ocrx_word' id='word_1_719' title='bbox 1129 4782 1397 4853; x_wconf 70' lang='lat' dir='ltr'><strong>prmdives</strong></span> <span class='ocrx_word' id='word_1_720' title='bbox 1418 4784 1548 4838; x_wconf 89' lang='lat' dir='ltr'><strong>Otto</strong></span> <span class='ocrx_word' id='word_1_721' title='bbox 1577 4782 1644 4838; x_wconf 90' lang='lat' dir='ltr'><strong>de</strong></span> <span class='ocrx_word' id='word_1_722' title='bbox 1672 4784 1813 4838; x_wconf 83' lang='lat' dir='ltr'><strong>Len-</strong></span> 
     </span>
    </p>
   </div>
   <div class='ocr_carea' id='block_1_95' title="bbox 197 4876 1815 4953">
    <p class='ocr_par' dir='ltr' id='par_1_95' title="bbox 197 4876 1815 4953">
     <span class='ocr_line' id='line_1_95' title="bbox 197 4876 1815 4953; baseline -0.002 -18"><span class='ocrx_word' id='word_1_723' title='bbox 197 4878 466 4953; x_wconf 87' lang='lat' dir='ltr'><strong>genbach</strong></span> <span class='ocrx_word' id='word_1_724' title='bbox 494 4878 663 4933; x_wconf 87' lang='lat' dir='ltr'><strong>sensit</strong></span> <span class='ocrx_word' id='word_1_725' title='bbox 698 4884 753 4932; x_wconf 90' lang='lat' dir='ltr'><strong>et</strong></span> <span class='ocrx_word' id='word_1_726' title='bbox 789 4876 1074 4932; x_wconf 88' lang='lat' dir='ltr'><strong>confessus</strong></span> <span class='ocrx_word' id='word_1_727' title='bbox 1115 4883 1214 4931; x_wconf 90' lang='lat' dir='ltr'><strong>est.</strong></span> <span class='ocrx_word' id='word_1_728' title='bbox 1250 4876 1359 4945; x_wconf 88' lang='lat' dir='ltr'><strong>Qui</strong></span> <span class='ocrx_word' id='word_1_729' title='bbox 1388 4890 1515 4931; x_wconf 91' lang='lat' dir='ltr'><strong>cum</strong></span> <span class='ocrx_word' id='word_1_730' title='bbox 1544 4876 1598 4930; x_wconf 91' lang='lat' dir='ltr'><strong>in</strong></span> <span class='ocrx_word' id='word_1_731' title='bbox 1639 4884 1815 4932; x_wconf 87' lang='lat' dir='ltr'><strong>extre-</strong></span> 
     </span>
    </p>
   </div>
   <div class='ocr_carea' id='block_1_96' title="bbox 199 4969 1815 5044">
    <p class='ocr_par' dir='ltr' id='par_1_96' title="bbox 199 4969 1815 5044">
     <span class='ocr_line' id='line_1_96' title="bbox 199 4969 1815 5044; baseline -0.001 -16"><span class='ocrx_word' id='word_1_732' title='bbox 199 4974 319 5029; x_wconf 88' lang='lat' dir='ltr'><strong>mis</strong></span> <span class='ocrx_word' id='word_1_733' title='bbox 368 4979 583 5044; x_wconf 83' lang='lat' dir='ltr'><strong>ageret,</strong></span> <span class='ocrx_word' id='word_1_734' title='bbox 633 4979 852 5042; x_wconf 88' lang='lat' dir='ltr'><strong>raptus;</strong></span> <span class='ocrx_word' id='word_1_735' title='bbox 896 4969 991 5025; x_wconf 88' lang='lat' dir='ltr'><strong>sed</strong></span> <span class='ocrx_word' id='word_1_736' title='bbox 1037 4969 1353 5042; x_wconf 90' lang='lat' dir='ltr'><strong>quomodo,</strong></span> <span class='ocrx_word' id='word_1_737' title='bbox 1396 4969 1614 5037; x_wconf 90' lang='lat' dir='ltr'><strong>nescio,</strong></span> <span class='ocrx_word' id='word_1_738' title='bbox 1665 4973 1815 5027; x_wconf 91' lang='lat' dir='ltr'><strong>Deus</strong></span> 
     </span>
    </p>
   </div>
   <div class='ocr_carea' id='block_1_97' title="bbox 198 5062 1812 5137">
    <p class='ocr_par' dir='ltr' id='par_1_97' title="bbox 198 5062 1812 5137">
     <span class='ocr_line' id='line_1_97' title="bbox 198 5062 1812 5137; baseline -0.002 -15"><span class='ocrx_word' id='word_1_739' title='bbox 198 5068 348 5135; x_wconf 86' lang='lat' dir='ltr'><strong>scit,</strong></span> <span class='ocrx_word' id='word_1_740' title='bbox 403 5066 725 5137; x_wconf 90' lang='lat' dir='ltr'><strong>multaque,</strong></span> <span class='ocrx_word' id='word_1_741' title='bbox 774 5062 986 5119; x_wconf 90' lang='lat' dir='ltr'><strong>rediens</strong></span> <span class='ocrx_word' id='word_1_742' title='bbox 1049 5063 1117 5119; x_wconf 88' lang='lat' dir='ltr'><strong>ad</strong></span> <span class='ocrx_word' id='word_1_743' title='bbox 1166 5079 1257 5132; x_wconf 84' lang='lat' dir='ltr'><strong>se,</strong></span> <span class='ocrx_word' id='word_1_744' title='bbox 1322 5078 1552 5119; x_wconf 89' lang='lat' dir='ltr'><strong>narrans</strong></span> <span class='ocrx_word' id='word_1_745' title='bbox 1598 5071 1812 5119; x_wconf 89' lang='lat' dir='ltr'><strong>ostensa</strong></span> 
     </span>
    </p>
   </div>
   <div class='ocr_carea' id='block_1_98' title="bbox 200 5156 1815 5229">
    <p class='ocr_par' dir='ltr' id='par_1_98' title="bbox 200 5156 1815 5229">
     <span class='ocr_line' id='line_1_98' title="bbox 200 5156 1815 5229; baseline -0.003 -13"><span class='ocrx_word' id='word_1_746' title='bbox 200 5168 263 5216; x_wconf 84' lang='lat' dir='ltr'><strong>et</strong></span> <span class='ocrx_word' id='word_1_747' title='bbox 301 5159 612 5225; x_wconf 87' lang='lat' dir='ltr'><strong>intellecta;</strong></span> <span class='ocrx_word' id='word_1_748' title='bbox 658 5172 895 5229; x_wconf 90' lang='lat' dir='ltr'><strong>quorum</strong></span> <span class='ocrx_word' id='word_1_749' title='bbox 921 5157 1097 5213; x_wconf 89' lang='lat' dir='ltr'><strong>relatu</strong></span> <span class='ocrx_word' id='word_1_750' title='bbox 1126 5166 1258 5213; x_wconf 92' lang='lat' dir='ltr'><strong>tunc</strong></span> <span class='ocrx_word' id='word_1_751' title='bbox 1287 5156 1507 5228; x_wconf 91' lang='lat' dir='ltr'><strong>plurimi</strong></span> <span class='ocrx_word' id='word_1_752' title='bbox 1537 5156 1719 5211; x_wconf 89' lang='lat' dir='ltr'><strong>mirati</strong></span> <span class='ocrx_word' id='word_1_753' title='bbox 1763 5164 1815 5212; x_wconf 90' lang='lat' dir='ltr'><strong>et</strong></span> 
     </span>
    </p>
   </div>
   <div class='ocr_carea' id='block_1_99' title="bbox 196 5249 1813 5325">
    <p class='ocr_par' dir='ltr' id='par_1_99' title="bbox 196 5249 1813 5325">
     <span class='ocr_line' id='line_1_99' title="bbox 196 5249 1813 5325; baseline -0.002 -15"><span class='ocrx_word' id='word_1_754' title='bbox 196 5252 536 5325; x_wconf 87' lang='lat' dir='ltr'><strong>compuncti</strong></span> <span class='ocrx_word' id='word_1_755' title='bbox 583 5260 732 5308; x_wconf 92' lang='lat' dir='ltr'><strong>sunt.</strong></span> <span class='ocrx_word' id='word_1_756' title='bbox 773 5251 1018 5307; x_wconf 89' lang='lat' dir='ltr'><strong>Tandem</strong></span> <span class='ocrx_word' id='word_1_757' title='bbox 1063 5249 1296 5323; x_wconf 88' lang='lat' dir='ltr'><strong>singula,</strong></span> <span class='ocrx_word' id='word_1_758' title='bbox 1344 5265 1466 5323; x_wconf 64' lang='lat' dir='ltr'><strong>qua;</strong></span> <span class='ocrx_word' id='word_1_759' title='bbox 1505 5251 1675 5306; x_wconf 89' lang='lat' dir='ltr'><strong>multa</strong></span> <span class='ocrx_word' id='word_1_760' title='bbox 1711 5251 1813 5306; x_wconf 88' lang='lat' dir='ltr'><strong>sibi</strong></span> 
     </span>
    </p>
   </div>
   <div class='ocr_carea' id='block_1_100' title="bbox 193 5344 1814 5417">
    <p class='ocr_par' dir='ltr' id='par_1_100' title="bbox 193 5344 1814 5417">
     <span class='ocr_line' id='line_1_100' title="bbox 193 5344 1814 5417; baseline -0.003 -12"><span class='ocrx_word' id='word_1_761' title='bbox 193 5347 454 5414; x_wconf 88' lang='lat' dir='ltr'><strong>fuerant,</strong></span> <span class='ocrx_word' id='word_1_762' title='bbox 485 5346 847 5403; x_wconf 90' lang='lat' dir='ltr'><strong>denominans</strong></span> <span class='ocrx_word' id='word_1_763' title='bbox 872 5353 1045 5401; x_wconf 87' lang='lat' dir='ltr'><strong>castra</strong></span> <span class='ocrx_word' id='word_1_764' title='bbox 1076 5361 1089 5400; x_wconf 89' lang='lat'><strong>:</strong></span> <span class='ocrx_word' id='word_1_765' title='bbox 1116 5344 1261 5415; x_wconf 90' lang='lat' dir='ltr'><strong>Quid</strong></span> <span class='ocrx_word' id='word_1_766' title='bbox 1286 5360 1453 5413; x_wconf 90' lang='lat' dir='ltr'><strong>nunc,</strong></span> <span class='ocrx_word' id='word_1_767' title='bbox 1483 5344 1676 5417; x_wconf 91' lang='lat' dir='ltr'><strong>inquit,</strong></span> <span class='ocrx_word' id='word_1_768' title='bbox 1698 5344 1814 5417; x_wconf 92' lang='lat' dir='ltr'><strong>opi</strong></span> 
     </span>
    </p>
   </div>
   <div class='ocr_carea' id='block_1_101' title="bbox 196 5437 1813 5511">
    <p class='ocr_par' dir='ltr' id='par_1_101' title="bbox 196 5437 1813 5511">
     <span class='ocr_line' id='line_1_101' title="bbox 196 5437 1813 5511; baseline -0.002 -13"><span class='ocrx_word' id='word_1_769' title='bbox 196 5442 402 5498; x_wconf 86' lang='lat' dir='ltr'><strong>ferunt</strong></span> <span class='ocrx_word' id='word_1_770' title='bbox 437 5448 613 5496; x_wconf 88' lang='lat' dir='ltr'><strong>castra</strong></span> <span class='ocrx_word' id='word_1_771' title='bbox 638 5455 778 5511; x_wconf 88' lang='lat' dir='ltr'><strong>mea,</strong></span> <span class='ocrx_word' id='word_1_772' title='bbox 818 5444 1179 5511; x_wconf 74' lang='lat' dir='ltr'><strong>praepotentes</strong></span> <span class='ocrx_word' id='word_1_773' title='bbox 1204 5438 1408 5493; x_wconf 90' lang='lat' dir='ltr'><strong>domini</strong></span> <span class='ocrx_word' id='word_1_774' title='bbox 1445 5438 1575 5507; x_wconf 90' lang='lat' dir='ltr'><strong>mei,</strong></span> <span class='ocrx_word' id='word_1_775' title='bbox 1613 5437 1813 5495; x_wconf 85' lang='lat' dir='ltr'><strong>charis-</strong></span> 
     </span>
    </p>
   </div>
   <div class='ocr_carea' id='block_1_102' title="bbox 197 5531 1813 5604">
    <p class='ocr_par' dir='ltr' id='par_1_102' title="bbox 197 5531 1813 5604">
     <span class='ocr_line' id='line_1_102' title="bbox 197 5531 1813 5604; baseline -0.002 -12"><span class='ocrx_word' id='word_1_776' title='bbox 197 5534 353 5592; x_wconf 86' lang='lat' dir='ltr'><strong>simi</strong></span> <span class='ocrx_word' id='word_1_777' title='bbox 376 5534 533 5590; x_wconf 88' lang='lat' dir='ltr'><strong>amici</strong></span> <span class='ocrx_word' id='word_1_778' title='bbox 562 5536 719 5591; x_wconf 83' lang='lat' dir='ltr'><strong>mei?</strong></span> <span class='ocrx_word' id='word_1_779' title='bbox 753 5536 834 5590; x_wconf 86' lang='lat' dir='ltr'><strong>Ex</strong></span> <span class='ocrx_word' id='word_1_780' title='bbox 865 5532 955 5589; x_wconf 88' lang='lat' dir='ltr'><strong>his</strong></span> <span class='ocrx_word' id='word_1_781' title='bbox 978 5531 1046 5588; x_wconf 90' lang='lat' dir='ltr'><strong>de</strong></span> <span class='ocrx_word' id='word_1_782' title='bbox 1074 5532 1323 5587; x_wconf 89' lang='lat' dir='ltr'><strong>omnium</strong></span> <span class='ocrx_word' id='word_1_783' title='bbox 1347 5532 1636 5604; x_wconf 88' lang='lat' dir='ltr'><strong>desperans</strong></span> <span class='ocrx_word' id='word_1_784' title='bbox 1664 5533 1813 5589; x_wconf 83' lang='lat' dir='ltr'><strong>auxi-</strong></span> 
     </span>
    </p>
   </div>
   <div class='ocr_carea' id='block_1_103' title="bbox 193 5625 1815 5702">
    <p class='ocr_par' dir='ltr' id='par_1_103' title="bbox 193 5625 1815 5702">
     <span class='ocr_line' id='line_1_103' title="bbox 193 5625 1815 5702; baseline -0.002 -17"><span class='ocrx_word' id='word_1_785' title='bbox 193 5632 285 5685; x_wconf 88' lang='lat' dir='ltr'><strong>lio</strong></span> <span class='ocrx_word' id='word_1_786' title='bbox 312 5670 329 5693; x_wconf 95' lang='lat'><strong>,</strong></span> <span class='ocrx_word' id='word_1_787' title='bbox 383 5628 651 5701; x_wconf 90' lang='lat' dir='ltr'><strong>religiosis</strong></span> <span class='ocrx_word' id='word_1_788' title='bbox 706 5628 1016 5702; x_wconf 88' lang='lat' dir='ltr'><strong>quibusque</strong></span> <span class='ocrx_word' id='word_1_789' title='bbox 1072 5625 1244 5681; x_wconf 91' lang='lat' dir='ltr'><strong>multa</strong></span> <span class='ocrx_word' id='word_1_790' title='bbox 1294 5641 1353 5683; x_wconf 87' lang='lat' dir='ltr'><strong>se</strong></span> <span class='ocrx_word' id='word_1_791' title='bbox 1398 5626 1815 5683; x_wconf 88' lang='lat' dir='ltr'><strong>commendabat</strong></span> 
     </span>
    </p>
   </div>
   <div class='ocr_carea' id='block_1_104' title="bbox 193 5721 1813 5795">
    <p class='ocr_par' dir='ltr' id='par_1_104' title="bbox 193 5721 1813 5795">
     <span class='ocr_line' id='line_1_104' title="bbox 193 5721 1813 5795; baseline -0.001 -17"><span class='ocrx_word' id='word_1_792' title='bbox 193 5722 571 5781; x_wconf 65' lang='lat' dir='ltr'><strong>contritione.</strong></span> <span class='ocrx_word' id='word_1_793' title='bbox 603 5722 877 5779; x_wconf 80' lang='lat' dir='ltr'><strong>Intellexit</strong></span> <span class='ocrx_word' id='word_1_794' title='bbox 896 5734 1131 5793; x_wconf 89' lang='lat' dir='ltr'><strong>namque</strong></span> <span class='ocrx_word' id='word_1_795' title='bbox 1152 5727 1298 5777; x_wconf 89' lang='lat' dir='ltr'><strong>tunc.</strong></span> <span class='ocrx_word' id='word_1_796' title='bbox 1316 5736 1443 5779; x_wconf 86' lang='lat' dir='ltr'><strong>vere</strong></span> <span class='ocrx_word' id='word_1_797' title='bbox 1470 5736 1637 5795; x_wconf 88' lang='lat' dir='ltr'><strong>quam</strong></span> <span class='ocrx_word' id='word_1_798' title='bbox 1666 5721 1813 5777; x_wconf 84' lang='lat' dir='ltr'><strong>difﬁ-</strong></span> 
     </span>
    </p>
   </div>
   <div class='ocr_carea' id='block_1_105' title="bbox 191 5809 1811 5889">
    <p class='ocr_par' dir='ltr' id='par_1_105' title="bbox 191 5809 1811 5889">
     <span class='ocr_line' id='line_1_105' title="bbox 191 5809 1811 5889; baseline -0.001 -14"><span class='ocrx_word' id='word_1_799' title='bbox 191 5818 322 5875; x_wconf 86' lang='lat' dir='ltr'><strong>cile</strong></span> <span class='ocrx_word' id='word_1_800' title='bbox 358 5814 503 5874; x_wconf 80' lang='lat' dir='ltr'><strong>dives</strong></span> <span class='ocrx_word' id='word_1_801' title='bbox 532 5818 704 5874; x_wconf 89' lang='lat' dir='ltr'><strong>intrat</strong></span> <span class='ocrx_word' id='word_1_802' title='bbox 730 5818 789 5874; x_wconf 90' lang='lat' dir='ltr'><strong>in</strong></span> <span class='ocrx_word' id='word_1_803' title='bbox 831 5809 1089 5889; x_wconf 67' lang='lat' dir='ltr'><strong>regnum‘</strong></span> <span class='ocrx_word' id='word_1_804' title='bbox 1135 5814 1368 5876; x_wconf 66' lang='lat' dir='ltr'><strong>telorum</strong></span> <span class='ocrx_word' id='word_1_805' title='bbox 1405 5816 1625 5887; x_wconf 75' lang='lat' dir='ltr'><strong>(Matth.</strong></span> <span class='ocrx_word' id='word_1_806' title='bbox 1658 5823 1811 5886; x_wconf 69' lang='grc' dir='ltr'><strong>χιχ).</strong></span> 
     </span>
    </p>
   </div>
   <div class='ocr_carea' id='block_1_106' title="bbox 1926 4684 3519 4756">
    <p class='ocr_par' dir='ltr' id='par_1_106' title="bbox 1926 4684 3519 4756">
     <span class='ocr_line' id='line_1_106' title="bbox 1926 4684 3519 4756; baseline -0.003 -9"><span class='ocrx_word' id='word_1_807' title='bbox 1926 4690 2256 4756; x_wconf 88' lang='lat' dir='ltr'><strong>nerandum,</strong></span> <span class='ocrx_word' id='word_1_808' title='bbox 2288 4704 2352 4745; x_wconf 91' lang='lat' dir='ltr'><strong>ac</strong></span> <span class='ocrx_word' id='word_1_809' title='bbox 2378 4689 2551 4745; x_wconf 89' lang='lat' dir='ltr'><strong>multa</strong></span> <span class='ocrx_word' id='word_1_810' title='bbox 2571 4686 2839 4743; x_wconf 89' lang='lat' dir='ltr'><strong>nobilium</strong></span> <span class='ocrx_word' id='word_1_811' title='bbox 2869 4686 3032 4742; x_wconf 90' lang='lat' dir='ltr'><strong>turba</strong></span> <span class='ocrx_word' id='word_1_812' title='bbox 3053 4684 3368 4753; x_wconf 87' lang='lat' dir='ltr'><strong>comitante,</strong></span> <span class='ocrx_word' id='word_1_813' title='bbox 3390 4699 3519 4742; x_wconf 86' lang='lat' dir='ltr'><strong>cum</strong></span> 
     </span>
    </p>
   </div>
   <div class='ocr_carea' id='block_1_107' title="bbox 1922 4777 3523 4856">
    <p class='ocr_par' dir='ltr' id='par_1_107' title="bbox 1922 4777 3523 4856">
     <span class='ocr_line' id='line_1_107' title="bbox 1922 4777 3523 4856; baseline -0.003 -16"><span class='ocrx_word' id='word_1_814' title='bbox 1922 4785 2133 4840; x_wconf 86' lang='lat' dir='ltr'><strong>inﬁnita</strong></span> <span class='ocrx_word' id='word_1_815' title='bbox 2160 4784 2349 4856; x_wconf 91' lang='lat' dir='ltr'><strong>populi</strong></span> <span class='ocrx_word' id='word_1_816' title='bbox 2381 4782 2754 4850; x_wconf 89' lang='lat' dir='ltr'><strong>multitudine,</strong></span> <span class='ocrx_word' id='word_1_817' title='bbox 2785 4795 2989 4853; x_wconf 89' lang='lat' dir='ltr'><strong>magna</strong></span> <span class='ocrx_word' id='word_1_818' title='bbox 3013 4779 3238 4852; x_wconf 89' lang='lat' dir='ltr'><strong>quidem</strong></span> <span class='ocrx_word' id='word_1_819' title='bbox 3277 4777 3378 4835; x_wconf 91' lang='lat' dir='ltr'><strong>Dei</strong></span> <span class='ocrx_word' id='word_1_820' title='bbox 3411 4779 3523 4851; x_wconf 81' lang='lat' dir='ltr'><strong>glo-</strong></span> 
     </span>
    </p>
   </div>
   <div class='ocr_carea' id='block_1_108' title="bbox 1922 4872 3521 4950">
    <p class='ocr_par' dir='ltr' id='par_1_108' title="bbox 1922 4872 3521 4950">
     <span class='ocr_line' id='line_1_108' title="bbox 1922 4872 3521 4950; baseline -0.003 -16"><span class='ocrx_word' id='word_1_821' title='bbox 1922 4880 2039 4945; x_wconf 91' lang='lat' dir='ltr'><strong>ria,</strong></span> <span class='ocrx_word' id='word_1_822' title='bbox 2088 4878 2182 4934; x_wconf 90' lang='lat' dir='ltr'><strong>sed</strong></span> <span class='ocrx_word' id='word_1_823' title='bbox 2232 4877 2381 4950; x_wconf 87' lang='lat' dir='ltr'><strong>gravi</strong></span> <span class='ocrx_word' id='word_1_824' title='bbox 2450 4876 2817 4949; x_wconf 89' lang='lat' dir='ltr'><strong>bajulantium</strong></span> <span class='ocrx_word' id='word_1_825' title='bbox 2867 4873 3129 4932; x_wconf 78' lang='lat' dir='ltr'><strong>mmstitia</strong></span> <span class='ocrx_word' id='word_1_826' title='bbox 3169 4872 3227 4928; x_wconf 91' lang='lat' dir='ltr'><strong>in</strong></span> <span class='ocrx_word' id='word_1_827' title='bbox 3272 4880 3521 4929; x_wconf 89' lang='lat' dir='ltr'><strong>montem</strong></span> 
     </span>
    </p>
   </div>
   <div class='ocr_carea' id='block_1_109' title="bbox 1921 4965 3519 5043">
    <p class='ocr_par' dir='ltr' id='par_1_109' title="bbox 1921 4965 3519 5043">
     <span class='ocr_line' id='line_1_109' title="bbox 1921 4965 3519 5043; baseline -0.005 -15"><span class='ocrx_word' id='word_1_828' title='bbox 1921 4973 2387 5043; x_wconf 80' lang='lat' dir='ltr'><strong>Kotwitgcensem</strong></span> <span class='ocrx_word' id='word_1_829' title='bbox 2432 4970 2878 5038; x_wconf 85' lang='lat' dir='ltr'><strong>[Gotwicensem]</strong></span> <span class='ocrx_word' id='word_1_830' title='bbox 2927 4966 3177 5025; x_wconf 86' lang='lat' dir='ltr'><strong>affertur.</strong></span> <span class='ocrx_word' id='word_1_831' title='bbox 3234 4966 3367 5036; x_wconf 90' lang='lat' dir='ltr'><strong>Quis</strong></span> <span class='ocrx_word' id='word_1_832' title='bbox 3406 4965 3519 5037; x_wconf 88' lang='lat' dir='ltr'><strong>jam</strong></span> 
     </span>
    </p>
   </div>
   <div class='ocr_carea' id='block_1_110' title="bbox 1921 5058 3522 5135">
    <p class='ocr_par' dir='ltr' id='par_1_110' title="bbox 1921 5058 3522 5135">
     <span class='ocr_line' id='line_1_110' title="bbox 1921 5058 3522 5135; baseline -0.004 -14"><span class='ocrx_word' id='word_1_833' title='bbox 1921 5073 2137 5121; x_wconf 87' lang='lat' dir='ltr'><strong>enarret</strong></span> <span class='ocrx_word' id='word_1_834' title='bbox 2160 5063 2437 5135; x_wconf 88' lang='lat' dir='ltr'><strong>mugitum</strong></span> <span class='ocrx_word' id='word_1_835' title='bbox 2476 5072 2533 5119; x_wconf 92' lang='lat' dir='ltr'><strong>et</strong></span> <span class='ocrx_word' id='word_1_836' title='bbox 2574 5063 2838 5118; x_wconf 90' lang='lat' dir='ltr'><strong>ululatum</strong></span> <span class='ocrx_word' id='word_1_837' title='bbox 2870 5061 3104 5118; x_wconf 85' lang='lat' dir='ltr'><strong>fratrum</strong></span> <span class='ocrx_word' id='word_1_838' title='bbox 3131 5061 3239 5117; x_wconf 90' lang='lat' dir='ltr'><strong>illic</strong></span> <span class='ocrx_word' id='word_1_839' title='bbox 3274 5058 3522 5116; x_wconf 85' lang='lat' dir='ltr'><strong>habitan-</strong></span> 
     </span>
    </p>
   </div>
   <div class='ocr_carea' id='block_1_111' title="bbox 1920 5153 3521 5231">
    <p class='ocr_par' dir='ltr' id='par_1_111' title="bbox 1920 5153 3521 5231">
     <span class='ocr_line' id='line_1_111' title="bbox 1920 5153 3521 5231; baseline -0.004 -17"><span class='ocrx_word' id='word_1_840' title='bbox 1920 5158 2061 5215; x_wconf 88' lang='lat' dir='ltr'><strong>tium</strong></span> <span class='ocrx_word' id='word_1_841' title='bbox 2088 5158 2237 5231; x_wconf 91' lang='lat' dir='ltr'><strong>quod</strong></span> <span class='ocrx_word' id='word_1_842' title='bbox 2263 5172 2421 5213; x_wconf 90' lang='lat' dir='ltr'><strong>mons</strong></span> <span class='ocrx_word' id='word_1_843' title='bbox 2457 5164 2605 5212; x_wconf 84' lang='lat' dir='ltr'><strong>totus</strong></span> <span class='ocrx_word' id='word_1_844' title='bbox 2634 5156 2943 5228; x_wconf 81' lang='lat' dir='ltr'><strong>increpuit?</strong></span> <span class='ocrx_word' id='word_1_845' title='bbox 2970 5153 3279 5228; x_wconf 90' lang='lat' dir='ltr'><strong>lugentibus</strong></span> <span class='ocrx_word' id='word_1_846' title='bbox 3308 5153 3521 5209; x_wconf 86' lang='lat' dir='ltr'><strong>cunctis</strong></span> 
     </span>
    </p>
   </div>
   <div class='ocr_carea' id='block_1_112' title="bbox 1919 5250 3519 5323">
    <p class='ocr_par' dir='ltr' id='par_1_112' title="bbox 1919 5250 3519 5323">
     <span class='ocr_line' id='line_1_112' title="bbox 1919 5250 3519 5323; baseline -0.004 -14"><span class='ocrx_word' id='word_1_847' title='bbox 1919 5256 2140 5309; x_wconf 90' lang='lat' dir='ltr'><strong>Patrem</strong></span> <span class='ocrx_word' id='word_1_848' title='bbox 2180 5251 2602 5319; x_wconf 90' lang='lat' dir='ltr'><strong>charissimum,</strong></span> <span class='ocrx_word' id='word_1_849' title='bbox 2658 5253 2878 5307; x_wconf 87' lang='lat' dir='ltr'><strong>Patrem</strong></span> <span class='ocrx_word' id='word_1_850' title='bbox 2918 5250 3261 5323; x_wconf 90' lang='lat' dir='ltr'><strong>piissimum,</strong></span> <span class='ocrx_word' id='word_1_851' title='bbox 3301 5250 3519 5304; x_wconf 88' lang='lat' dir='ltr'><strong>Patrem</strong></span> 
     </span>
    </p>
   </div>
   <div class='ocr_carea' id='block_1_113' title="bbox 1918 5340 3521 5417">
    <p class='ocr_par' dir='ltr' id='par_1_113' title="bbox 1918 5340 3521 5417">
     <span class='ocr_line' id='line_1_113' title="bbox 1918 5340 3521 5417; baseline -0.004 -14"><span class='ocrx_word' id='word_1_852' title='bbox 1918 5346 2345 5403; x_wconf 89' lang='lat' dir='ltr'><strong>sanctissimum.</strong></span> <span class='ocrx_word' id='word_1_853' title='bbox 2379 5345 2614 5403; x_wconf 82' lang='lat' dir='ltr'><strong>Advolat</strong></span> <span class='ocrx_word' id='word_1_854' title='bbox 2650 5345 2882 5417; x_wconf 91' lang='lat' dir='ltr'><strong>populus</strong></span> <span class='ocrx_word' id='word_1_855' title='bbox 2910 5341 3151 5415; x_wconf 88' lang='lat' dir='ltr'><strong>quotidie</strong></span> <span class='ocrx_word' id='word_1_856' title='bbox 3181 5340 3407 5408; x_wconf 91' lang='lat' dir='ltr'><strong>multus,</strong></span> <span class='ocrx_word' id='word_1_857' title='bbox 3440 5340 3521 5397; x_wconf 87' lang='lat' dir='ltr'><strong>di-</strong></span> 
     </span>
    </p>
   </div>
   <div class='ocr_carea' id='block_1_114' title="bbox 1919 5435 3523 5511">
    <p class='ocr_par' dir='ltr' id='par_1_114' title="bbox 1919 5435 3523 5511">
     <span class='ocr_line' id='line_1_114' title="bbox 1919 5435 3523 5511; baseline -0.002 -17"><span class='ocrx_word' id='word_1_858' title='bbox 1919 5442 2091 5497; x_wconf 88' lang='lat' dir='ltr'><strong>vitum</strong></span> <span class='ocrx_word' id='word_1_859' title='bbox 2123 5448 2185 5495; x_wconf 90' lang='lat' dir='ltr'><strong>et-</strong></span> <span class='ocrx_word' id='word_1_860' title='bbox 2217 5454 2536 5511; x_wconf 88' lang='lat' dir='ltr'><strong>pauperum,</strong></span> <span class='ocrx_word' id='word_1_861' title='bbox 2577 5440 2734 5494; x_wconf 90' lang='lat' dir='ltr'><strong>illum</strong></span> <span class='ocrx_word' id='word_1_862' title='bbox 2765 5443 2904 5506; x_wconf 89' lang='lat' dir='ltr'><strong>Deo,</strong></span> <span class='ocrx_word' id='word_1_863' title='bbox 2945 5445 3000 5493; x_wconf 91' lang='lat' dir='ltr'><strong>et</strong></span> <span class='ocrx_word' id='word_1_864' title='bbox 3024 5451 3081 5491; x_wconf 88' lang='lat' dir='ltr'><strong>se</strong></span> <span class='ocrx_word' id='word_1_865' title='bbox 3106 5436 3179 5491; x_wconf 92' lang='lat' dir='ltr'><strong>illi</strong></span> <span class='ocrx_word' id='word_1_866' title='bbox 3206 5435 3523 5507; x_wconf 90' lang='lat' dir='ltr'><strong>suppliciter</strong></span> 
     </span>
    </p>
   </div>
   <div class='ocr_carea' id='block_1_115' title="bbox 1918 5529 3518 5606">
    <p class='ocr_par' dir='ltr' id='par_1_115' title="bbox 1918 5529 3518 5606">
     <span class='ocr_line' id='line_1_115' title="bbox 1918 5529 3518 5606; baseline -0.004 -15"><span class='ocrx_word' id='word_1_867' title='bbox 1918 5534 2320 5591; x_wconf 88' lang='lat' dir='ltr'><strong>commendare.</strong></span> <span class='ocrx_word' id='word_1_868' title='bbox 2346 5537 2495 5591; x_wconf 89' lang='lat' dir='ltr'><strong>Inter</strong></span> <span class='ocrx_word' id='word_1_869' title='bbox 2521 5549 2660 5606; x_wconf 89' lang='lat' dir='ltr'><strong>quos</strong></span> <span class='ocrx_word' id='word_1_870' title='bbox 2689 5530 2997 5590; x_wconf 73' lang='lat' dir='ltr'><strong>reverendae</strong></span> <span class='ocrx_word' id='word_1_871' title='bbox 3024 5530 3309 5588; x_wconf 79' lang='lat' dir='ltr'><strong>memoriae</strong></span> <span class='ocrx_word' id='word_1_872' title='bbox 3336 5529 3518 5585; x_wconf 86' lang='lat' dir='ltr'><strong>archi-</strong></span> 
     </span>
    </p>
   </div>
   <div class='ocr_carea' id='block_1_116' title="bbox 1921 5622 3518 5701">
    <p class='ocr_par' dir='ltr' id='par_1_116' title="bbox 1921 5622 3518 5701">
     <span class='ocr_line' id='line_1_116' title="bbox 1921 5622 3518 5701; baseline -0.005 -16"><span class='ocrx_word' id='word_1_873' title='bbox 1921 5630 2208 5701; x_wconf 89' lang='lat' dir='ltr'><strong>episcopus</strong></span> <span class='ocrx_word' id='word_1_874' title='bbox 2268 5628 2680 5701; x_wconf 88' lang='lat' dir='ltr'><strong>Salzpurgensis</strong></span> <span class='ocrx_word' id='word_1_875' title='bbox 2732 5627 2922 5683; x_wconf 91' lang='lat' dir='ltr'><strong>Tiemo</strong></span> <span class='ocrx_word' id='word_1_876' title='bbox 2980 5625 3048 5680; x_wconf 90' lang='lat' dir='ltr'><strong>ab</strong></span> <span class='ocrx_word' id='word_1_877' title='bbox 3096 5625 3348 5697; x_wconf 84' lang='lat' dir='ltr'><strong>episcopo</strong></span> <span class='ocrx_word' id='word_1_878' title='bbox 3404 5622 3518 5680; x_wconf 81' lang='lat' dir='ltr'><strong>Alt-</strong></span> 
     </span>
    </p>
   </div>
   <div class='ocr_carea' id='block_1_117' title="bbox 1923 5718 3524 5794">
    <p class='ocr_par' dir='ltr' id='par_1_117' title="bbox 1923 5718 3524 5794">
     <span class='ocr_line' id='line_1_117' title="bbox 1923 5718 3524 5794; baseline -0.002 -17"><span class='ocrx_word' id='word_1_879' title='bbox 1923 5739 2146 5792; x_wconf 82' lang='lat' dir='ltr'><strong>manno,</strong></span> <span class='ocrx_word' id='word_1_880' title='bbox 2185 5730 2374 5794; x_wconf 90' lang='lat' dir='ltr'><strong>utpote</strong></span> <span class='ocrx_word' id='word_1_881' title='bbox 2410 5739 2441 5778; x_wconf 89' lang='lat' dir='ltr'><strong>a</strong></span> <span class='ocrx_word' id='word_1_882' title='bbox 2488 5720 2831 5791; x_wconf 86' lang='lat' dir='ltr'><strong>suffraganeo</strong></span> <span class='ocrx_word' id='word_1_883' title='bbox 2876 5734 2976 5775; x_wconf 91' lang='lat' dir='ltr'><strong>suo</strong></span> <span class='ocrx_word' id='word_1_884' title='bbox 3020 5723 3390 5782; x_wconf 86' lang='lat' dir='ltr'><strong>consecratus,</strong></span> <span class='ocrx_word' id='word_1_885' title='bbox 3430 5718 3524 5780; x_wconf 87' lang='lat' dir='ltr'><strong>qui</strong></span> 
     </span>
    </p>
   </div>
   <div class='ocr_carea' id='block_1_118' title="bbox 1923 5806 3503 5891">
    <p class='ocr_par' dir='ltr' id='par_1_118' title="bbox 1923 5806 3503 5891">
     <span class='ocr_line' id='line_1_118' title="bbox 1923 5806 3503 5891; baseline -0.007 -16"><span class='ocrx_word' id='word_1_886' title='bbox 1923 5820 2115 5891; x_wconf 77' lang='lat' dir='ltr'><strong>etiam]</strong></span> <span class='ocrx_word' id='word_1_887' title='bbox 2135 5826 2324 5891; x_wconf 89' lang='lat' dir='ltr'><strong>postea</strong></span> <span class='ocrx_word' id='word_1_888' title='bbox 2350 5812 2805 5888; x_wconf 62' lang='lat' dir='ltr'><strong>[Hierosolymam</strong></span> <span class='ocrx_word' id='word_1_889' title='bbox 2850 5820 3063 5883; x_wconf 87' lang='lat' dir='ltr'><strong>petens,</strong></span> <span class='ocrx_word' id='word_1_890' title='bbox 3107 5827 3138 5866; x_wconf 91' lang='lat' dir='ltr'><strong>a</strong></span> <span class='ocrx_word' id='word_1_891' title='bbox 3184 5806 3405 5883; x_wconf 80' lang='lat' dir='ltr'><strong>paganis</strong></span> <span class='ocrx_word' id='word_1_892' title='bbox 3500 5828 3503 5829; x_wconf 57' lang='lat'><strong><em>&#39;</em></strong></span> 
     </span>
    </p>
   </div>
  </div>
