4048 6174
532 262 631 315 88⁸7

1542 259 1634 314 AD
1672 259 1895 315 OPEBA
1935 260 1990 316 S.
2029 258 2347 316 GREGORII
2386 257 2817 314 APPENDICES.

3716 258 3812 314 888

528 384 726 441 illustri
768 386 1037 456 martyrio
1093 392 1416 448 coronatus,
1468 382 1693 438 anhelus
1738 384 1995 441 occurrit.
2050 388 2117 441 Et
2145 390 2197 452 Α
2226 386 2634 456 Ωυδιιᾳυδιησρι
2655 381 2698 437 si
2725 382 2812 437 ille
2831 381 3053 453 signum
3082 380 3295 437 fecisset
3326 380 3561 447 nullum,
3586 380 3718 436 nihil
3741 390 3815 437 ta-

531 494 661 535 cum
684 478 934 551 Iacrymis
959 474 1249 530 uberrimis
1278 473 1601 531 defunctum
1630 474 1940 546 infudisset,
1966 478 2121 533 obtu-

532 572 593 627 lit
638 586 736 643 pro
765 586 831 626 eo
872 567 1197 625 sacrificium
1247 568 1507 636 salutare,
1551 579 1605 625 et
1630 587 1828 642 corpus
1874 587 2120 627 veneran-

528 665 663 721 dum
692 680 818 719 cum
846 662 1032 719 debito
1067 662 1278 718 honore
1305 664 1359 717 in
1382 664 1606 719 ecclesia
1638 668 1854 721 Sancta:
1886 667 1989 721 Dei
2018 667 2121 721 Ge-

528 757 741 813 nitricis
792 755 1149 813 commendat
1188 759 1502 828 sepultura},
1554 758 1679 827 ubi,
1720 760 1787 815 ad
1836 758 2119 830 probanda

527 851 665 906 tanti
693 851 795 906 viri
829 852 1043 917 merita,
1074 850 1266 906 crebro
1304 851 1443 907 fiunt
1483 852 1639 924 signa
1667 853 1932 909 virtutum
1959 855 2121 909 varia-

525 959 650 999 rum
696 944 752 999 in
802 944 1017 1000 laudem
1065 945 1164 999 Dei
1208 945 1387 1000 Patris
1414 946 1828 1016 omnipotentis,
1862 945 1953 1016 qui
1995 963 2119 1001 cum

526 1037 801 1109 unigenito
826 1038 967 1094 Filio
1004 1054 1105 1093 suo
1147 1047 1201 1093 et
1237 1039 1426 1109 spiritu
1463 1047 1652 1094 sancto
1682 1040 1813 1095 vivit
1849 1047 1905 1095 et
1933 1049 2123 1113 regnat

525 1134 677 1187 Deus
694 1147 791 1203 per
814 1132 1147 1187 immortalia
1168 1131 1364 1187 saecula
1386 1132 1741 1189 saeculorum.
1775 1137 1979 1189 Amen.

595 1225 830 1294 Quidam
876 1226 1104 1281 clericus
1152 1241 1297 1281 saevo
1362 1225 1613 1285 daemone
1657 1234 1941 1299 correptus
1964 1270 1977 1295 ,
2035 1228 2119 1283 vix

524 1318 714 1374 multis
744 1319 1033 1391 Iigantibus
1060 1327 1222 1389 atque
1248 1319 1600 1375 trahentibus
1619 1321 1687 1375 ad
1712 1321 1827 1392 ejus
1852 1322 2121 1377 tumulum

525 1418 608 1467 est
634 1412 943 1482 perductus.
983 1413 1084 1467 Hic
1126 1414 1314 1469 omnia
1340 1412 1589 1468 horribili
1628 1414 1869 1470 clamore
1906 1431 1969 1471 ac
1996 1415 2119 1471 diro

526 1504 696 1561 fetore
717 1506 976 1576 replebat.
1010 1509 1113 1561 Pro
1143 1523 1252 1577 quo
1287 1523 1415 1562 cum
1440 1507 1635 1563 fratres
1671 1508 1967 1565 instantius
1998 1526 2119 1565 ora-

523 1608 665 1667 rent,
695 1608 913 1670 repente
940 1602 1167 1665 corruit,
1204 1609 1259 1655 et
1286 1601 1593 1657 videntibus
1621 1604 1859 1670 cunctis,
1894 1604 2121 1675 nigerri-

524 1708 677 1747 mum
716 1694 1032 1749 scarabeum
1076 1696 1346 1761 evomuit,
1376 1695 1469 1767 qui
1510 1695 1676 1751 etiam
1704 1698 1955 1767 protinus
1992 1713 2121 1751 nus-

2232 494 2361 534 men
2374 493 2439 533 ex
2456 477 2560 532 hoc
2573 477 2690 547 ejus
2702 476 3059 546 derogaretur
3074 473 3369 541 sanctitati,
3381 474 3462 529 vel
3473 474 3619 546 apud
3634 476 3815 541 Deum,

2228 570 2314 625 vel
2332 571 2476 641 apud
2498 570 2765 627 homines.
2793 570 2957 641 Signa
2989 569 3188 639 quippe
3206 569 3552 624 sanctitatem
3573 584 3686 624 non
3704 567 3817 625 efﬁ-

2228 666 2399 733 ciunt,
2414 664 2507 720 sed
2519 664 2835 721 ostendunt.
2856 662 3137 733 Siquidem
3148 662 3216 718 de
3226 664 3437 719 Joanne
3449 662 3713 733 Baptista,
3726 680 3820 732 quo

2230 763 2533 813 internatas
2544 760 2850 824 mulierum,
2869 772 3018 812 nemo
3038 758 3213 825 major
3226 759 3699 826 surremitjMatth.
3719 763 3821 825 χι),

2231 852 2585 923 Evangelium
2620 860 2912 907 attestatur
2942 850 3093 918 quod
3121 851 3340 923 signum
3365 848 3559 907 fecerit
3586 851 3821 907 nullum.

2232 950 2315 1001 De
2351 946 2467 1017 ipso
2506 961 2726 1016 quoque
2788 945 3032 1000 Domino
3078 945 3359 1000 Salvatore
3414 945 3683 1016 scriptum
3726 955 3823 1015 est,

2231 1039 2380 1112 quod
2432 1054 2546 1095 non
2576 1038 2763 1095 fecerit
2796 1038 2947 1110 signa
2987 1037 3179 1107 multa,
3212 1046 3435 1108 propter
3481 1038 3823 1095 incredulita-

2232 1142 2345 1189 tem
2390 1132 2760 1204 quorumdam
2808 1136 3000 1199 (Marc.
3028 1136 3131 1196 vx).
3164 1131 3305 1200 Quid
3349 1147 3481 1203 ergo
3516 1132 3756 1199 mirum,
3789 1136 3826 1188 si

2231 1234 2449 1283 sanctus
2498 1227 2632 1292 iste,
2674 1225 2924 1281 obstante
2962 1225 3064 1280 sibi
3110 1226 3459 1294 praesentium
3510 1234 3827 1297 temporum

2232 1320 2635 1385 incredulitate,
2675 1319 2809 1375 nihil
2845 1328 3100 1390 operatus
3139 1317 3328 1374 fuisset
3377 1319 3664 1385 virtutum,
3693 1320 3827 1375 nihil

2231 1415 2565 1469 sanitatum?
2606 1416 2801 1469 Verum
2852 1414 3027 1484 gratia
3073 1412 3253 1469 divina
3295 1428 3417 1484 quae
3470 1414 3825 1484 repromittit,

2230 1508 2376 1580 quod
2422 1508 2534 1578 ipsa
2565 1506 2930 1578 glorificantes
2969 1522 3026 1561 se
3070 1504 3356 1576 gloriﬁcet,
3388 1506 3536 1562 hunc
3567 1506 3828 1563 dilectum

2230 1618 2412 1665 suum,
2444 1611 2504 1656 ut
2547 1601 2775 1656 dilectus
2814 1599 2969 1656 fieret
2997 1598 3351 1656 nihilominus
3384 1599 3729 1665 hominibus,
3782 1611 3830 1656 et

2233 1704 2295 1751 ut
2340 1695 2606 1750 memoria
2644 1694 2759 1764 ejus
2804 1694 2859 1749 in
2909 1693 3289 1750 benedictione
3329 1701 3633 1761 constaret,
3670 1696 3828 1750 etiam

519 1802 686 1857 quam
729 1789 1055 1859 comparuit.
1102 1789 1429 1844 Laudabant
1469 1790 1705 1844 universi
1736 1794 1932 1846 Deum.
1964 1792 2123 1863 Isque
2154 1770 2201 1833 Β
2234 1788 2608 1861 magnitudine
2636 1788 2915 1861 signorum
2960 1787 3194 1844 similem
3222 1787 3375 1843 illum
3410 1787 3539 1843 fecit
3569 1789 3625 1843 in
3665 1789 3828 1859 gloria

520 1881 616 1951 qui
652 1880 948 1937 advenerat
990 1882 1183 1953 ligatus
1221 1891 1279 1937 et
1319 1884 1778 1949 insanus,‘sanus
1825 1886 2048 1940 recessit
2072 1893 2127 1940 et

518 1973 732 2030 solutus
755 1990 786 2029 a
803 1976 1032 2031 nexibus
1057 1976 1257 2031 mentis
1279 1985 1335 2030 et
1354 1978 1621 2047 corporis.

590 2069 731 2121 Item
770 2068 946 2138 puella
986 2068 1237 2138 quadam
1269 2069 1556 2124 immundo
1598 2070 1789 2141 spiritu
1819 2086 2060 2141 pervasa,
2090 2088 2120 2126 a

450 2162 461 2167 “
522 2159 833 2230 parentibus
861 2169 944 2215 est
984 2160 1053 2216 ad
1100 2162 1412 2232 sepulcrum
1450 2163 1547 2217 viri
1596 2163 1699 2218 Dei
1751 2162 2017 2229 adducta,
2068 2173 2123 2219 et

519 2252 640 2307 sine
672 2268 831 2308 mora
862 2253 1112 2321 liberata,
1154 2263 1319 2326 atque
1347 2263 1553 2310 sanata.

591 2345 711 2401 Alia
756 2344 947 2401 itidem
990 2347 1167 2418 puella
1213 2363 1309 2418 per
1346 2348 1529 2419 plures
1572 2364 1745 2404 annos
1784 2350 1994 2405 lumine
2037 2366 2123 2405 or-

522 2439 671 2503 bata,
699 2454 793 2510 per
829 2440 1020 2495 merita
1057 2440 1302 2512 ejusdem
1343 2440 1534 2497 famuli
1572 2444 1697 2511 Dei,
1739 2443 1947 2509 lumen,
1974 2444 2119 2515 quod

519 2533 795 2603 amiserat,
823 2533 1048 2589 invenit.

590 2626 789 2682 Mulier
814 2626 1067 2697 quaedam
1102 2626 1309 2684 habens
1332 2627 1511 2684 filium
1542 2630 1831 2700 parvulum
1865 2646 1896 2684 a
1931 2630 2119 2685 nativi-

518 2728 631 2779 tate
660 2728 876 2775 mutum
906 2728 961 2775 et
989 2720 1267 2789 claudum,
1303 2721 1371 2777 ad
1407 2723 1715 2793 sepulcrum
1744 2724 1983 2795 episcopi
2020 2725 2118 2779 mi-

517 2812 809 2869 serandum
856 2814 1134 2883 deposuit;
1186 2816 1412 2887 ipsaque
1460 2818 1775 2873 miseranda
1821 2834 1948 2873 cum
1992 2818 2119 2873 fletu

517 2922 717 2978 magno
755 2908 823 2962 ab
870 2908 1094 2963 ecclesia
1138 2909 1325 2964 exivit.
1368 2914 1497 2965 Post
1542 2911 1826 2967 modicum
1876 2928 2007 2982 puer
2044 2911 2121 2966 lo-

515 3000 673 3070 quela
712 3009 767 3055 et
794 3017 983 3073 gressu
1022 3003 1296 3071 restituto,
1330 3012 1567 3061 matrem
1602 3006 1876 3061 insecutus
1902 3015 1982 3060 est
2005 3021 2119 3060 am-

516 3092 714 3149 bulans
732 3103 787 3151 et
806 3095 1031 3167 loquens
1048 3105 1214 3153 recte.

589 3188 823 3257 Quidam
870 3189 1028 3246 miles
1073 3206 1168 3260 per
1209 3206 1301 3247 sex
1342 3207 1522 3247 annos
1566 3200 1752 3248 mente
1797 3201 2015 3263 captus,
2064 3203 2117 3249 et

515 3283 832 3353 sepulcrum
861 3284 979 3354 ejus
1021 3284 1140 3340 sine
1188 3293 1373 3340 mente
1410 3286 1665 3352 accessit,
1714 3295 1770 3341 et
1816 3295 2004 3343 mente
2040 3304 2121 3343 re-

516 3384 670 3445 cepta
697 3392 869 3433 sanus
892 3380 1132 3433 recessit.

587 3471 744 3525 Alter
787 3471 1013 3541 quidam
1058 3471 1227 3527 homo
1268 3480 1416 3527 totus
1458 3481 1789 3541 contractus,
1823 3484 1879 3529 ct
1910 3476 2120 3531 scabel-

517 3562 639 3619 lulis
690 3564 1021 3634 quibusdam
1070 3565 1311 3631 innixus,
1346 3566 1489 3620 venit
1537 3567 1605 3622 ad
1651 3584 1850 3638 corpus
1900 3573 1975 3624 S.‘
2014 3570 2128 3640 epi-

516 3658 664 3724 scopi
694 3659 967 3727 rependo;
1000 3658 1097 3712 sed
1140 3658 1427 3713 incomulis
1456 3658 1631 3715 factus
1658 3661 1875 3728 exsiliit,
1910 3671 1966 3719 et
1999 3679 2112 3719 am-

519 3746 762 3813 bulabat,
789 3756 844 3802 et
865 3747 1123 3805 laudabat
1150 3752 1477 3806 Dominum.

590 3841 726 3895 Item
768 3840 991 3911 quidam
1029 3850 1148 3896 toto
1190 3858 1419 3911 corpore
1458 3844 1747 3916 languidus
1784 3849 1870 3903 vix
1911 3858 2123 3904 susten-

517 3941 667 3990 tante
711 3934 926 4000 baculo,
958 3934 1209 3990 tumbam
1251 3936 1505 3991 antistitis
1548 3939 1718 4003 adiit;
1759 3941 1852 3996 sed
1898 3942 2125 3998 infirmi-

517 4036 627 4082 tate
653 4042 745 4097 per
774 4027 990 4084 beatum
1024 4027 1197 4083 virum
1224 4030 1405 4099 pulsa,
1435 4028 1627 4085 baculo
1650 4032 1767 4102 jam
1800 4049 1913 4088 non
1942 4036 2121 4105 eguit;

518 4121 646 4193 quia
677 4122 865 4177 latum
897 4130 950 4177 et
984 4137 1176 4177 sanum
1206 4138 1265 4178 se
1292 4125 1583 4195 persensit.

590 4215 846 4282 Quodam
876 4224 1144 4287 tempore,
1181 4233 1308 4273 cum
1344 4220 1525 4274 subita
1565 4229 1619 4276 et
1654 4236 1793 4277 saeva
1827 4232 2121 4294 tempestas

520 4316 734 4364 montes
758 4318 1086 4377 contereret,
1116 4318 1170 4366 et
1198 4320 1337 4367 tecta
1362 4313 1661 4370 domorum
1691 4325 1745 4371 et
1770 4317 2120 4373 ecclesiarum

518 4417 582 4458 ac
614 4403 851 4459 turrium
891 4401 1153 4471 diruerat,
1201 4404 1369 4461 frater
1409 4407 1637 4477 quidam
1682 4419 1863 4465 mente
1908 4420 2119 4483 captus,

2232 1892 2555 1940 sanctorum
2579 1884 2763 1950 (Eccli.
2798 1886 2989 1947 xuv).

2304 1977 2443 2033 Mihi
2486 1986 2669 2032 tamen
2706 1976 2850 2031 hunc
2904 1976 3101 2042 virum,
3146 1976 3229 2030 vel
3266 1976 3569 2047 quemlibet
3595 1976 3827 2032 aliorum

2234 2071 2548 2142 hujusmodi
2582 2070 2726 2125 mira
2750 2068 3034 2126 facientem
3060 2069 3374 2141 diligentius
3397 2068 3653 2135 intuenti,
3677 2070 3830 2140 longe

2234 2165 2535 2220 mirabilior
2561 2164 2772 2220 videtur
2802 2164 2915 2235 ipse
2942 2164 3034 2234 qui
3066 2162 3215 2230 facit,
3239 2178 3407 2233 quam
3436 2178 3499 2219 ea
3527 2178 3657 2233 qua:
3684 2164 3831 2219 facit.

2238 2258 2447 2314 Etenim
2483 2259 2524 2312 si
2554 2260 2611 2313 in
2648 2257 2813 2313 rebus
2855 2257 3255 2313 insensibilibus
3290 2259 3411 2327 plus
3452 2256 3832 2313 admirationis

2234 2353 2398 2408 habet
2434 2351 2658 2408 interius
2701 2351 3069 2407 consideranti
3107 2351 3333 2406 causalis
3370 2352 3510 2406 ratio
3556 2367 3683 2423 qua:
3722 2350 3833 2408 efﬁ-

2230 2448 2325 2513 cit,
2356 2462 2522 2517 quam
2552 2445 2605 2500 id
2630 2445 2780 2517 quod
2808 2443 3068 2510 efficitur,
3101 2446 3275 2501 multo
3312 2443 3529 2516 dignius
3557 2454 3728 2515 atque
3754 2462 3834 2499 re-

2232 2540 2470 2611 ligiosius
2508 2539 2828 2595 admiranda
2870 2548 2953 2595 est
2992 2540 3080 2593 illa
3109 2539 3389 2606 sanctitas,
3430 2554 3554 2610 quae
3592 2538 3648 2593 in
3699 2555 3831 2594 con-

2230 2645 2419 2705 spectu
2446 2632 2649 2688 divinae
2684 2634 2983 2705 majestatis
3010 2633 3089 2688 sic
3131 2635 3309 2704 placet
3334 2641 3390 2687 et
3418 2640 3750 2703 acceptatur,
3772 2642 3835 2688 ut

2230 2728 2346 2799 ejus
2374 2729 2570 2783 intuitu
2595 2737 2647 2783 et
2676 2728 2991 2783 interventu
3014 2727 3301 2783 hominum
3330 2727 3595 2798 pellantur
3619 2726 3836 2784 incom-

2230 2823 2415 2889 moda,
2468 2830 2521 2877 et
2570 2830 2772 2893 Optata:
2814 2830 2927 2876 tam
2971 2823 3279 2876 animarum
3316 2837 3480 2891 quam
3534 2837 3832 2891 corporum

2230 2917 2591 2971 restituantur
2646 2917 2967 2987 sospitates;
3028 2915 3225 2979 multo,
3268 2916 3514 2986 inquam,
3594 2915 3835 2986 amplius

2229 3008 2549 3066 admiranda
2578 3018 2662 3063 est
2686 3010 2799 3081 ipsa
2830 3010 2997 3073 intus,
3024 3025 3186 3081 quam
3211 3023 3551 3081 quaecunque
3585 3009 3832 3065 miranda

2232 3103 2362 3159 facit
2391 3104 2546 3159 foris.
2582 3104 2850 3159 Mirentur
2881 3120 3013 3174 ergo
3038 3103 3127 3159 alii
3160 3103 3339 3160 videre
3364 3117 3565 3171 cacos,
3603 3103 3834 3159 claudos

2228 3198 2548 3262 ambulare;
2584 3196 2856 3251 mirentur
2883 3198 3118 3253 salutem
3147 3197 3600 3268 paralyticorum,
3628 3196 3836 3253 damo-

2230 3308 2365 3347 num
2412 3290 2631 3363 fugam;
2676 3306 2778 3361 ego
2824 3293 3006 3361 potius
3041 3290 3355 3347 admirabor
3400 3290 3534 3346 tanti
3574 3292 3836 3346 antistitis

2230 3386 2445 3451 merita,
2472 3400 2594 3455 quae
2614 3385 2740 3439 talia
2755 3393 2868 3439 tam
2898 3394 3148 3455 potenter
3172 3392 3472 3453 operantur
3496 3400 3670 3454 quam
3698 3386 3832 3457 ipsa.

2231 3483 2311 3535 Tu
2344 3480 2523 3550 itaque
2552 3479 2783 3549 praedica
2829 3479 2882 3533 in
2919 3479 3135 3533 Iaudem
3160 3479 3283 3544 Dei,
3315 3494 3437 3548 qua:
3460 3487 3692 3534 sanctus
3734 3478 3837 3535 Dei

2234 3574 2441 3628 meritis
2465 3573 2581 3628 suis
2606 3582 2658 3627 et
2686 3572 2791 3628 fide
2831 3573 3137 3643 supplicum
3165 3580 3427 3641 Operatur
3456 3572 3508 3626 in
3534 3573 3684 3627 aliis.
3724 3576 3835 3645 Ego

2230 3684 2449 3738 semper
2476 3667 2789 3723 admirabor
2832 3666 3096 3723 mirabilia
3126 3682 3250 3737 qua:
3288 3666 3421 3722 fecit
3459 3666 3513 3721 in
3555 3666 3666 3722 vita
3713 3684 3833 3722 sua.

2232 3761 2476 3816 Mirabor
2522 3761 2906 3828 humilitatem,
2968 3760 3297 3827 castitatem,
3344 3761 3628 3830 pietatem,
3668 3760 3837 3816 chari-

2234 3864 2419 3919 tatem,
2456 3853 2827 3919 devotionem,
2865 3854 3285 3910 sollicitudinem
3316 3856 3369 3909 in
3418 3854 3667 3925 agendis,
3718 3872 3837 3926 pru—

2232 3947 2473 4003 dentiam
2518 3948 2570 4001 in
2608 3948 2978 4019 disponendis,
3007 3948 3391 4003 discretionem
3443 3948 3499 4003 in
3540 3948 3833 4019 imponen-

2231 4040 2338 4104 dis,
2383 4041 2434 4094 in
2481 4041 2779 4097 tolerandis
2819 4042 3310 4110 longanimitatem,
3362 4050 3418 4097 et
3480 4042 3535 4096 in
3583 4040 3833 4096 adversis

2232 4134 2632 4189 fortitudinem.
2674 4137 2807 4190 Haec
2834 4134 3104 4190 mirabilia
3133 4136 3257 4190 vita:
3299 4151 3414 4191 sum
3442 4151 3541 4207 ego
3572 4133 3829 4188 miranda

2228 4230 2433 4300 judico,
2471 4229 2706 4283 maxime
2735 4228 2884 4299 quod
2908 4230 3113 4284 nostris
3137 4230 3475 4298 temporibus
3505 4230 3616 4284 haec
3646 4228 3835 4283 cerni-

2236 4339 2357 4378 mus
2383 4323 2616 4388 rariora,
2645 4338 2807 4392 quam
2834 4323 2921 4377 illa
2955 4322 3131 4394 signa,
3165 4337 3287 4393 qua
3316 4331 3501 4378 tamen
3540 4322 3838 4378 credentes

2232 4431 2425 4471 omnes
2454 4424 2704 4470 secutura
2734 4416 3007 4471 Dominus
3050 4416 3337 4486 pollicetur
3376 4416 3568 4472 dicens
3607 4435 3621 4471 :
3661 4418 3838 4486 Signa

518 4496 576 4550 in
618 4497 919 4553 oratorium
956 4498 1013 4553 S.
1045 4497 1343 4566 Michaelis,
1375 4500 1525 4570 quod
1553 4500 1858 4557 admodum
1908 4506 1960 4560 in
2002 4507 2115 4561 allo
2142 4530 2194 4605 Β
2232 4525 2336 4570 eos,
2367 4512 2464 4577 qui
2484 4509 2823 4571 crediderint,
2856 4510 2965 4564 hac
3001 4515 3290 4578 sequentur
3322 4529 3337 4564 :
3367 4512 3433 4565 In
3460 4514 3676 4565 nomine
3723 4526 3841 4565 meo

517 4590 685 4645 situm
726 4600 829 4656 est,
875 4592 1211 4657 conscendit,
1265 4594 1473 4648 cunctis
1517 4594 1898 4665 ignorantibus
1945 4608 1998 4653 et
2035 4600 2112 4654 in-
2143 4590 2179 4617 ἠ
2222 4605 2485 4657 daemonia
2512 4604 2723 4671 ejicicnt
2754 4605 2971 4670 (Matth.
3008 4608 3254 4670 xxvm),
3279 4614 3384 4659 etc.

518 4683 685 4737 terim
713 4685 1064 4741 nocturnales
1104 4686 1289 4742 laudes
1332 4688 1706 4758 psallentibus.
1745 4692 1847 4746 Hic
1894 4692 1961 4746 ab
2006 4693 2112 4747 alto

521 4776 577 4830 in
606 4776 1017 4846 pavimentuum
1057 4777 1331 4849 delapsus,
1354 4782 1505 4836 vivus
1531 4792 1714 4839 tamen
1742 4786 1987 4841 sublatus
2010 4795 2111 4850 est,

522 4868 650 4924 licet
696 4885 806 4924 non
851 4870 1009 4942 longe
1047 4874 1467 4942 supervicturus.
1514 4877 1717 4934 Eadem
1776 4880 1974 4950 quippe
2005 4880 2112 4945 die,

526 4969 649 5033 post
672 4962 813 5017 sacri
844 4963 945 5018 olei
973 4964 1307 5032 unctionem,
1333 4978 1388 5023 et
1413 4969 1613 5024 vivifici
1643 4973 1887 5042 corporis
1913 4974 2112 5028 Christi

524 5055 973 5112 communionem
1004 5073 1169 5113 carne
1212 5061 1426 5115 solutus
1446 5071 1548 5117 est.
1576 5066 1752 5118 Nemo
1783 5065 1993 5120 dubitet
2014 5068 2115 5122 hoc

523 5149 730 5205 meritis
784 5149 927 5205 beati
972 5150 1068 5205 viri
1117 5153 1521 5218 ascribendum,
1580 5157 1738 5227 cujus
1802 5158 2112 5215 intercessio

521 5242 809 5299 cadentem
837 5245 1068 5315 excepit,
1098 5261 1165 5300 ne
1203 5247 1465 5315 sanguine
1492 5248 1635 5303 illius
1664 5250 1880 5306 basilica
1906 5268 2113 5324 resper-

522 5344 739 5408 geretur
789 5352 957 5407 quam
1015 5338 1127 5407 ipse
1166 5340 1408 5409 regalem
1452 5342 1633 5398 aulam
1692 5349 1804 5401 Deo
1850 5362 1912 5401 ac
1941 5348 2111 5403 beatae

519 5445 735 5501 semper
758 5431 962 5503 Virgini
994 5432 1181 5488 Maria;
1212 5432 1445 5489 devotus
1469 5440 1822 5495 consecravit.

589 5524 689 5579 His
717 5533 771 5580 et
807 5524 930 5580 aliis
960 5526 1212 5597 plurimis
1244 5526 1636 5587 miraculorum
1674 5534 1858 5605 signis,
1892 5552 2013 5607 quae
2041 5536 2113 5592 ad

518 5626 765 5675 nostram
791 5633 906 5673 non
943 5620 1223 5677 credimus
1265 5625 1567 5693 pervenisse
1596 5626 1868 5694 notitiam,
1902 5630 2110 5701 magni-

522 5710 702 5768 ﬁcavit
724 5713 996 5769 Dominus
1021 5714 1358 5772 sacerdotem
1381 5734 1559 5787 suum,
1584 5724 1681 5789 qui
1706 5724 1767 5776 in
1797 5724 1980 5779 diebus
1998 5726 2111 5778 suis

519 5806 725 5872 placuit
772 5810 898 5875 Deo,
954 5814 1003 5864 et
1045 5810 1290 5866 inventus
1337 5817 1416 5866 est
1454 5814 1641 5880 justus
1680 5816 1862 5882 (Ecclz'.
1916 5824 2107 5881 xuv).

2295 4702 2381 4751 An
2420 4695 2600 4750 adhuc
2649 4696 2789 4751 forte
2836 4712 2945 4752 non
2992 4697 3222 4753 assentis
3273 4698 3393 4768 plus
3436 4698 3628 4752 mirari
3662 4697 3841 4753 vitam

2222 4790 2396 4846 sancti
2444 4790 2537 4845 viri
2568 4806 2735 4861 quam
2782 4791 2970 4861 signa?
3012 4807 3155 4862 quan,
3202 4791 3412 4846 occulta
3466 4790 3564 4845 Dei
3597 4792 3844 4862 permis-

2225 4886 2399 4951 sione,
2438 4899 2838 4955 nonnunquam
2878 4883 3081 4940 faciunt
3116 4886 3287 4941 etiam
3332 4886 3427 4941 viri
3471 4900 3585 4941 non
3611 4888 3834 4941 sancti.

2225 4978 2378 5033 Nosti
2411 4980 2631 5049 quippe,
2660 4979 2807 5047 quod
2833 4978 3055 5048 quidam
3082 4979 3297 5049 reprobi
3324 4988 3379 5034 et
3418 4979 3694 5048 reprobati
3752 4980 3842 5034 di-

2223 5072 2360 5126 cturi
2392 5080 2519 5127 sunt
2544 5072 2788 5127 Domino
2820 5089 2833 5125 :
2868 5074 3054 5128 Nonne
3083 5076 3143 5126 in
3172 5076 3380 5127 turmine
3409 5078 3498 5126 tuo
3522 5074 3847 5142 propheta-

2220 5169 2412 5227 v-imus,
2453 5172 2502 5219 et
2528 5168 2585 5218 in
2625 5168 2839 5219 nomine
2863 5171 2952 5219 tuo
2978 5166 3248 5220 (immo-nia
3277 5167 3546 5235 ejecimus,
3578 5172 3630 5219 et
3668 5172 3843 5235 signa

2221 5261 2393 5312 multa
2428 5261 2695 5323 fecimus?
2744 5260 2960 5323 (Matth.
2996 5263 3131 5327 vn.)
3162 5258 3269 5314 Sed
3296 5268 3436 5325 esto,
3476 5268 3573 5313 tuo
3613 5268 3666 5313 te
3704 5277 3843 5330 per-

2221 5353 2382 5406 mitto
2423 5350 2652 5421 judicio.
2690 5350 2821 5405 Mihi
2863 5360 3050 5407 tamen
3092 5368 3307 5422 semper
3352 5352 3665 5407 mirabilius
3694 5369 3845 5408 con-

2219 5444 2386 5499 stabit
2453 5444 2720 5514 pepulisse
2776 5461 2805 5499 a
2873 5446 3038 5502 corde
3099 5445 3412 5510 avaritiam,
3482 5445 3841 5515 superbiam,

2223 5536 2517 5601 luxuriam;
2569 5552 2733 5607 quam
2796 5538 2865 5593 ab
2932 5538 3169 5594 aliorum
3206 5538 3381 5594 oculis
3431 5539 3775 5603 cecitatem.
3807 5557 3838 5593 a

2220 5630 2485 5686 membris
2508 5630 2921 5701 aegritudinem,
2938 5649 2968 5687 a
2986 5649 3215 5704 corpore
3235 5632 3570 5689 daemonem.
3587 5634 3840 5700 Verum,

2220 5724 2346 5795 quia
2375 5740 2485 5779 non
2512 5740 2731 5797 semper
2749 5734 2966 5781 constat
2984 5727 3162 5794 nobis,
3194 5727 3285 5797 qui
3316 5727 3373 5781 in
3404 5726 3538 5782 facie
3567 5724 3842 5783 videmus

2220 5826 2275 5874 et
2301 5833 2414 5875 non
2460 5818 2515 5874 in
2560 5820 2743 5888 corde,
2778 5820 2870 5891 qui
2895 5820 2969 5877 sit
2993 5821 3237 5877 internus
3259 5828 3435 5876 status
3476 5826 3839 5887 sanctorum,
