4048 6174
248 289 343 342 889
1148 286 1433 343 APPEND.
1476 289 1564 345 IIl.
1606 317 1677 331 -—
1712 224 2133 349 MONGMENTA
2173 293 2634 351 GREGORIANA.

3436 303 3540 375 eeo

243 426 360 484 qua:
387 411 580 477 virtus,
610 424 733 481 qua:
762 408 1022 467 libertas?
1049 413 1356 470 secundum
1385 429 1646 486 magnam
1674 416 1833 472 mise-
1863 422 1916 485 Α
1945 428 2111 490 geret.
2150 420 2415 477 Intellexit
2437 421 2522 476 vir
2542 422 2643 477 Dei
2670 422 2959 491 visionem,
2990 438 3221 495 eamque
3243 426 3539 497 praposito

243 502 533 561 ricordiam
562 518 725 559 suam
751 503 864 575 agit
890 505 1185 573 Dominus,
1212 515 1275 562 ut
1300 522 1396 578 per
1425 510 1701 565 exteriora
1730 510 1833 565 mi-

244 597 422 655 racula
456 605 807 669 agnoscatur,
840 612 1005 669 quam
1036 598 1348 657 admirandi
1390 600 1541 657 intus
1572 603 1706 670 sint,
1738 619 1833 673 per

242 708 378 765 quos
409 692 524 764 ipse
552 690 689 748 foris
716 699 835 748 tam
860 693 1002 748 mira
1041 700 1324 764 operatur.

313 788 614 842 Pensemus
641 801 793 857 ergo,
835 784 1036 843 fratres
1077 788 1409 856 charissimi,
1458 804 1564 861 qua
1604 804 1833 845 venera-

239 881 390 937 tione
417 879 834 951 amplectendus
863 881 935 936 sit
958 879 1048 937 hic
1094 879 1335 937 famulus
1363 882 1488 949 Dei,
1517 882 1676 954 cujus
1714 898 1831 939 me-

238 975 343 1031 rita
374 974 625 1045 probare,
654 982 710 1031 et
739 975 1128 1033 commendare
1152 992 1247 1048 per
1276 984 1435 1033 tanta
1462 977 1727 1033 miracula
1753 976 1834 1034 di-

239 1078 439 1141 gnatus
468 1076 551 1125 est
584 1070 880 1126 Dominus.
909 1069 991 1124 Sit
1018 1078 1227 1127 nostrae
1262 1069 1618 1137 diffidentiae,
1650 1071 1695 1126 si
1728 1086 1833 1143 qua

238 1170 429 1219 tamen
459 1170 543 1218 est
570 1162 735 1228 (absit
766 1171 951 1219 autem
980 1171 1043 1217 ut
1067 1164 1173 1219 ulla
1205 1163 1294 1230 sit)
1322 1164 1638 1221 invincibile
1669 1180 1831 1237 argu-

236 1265 513 1327 mentum,
540 1256 688 1328 quod
713 1255 804 1312 ille
827 1256 1141 1313 animarum
1174 1266 1493 1314 nostrarum
1527 1257 1754 1315 morbos
1780 1266 1833 1315 et

233 1351 530 1422 languores
572 1358 860 1421 promptus
889 1359 948 1406 et
992 1359 1191 1421 potens
1218 1359 1301 1407 est
1327 1367 1535 1419 curare,
1592 1353 1689 1423 qui
1716 1360 1832 1408 tam

234 1445 450 1507 crebro,
472 1454 702 1515 tamque
726 1444 817 1514 pie
838 1444 1192 1502 inﬁrmitates
1203 1461 1498 1517 corporum
1518 1462 1632 1501 non
1654 1447 1834 1502 tardat

230 1538 485 1594 allevare.
534 1538 647 1593 Nec
682 1537 833 1593 enim
863 1536 1104 1594 dubitari
1148 1537 1329 1607 debet,
1360 1538 1481 1610 plus
1514 1539 1671 1595 illum
1704 1555 1829 1609 pro-

230 1632 393 1688 desse
443 1631 582 1687 velle
624 1630 920 1687 animabus
961 1647 1125 1701 quam
1166 1632 1525 1704 corporibus;
1568 1633 1833 1704 quoniam

230 1724 459 1799 quidem
492 1724 713 1781 illarum
746 1724 894 1780 salus
922 1733 1128 1781 aeterna
1157 1734 1274 1793 est;
1306 1725 1521 1782 illorum
1552 1741 1679 1782 vero
1703 1743 1830 1783 cum
1873 1756 1915 1817 Β

230 1820 363 1891 ipsis
393 1820 595 1890 pariter
623 1826 749 1890 post
771 1818 1053 1875 modicum
1086 1818 1387 1876 defectura.

307 1916 605 1985 Hucusque
657 1929 723 1968 ex
750 1913 968 1983 scriptis
1003 1914 1223 1985 piorum
1271 1915 1325 1969 S.
1362 1914 1645 1970 Altmanni
1685 1922 1834 1986 gesta

228 2008 602 2063 narravimus.
633 2007 770 2075 Quis
814 2006 1104 2062 hominum
1134 2015 1293 2077 putet
1334 2007 1456 2064 illos
1501 2008 1707 2079 aliquid
1745 2008 1828 2063 in-

227 2111 471 2167 certum,
503 2101 603 2165 vel,
636 2100 786 2173 quod
836 2100 1166 2172 sacrilegum
1206 2108 1368 2168 esset,
1397 2100 1598 2173 aliquid
1629 2099 1832 2157 falsum

229 2196 305 2251 ad
365 2204 613 2265 posteros
665 2194 1053 2256 transmisisse,
1136 2210 1266 2250 cum
1324 2194 1532 2265 optime
1579 2196 1833 2250 noverint

227 2293 417 2345 Deum
470 2288 673 2344 nullius
728 2303 890 2361 egere
951 2288 1285 2345 mendacio?
1326 2289 1432 2344 Sed
1477 2296 1533 2344 et
1576 2303 1663 2356 ea,
1710 2304 1833 2360 quae

226 2383 481 2454 quotidie
524 2382 627 2439 sub
684 2383 863 2439 oculis
923 2383 1281 2453 praesentium
1332 2383 1473 2439 fiunt
1538 2382 1828 2448 mirabilia,

228 2478 512 2549 prioribus
552 2484 901 2544 attestantur,
932 2476 1115 2548 priora
1144 2476 1477 2533 confirmant
1514 2484 1570 2532 et
1606 2484 1827 2547 augent.

232 2572 322 2628 Ad
362 2587 486 2643 quae
516 2569 898 2638 describenda,
930 2572 1250 2643 priusquam
1274 2571 1625 2637 accedamus,
1656 2570 1832 2641 expli-

226 2665 489 2722 cabimus
517 2665 709 2721 forsan
754 2680 867 2721 non
911 2664 1178 2720 inutiliter
1205 2679 1331 2735 qua
1368 2680 1565 2732 causa,
1594 2680 1702 2735 quo
1740 2680 1833 2719 or-

225 2760 364 2816 dine
395 2759 801 2815 monasterium
824 2758 1217 2829 Kotwigcense
1245 2758 1657 2825 (Gotwicense),
1684 2757 1832 2827 quod

222 2854 394 2910 illum
445 2852 741 2920 fundasse,
790 2860 846 2907 et
904 2852 1068 2908 sacris
1115 2851 1331 2907 ossibus
1379 2850 1494 2907 suis
1538 2850 1833 2906 illustrasse

222 2962 401 3019 supra
452 2945 757 3013 retulimus,
791 2961 822 3000 a
877 2946 1050 3016 prima
1090 2961 1187 3001 sua
1233 2945 1582 3000 institutione
1613 2945 1834 3001 canoni-

224 3056 433 3096 corum
490 3038 743 3095 videlicet
784 3039 1123 3111 regularium
1168 3039 1224 3094 in
1275 3039 1662 3095 monachicam
1706 3053 1829 3109 pro-

1942 511 2178 569 fratrum
2204 513 2463 579 referens,
2496 515 2774 571 consuluit
2814 534 2828 571 :
2860 523 3048 587 turpes
3069 532 3317 588 quosque
3340 517 3539 575 exinde

1944 606 2159 679 projici,
2215 615 2271 663 et
2295 606 2555 665 seductos
2606 609 2678 664 ab
2727 609 2810 665 eis
2856 609 3184 681 penitentia
3225 610 3536 667 emundari.

1943 699 2106 768 Quod
2133 707 2336 763 tamen,
2370 717 2499 758 cum
2517 701 2811 758 infamiam
2834 703 2991 775 cujus
3015 702 3155 759 fetor
3180 702 3394 776 longius
3422 720 3541 775 pro-

1941 801 2179 848 cesserat
2221 793 2407 849 minus
2454 795 2801 865 reprimeret,
2848 796 3133 868 prolixiori
3182 796 3347 854 ttedio
3387 797 3538 866 victi,

1944 886 2064 941 loco
2091 885 2283 943 cedere
2309 902 2504 943 omnes
2530 887 2909 945 decreverunt.

2013 981 2229 1035 Rursus
2254 995 2384 1052 ergo
2412 988 2542 1036 ante
2572 979 2716 1036 fatus
2738 984 2980 1038 Joannes
3009 982 3197 1039 divino
3235 984 3538 1054 inspiratus

1942 1072 2174 1128 consilio
2202 1074 2461 1141 consulit,
2491 1082 2555 1130 ut
2583 1074 2982 1145 professionem
3030 1077 3233 1146 pariter
3258 1085 3539 1134 mutarent

1942 1175 2000 1222 et
2026 1166 2301 1234 habitum,
2340 1182 2588 1223 asserens
2617 1177 2671 1224 et
2700 1170 3049 1239 promittens,
3084 1170 3127 1225 si
3170 1178 3453 1227 mutarent
3484 1178 3540 1226 et

1942 1269 2201 1332 augerent
2226 1270 2440 1328 votum,
2487 1262 2634 1334 quod
2676 1270 2810 1318 tunc
2840 1262 3040 1334 prioris
3078 1261 3322 1319 infamia:
3358 1271 3539 1319 totum

1940 1362 2200 1410 exuerent
2228 1354 2603 1426 opprobrium.
2638 1356 2824 1412 Placet
2847 1356 3360 1427 consiliumgplacet
3376 1357 3540 1411 etiam

1943 1456 2005 1504 ut
2037 1448 2272 1521 eligatur
2299 1449 2492 1520 religio
2519 1450 2935 1506 monachorum.
2959 1449 3198 1506 Proinde
3225 1450 3541 1505 consultum

1941 1541 2155 1598 videtur
2196 1551 2259 1597 ut
2302 1557 2392 1597 res
2420 1542 2533 1614 ipsa
2584 1542 2654 1599 ad
2695 1543 2968 1600 domuum
3015 1559 3216 1615 papam
3250 1542 3540 1599 referatur.

1941 1635 2126 1691 Placet
2154 1643 2209 1691 et
2237 1636 2313 1691 illi
2345 1637 2577 1692 mutatio
2606 1636 2844 1693 dextera
2873 1636 3074 1693 excelsi
3102 1638 3272 1704 (Psal.
3306 1642 3538 1702 Lxxvr).

1943 1730 2117 1801 Igitur
2144 1729 2507 1786 Chuonradus
2536 1731 2877 1802 praepositus,
2901 1730 2997 1802 qui
3026 1731 3236 1786 Outoni
3267 1728 3542 1786 secundus

1943 1831 2293 1891 successerat,
2325 1831 2380 1879 et
2419 1839 2479 1879 se
2512 1822 2676 1895 hujus
2706 1824 3030 1879 mutationis
3066 1824 3215 1894 pium
3262 1822 3539 1879 fautorem

1941 1924 1997 1972 et
2026 1925 2307 1973 auctorem
2340 1918 2667 1988 praebuerat,
2707 1932 3038 1973 consensum
3068 1917 3308 1973 Romani
3355 1917 3539 1987 ponti-

1941 2009 2059 2066 ficis
2096 2009 2391 2067 Oudalrico
2420 2011 2729 2067 Pataviensi
2760 2012 3037 2082 episcopo,
3082 2012 3177 2082 qui
3221 2011 3386 2067 beato
3417 2013 3541 2066 Alt-

1942 2119 2149 2171 manno
2177 2112 2532 2173 successerat,
2572 2104 2734 2160 citius
2762 2104 2987 2169 indicat,
3018 2115 3073 2160 et
3121 2106 3179 2159 in
3229 2103 3336 2160 hoc
3384 2111 3539 2159 tanto

1941 2198 2181 2270 negotio,
2215 2214 2331 2254 sua:
2359 2214 2576 2270 quoque
2604 2198 2945 2255 auctoritatis
2972 2206 3028 2253 et
3065 2198 3414 2254 discretionis
3458 2212 3549 2268 po-

1940 2292 2105 2347 stulat
2145 2292 2459 2348 consilium.
2498 2295 2689 2363 Itaque
2730 2290 3024 2348 Oudalrico
3050 2291 3309 2363 episcopo
3338 2306 3543 2346 consu-

1941 2385 2083 2440 lente
2111 2393 2167 2440 et
2190 2385 2491 2451 adnitente,
2532 2388 2935 2451 Hartmannus,
2980 2384 3073 2457 qui
3118 2385 3315 2456 prioris
3360 2382 3542 2440 officio

1940 2477 2267 2550 fungebatur
2294 2480 2350 2533 in
2403 2480 2734 2534 monasterio
2782 2480 2838 2534 S.
2888 2478 3075 2545 Blasii,
3108 2478 3278 2534 abbas
3305 2478 3546 2549 eligitur.
3646 2510 3653 2519 ι

1943 2574 2008 2626 Et
2039 2572 2258 2626 merito.
2287 2574 2420 2627 Erat
2447 2572 2600 2627 enim
2626 2573 2707 2626 vir
2729 2573 3040 2643 religiosus,
3070 2572 3125 2628 in
3153 2572 3321 2629 sacris
3345 2572 3545 2628 litteris

1940 2668 2146 2739 optime
2177 2668 2497 2733 instructus,
2526 2669 2708 2723 suavis
2736 2683 3015 2737 sermone,
3043 2674 3097 2723 et
3117 2668 3187 2723 ad
3207 2676 3535 2724 cunctorum

1942 2760 2233 2816 hominum
2260 2761 2579 2831 qualitatem
2609 2760 3043 2829 informandam,
3072 2776 3167 2817 seu
3216 2760 3536 2827 fovendam,

1940 2854 2334 2909 convenienter
2373 2854 2692 2924 dispositus.
2728 2854 2893 2919 Huic,
2940 2862 3001 2909 ut
3034 2855 3148 2923 ipse
3191 2863 3315 2924 post
3360 2853 3536 2909 fratri-

1945 2946 2044 3002 bus
2081 2948 2359 3013 narravit,
2408 2948 2466 3003 S.
2511 2946 2846 3002 Altmanuus
2888 2947 2944 3000 in
2995 2945 3206 3001 somnis
3255 2940 3538 3016 apparuit,

1942 3056 2072 3096 cum
2121 3039 2300 3096 adhuc
2342 3039 2397 3095 in
2450 3039 2710 3111 pmdicto
2759 3038 3094 3095 monasterio
3143 3039 3335 3095 Sancti
3378 3040 3542 3094 Blasii

221 3133 557 3198 fessionem,
579 3140 640 3189 ut
670 3132 1173 3204 impraesentiarum
1205 3147 1426 3188 cernere
1455 3131 1601 3197 licet,
1634 3131 1826 3188 demu-
1865 3134 1911 3198 C
1945 3133 2085 3190 foret
2125 3134 2493 3202 constitutus,
2542 3133 2862 3205 virgamque
2912 3133 3244 3205 pastoralem
3295 3133 3347 3187 ei
3377 3132 3546 3188 tradi-

221 3237 412 3283 tatum
449 3228 543 3281 sit.

293 3323 579 3391 Tempore
629 3320 930 3377 venerandi
978 3320 1241 3375 antistitis
1299 3320 1441 3375 venit
1492 3320 1551 3374 in
1582 3328 1833 3375 montem

218 3415 497 3473 Kotwicb
546 3415 826 3486 presbyter
856 3414 1085 3484 quidam
1114 3414 1344 3469 natione
1373 3415 1585 3481 Scotus,
1620 3411 1834 3483 profes-

217 3511 390 3566 sione
421 3507 744 3573 monachus,
776 3508 1186 3563 conversatione
1211 3507 1515 3577 religiosus.
1553 3508 1835 3577 Congrue—

218 3604 327 3659 bat
360 3606 407 3658 ei
436 3617 639 3658 nomen
656 3603 801 3673 quod
820 3601 1084 3668 habebat;
1100 3599 1388 3656 dicebatur
1408 3600 1557 3655 enim
1574 3602 1831 3663 Joannes,

216 3695 385 3771 quod
413 3704 594 3761 sonat,
626 3698 809 3764 gratia
839 3698 955 3752 Dei.
993 3695 1199 3750 Dilexit
1229 3694 1369 3749 hanc
1400 3694 1636 3765 gratiam
1664 3694 1718 3747 in
1740 3694 1832 3749 illo

217 3792 465 3846 antistes
498 3791 868 3851 Altmannus;
898 3797 975 3855 et,
1003 3797 1064 3842 ut
1093 3787 1314 3842 liberius
1342 3788 1430 3842 ille
1458 3803 1647 3842 secum
1676 3787 1827 3843 habi-

218 3894 398 3951 taret,
446 3884 685 3954 quodam
736 3892 890 3939 arcto
953 3882 1288 3946 habitaculo,
1333 3883 1489 3953 juxta
1547 3882 1833 3938 ecclesiam

216 3978 407 4035 beatae
428 3978 613 4034 Maria:
635 3994 733 4048 pro
759 3976 1033 4034 desiderio
1062 3984 1117 4031 et
1145 3976 1407 4045 petitione
1423 3992 1519 4031 sua
1548 3992 1676 4032 eum
1697 3992 1829 4031 con-

215 4073 414 4130 clusit.
449 4071 724 4126 Videbant
764 4071 1016 4125 homines
1056 4084 1221 4140 opera
1258 4069 1408 4124 illius
1443 4068 1605 4133 bona,
1632 4080 1686 4124 et
1710 4070 1827 4141 glo-

216 4166 527 4223 rificabant
560 4168 782 4221 Patrem
811 4180 998 4229 suum,
1029 4163 1126 4234 qui
1151 4163 1203 4217 in
1231 4162 1385 4217 caelis
1406 4170 1488 4216 est
1509 4164 1724 4226 (Matth.
1752 4168 1831 4227 v).

220 4260 416 4316 Verba
448 4274 665 4331 quoque
703 4258 845 4313 illius
873 4258 1101 4311 libenter
1125 4255 1449 4321 audiebant;
1492 4255 1755 4326 quoniam
1783 4264 1838 4310 et

216 4356 347 4425 ipsa
381 4352 620 4424 gratiam
670 4352 964 4423 sapiebant
989 4360 1045 4405 et
1080 4350 1521 4406 mdilicationem.
1555 4352 1687 4405 Post
1714 4349 1835 4406 obi-

1943 3227 2046 3295 dit,
2080 3236 2133 3284 et
2158 3228 2473 3285 cmnobium
2502 3228 2891 3299 Kotwigcense
2923 3226 3225 3297 regendum
3252 3241 3542 3282 commen—

1942 3322 2108 3378 davit.

2014 3415 2331 3485 Assumptis
2387 3430 2517 3485 ergo
2572 3414 2704 3469 viris
2758 3413 3023 3485 religiosis
3083 3413 3292 3468 electus
3348 3413 3538 3481 abbas,

1942 3510 2153 3566 cunctis
2206 3508 2487 3573 flentibus,
2534 3507 2628 3579 qui
2693 3507 2809 3579 ejus
2856 3506 3067 3579 pridem
3124 3506 3545 3562 ltetiﬁcabantur

1940 3602 2327 3669 contubernio,
2358 3600 2740 3673 proﬁciscitur,
2774 3609 2938 3672 atque
2965 3600 3037 3656 ad
3061 3615 3187 3655 oves
3215 3616 3245 3654 a
3281 3604 3396 3655 Deo
3439 3600 3543 3656 sibi

1940 3696 2360 3752 commendatas
2384 3696 2728 3766 perveniens,
2768 3693 3139 3750 favorabiliter
3178 3693 3465 3765 excipitur,
3492 3702 3547 3748 et

1940 3790 2332 3846 communibus
2357 3789 2613 3845 omnium
2646 3789 2786 3843 votis
2829 3788 2898 3843 ab
2945 3788 3197 3858 episcopo
3239 3786 3543 3843 Pataviensi

1939 3884 2119 3941 debita
2146 3900 2275 3939 cum
2306 3882 2692 3939 benedictione
2715 3880 3098 3937 confirmatur.
3128 3880 3341 3936 Exhinc
3380 3880 3543 3936 inha-

1941 3979 2179 4034 bitantes
2208 3978 2302 4044 ibi,
2334 3977 2451 4033 sine
2488 3992 2646 4032 mora
2675 3984 2731 4032 et
2759 3974 3118 4047 refragatione
3146 3974 3397 4046 priorum
3418 3990 3542 4029 mu-

1940 4081 2057 4127 tant
2102 4072 2374 4137 habitum,
2407 4079 2621 4126 mutant
2644 4079 2699 4126 et
2745 4070 3011 4137 animum,
3060 4077 3282 4124 mutant
3328 4076 3384 4123 et
3424 4077 3546 4122 stu-

1944 4164 2122 4221 dium.
2178 4166 2495 4221 Exsultahat
2540 4180 2705 4235 super
2751 4163 2856 4218 hoc
2900 4173 3071 4231 terra,
3138 4161 3314 4233 magis
3359 4170 3544 4217 autem

1946 4258 2178 4323 coelum;
2212 4258 2302 4312 ubi
2334 4258 2592 4329 gaudium
2614 4256 2920 4312 celebratur
2944 4271 3106 4326 super
3122 4270 3230 4309 uno
3261 4264 3546 4325 peccatore

1950 4350 2330 4422 paenitentiam
2360 4358 2556 4421 agente
2579 4349 2722 4419 (Luc.
2754 4356 2880 4414 xv),
2902 4357 3106 4419 quanto
3130 4348 3365 4418 amplius
3383 4363 3547 4418 super

217 4456 351 4503 tum
389 4462 521 4503 vero
547 4446 688 4501 beati
721 4445 1031 4509 Altmanni,
1064 4445 1121 4498 in
1151 4444 1307 4514 cujus
1328 4443 1518 4499 diebus
1548 4443 1671 4515 agni
1694 4443 1838 4498 illius
1866 4486 1918 4549 Β
1948 4453 2235 4500 tantorum
2263 4445 2437 4499 salute
2482 4453 2535 4498 et
2561 4442 2933 4498 correctione?
2980 4443 3059 4496 Ex
3099 4448 3232 4495 tunc
3260 4441 3418 4496 multi
3450 4456 3547 4495 no-

218 4540 561 4597 monasterii
596 4539 957 4611 pascebantur
981 4539 1035 4594 in
1078 4537 1273 4593 ordine
1303 4553 1427 4605 suo,
1460 4538 1704 4592 nonnulli
1735 4536 1837 4591 sub

214 4635 415 4707 specie
439 4649 712 4707 agnorum
741 4632 908 4688 corda
934 4639 1184 4704 gerentes
1221 4632 1405 4701 lupina
1437 4632 1660 4700 (Matth.
1702 4636 1838 4700 vn),

218 4746 290 4785 ex
327 4728 567 4783 diversis
596 4727 728 4782 locis
766 4726 903 4797 pulsi
933 4734 986 4781 et
1028 4725 1243 4796 profugi
1294 4726 1384 4779 illo
1421 4725 1827 4780 conﬂuxerunt.

221 4824 342 4892 Qui
370 4828 499 4892 post
538 4820 825 4875 modicum
862 4834 984 4875 vere
1042 4819 1155 4890 lupi
1191 4826 1539 4889 apparentes,
1588 4825 1747 4888 atque
1778 4818 1835 4873 in

220 4916 453 4971 rabiem
495 4914 653 4981 versi,
707 4921 762 4967 et
808 4912 1004 4984 lupinis
1032 4910 1287 4967 dentibus
1349 4909 1581 4966 aliorum
1626 4910 1834 4981 simpli-

220 5009 393 5064 citati
425 5022 633 5062 venena
663 5021 777 5062 suae
805 5006 1033 5061 malitia;
1062 5004 1431 5071 infundentes,
1464 5004 1835 5059 innocentiam

220 5111 285 5158 et
317 5102 531 5157 bonam
564 5099 796 5165 famam,
831 5115 952 5171 quae
982 5098 1119 5153 inibi
1163 5098 1510 5153 sanctissime
1553 5097 1831 5165 floruerat,

219 5205 281 5251 et
331 5196 548 5249 bonum
580 5194 806 5249 odorem
855 5208 1017 5247 suum
1059 5194 1219 5263 longe
1266 5194 1483 5262 lateque
1518 5190 1832 5258 diffuderat,

214 5304 595 5359 corrumpere
609 5297 662 5343 et
693 5287 912 5343 inlicere
945 5302 1060 5341 non
1088 5286 1411 5341 timuerunt.
1433 5285 1598 5341 Unde
1626 5285 1833 5341 factum

216 5392 317 5439 est
348 5390 412 5437 ut
451 5382 604 5437 locus
629 5381 744 5451 ipse
774 5380 934 5436 ﬁeret
959 5379 1322 5450 contemptui,
1348 5378 1563 5435 horrori
1602 5387 1655 5434 et
1677 5378 1833 5435 dete-

214 5474 490 5533 stationi.

306 5572 517 5626 Beatus
545 5568 707 5641 igitur
738 5567 1090 5635 Altmannus,
1137 5567 1293 5637 cujus
1333 5567 1523 5623 oculos
1561 5566 1836 5623 credimus

213 5678 359 5722 esse
388 5678 552 5735 super
596 5662 781 5718 locum
832 5661 1017 5733 ipsum
1046 5659 1135 5716 die
1177 5676 1240 5716 ac
1278 5668 1459 5727 nocte,
1514 5677 1606 5733 per
1653 5661 1835 5717 visum

213 5755 507 5831 pradicto
536 5755 795 5827 apparuit
827 5755 1032 5811 Joanni
1063 5770 1448 5823 commonens,
1486 5763 1545 5810 ut
1580 5754 1649 5810 de
1679 5770 1835 5811 emno

210 5858 493 5908 montem
510 5852 695 5921 ipsum
719 5857 993 5921 purgaret,
1018 5856 1073 5904 et
1094 5846 1329 5905 fetorem
1352 5849 1611 5906 stercoris
1631 5849 1835 5907 abster-

1949 4540 2081 4595 biles
2121 4539 2188 4594 de
2234 4538 2434 4594 saeculo
2460 4537 2529 4592 ad
2579 4540 2759 4592 Deum
2787 4535 3047 4603 converti,
3098 4543 3154 4589 et
3181 4533 3323 4588 tanti
3354 4532 3449 4587 viri
3490 4549 3549 4587 se

1947 4632 2250 4704 discipline
2290 4630 2528 4697 tradere,
2577 4644 2783 4701 suaque
2831 4627 3013 4683 omnia
3054 4628 3112 4681 in
3142 4642 3301 4682 usum
3351 4642 3548 4683 mona-

1948 4727 2097 4783 sterii
2168 4723 2419 4781 conferre
2468 4731 2769 4795 coeperunt.
2824 4721 3006 4778 Crevit
3052 4736 3143 4792 per
3177 4736 3305 4776 eum
3350 4720 3547 4776 abinde

1944 4819 2094 4877 fama
2124 4827 2179 4875 et
2204 4818 2507 4875 reverentia
2539 4818 2676 4884 loci;
2719 4823 3073 4871 surrexerunt
3100 4814 3351 4883 mdificia,
3380 4814 3545 4870 libro-

1946 4929 2069 4970 rum
2116 4914 2270 4984 copia
2326 4912 2513 4979 crevit,
2561 4919 2615 4966 et
2657 4910 2841 4967 omnis
2882 4917 3108 4965 ornatus
3157 4908 3547 4981 mysteriorum

1945 5007 2276 5064 divinorum.

2018 5105 2089 5155 At
2117 5101 2245 5156 nihil
2296 5100 2401 5157 hoc
2449 5097 2648 5166 fuerat,
2678 5099 2721 5154 si
2748 5098 2954 5154 scilicet
2983 5096 3339 5169 profecissent
3374 5096 3544 5166 parie-

1944 5211 2045 5266 tes,
2080 5204 2137 5251 et
2182 5194 2284 5250 sub
2332 5194 2487 5248 ruina
2518 5208 2700 5248 mores
2747 5193 3091 5249 mansissent.
3127 5191 3227 5246 His
3269 5190 3447 5261 potius
3477 5190 3547 5243 in-

1943 5288 2217 5346 struendis
2252 5289 2332 5343 vir
2372 5303 2533 5360 sagax
2580 5287 2898 5360 invigilavit;
2945 5286 3119 5342 sciens
3146 5284 3297 5355 quod
3339 5300 3453 5339 non
3491 5285 3547 5339 in

1945 5382 2270 5438 manufactis
2313 5381 2525 5439 habitat
2552 5384 2703 5437 Deus
2733 5383 2873 5446 (Act.
2907 5386 3086 5446 xvn),
3144 5378 3241 5434 sed
3289 5378 3344 5434 in
3374 5377 3547 5434 ratio-

1944 5477 2213 5532 habilibus
2256 5484 2567 5531 sanctarum
2616 5474 2925 5533 animarum
2968 5472 3208 5543 templis,
3263 5487 3387 5543 quae
3439 5472 3546 5543 piis

1945 5570 2085 5625 votis
2109 5570 2413 5641 eriguntur,
2446 5568 2736 5640 proficiunt
2764 5566 3044 5638 religione,
3074 5574 3128 5619 et
3158 5580 3543 5620 consumman-

1945 5672 2036 5718 tur
2061 5664 2482 5735 perseverantia.
2525 5664 2595 5717 Et
2621 5663 2743 5733 quia
2774 5660 2964 5731 gloria,
2997 5668 3056 5713 ut
3083 5658 3302 5729 quidam
3332 5656 3544 5726 sapiens

1944 5758 2039 5823 ait,
2078 5756 2242 5813 etiam
2275 5757 2503 5812 invitum
2542 5755 2807 5825 sequitur,
2851 5752 3031 5823 coepit
3064 5752 3144 5805 vir
3186 5751 3285 5804 iste
3313 5764 3545 5819 magnus

1946 5850 2133 5909 haberi
2182 5850 2251 5907 ab
2292 5850 2377 5906 his
2424 5849 2624 5921 quibus
2660 5851 2775 5901 erat
2819 5860 3022 5900 nomen
3077 5856 3363 5913 magnum,
3386 5841 3542 5913 juxta
