4048 6174
523 277 617 332 891

1528 272 1619 326 AD
1658 269 1887 327 OPERA
1927 270 1983 325 S.
2025 268 2821 337 GREGORIIAPPENDICES.

3717 272 3807 327 892

524 416 726 457 nomen
756 413 1108 473 magnorum,
1141 396 1232 468 qui
1256 402 1382 452 sunt
1401 394 1454 449 in
1483 402 1628 451 terra
1655 415 1667 451 :
1697 402 1753 450 et
1771 393 1897 450 ideo
1923 395 2121 466 passim
2152 401 2204 465 Α
2236 403 2317 451 tes
2358 395 2475 466 ejus
2504 408 2694 466 proco
2722 394 2956 451 ﬁdeliter
2982 394 3310 461 oravissent,
3338 391 3493 448 domi
3520 392 3740 462 relatus,
3764 404 3815 451 et

527 494 902 552 offerebantur
927 493 977 547 ei
1005 489 1340 561 dignitatum
1368 488 1563 545 insula
1609 496 1665 544 et
1693 488 1997 544 multorum
2032 504 2116 544 re-

526 589 711 661 gimen
739 584 1215 643 monasteriorum.
1247 584 1587 654 Factumque
1609 590 1693 638 est
1721 590 1781 638 ut
1809 598 1903 637 rex
1940 582 2122 639 Hein-

524 683 671 738 ricus
698 681 745 736 V
768 694 896 735 cum
920 675 1351 749 Campedonensi
1387 676 1687 748 praﬁceret
1722 676 1977 743 abbatia,
2021 691 2124 732 nec

527 776 706 830 minus
747 768 1032 845 episcopus
1069 770 1297 827 civitatis
1333 772 1599 842 Augusta
1628 786 1755 826 eum
1795 770 2123 826 monasterio

522 871 575 924 S.
631 866 907 923 Oudalrici
938 874 1312 938 praponeret;
1344 865 1567 937 duxque
1595 866 1889 921 Carinthia
1933 881 2123 945 θαδηοτ

524 963 674 1019 bium
704 963 760 1018 S.
790 960 1073 1016 Lamberti
1099 959 1148 1015 ei
1174 958 1587 1032 gubernandum
1615 959 2048 1015 commendaret.

595 1054 773 1126 Hujus
813 1052 1028 1120 diebus,
1080 1052 1343 1126 quoniam
1389 1059 1577 1123 gratus
1612 1060 1669 1107 et
1711 1060 1966 1123 acceptus
2010 1057 2125 1107 erat

524 1147 693 1206 curia
748 1152 1041 1214 Romana,
1091 1146 1369 1220 privilegia
1414 1146 1703 1216 impetrata
1740 1155 1872 1203 sunt
1927 1146 2126 1218 quibus

527 1243 679 1297 locus
725 1241 837 1314 ipse
872 1242 1131 1298 munitus
1178 1250 1232 1297 et
1261 1240 1646 1295 corroboratus
1677 1248 1778 1295 est.
1824 1244 1906 1296 Eo
1944 1247 2126 1295 autem

529 1336 597 1391 de
620 1336 721 1391 hac
760 1336 879 1392 luce
908 1336 1187 1403 submoto,
1232 1342 1612 1391 successerunt
1652 1334 1699 1390 ei
1763 1334 1856 1390 viri
1891 1335 2126 1407 pruden-

524 1437 627 1493 tes,
657 1437 714 1485 et
740 1429 1017 1501 religionis
1046 1437 1355 1496 amatores;
1388 1443 1625 1500 quorum
1653 1428 1921 1485 industria
1961 1436 2017 1485 et
2043 1412 2156 1484 viJ

525 1522 745 1594 gilantia
786 1524 1184 1579 monasterium
1236 1539 1300 1578 eo
1344 1537 1516 1593 usque
1556 1521 1783 1593 profecit
1811 1531 1874 1578 ut
1916 1524 2126 1578 cunctis

527 1616 854 1682 viventibus,
900 1616 1272 1673 indubitanter
1315 1616 1519 1688 liqueat
1548 1616 1696 1686 quod
1720 1633 1842 1671 vere
1872 1620 2126 1671 Dominus

524 1714 601 1764 est
628 1713 684 1762 in
727 1711 832 1764 loco
864 1712 987 1776 illo;
1012 1727 1105 1765 nec
1129 1718 1206 1766 est
1238 1712 1319 1765 ibi
1364 1710 1527 1765 aliud
1571 1712 1683 1765 nisi
1723 1710 1915 1765 domus
1954 1714 2053 1765 Dei
2078 1717 2128 1765 et

2234 487 2383 545 illico
2425 488 2593 545 noxio
2622 488 2855 545 humore
2894 495 3237 561 erumpente,
3280 485 3499 543 anitati
3539 487 3815 545 restitutus

2233 590 2337 638 est.

2308 679 2436 731 Erat
2472 676 2694 749 quidam
2724 676 2793 733 de
2832 682 3106 733 conventu
3148 675 3384 733 fratrum
3424 673 3674 747 ejusdem
3700 691 3812 732 mo-

2240 770 2487 838 nasterii,
2532 771 2624 843 qui
2672 769 2767 826 diu
2808 770 3131 841 gravissima
3166 768 3487 826 inﬁrmitate
3521 768 3821 842 depressus,

2239 864 2613 935 desperatione
2639 864 3028 936 recuperanda
3055 863 3445 921 incolumitatis
3470 878 3583 920 non
3634 878 3820 936 parum

2242 957 2710 1014 mastiﬁcabatur.
2760 959 3057 1015 Revelatur
3104 958 3323 1015 cuidam
3373 959 3552 1015 sorori
3580 956 3823 1030 ejusdem

2239 1051 2361 1119 loci,
2394 1066 2520 1106 eum
2552 1052 2795 1123 pristina
2830 1053 3051 1108 sanitati
3080 1051 3501 1119 restituendum,
3531 1053 3579 1108 si
3606 1050 3678 1107 ad
3710 1066 3825 1107 me-

2237 1146 2473 1201 moriam
2502 1144 2645 1201 beati
2676 1146 2957 1202 Altmanni
2998 1146 3303 1203 oblationes
3332 1160 3433 1218 pro
3463 1145 3555 1201 illo
3584 1144 3825 1202 offeran-

2234 1245 2346 1307 tur,
2375 1248 2429 1295 et
2458 1239 2627 1296 missa
2656 1255 2763 1295 una
2792 1255 2891 1312 pro
2918 1240 3167 1297 ﬁdelibus
3191 1238 3465 1297 defunctis
3491 1238 3625 1306 illic,
3659 1254 3827 1312 agro-

2236 1340 2293 1389 to
2325 1342 2608 1404 prasente,
2650 1334 2969 1391 celebretur.
3004 1333 3310 1391 Advehitur
3336 1334 3423 1390 ille
3451 1332 3505 1390 in
3533 1333 3828 1407 gestatorio

2235 1435 2475 1499 quatuor
2521 1427 2883 1499 portantibus,
2913 1428 3130 1484 duobus
3172 1426 3293 1483 aliis
3334 1427 3463 1484 hinc
3509 1426 3639 1484 inde
3665 1436 3829 1483 nuta-

2236 1520 2488 1577 bundum
2531 1521 2977 1578 sustentantibus.
3024 1524 3172 1578 Inter
3216 1536 3367 1578 sacra
3403 1521 3666 1595 mysteria
3702 1521 3829 1578 viri-

2236 1614 2337 1669 bus
2375 1616 2577 1670 sensim
2620 1616 3077 1683 accrescentibus,
3130 1616 3304 1671 alieno
3364 1615 3746 1695 sustentaculo
3781 1631 3829 1671 se

2235 1725 2346 1764 non
2375 1724 2535 1782 egere
2552 1708 2847 1765 astruebat.
2879 1711 3047 1766 Missa
3068 1723 3200 1766 vero
3225 1710 3493 1782 completa
3510 1708 3583 1765 ad
3603 1696 3830 1766 demum

520 1810 685 1875 porta
724 1806 842 1859 cali
886 1806 1038 1873 (Gen.
1088 1806 1339 1874 xxvm).
1390 1804 1723 1861 Benedictus
1765 1805 1823 1858 in
1851 1804 2125 1871 omnibus,
2165 1796 2211 1857 B
2240 1803 2587 1859 infirmorum
2641 1803 2967 1875 regreditur,
3040 1804 3154 1860 suis
3214 1804 3332 1876 jam
3386 1811 3546 1860 utens
3605 1802 3832 1876 pedibus

524 1901 620 1967 qui
657 1900 840 1953 omnia
878 1915 1209 1971 quacunque
1250 1901 1473 1955 voluerit
1512 1902 1648 1967 facit
1693 1903 1752 1953 in
1796 1901 1926 1953 curio
1992 1904 2043 1953 et
2068 1901 2129 1953 in

526 1998 696 2060 terra,
730 1997 787 2047 in
814 1996 968 2047 mari
989 1998 1039 2048 et
1070 1996 1127 2048 in
1156 1995 1399 2048 omnibus
1428 1993 1632 2062 abyssis
1659 1993 2083 2060 (Psal.cxxxvr)
2113 2008 2125 2045 :

522 2085 624 2155 ipsi
660 2084 855 2153 honor,
893 2086 1009 2140 laus
1038 2094 1095 2141 et
1122 2086 1318 2157 gloria,
1350 2094 1404 2141 et
1430 2085 1729 2158 gratiarum
1768 2085 1910 2142 actio
1937 2086 1991 2141 in
2023 2100 2127 2141 sa-

527 2178 647 2233 cula
676 2178 1023 2233 saculorum.
1047 2181 1245 2233 Amen.

602 2270 699 2325 His
727 2271 800 2325 ita
830 2270 1117 2342 explicitis,
1151 2271 1492 2328 redeundum
1518 2272 1756 2327 arbitror
1780 2271 1848 2328 ad
1872 2287 1937 2328 ea
1968 2273 2130 2328 mira-

534 2362 654 2419 cula
721 2364 1002 2419 memoria
1066 2364 1354 2420 hominum
1410 2364 1870 2433 commendanda,
1936 2366 2132 2437 quibus

533 2474 705 2530 usque
746 2458 804 2513 in
834 2458 1166 2515 hodiernum
1194 2458 1337 2515 diem
1364 2460 1464 2515 sub
1498 2459 1675 2515 oculis
1702 2460 1909 2515 nostris
1940 2461 2130 2516 merita

529 2552 717 2609 famuli
764 2554 852 2607 sui
883 2553 1152 2609 Dominus
1194 2560 1499 2619 attestatur,
1544 2561 1706 2624 atque
1737 2554 1805 2609 ad
1855 2554 1971 2626 ejus
1998 2570 2130 2609 con-

528 2646 887 2701 versationem
913 2646 1231 2701 imitandam
1270 2646 1531 2717 prasules
1555 2654 1873 2703 nostrorum
1912 2646 2130 2703 dierum

526 2740 753 2795 suscitat
779 2747 836 2795 et
860 2740 1077 2796 invitat.
1110 2742 1251 2796 Nam
1279 2741 1323 2795 si
1360 2739 1524 2796 fallax
1552 2740 1713 2813 hujus
1737 2740 1933 2797 mundi
1958 2742 2130 2812 gloria

528 2832 676 2903 ipsos
702 2831 959 2899 delectat,
989 2832 1151 2905 longe
1180 2834 1299 2905 plus
1325 2834 1417 2889 illa
1440 2834 1516 2888 eis
1545 2833 1776 2905 petenda
1802 2833 1946 2890 foret
1963 2848 2129 2905 quam

528 2926 803 2982 Dominus
822 2926 1013 2999 gloria
1036 2942 1231 2982 eorum
1261 2926 1499 2983 aviditati
1529 2928 1980 2994 communicaret,
2019 2944 2129 2984 non

526 3034 652 3075 cum
688 3018 881 3075 umbra
908 3018 1075 3091 hujus
1102 3020 1353 3076 mortalis
1382 3020 1508 3077 vita
1534 3020 1849 3089 finiendam,
1876 3020 1995 3087 sed,
2016 3029 2129 3077 tam

528 3110 616 3167 hic
651 3127 819 3184 quam
858 3112 1059 3169 futura
1122 3113 1467 3169 beatitudinis
1524 3114 1580 3168 in
1632 3128 1803 3185 regno
1863 3115 1983 3170 sine
2018 3115 2127 3170 ﬁne

529 3205 683 3262 beata
720 3216 777 3262 et
802 3207 1122 3262 inconcussa
1151 3208 1424 3264 soliditate
1452 3222 1885 3278 permansuram.

600 3300 851 3370 Quodam
902 3308 1175 3371 tempore,
1216 3300 1438 3357 infesto
1485 3300 1847 3357 dedicationis
1890 3301 2130 3359 ecclesia

529 3393 705 3465 puella
758 3394 1031 3465 quadam,
1094 3394 1393 3451 savissimo
1451 3404 1696 3467 correpta
1742 3396 2016 3462 damone,
2072 3397 2127 3451 in

528 3498 825 3560 conspectu
871 3487 1103 3545 fratrqu
1144 3489 1359 3545 divinas
1404 3489 1588 3546 Iaudes
1655 3490 2010 3561 psallentium
2062 3490 2129 3547 ad

496 3606 497 3609 η
531 3580 778 3636 tumbam
807 3582 865 3636 S.
910 3582 1208 3659 ‘Altmanui
1250 3590 1459 3647 astans,
1494 3582 1883 3638 miserabiliter
1908 3592 2130 3655 torque-

530 3673 710 3729 batur.
744 3676 813 3730 Et
830 3689 957 3730 ecce
981 3683 1203 3745 repente
1233 3674 1528 3731 horrendis
1565 3675 1790 3732 vocibus
1819 3678 2131 3733 exclamans

531 3773 592 3820 ut
620 3766 971 3837 adjuvaretur
1001 3767 1330 3839 postulabat.
1364 3768 1467 3823 Sed
1491 3769 1613 3839 quis
1640 3768 1929 3826 hominum
1978 3779 2130 3827 tanto

462 3848 465 3851 λ
531 3858 744 3915 horrori
780 3859 1041 3916 accedere
1070 3864 1462 3932 praesumeret?
1490 3860 1665 3918 Affuit
1701 3870 1887 3918 tamen
1939 3865 2127 3919 invisi-

533 3953 715 4008 biliter
737 3952 928 4007 beatus
967 3953 1213 4019 antistes,
1238 3962 1294 4009 et
1319 3954 1575 4010 miseram
1615 3956 1763 4010 illam
1792 3956 1847 4010 in
1889 3972 2131 4028 prasen-

531 4047 608 4101 tia
650 4055 975 4101 cunctorum
1000 4061 1029 4101 a
1052 4056 1335 4103 tormento
1365 4047 1568 4103 salvam
1594 4046 1728 4103 fecit
1744 4056 1904 4121 atque
1930 4049 2132 4106 damo-

533 4140 645 4195 nio.
688 4139 806 4203 llla,
853 4140 907 4194 in
935 4155 993 4194 se
1028 4155 1262 4208 reversa,
1314 4156 1529 4197 sacram
1580 4135 1852 4197 Doniiuici
1884 4144 2131 4215 corporis

530 4233 982 4289 communionem
1011 4234 1115 4289 sibi
1145 4233 1263 4289 dari
1298 4236 1468 4306 petiit,
1503 4252 1598 4308 per
1625 4251 1791 4308 quam
1833 4253 1864 4293 a
1891 4237 2130 4309 maligno

530 4327 722 4399 spiritu
750 4326 891 4382 ultra
915 4343 975 4383 se
1002 4328 1289 4385 tutandam
1318 4345 1427 4385 non
1451 4329 1737 4386 dubitavit.

602 4422 758 4477 Unus
802 4437 867 4477 ex
917 4420 1141 4478 famulis
1186 4424 1499 4479 monasterii
1539 4425 1712 4479 multo
1759 4433 2006 4496 tempore
2054 4426 2129 4481 lu-

2239 1912 2350 1953 uno
2380 1905 2590 1953 tantum
2621 1896 2787 1953 fratre
2805 1913 2928 1953 eum
2950 1895 3258 1970 adjuvante.
3294 1900 3511 1970 Integra
3535 1912 3668 1953 vero
3694 1897 3832 1953 sani-

2240 2001 2349 2048 tate
2378 2001 2503 2065 post
2533 2007 2735 2063 paucos
2758 1990 2877 2048 dies
2905 2000 3144 2064 recepta,
3172 1991 3399 2065 impiger
3426 1990 3494 2047 ad
3526 1989 3708 2047 ofﬁcia
3743 2006 3832 2047 sua

2238 2084 2513 2156 surgebat,
2561 2085 2845 2157 egrediens
2874 2093 2932 2142 et
2958 2085 3272 2159 regrediens
3298 2084 3367 2142 ad
3404 2084 3700 2157 imperium
3743 2085 3831 2142 ab-

2240 2178 2382 2235 batis
2408 2180 2513 2235 sui.

2312 2273 2498 2329 Puella
2541 2272 2799 2345 quadam
2826 2273 2895 2329 de
2948 2274 3118 2329 vicina
3163 2273 3308 2341 villa,
3360 2288 3483 2345 qua
3528 2273 3833 2346 Murlingen

2241 2366 2567 2439 appellatur,
2607 2365 2714 2422 ﬁlia
2772 2367 3057 2438 cujusdam
3108 2367 3321 2423 honesti
3368 2375 3423 2423 et
3464 2368 3582 2423 noti
3622 2366 3832 2433 militis,

2238 2462 2329 2516 cui
2394 2466 2598 2516 nomen
2627 2470 2741 2517 erat
2794 2462 3143 2530 Wolckerns,
3192 2461 3472 2534 repentina
3515 2460 3756 2533 paralysi
3803 2475 3832 2515 a

2240 2554 2420 2611 media
2450 2563 2598 2626 parte
2622 2556 2867 2626 corporis
2903 2563 3153 2627 correpta
3181 2564 3284 2611 est.
3308 2554 3620 2611 Vocabatur
3643 2561 3837 2610 autem

2240 2648 2347 2717 illa,
2378 2648 2594 2706 Partha.
2638 2648 2819 2706 Affuit
2839 2650 2919 2705 illi
2954 2647 3295 2705 medicorum
3324 2663 3437 2716 ars,
3469 2645 3675 2720 profuit
3706 2663 3835 2703 vero

2238 2742 2392 2797 nihil.
2424 2743 2673 2799 Consulit
2699 2742 2944 2800 medicus
2971 2743 3108 2815 ipse,
3144 2742 3436 2815 permerita
3464 2744 3518 2798 S.
3546 2741 3837 2797 Altmanni

2240 2835 2487 2892 divinum
2535 2839 2717 2909 potius
2762 2837 3171 2907 implorandum
3198 2837 3488 2893 auxilium.
3530 2833 3837 2892 Adducitur

2240 2930 2329 2985 illa
2350 2929 2421 2986 ad
2445 2930 2798 3002 sepulchrum
2824 2931 2925 2987 viri
2955 2931 3074 2987 Dei.
3099 2931 3306 2987 Oravit.
3326 2932 3643 2987 Oraverunt
3673 2938 3728 2984 et
3749 2944 3836 3000 pa-

2241 3032 2421 3080 rentes
2454 3025 2599 3096 eius;
2645 3024 3009 3097 exauditaque
3037 3033 3119 3081 est
3147 3024 3324 3081 oratio
3350 3023 3583 3079 ﬁdeliter
3626 3023 3836 3095 suppli—

2239 3119 2504 3188 cantium,
2550 3127 2604 3175 et
2646 3120 2845 3174 sanitas
2893 3120 3147 3175 restituta
3195 3117 3556 3174 exauditionis
3577 3116 3727 3173 facta
3762 3125 3838 3173 est

2240 3213 2480 3282 signum.
2513 3214 2713 3269 Mansit
2738 3222 2950 3280 tamen,
2978 3213 3044 3269 ad
3079 3211 3418 3269 excitandam
3449 3211 3724 3284 majorem
3753 3227 3836 3268 sa-

2238 3314 2378 3362 nata
2426 3307 2793 3373 devotionem,
2853 3316 2907 3362 et
2954 3306 3343 3363 evidentiorem
3400 3305 3601 3362 divina
3653 3304 3838 3377 gratia

2239 3400 2738 3457 manifestationem
2761 3400 2966 3473 aliquid
2988 3400 3332 3457 inﬁrmitatis
3354 3400 3410 3455 in
3430 3414 3602 3456 manu
3626 3401 3837 3471 puella.

2239 3498 2313 3549 At
2357 3494 2445 3551 illa
2497 3496 2551 3550 in
2602 3496 2965 3551 anniversaria
3008 3494 3369 3567 depositionis
3417 3493 3509 3549 die
3555 3496 3610 3549 S.
3672 3493 3838 3549 antis-

2238 3590 2389 3657 titis,
2439 3589 2507 3645 ad
2558 3590 2713 3661 pium
2764 3597 2819 3645 et
2862 3596 3148 3663 expertum
3195 3588 3433 3645 recurrit
3467 3586 3755 3644 medicum
3790 3594 3840 3643 et

2240 3684 2380 3738 inter
2407 3683 2698 3753 orandum,
2731 3683 2876 3755 quod
2916 3683 3139 3754 petebat
3160 3689 3411 3754 optatum
3435 3682 3649 3752 accepit
3669 3693 3843 3738 reme-

2239 3776 2420 3831 dium.

2311 3870 2510 3927 Mulier
2535 3870 2791 3941 quadam
2828 3871 2898 3927 de
2926 3870 3073 3938 villa,
3105 3885 3227 3942 qua
3248 3868 3583 3927 Hunteheim
3608 3868 3835 3935 dicitur,

2239 3966 2491 4020 diuturna
2516 3971 2571 4018 et
2610 3964 2756 4033 gravi
2781 3964 3107 4037 aegritudine
3150 3963 3217 4019 ad
3247 3970 3487 4019 mortem
3525 3977 3703 4034 usque
3731 3962 3843 4018 fere

2240 4059 2490 4126 adducta,
2524 4066 2577 4113 et
2608 4057 2812 4113 viribus
2838 4058 3096 4114 omnibus
3120 4057 3397 4127 destituta,
3432 4057 3581 4129 gravi
3609 4064 3840 4128 portan-

2240 4154 2378 4209 tium
2423 4151 2604 4208 labore
2646 4151 2716 4207 ad
2771 4152 3048 4207 tumulum
3077 4151 3265 4207 famuli
3304 4151 3408 4207 Dei
3436 4149 3684 4217 adducta,
3717 4149 3837 4221 pri-

2238 4249 2397 4303 stina
2420 4246 2639 4303 sanitati
2663 4253 2747 4301 est
2770 4246 3047 4302 restituta.

2311 4344 2448 4396 Item
2480 4340 2675 4412 puella
2700 4340 2942 4412 parvula,
2971 4339 3039 4395 de
3081 4340 3229 4407 villa,
3267 4340 3354 4395 cui
3402 4338 3734 4395 vocabulum
3763 4345 3847 4394 est

2238 4439 2431 4499 Panse,
2457 4434 2551 4489 diu
2578 4432 2784 4488 lumine
2813 4434 3042 4504 privata,
3074 4433 3207 4489 inibi
3236 4441 3321 4489 est
3344 4433 3674 4489 illuminata.

530 4516 680 4571 mine
729 4515 953 4572 orbatus
1013 4518 1325 4584 oculorum,
1368 4533 1497 4573 cum
1552 4518 1670 4573 loca
1719 4528 1906 4574 sancta
1980 4535 2131 4590 pera-
2163 4558 2212 4620 D
2313 4530 2454 4582 Puer
2514 4526 2683 4582 etiam
2743 4524 2971 4597 quidam
3022 4527 3097 4582 de
3161 4527 3281 4581 villa
3337 4526 3442 4581 alia
3488 4525 3633 4582 dicta
3693 4528 3845 4582 Mar-

529 4617 751 4681 grasset,
803 4608 893 4664 ubi
967 4610 1173 4666 meritis
1235 4618 1552 4667 sanctorum
1608 4610 1853 4667 sanitatis
1896 4613 2127 4683 gratiam

529 4701 806 4772 sperabat,
834 4718 933 4757 nee
972 4704 1287 4773 invenisset,
1317 4704 1390 4760 ad
1420 4706 1817 4761 monasterium
1847 4704 2032 4773 rediit,
2078 4717 2133 4763 et

530 4794 587 4849 in
632 4795 747 4850 suis
809 4797 1067 4863 tenebris,
1117 4806 1178 4854 ut
1230 4799 1401 4870 prius,
1442 4799 1609 4855 tristis
1652 4800 1872 4857 mansit.
1936 4801 2132 4856 Incidit

530 4887 816 4960 aliquando
842 4890 1008 4945 menti
1034 4891 1151 4963 ejus
1178 4900 1240 4946 ut
1265 4907 1428 4948 suum
1458 4894 1807 4964 potissimum
1837 4902 2132 4967 patronum

532 4996 690 5052 prece
733 4980 1005 5037 indefessa
1053 4999 1153 5054 pro
1181 4984 1516 5041 restituendo
1555 4986 1652 5041 sibi
1693 4987 1896 5043 lumine
1936 4987 2128 5060 implo-

533 5082 695 5130 raret.
725 5076 975 5147 Cumque
1030 5077 1272 5132 crebrius
1299 5086 1463 5149 atque
1503 5078 1756 5135 devotius
1810 5090 1994 5136 oraret
2045 5082 2130 5137 die

531 5168 787 5241 quadam,
842 5184 971 5224 cum
1029 5169 1099 5225 ad
1140 5170 1319 5226 valvas
1383 5170 1634 5239 basilica,
1692 5187 1860 5244 puero
1909 5183 2129 5245 regente

529 5276 747 5333 gressus
816 5263 953 5335 ejus,
1002 5278 1327 5334 egressurus
1395 5264 1749 5335 pervenisset,
1814 5265 1993 5323 subito
2056 5268 2130 5324 ait

532 5372 701 5429 puero
735 5377 747 5413 :
797 5359 927 5415 Sine
958 5374 1066 5425 me,
1102 5366 1373 5431 quatenus
1414 5374 1513 5431 per
1554 5373 1644 5415 me
1672 5360 1923 5431 gradiar;
1973 5361 2126 5419 video

531 5452 752 5523 quippe.
796 5455 868 5507 Et
899 5453 969 5508 ab
1010 5467 1073 5508 ea
1108 5453 1240 5509 hora
1269 5454 1436 5509 exivit
1465 5453 1533 5510 ad
1562 5468 1700 5526 opus
1727 5470 1909 5525 suum,
1936 5456 2128 5514 videns

531 5554 586 5600 et
610 5543 871 5617 gaudens,
907 5554 962 5601 et
986 5545 1214 5602 laudans
1237 5550 1437 5602 Deum.

604 5641 746 5695 Puer
772 5638 1030 5711 quidam,
1087 5641 1242 5713 cujus
1288 5656 1380 5713 pes
1445 5642 1741 5699 enormiter
1792 5645 2125 5701 intumuerat

532 5732 666 5788 adeo
713 5742 775 5789 ut
803 5735 889 5789 vix
934 5733 1335 5791 discerneretur
1374 5752 1443 5792 an
1496 5736 1809 5793 membrum
1853 5738 1987 5793 illud
2031 5754 2126 5810 pes

533 5826 719 5895 fuerit,
748 5827 819 5887 ad
845 5828 1162 5900 sepulcrum
1189 5828 1333 5887 beati
1362 5830 1465 5885 viri
1494 5830 1766 5886 adductus
1784 5845 1912 5886 cum
1935 5846 2122 5902 paren-

2240 4619 2633 4692 quartesdorff,
2682 4627 2915 4690 utroque
2957 4620 3149 4676 debilis
3196 4628 3251 4675 et
3294 4619 3519 4675 claudus
3556 4618 3725 4691 pede,
3755 4635 3847 4674 ve-

2240 4730 2394 4786 spere
2426 4715 2518 4770 illo
2548 4714 2820 4781 advectus,
2855 4722 2909 4769 et
2951 4715 3018 4769 ab
3048 4714 3346 4769 innumeris
3390 4712 3527 4786 quid
3570 4713 3707 4769 mali
3755 4728 3847 4785 pa-

2240 4817 2444 4864 teretur
2472 4809 2636 4875 visus,
2668 4824 2795 4864 cum
2817 4808 3130 4880 pervigilem
3150 4822 3277 4864 cum
3299 4822 3364 4863 eo
3390 4806 3485 4880 qui
3511 4822 3637 4863 eum
3671 4805 3850 4864 addu-

2239 4911 2391 4958 xerat
2440 4902 2686 4959 duxisset
2731 4890 2975 4968 noctem,
3033 4902 3213 4973 primo
3266 4916 3429 4958 mane
3472 4900 3688 4958 reddita
3742 4902 3851 4958 sibi

2240 4997 2644 5061 incolumitate,
2670 5003 2891 5051 curatus
2914 5003 3013 5051 est.

2311 5092 2389 5144 Ex
2419 5090 2612 5146 eadem
2649 5090 2773 5145 villa
2817 5088 3012 5145 mulier
3038 5088 3290 5161 quadam
3342 5103 3485 5145 caca
3519 5089 3707 5145 visum
3761 5105 3851 5146 re-

2241 5182 2407 5255 cepit.

2308 5280 2559 5332 Matrona
2600 5275 2853 5348 quadam
2892 5276 3089 5333 nobilis
3112 5284 3273 5349 atque
3311 5271 3524 5343 devota,
3555 5274 3626 5333 de
3650 5284 3855 5333 castro

2236 5383 2365 5433 suo,
2400 5366 2547 5439 quod
2594 5368 2855 5423 Hosstein
2898 5369 3219 5440 appellatur,
3255 5367 3573 5435 adveniens,
3605 5376 3661 5423 et
3693 5368 3857 5439 puel-

2237 5460 2345 5515 lam
2375 5459 2672 5532 quamdam
2723 5476 2922 5517 cacam
2976 5477 3163 5520 secum
3199 5459 3457 5529 afferens,
3496 5476 3627 5517 cum
3654 5461 3735 5519 ad
3761 5476 3854 5519 se-

2236 5554 2487 5625 pulcrum
2517 5554 2687 5610 sancti
2725 5555 2829 5611 viri
2857 5555 3149 5612 instantiu
3197 5563 3435 5622 orarent,
3464 5568 3576 5627 quo
3603 5554 3707 5611 diu
3754 5571 3854 5612 ca-

2236 5656 2443 5715 ruerat,
2490 5658 2805 5720 recuperato
2858 5650 3089 5718 lumine,
3141 5649 3317 5721 puella
3363 5649 3452 5705 illa
3497 5649 3686 5721 gavisa
3740 5658 3851 5705 est.

2235 5740 2323 5797 Ob
2359 5741 2515 5813 cuius
2557 5742 2701 5813 signi
2749 5743 3051 5815 tripudium
3090 5752 3144 5799 et
3186 5742 3593 5811 testimonium,
3636 5743 3852 5799 eadem

2235 5842 2509 5903 matrona,
2553 5836 2870 5908 pradictam
2929 5838 3185 5911 puellam,
3228 5853 3293 5895 ac
3342 5838 3510 5895 ﬁliam
3549 5838 3853 5910 propriam
