4048 6174
224 283 322 338 893
1128 282 1415 338 APPEND.
1453 281 1541 338 Ill.
1586 312 1653 324 -
1691 283 2108 344 MONUMENTA
2147 283 2606 342 GREGORIANA.
3262 296 3291 324 λ

3412 292 3518 347 894
3574 332 3577 337 η

225 406 545 477 assumpsit,
571 411 627 461 et
641 405 846 478 jugiter
861 419 1049 463 secum
1071 405 1320 463 retinuit.
1344 408 1476 463 Erat
1501 416 1691 466 autem
1711 425 1811 467 no-
1847 416 1901 480 Α
1928 411 2171 468 habitare
2229 425 2355 466 cum
2410 410 2522 467 illa.
2583 410 2807 467 Clamor
2859 418 2919 468 et
2966 411 3140 481 furor,
3205 412 3523 487 ubicunque

224 514 349 556 men
374 498 567 572 puella
590 501 780 555 Truta.

294 592 506 650 Eodem
544 601 795 665 tempore
841 593 947 651 alia
988 594 1185 653 mulier
1227 597 1504 669 quadam,
1552 596 1620 653 de
1666 596 1813 667 villa,

226 701 346 759 qua
362 686 508 743 dicta
534 694 618 743 est
645 686 1129 758 Beheimkirchen,
1157 706 1285 746 cum
1314 689 1507 747 fuisset
1527 706 1697 759 eaea,
1727 691 1804 747 in-

226 781 568 838 terveniente
590 781 647 837 S.
680 782 985 838 Altmanno
1017 782 1170 850 vidit,
1211 791 1266 840 et
1294 784 1476 855 gavisa
1505 792 1608 841 est.

291 875 479 931 Altera
521 875 658 931 item
685 874 881 931 mulier
929 875 999 933 de
1028 876 1150 933 villa
1190 878 1453 935 vocabulo
1499 876 1813 947 Indernich,

222 984 428 1025 nomen
459 967 672 1025 habens
698 969 917 1038 Heilka,
957 985 1086 1026 cum
1116 987 1317 1028 novem
1356 971 1811 1039 hebdomadibus,

218 1064 363 1120 sicut
377 1064 699 1135 juramento
718 1062 1101 1131 conﬁrmabat,
1134 1081 1247 1122 non
1275 1065 1497 1123 vidisset
1511 1065 1719 1135 lumen,
1743 1065 1813 1123 ad

220 1156 502 1213 tumulum
532 1158 588 1213 S.
632 1156 733 1213 viri
773 1158 873 1213 Dei
905 1158 1103 1215 lumini
1135 1160 1388 1215 restituta
1425 1167 1527 1215 est.

288 1250 585 1307 Heinricns
623 1249 845 1323 quidam
879 1252 1131 1320 nomine,
1163 1262 1218 1309 et
1258 1253 1373 1325 ipse
1419 1252 1554 1308 civis
1583 1251 1814 1309 forensis

215 1344 357 1402 villa
386 1359 511 1417 qua
539 1343 738 1400 dicitur
779 1345 1098 1416 Heinvelde,
1127 1346 1298 1403 homo
1343 1354 1597 1403 maturus
1636 1353 1693 1401 et
1719 1346 1812 1420 qui

214 1438 461 1495 veritatis
489 1439 558 1493 ab
583 1438 840 1495 omnibus
882 1438 1046 1495 habet
1070 1440 1473 1507 testimonium,
1503 1455 1629 1496 cum
1679 1455 1811 1495 ocu-

210 1533 327 1590 lum
368 1532 678 1589 ramusculo
707 1531 951 1605 quodam
982 1548 1303 1606 percussum
1337 1533 1814 1590 irremediabiliter

208 1628 422 1683 doleret
465 1626 688 1700 ejusque
715 1625 835 1682 visu
864 1626 1079 1699 penitus
1121 1635 1352 1697 careret,
1406 1643 1534 1684 cum
1558 1627 1627 1684 ad
1659 1642 1811 1684 sacra

209 1737 334 1777 ossa
392 1720 558 1793 hujus
614 1720 874 1777 antistitis
919 1720 1172 1791 ﬁdeliter,
1222 1730 1278 1778 et
1320 1722 1546 1794 supplex
1596 1729 1808 1787 oraret,

205 1814 371 1889 pulso
399 1813 609 1882 dolore,
638 1814 936 1870 sanitatem
973 1823 1029 1870 et
1058 1815 1236 1871 visum
1264 1816 1486 1888 recepit.

279 1907 549 1978 Quadam
589 1908 789 1964 mulier
813 1909 1142 1980 paupercula
1173 1908 1243 1965 de
1274 1908 1522 1981 partibus
1545 1908 1804 1976 Bavaria,

204 2017 336 2059 cum
386 2002 538 2077 prole
578 2017 754 2073 nuper
795 2002 975 2074 genita
1006 2010 1258 2071 venerat,
1290 2011 1345 2059 et
1370 2003 1807 2059 necessariorum

202 2112 373 2152 causa
416 2097 476 2152 in
501 2096 782 2152 servitium
822 2095 1115 2169 cujusdam
1148 2105 1417 2153 matrona
1450 2096 1507 2151 in
1536 2096 1806 2153 Chreme-

200 2190 349 2246 sensi
394 2190 609 2246 civitate
654 2206 711 2246 se
766 2191 1092 2248 contulerat.
1145 2193 1207 2246 In
1236 2190 1393 2262 cujus
1437 2190 1662 2246 servitio
1708 2205 1808 2261 per

198 2283 426 2357 aliquod
455 2292 675 2357 tempus
698 2293 933 2353 morata,
963 2284 1152 2341 dolore
1172 2285 1462 2341 oculorum
1490 2282 1803 2351 accedente,

199 2377 483 2435 defectum
510 2379 658 2435 visus
705 2393 859 2451 passa
890 2377 1011 2435 fuit.
1047 2381 1116 2435 Et
1166 2378 1273 2434 heu
1298 2378 1520 2451 quantis
1549 2376 1805 2434 acciden-

200 2473 355 2528 tibus
382 2472 585 2529 misera
631 2471 902 2544 subjacet!
961 2475 1083 2529 Jam
1119 2488 1228 2545 quo
1270 2481 1433 2545 putas
1460 2471 1651 2528 dolore
1692 2486 1808 2527 non

199 2565 573 2635 cruciabatur,
604 2582 770 2638 quam
803 2575 857 2622 et
881 2567 1100 2624 cacitas
1128 2566 1378 2638 urgebat,
1410 2574 1463 2621 et
1487 2580 1647 2637 grave
1668 2580 1809 2621 onus

198 2661 543 2732 paupertatis
568 2660 888 2732 premebat!
929 2664 1045 2717 Nec
1084 2661 1237 2733 enim
1265 2659 1507 2727 sibimet,
1537 2674 1638 2715 nec
1666 2659 1806 2730 proli

196 2770 387 2825 nuper
402 2755 621 2827 genita,
649 2770 748 2827 pro
768 2770 875 2827 qua
900 2756 1081 2827 magis
1100 2752 1519 2824 sollicitabatur,
1548 2751 1805 2824 prodesse

195 2856 444 2921 poterat.
490 2849 744 2922 Cumque
774 2864 804 2904 a
846 2848 1069 2905 servitio
1102 2847 1378 2920 pradicta
1406 2855 1673 2903 matrona
1703 2845 1806 2902 de-

193 2943 382 3000 fectus
408 2943 557 2999 visus
604 2942 754 2999 illam
796 2958 1008 2999 cessare
1055 2950 1302 3015 cogeret,
1334 2950 1389 2998 et
1432 2948 1688 2997 matrona
1734 2939 1802 2994 ab

194 3035 682 3093 administratione
748 3036 1065 3092 victuaiium
1126 3036 1375 3092 cessavit.
1434 3037 1571 3091 Hac
1638 3040 1801 3089 nocte

191 3130 466 3204 quadam,
489 3146 586 3203 pro
609 3138 762 3186 tanto
791 3146 891 3186 uo
920 3128 1141 3187 defectu
1171 3130 1226 3186 in
1251 3130 1518 3203 lacrymas
1538 3129 1799 3194 resoluta,
1830 3166 1876 3230 Ο

190 3222 378 3280 divini
422 3224 646 3280 luminis
674 3226 909 3296 gratiam
958 3240 1060 3296 per
1088 3224 1285 3281 merita
1308 3225 1372 3279 B.
1404 3222 1649 3295 prasulis
1678 3235 1798 3276 me-

188 3318 427 3375 dullitus
466 3319 820 3391 implorabat.
857 3322 948 3386 Et,
996 3319 1087 3390 qui
1118 3318 1459 3375 desiderium
1489 3332 1797 3389 pauperum

189 3411 447 3479 exaudit,
502 3419 557 3466 et
606 3410 767 3484 hujus
812 3412 1092 3467 orationes
1144 3410 1378 3479 audivit,
1426 3420 1483 3465 et
1532 3411 1799 3482 lacrymas

188 3508 353 3564 vidit.
388 3508 529 3562 Nam
551 3521 678 3562 cum
704 3521 869 3563 mane
895 3506 1218 3561 surrexisset
1246 3504 1316 3560 ad
1343 3504 1597 3559 omniiun
1624 3518 1800 3558 mem-

187 3602 429 3657 brorum
459 3599 661 3668 ofﬁcia,
689 3599 803 3656 visu
822 3608 1061 3672 regente,
1098 3598 1355 3671 expedita
1385 3597 1507 3653 fuit.
1540 3596 1647 3653 Sed
1674 3612 1796 3652 om-
1861 3659 1869 3666 ,

185 3711 287 3751 nes
350 3694 671 3767 singillatim
719 3702 944 3750 eventus
973 3708 1201 3761 eorum,
1237 3692 1329 3765 qui
1360 3691 1430 3747 ad
1476 3690 1800 3747 memoriam

188 3791 250 3846 S.
296 3787 569 3844 antistitis
610 3786 875 3843 beneﬁcia
916 3786 1146 3843 luminis
1187 3794 1536 3855 meruerunt,
1581 3792 1801 3858 propter

187 3882 492 3939 fastidium
548 3881 763 3937 lectoris
810 3880 1117 3937 describere
1160 3880 1378 3936 omitto.
1419 3883 1560 3937 Nam
1601 3888 1803 3951 prater

189 3994 286 4035 eos
319 3977 419 4049 qui
453 3975 687 4034 infausta
728 3974 1089 4047 pertulerunt,
1122 3990 1280 4030 rarus
1328 3974 1432 4031 fuit
1460 3974 1653 4031 oculos
1696 3973 1802 4031 do—

190 4073 314 4129 lens
347 4070 447 4143 qui
488 4069 797 4126 remedium
816 4084 934 4125 non
957 4074 1401 4141 consequeretur.

260 4169 406 4222 Erat
438 4164 640 4220 mulier
683 4163 942 4236 quadam
991 4162 1329 4219 damonium
1380 4159 1590 4216 habens
1636 4168 1805 4217 tanta

186 4257 639 4332 importunitatis
673 4265 725 4313 et
775 4257 915 4314 tanti
945 4255 1151 4313 furoris
1182 4264 1243 4312 ut
1270 4255 1359 4310 vix
1392 4254 1586 4326 aliquis
1626 4253 1805 4325 quiret

1926 505 2139 561 fuisset.
2171 505 2377 562 Omnia
2404 505 2555 561 enim
2586 504 2835 561 membra
2874 505 3072 578 spiritu
3100 504 3304 563 furoris
3334 508 3514 580 agita-

1926 599 2150 656 bantur.
2182 597 2468 655 Interdum
2515 598 2680 655 etiam
2708 597 2853 656 idem
2900 599 3139 669 damon,
3188 600 3315 672 quia
3343 605 3512 659 sciens

1925 694 2329 764 interpretatur,
2364 707 2634 764 organum
2676 693 2920 749 homini
2966 694 3172 750 obsessi
3211 693 3285 750 ad
3326 694 3513 766 profe-

1925 785 2157 842 rendam
2194 785 2555 842 litteraturam
2585 787 2842 853 vovebat;
2886 788 3039 859 quasi
3092 786 3284 844 eadem
3312 789 3514 844 mulier

1922 879 2246 936 litteratura
2288 879 2594 945 scientiam,
2626 889 2683 937 et
2729 879 2956 937 modum
3006 881 3228 938 urbana
3268 897 3513 953 pronun-

1923 973 2165 1029 tiationis
2201 973 2269 1029 ab
2300 972 2433 1044 ipsis
2453 969 2657 1029 'studiis
2685 982 2976 1029 consecuta
3004 973 3218 1030 fuisset.
3246 976 3317 1030 Et
3345 983 3510 1044 certe,

1923 1066 2073 1138 quod
2111 1065 2437 1139 quibusdam
2468 1065 2671 1123 mirum
2713 1065 3021 1134 videbatur,
3060 1067 3388 1140 Symbolum
3416 1084 3515 1140 per

1923 1160 2108 1216 omnia
2140 1169 2201 1217 ut
2226 1160 2361 1217 ﬁdes
2389 1160 2658 1216 catholica
2682 1159 2864 1228 habet,
2888 1161 3299 1232 pronuntiabat.
3328 1165 3517 1234 Neque

1923 1262 2107 1309 tamen
2144 1253 2199 1310 id
2234 1254 2469 1317 mirum,
2500 1269 2627 1310 cum
2655 1254 2959 1310 auctoritas
3001 1253 3341 1324 [Scriptura]
3369 1254 3518 1311 dicat

1922 1346 2203 1405 damones
2232 1347 2432 1404 habere
2462 1347 2652 1415 ﬁdem,
2702 1346 2799 1405 sed
2829 1363 2943 1403 non
2982 1362 3164 1419 opera.
3199 1348 3353 1417 Hac,
3385 1363 3514 1403 cum

1921 1442 2152 1499 solemni
2175 1442 2520 1514 processione
2545 1441 2715 1514 plebis
2743 1440 3046 1513 plebesana
3076 1438 3369 1510 parochia,
3392 1456 3517 1513 qua

1922 1536 2065 1592 Tuln
2094 1544 2340 1602 vocatur,
2370 1535 2437 1591 ad
2478 1535 2808 1591 memoriam
2837 1535 2984 1591 beati
3018 1535 3112 1590 viri
3142 1533 3310 1591 ducta
3338 1534 3517 1591 venis-

1921 1637 2022 1697 set,
2076 1630 2287 1685 meritis
2334 1629 2510 1685 sancti
2561 1629 2807 1700 prasulis
2847 1628 3159 1685 invasorem
3206 1628 3512 1701 pessimum

1920 1722 2369 1795 propellentibus,
2401 1722 2626 1779 liberata
2655 1721 2775 1778 fuit.
2808 1725 2879 1778 Et
2906 1722 3149 1779 videntes
3178 1721 3355 1779 turba
3386 1736 3513 1778 ma-

1842 1810 1887 1873 B
1920 1815 2118 1873 nifesta
2145 1819 2263 1890 ejus
2308 1815 2647 1873 liberationis
2698 1816 2873 1889 signa,
2912 1832 2977 1872 eo
3030 1815 3207 1887 magis
3248 1819 3431 1872 Deum
3456 1824 3524 1871 et

1916 1910 2185 1982 praconia
2214 1910 2396 1967 dilecti
2427 1910 2508 1966 sui
2541 1910 2823 1966 Altmanni
2870 1909 3348 1981 gloriﬁcaverunt,
3380 1909 3512 1981 quia

1914 2004 2087 2076 ipsam
2133 2004 2204 2061 ad
2251 2004 2461 2061 diversa
2509 2013 2827 2060 sanctorum
2878 2003 3083 2069 limina,
3136 2003 3255 2059 sine
3304 2001 3510 2060 effectu

1915 2099 2076 2155 ullius
2102 2098 2319 2154 virtutis
2348 2098 2706 2154 adduxerant.

1986 2192 2092 2249 Sed
2128 2192 2256 2265 quia
2285 2191 2510 2247 alternis
2533 2193 2614 2247 uti
2659 2200 2743 2247 est
2783 2189 3119 2259 delectabile,
3158 2189 3309 2246 aliud
3338 2188 3511 2246 mira-

1914 2288 2104 2343 culum
2132 2286 2453 2343 testimonio
2483 2285 2714 2341 astantis
2731 2283 2988 2341 Ecclesia
3024 2282 3342 2340 solemniter
3361 2282 3508 2340 cele-

1912 2378 2134 2437 bratum
2180 2380 2445 2453 accipias;
2497 2388 2579 2448 ut,
2615 2388 2819 2451 quanta
2857 2378 2931 2434 sit
2962 2377 3124 2450 hujus
3152 2378 3328 2435 sancti
3367 2392 3509 2450 pra-

1913 2475 2046 2530 sulis
2068 2474 2395 2531 meritorum
2420 2473 2779 2545 praerogativa
2802 2471 3016 2544 plenius
3043 2486 3335 2545 agnoscas.
3366 2472 3504 2543 Qui-

1914 2567 2043 2623 dam
2080 2567 2276 2623 debilis
2302 2581 2425 2621 eam
2443 2566 2691 2638 corporis
2713 2564 2935 2638 pertulit
2964 2565 3273 2622 molestiam
3301 2573 3362 2622 ut
3378 2572 3515 2621 atte-

1912 2669 2083 2717 nuato
2136 2660 2285 2717 vitali
2341 2660 2605 2732 sanguine
2652 2674 2917 2715 venarum
2969 2668 3250 2715 contractu
3294 2667 3511 2715 erectus

1913 2754 1993 2810 ire
2040 2753 2323 2825 nequiret;
2365 2752 2482 2818 sed,
2515 2768 2613 2822 pro
2641 2751 2826 2808 ofﬁcio
2856 2750 3088 2823 pedum,
3120 2751 3372 2807 manibus
3418 2767 3508 2808 re—

1913 2847 2141 2921 ptando,
2168 2863 2227 2903 se
2255 2846 2518 2903 traheret.
2553 2850 2609 2901 ls
2634 2846 2693 2902 in
2728 2844 3021 2916 longinquo
3052 2845 3268 2915 positus
3296 2843 3354 2899 in
3384 2844 3508 2900 villa

1910 2958 2035 3014 qua
2070 2945 2149 2997 Lo
2177 2941 2397 3008 dicitur,
2427 2956 2554 2996 cum
2588 2938 2752 3011 hujus
2779 2938 2968 3012 gratia
2991 2938 3129 2993 mira
3157 2952 3323 3010 opera
3351 2953 3507 2993 com-

1909 3035 2160 3108 perisset,
2195 3050 2291 3107 spe
2316 3033 2566 3090 sanitatis
2590 3031 2836 3089 tumbam
2884 3031 3183 3088 salutarem
3220 3030 3368 3088 beati
3404 3031 3505 3087 viri

1908 3130 2132 3186 oraculo
2153 3128 2396 3201 quodam
2425 3126 2608 3184 divino
2636 3126 2800 3198 elegit
2828 3123 3215 3198 expetendam.
3245 3124 3357 3181 Ubi
3375 3140 3506 3180 cum

1912 3225 2049 3280 votis
2072 3230 2129 3279 et
2148 3223 2403 3294 precibus
2427 3238 2527 3294 pro
2550 3220 2764 3285 defectu
2786 3220 3027 3292 corporis
3056 3227 3113 3275 et
3141 3217 3413 3287 molestia,
3442 3225 3505 3275 ut

1908 3325 2034 3390 puta
2073 3316 2377 3389 potioribus
2414 3314 2730 3371 medullitus
2764 3314 3066 3381 insisteret;
3105 3328 3258 3380 ecce,
3300 3312 3505 3369 mirum

1906 3412 2084 3477 dictu,
2124 3410 2275 3465 nervi
2316 3408 2413 3464 diu
2456 3408 2757 3471 contracti,
2796 3423 2923 3463 cum
2964 3406 3175 3479 fragore
3211 3421 3270 3462 se
3316 3421 3501 3478 cape-

1906 3514 2035 3561 runt
2059 3503 2372 3570 extendere,
2406 3511 2461 3557 et
2486 3501 2624 3557 aridi
2657 3510 2869 3556 meatus
2895 3516 3162 3556 venarum
3195 3500 3342 3555 vitali
3375 3515 3499 3554 san-

1907 3598 2072 3670 guine
2108 3595 2347 3653 infundi.
2393 3599 2609 3668 Itaque,
2655 3603 2877 3667 accepto
2910 3595 3128 3663 robore,
3171 3602 3499 3649 contractus

1908 3692 1998 3747 ille
2029 3707 2195 3763 super
2246 3690 2410 3764 pedes
2453 3690 2732 3756 constitit,
2764 3697 2818 3745 et
2864 3689 3107 3744 curatori
3136 3702 3238 3744 suo
3279 3687 3492 3759 magnis

1907 3786 2133 3843 vocibus
2160 3785 2459 3841 benedixit.
2504 3783 2695 3842 Gloria
2723 3783 2823 3839 tibi
2855 3782 3087 3851 Christe,
3120 3780 3213 3855 qui
3258 3796 3351 3852 per
3378 3795 3502 3835 me-

1909 3880 2013 3935 rita
2041 3888 2361 3936 sanctorum
2386 3886 2607 3935 tuorum
2636 3893 2809 3949 usque
2833 3876 3002 3934 modo
3031 3876 3296 3948 operaris,
3339 3882 3396 3930 et
3423 3874 3502 3930 sic

1910 3974 2075 4031 elisos
2116 3973 2281 4046 erigis
2312 3980 2371 4028 ut
2398 3988 2590 4028 eorum
2637 3972 2732 4043 qui
2761 3971 2856 4028 tibi
2885 3972 3206 4043 placuerunt
3245 3967 3501 4026 mortali-

1911 4068 2013 4124 bus
2042 4067 2346 4123 claritatem
2387 4066 2718 4122 innotescas.

2022 4212 2169 4266 Finis
2199 4211 2336 4264 Vita:
2358 4212 2412 4265 S.
2445 4210 2736 4265 Altmanni
2754 4208 2989 4279 episcopi
3009 4207 3357 4261 Pataviensis.

967 4620 1352 4755 VITA
1454 4616 1913 4748 BEATI
2012 4616 2743 4747 TIEMONIS

1241 4837 1793 4894 ARCHIEPISCOPI
1832 4834 2467 4893 SALISBURGENSIS.

198 4982 329 5054 Qui
366 4973 847 5039 aschismaticis
873 4974 987 5035 sub
1044 4972 1345 5053 Gregorio
1378 4972 1484 5034 VII
1524 4978 1585 5034 et
1636 4970 1882 5054 Urbano
1917 4972 1974 5033 ΙΙ
2010 4967 2746 5054 romanispontiﬁcibus
2798 4968 3072 5051 plurima
3119 4985 3484 5049 perpessus,

1140 5050 1203 5116 et
1232 5054 1485 5116 tandem
1535 5052 1817 5133 martyrii
1844 5070 2076 5114 corona
2101 5050 2426 5112 redimitus
2458 5056 2575 5113 est.

978 5205 1156 5268 Nunc
1186 5223 1264 5267 ea:
1291 5209 1551 5288 antiquis
1568 5205 1923 5269 membranis
1950 5208 2017 5264 in
2034 5203 2337 5283 publicum
2359 5202 2735 5283 deprompta.

1704 5376 2011 5399 -ισ--ιιο

1633 5530 2077 5609 LECTORI.

270 5711 469 5767 Vitam
498 5709 778 5767 Tiemonis
802 5707 1070 5781 evulgavit
1092 5714 1247 5763 tomo
1278 5713 1476 5778 quarto
1514 5704 1756 5781 antiqua
1790 5703 2069 5781 Lectionis
2104 5705 2171 5758 D.
2207 5705 2526 5781 Hsuarcus
2567 5702 2878 5781 Onustus.
2908 5700 3113 5781 Verum
3139 5701 3268 5781 quia
3301 5699 3358 5781 i_n
3386 5696 3496 5779 alio

183 5783 449 5858 quodam
490 5770 1131 5858 membranaceofeoque
1160 5770 1488 5858 pervetus“;
1516 5770 1723 5858 codice,
1754 5775 1914 5858 paulo
1957 5775 2113 5830 aliter
2156 5775 2528 5858 conscriptam
2562 5771 2897 5858 reperimus,
2933 5770 3207 5858 eam‘h‘uic
3234 5770 3496 5850 volumin

184 5845 453 5913 i'nserere
481 5869 662 5926 opera
689 5845 933 5925 pretium
950 5845 1236 5917 duiimus;
1289 5862 1419 5905 nam
1446 5845 1795 5914 Gebhardus,
1827 5847 2153 5903 Altmannus
2202 5854 2258 5903 et
2296 5845 2494 5902 Tiémo
2521 5845 2981 5912 conjunctissimi,
3028 5847 3083 5896 et
3112 5846 3226 5894 tam
3283 5845 3340 5893 in
3372 5854 3498 5909 pro-
