4048 6174
533 285 635 339 895

1544 276 1635 330 AD
1670 273 1894 330 OPERA
1934 272 1990 328 S.
2030 269 2348 327 GREGORII
2382 267 2816 324 APPENDICES.

3722 271 3820 323 896

533 408 904 480 sperisquam
935 404 990 459 in
1027 402 1266 480 adversis
1292 399 1573 480 individui
1595 399 1860 461 comites,
1880 405 1950 480 .et
1989 395 2313 480 pontificum
2348 392 2740 480 Romanorum
2776 392 3035 480 adversus
3064 392 3540 480 schismaticprum
3568 390 3826 480 factiones

538 463 725 535 invicti
752 463 1199 548 propugnatores
1226 470 1672 548 fuere._Eosdem
1699 484 1832 548 ergo
1871 463 2079 548 jungat
2107 469 2294 523 charta
2314 508 2329 533 ,
2368 481 2505 548 quos
2532 465 2667 548 olim
2693 464 2998 548 arctissime
3041 466 3311 548 copulavit
3345 463 3579 548 charitas
3610 472 3666 545 et
3694 479 3829 545 con:

537 549 720 605 cordia
762 535 972 601 sancta:
1007 546 1087 599 De
1110 545 1369 600 Tiemone
1411 541 1746 597 Bertholdus
1763 535 1842 594 'in
1871 535 2150 596 Chronico
2180 554 2327 593 anno
2364 535 2493 591 17091
2538 555 2551 591 :
2586 560 2609 583 ιι
2644 538 2705 590 In
2738 536 3048 606 Bojoariam
3098 536 3246 591 venit
3275 535 3689 601 Salzburgensis
3730 535 3829 605 epi-

542 633 738 688 scopus
763 618 962 688 Dimo,
986 615 1081 687 qui
1106 615 1410 688 Pataviensi
1436 614 1692 688 Ecclesia
1716 612 1835 683 jam
1862 611 2076 666 dudum
2106 610 2366 688 viduata,
2396 607 2675 688 ordinavit
2707 607 3021 688 episcopum
3048 608 3281 688 nomine
3303 606 3643 688 Udalricum,
3673 629 3701 687 ξι
3733 616 3827 688 etc.

609 676 794 745 Nodos
820 676 1061 755 quodam
1099 687 1243 741 circa
1284 687 1428 741 hanc
1477 676 1766 740 historiam
1796 690 2165 747 occurrentes,
2210 682 2362 755 illum
2392 680 2700 755 praser‘tim
2723 676 2792 733 de
2831 676 3083 755 idoliset
3120 678 3416 755 idololatris
3457 676 3711 733 dissolvit
3762 680 3825 731 D.

540 758 809 817 Henricus
834 750 1083 815 Canisius
1115 758 1173 813 in
1212 756 1561 830 praambulis
1598 755 1670 811 ad
1699 755 1880 811 Vitam
1916 763 1965 809 et
1998 753 2325 825 martyrium
2356 750 2636 808 'l‘iemonis
2663 758 2798 807 tom.
2836 754 2858 806 Ι
2891 751 3082 822 Antiq.
3126 753 3279 806 Lect.

540 906 3833 938 w—

978 1052 1429 1143 lNClPIT
1501 1048 1915 1141 PASSIO
1985 1048 2071 1138 S.
2142 1047 2715 1138 TIEMONIS
2794 1045 3383 1137 EPISCOPI.

614 1367 894 1439 Insignem
943 1365 1146 1438 egregii
1195 1365 1464 1438 pontiﬁcis
1492 1380 1555 1420 ac
1600 1364 1853 1436 praclari
1883 1362 2139 1436 martyris
2168 1369 2217 1430 Α
2248 1364 2351 1426 ba,
2399 1363 2467 1419 ad
2528 1364 2901 1436 arguendum,
2950 1362 3389 1429 obsecrandum,
3442 1360 3838 1432 increpandam

538 1461 813 1517 Tiemonis
852 1460 1221 1531 triumphum,
1272 1460 1392 1531 ejus
1441 1458 1651 1515 meritis
1684 1456 2134 1528 suffragantibus,

546 1554 853 1611 litterarum
878 1554 1167 1609 memoria
1187 1551 1478 1616 tradimus,
1512 1560 1573 1607 ut
1600 1552 2007 1621 incompertum
2034 1566 2136 1606 an-

544 1658 632 1705 tea
669 1649 933 1720 passionis
962 1648 1191 1704 modum
1232 1648 1445 1703 noverit
1495 1647 1680 1703 omnis
1724 1648 1999 1701 successio
2029 1648 2136 1703 Ca-

542 1742 902 1807 tholicorum;
934 1738 1176 1813 sciatque
1201 1742 1527 1813 singularem
1560 1741 1728 1813 hujus
1753 1739 1974 1796 athleta
2000 1755 2136 1811 pra-

544 1835 687 1907 cipui
716 1836 1030 1903 victoriam,
1062 1835 1109 1889 si
1148 1832 1421 1905 condigne
1444 1834 1737 1900 recolatur,
1783 1832 1930 1903 apud
1961 1836 2140 1887 Deum

546 1930 855 1986 uberiorem
883 1936 1141 2000 prastare
1161 1944 1319 1999 posse
1344 1927 1595 1999 gratiam.
1620 1931 1831 1982 Revera
1856 1942 2139 1998 magnum,

545 2024 1001 2096 perspicuumque
1030 2024 1217 2076 lumen
1248 2023 1307 2076 in
1338 2021 1652 2077 novissimis
1682 2020 1875 2075 diebus
1894 2020 2144 2075 accendit

492 2102 499 2115 ’
548 2119 605 2173 ἱιι
639 2117 731 2172 illo
774 2115 1153 2171 misericordia
1205 2115 1431 2169 Domini
1483 2114 1799 2185 periculosa
1829 2122 2145 2183 temporum

547 2214 628 2277 (ΙΙ
653 2214 786 2266 Tim.
821 2216 915 2275 ιιι)
965 2208 1182 2281 caligini
1218 2226 1231 2263 :
1276 2207 1345 2263 de
1395 2224 1526 2279 quo,
1559 2216 1823 2279 tauquam
1855 2223 1920 2263 ex
1948 2210 2064 2261 viva
2094 2216 2148 2262 et

554 2302 827 2377 perlucida
868 2303 951 2358 sui
995 2302 1255 2374 imagine,
1282 2301 1375 2356 lux
1416 2316 1541 2357 vera
1580 2301 1782 2357 clarius
1824 2308 1985 2373 queat
2032 2302 2147 2355 eni-

552 2406 775 2453 tescere.
823 2398 905 2452 Ne
951 2411 1083 2467 ergo
1114 2395 1249 2449 tanti
1281 2394 1503 2450 lucerna
1547 2394 1775 2466 fulgoris
1827 2395 1929 2449 sub
1960 2393 2147 2449 modio

552 2495 701 2557 (Luc.
732 2494 819 2557 xr)
846 2497 1063 2562 tegatur
1092 2488 1402 2555 oblivionis,
1428 2487 1662 2543 cudatur
1690 2489 1759 2555 ei,
1793 2486 1917 2543 licet
1950 2487 2067 2542 vilis
2092 2496 2147 2542 et

553 2585 688 2642 anei
714 2582 1102 2639 candelabrum
1133 2581 1366 2653 eloquii;
1411 2589 1704 2652 quatenus,
1753 2582 1809 2635 in
1842 2580 2009 2636 domo
2035 2582 2146 2635 Do-

551 2678 689 2733 mini
732 2677 905 2732 valeat
934 2674 1145 2747 publice
1186 2673 1412 2729 visenda
1439 2675 1691 2747 proponi.
1723 2675 1997 2729 Cernatur
2025 2674 2142 2745 ejus

2246 1472 2373 1511 cum
2412 1457 2670 1528 patientia
2716 1466 2769 1513 et
2803 1456 3052 1514 doctrina
3082 1459 3158 1525 (Il
3204 1459 3337 1512 Tim.
3393 1460 3501 1523 tv),
3549 1462 3697 1510 esset
3725 1453 3836 1509 ido-

2246 1566 2399 1606 neus.
2436 1551 2544 1620 Qui
2583 1550 2814 1606 audiens
2839 1552 3158 1623 episcopum
3190 1549 3324 1606 inibi
3365 1548 3711 1615 ordinatum,
3739 1548 3841 1603 sci-

2250 1644 2376 1699 licet
2419 1644 2787 1701 venerabilem
2818 1646 2996 1701 virum
3038 1653 3241 1701 sancta
3286 1642 3692 1699 recordationis
3734 1642 3839 1697 Ge-

2250 1737 2539 1807 bhardum,
2560 1755 2673 1795 sua
2700 1740 3089 1795 imbecillitatis
3111 1737 3358 1809 pandens
3383 1737 3638 1800 modum,
3668 1745 3731 1790 ut
3759 1735 3841 1790 ab

2251 1832 2556 1887 solveretur
2581 1832 2649 1887 ab
2678 1831 2994 1903 hujusmodi
3028 1832 3290 1902 pondere,
3320 1831 3490 1901 coepit
3518 1828 3725 1885 obnixe
3751 1830 3842 1884 ob~

2255 1925 2539 1997 nixiusque
2585 1926 2887 1997 deprecari.
2921 1925 3083 1996 Quod
3126 1934 3180 1981 et
3229 1924 3550 1997 promeruit.
3602 1925 3745 1979 Nam
3785 1934 3843 1978 ut

2256 2027 2341 2075 est
2382 2020 2644 2075 canonice
2694 2036 2758 2075 ac
2803 2019 3232 2075 misericorditer
3279 2018 3587 2082 absolutus,
3634 2018 3689 2072 in
3732 2018 3844 2089 ejus

2257 2113 2437 2167 locum
2469 2114 2673 2169 electus
2701 2122 2784 2168 est
2809 2113 3132 2169 venerabilis
3153 2113 3346 2169 Tiemo
3361 2112 3475 2184 jam
3504 2111 3636 2167 dicti
3661 2126 3845 2166 mona-

2257 2208 2408 2263 sterii
2441 2207 2717 2273 alumnus,
2750 2208 2998 2263 moribus
3042 2206 3231 2274 durus,
3272 2207 3379 2261 vita
3418 2213 3692 2269 austeros,
3737 2220 3846 2260 om-

2258 2301 2311 2355 ni
2340 2308 2526 2355 tamen
2556 2301 2865 2357 monastica
2902 2300 3193 2371 disciplina
3244 2301 3566 2355 instructus.
3601 2298 3704 2369 Qui
3739 2306 3843 2353 sta-

2256 2395 2358 2450 tim
2388 2394 2551 2467 digna
2582 2394 2972 2451 emendatione
2997 2394 3307 2467 corrigebat
3338 2409 3463 2449 cum
3493 2394 3645 2447 omni
3676 2392 3848 2464 impe«

2256 2489 2362 2556 rio,
2385 2488 2771 2560 delinquentes
2792 2489 3079 2560 arguebat,
3106 2490 3271 2543 mites
3290 2502 3421 2542 vero
3438 2495 3491 2541 et
3508 2484 3845 2550 obedientes,

2254 2591 2314 2638 ut
2355 2584 2411 2637 in
2454 2584 2649 2638 melius
2681 2584 3035 2653 proﬁcerent,
3077 2580 3421 2637 obsecrando
3453 2581 3534 2650 pie
3578 2578 3847 2634 admone-

2253 2678 2367 2745 bat,
2404 2677 2619 2732 vineam
2645 2677 2871 2731 Domini
2902 2675 3030 2730 inibi
3054 2675 3323 2731 ditissima
3356 2672 3629 2729 fertilitate
3659 2673 3838 2728 satio-

553 2772 607 2827 in
653 2769 860 2827 lumine
894 2768 1158 2836 formosa,
1202 2769 1415 2823 tametsi
1459 2768 1615 2839 nigra
1656 2770 1831 2835 (Cant.
1878 2770 1943 2835 ι),
1974 2766 2143 2823 facies
2178 2746 2226 2807 Β
2254 2774 2338 2830 nis
2361 2771 2693 2842 evangelica
2724 2769 2942 2825 affatim
2962 2770 3208 2825 excolere
3226 2785 3340 2823 non
3364 2766 3633 2824 cessabat.

557 2866 840 2930 Ecclesia;
869 2864 961 2935 qui
991 2863 1237 2918 ambulat
1264 2864 1317 2918 in
1344 2862 1527 2918 medio
1553 2871 1765 2934 septem
1799 2862 2149 2918 candelabro-

554 2975 678 3016 rum
727 2973 1052 3024 aureorum,
1101 2956 1300 3029 podere
1354 2958 1614 3023 vestitus,
1672 2957 1818 3012 circa
1870 2956 2146 3011 mamillas

556 3068 693 3109 zona
722 3067 887 3108 aurea
929 3050 1253 3123 pracinctus
1300 3049 1550 3105 videatur
1600 3052 1898 3120 (Apoc.1):
1952 3058 2143 3121 atque,

556 3148 697 3202 sicut
748 3155 831 3201 est
875 3145 1174 3216 pollicitus,
1207 3160 1336 3207 cum
1381 3143 1492 3199 suis
1520 3142 1793 3209 Christus,
1848 3158 2149 3213 eorumque

555 3239 879 3305 rectoribus,
920 3238 1232 3293 innocentia
1278 3235 1560 3304 candidis,
1600 3236 1867 3308 sapientia
1915 3235 2150 3307 splendi-

557 3334 663 3399 dis,
696 3348 867 3405 usque
897 3333 955 3387 in
994 3332 1163 3386 ﬁnem
1185 3330 1369 3386 saculi
1395 3346 1619 3387 manere
1645 3330 1935 3386 sentiatur.

630 3426 953 3498 Complevit,
1001 3434 1055 3481 et
1090 3426 1146 3481 in
1184 3434 1451 3482 aternum
1484 3425 1755 3496 complere
1794 3440 1905 3479 non
1953 3424 2153 3479 desinit

562 3522 690 3577 huic
728 3522 922 3575 beatus
952 3519 1293 3590 Redemptor
1320 3527 1509 3574 noster
1529 3518 1793 3589 jucunda
1819 3517 1959 3572 illius
1988 3533 2150 3589 spon-

560 3615 732 3670 sionis
758 3614 997 3682 elogium
1030 3632 1045 3667 :
1074 3613 1180 3678 Qui
1204 3616 1414 3679 vicerit,
1439 3616 1643 3679 faciam
1670 3614 1825 3665 illum
1856 3612 2154 3666 columnam

562 3710 619 3761 in
648 3708 839 3773 templo
868 3720 980 3758 meo
1014 3706 1201 3774 (Apoc.
1234 3711 1341 3768 ιιι).
1375 3705 1517 3758 Vicit
1549 3706 1695 3759 enim
1726 3704 1993 3775 serpentis
2019 3704 2157 3759 anti-

563 3798 657 3871 qui
687 3798 1059 3869 suggestiones
1088 3798 1142 3851 in
1167 3812 1225 3851 se
1251 3797 1369 3868 ipso
1415 3815 1428 3851 :
1464 3807 1518 3852 et
1542 3797 1665 3852 ideo
1706 3796 1862 3852 fortis
1898 3798 2155 3853 columna

564 3890 796 3947 effectus
819 3898 902 3945 est
920 3890 974 3944 in
1004 3889 1341 3960 periclitante
1362 3890 1465 3944 Dei
1498 3890 1697 3945 domus
1721 3890 1975 3946 adiﬁcio.
2007 3891 2153 3945 Vicit

564 3992 822 4049 terrores,
851 3991 906 4037 et
935 3990 1347 4053 persecutorum
1388 3981 1647 4053 impetus,
1680 3997 1741 4036 ac
1785 3981 2009 4053 proinde
2035 3998 2153 4053 spe-

562 4077 833 4134 ctaculum
871 4076 1115 4131 condidit
1152 4074 1410 4131 omnibus
1436 4074 1746 4147 exemplum
1787 4076 2153 4147 magnanimi-

2329 2870 2407 2922 Ea
2434 2866 2604 2937 igitur
2629 2872 2976 2936 tempestate,
3000 2864 3168 2934 capit
3194 2862 3557 2934 undecunque
3578 2861 3736 2917 navis
3764 2864 3845 2915 Ec-

2256 2962 2435 3017 clesia
2459 2958 2655 3016 mediis
2676 2959 3119 3030 persecutionum
3148 2956 3402 3012 ﬂuctibus
3421 2953 3742 3027 aliquandiu
3772 2954 3845 3010 fa-

2257 3056 2441 3126 tigari.
2490 3058 2572 3109 Ac
2601 3052 2969 3119 ﬁdelissimus,
3002 3061 3309 3123 prapotens
3337 3050 3607 3106 archiater
3654 3049 3846 3105 Domi-

2260 3149 2368 3203 nici
2398 3149 2576 3219 gregis
2608 3147 2853 3217 provisor
2883 3144 3241 3201 Gebebardus
3271 3161 3301 3199 a
3329 3143 3640 3200 fautoribus
3687 3142 3846 3199 Hein-

2260 3242 2359 3297 rici
2382 3241 2499 3312 jam
2538 3256 2647 3295 non
2696 3240 2866 3295 semel
2921 3239 2989 3295 ab
3019 3238 3318 3310 apostolico
3358 3237 3844 3297 excommunicati,

2261 3335 2552 3405 expellitur
2605 3335 2772 3403 (468),
2820 3332 3064 3403 aliusque
3094 3348 3218 3387 vere
3263 3332 3503 3387 Simonis
3551 3330 3850 3400 discipulus

2262 3445 2388 3500 rege
2421 3428 2541 3499 jam
2577 3427 2727 3483 dicto
2774 3427 3186 3488 intromittitur,
3231 3426 3534 3493 ordinatur,
3566 3440 3848 3479 consecra-

2262 3531 2373 3588 tur,
2420 3522 2536 3578 imo
2580 3529 2912 3587 exsecratur,
2956 3529 3009 3575 et
3053 3520 3383 3592 quantocius
3429 3517 3851 3573 inthronizatur.

2261 3619 2413 3673 Tunc
2464 3614 2788 3671 venerabilis
2835 3614 3004 3669 abbas
3046 3613 3237 3669 Tiemo
3289 3627 3495 3667 novum
3541 3612 3851 3667 invasorem

2263 3717 2427 3779 atque
2472 3709 2786 3764 hareticum
2840 3706 3087 3779 fugiens,
3142 3721 3272 3761 vere
3316 3705 3451 3761 illud
3490 3705 3853 3777 apostolicum

2263 3802 2416 3872 sequi
2447 3802 2671 3873 cupiens
2707 3820 2720 3857 :
2750 3804 3069 3858 Haereticum
3099 3803 3360 3856 hominem
3395 3806 3518 3872 post
3534 3804 3779 3870 primam
3806 3806 3853 3853 et

2264 3896 2551 3951 secundam
2594 3899 2972 3965 correptionem
3019 3896 3230 3959 devita;
3273 3898 3423 3965 quia,
3469 3897 3569 3965 qui
3593 3894 3855 3963 ejusmodi

2266 3994 2362 4053 est,
2414 3991 2688 4045 subversas
2726 3994 2821 4055 est,
2855 3994 2905 4044 et
2954 3992 3179 4058 proprio
3213 3988 3421 4058 judicio
3449 3988 3853 4051 condemnatus;

2266 4081 2399 4136 adiit
2449 4082 2748 4153 spiritualia
2809 4082 3091 4154 gymnasia
3131 4080 3532 4136 monachorum
3581 4076 3855 4133 Schafhu-

566 4171 691 4226 tatis
715 4179 769 4227 et
797 4170 1214 4252 perseverantia
1239 4171 1427 4226 decus.
1462 4169 1749 4224 Ferculum
1788 4169 1898 4225 veri
1942 4169 2155 4239 paciﬁci
2193 4143 2239 4207 Ο
2268 4176 2505 4231 sensium
2559 4191 2620 4229 ac
2675 4175 3157 4245 Hirsaugiensium
3216 4194 3228 4229 ε
3281 4190 3517 4246 quorum
3559 4180 3859 4243 utrumque

568 4274 831 4336 tanquam
864 4272 1119 4335 argentea
1150 4265 1404 4319 columna
1450 4262 1690 4319 suffulsit
1720 4264 1964 4318 veritatis
1994 4280 2152 4319 sono-

567 4376 625 4414 ra
657 4358 1026 4425 confessione,
1058 4365 1113 4413 et
1141 4357 1461 4413 constantia
1493 4358 1686 4413 robore
1732 4358 2028 4425 immobili,
2071 4374 2157 4413 re-

566 4452 916 4509 clinatorium
968 4468 1195 4507 aureum
1246 4452 1300 4507 in
1360 4467 1417 4506 se
1464 4450 1697 4506 fidenter
1752 4452 1998 4506 innitenti
2056 4454 2157 4509 fuit

569 4547 845 4603 Ecclesia.
878 4547 978 4602 Cui
1003 4562 1336 4618 purpureum
1369 4545 1571 4600 deinde
1602 4544 1835 4617 prabuit
1855 4561 2156 4616 ascensum,

568 4642 786 4712 proprio
812 4641 1072 4712 sanguine
1102 4640 1440 4696 rubricatam
1479 4646 1728 4695 sternens
1772 4641 1919 4696 viam
1949 4639 2017 4695 ad
2054 4656 2162 4695 ca-

570 4734 706 4789 lum.
750 4734 1071 4788 Memoriam
1116 4732 1353 4804 possedit
1381 4742 1645 4788 aternam
1682 4732 1733 4787 in
1763 4733 2160 4806 compositione

572 4826 760 4882 odoris
810 4827 1009 4896 optimi
1058 4826 1263 4882 factam
1317 4826 1552 4883 caelestis
1602 4842 1768 4898 opere
1809 4828 2160 4899 pigmentarii

575 4921 755 4993 (Ecch'.
791 4926 972 4989 χιιι).
1017 4923 1161 4976 Nam
1189 4921 1512 4993 gubernavit
1546 4936 1640 4977 cor
1665 4938 1831 4977 suum
1863 4922 1931 4977 ad
1957 4925 2158 4990 Deum,

573 5021 625 5070 et
662 5015 714 5071 in
744 5014 932 5070 diebus
963 5022 1312 5084 peccatorum
1335 5014 1713 5070 corroboravit
1734 5016 2015 5086 pietatem.

646 5111 750 5165 Hic
778 5109 961 5179 itaque
992 5108 1254 5163 electione
1284 5109 1381 5162 Dei
1412 5108 1791 5177 dignissimus,
1819 5109 1929 5163 alto
1967 5125 2163 5180 genere

573 5202 932 5257 Bavariorum
961 5200 1164 5255 exstitit
1192 5200 1478 5256 oriundus.
1511 5202 1615 5269 Qui
1643 5218 1671 5255 a
1711 5202 1971 5272 primava
2001 5213 2163 5259 atate

574 5296 627 5351 in
652 5294 1007 5361 monasterio,
1044 5292 1191 5364 quod
1234 5292 1437 5349 dicitur
1466 5294 1663 5349 Altaha
1684 5296 2006 5351 monastica
2039 5298 2163 5353 vita

572 5387 807 5461 diligens
834 5387 1252 5459 iucunditatem,
1294 5387 1478 5459 ibique
1519 5387 1711 5443 diatim
1741 5390 1963 5455 (dietim)
1996 5391 2162 5461 proﬁ-

574 5484 725 5539 ciens
759 5482 1007 5538 ascendit
1044 5482 1113 5537 de
1144 5481 1346 5537 virtute
1377 5482 1435 5537 in
1463 5483 1743 5538 virtutem.
1776 5486 1839 5538 In
1870 5486 2159 5541 Juvavensi

2268 4278 2401 4325 tunc
2442 4270 2707 4339 temporis
2748 4268 3004 4339 perfectis
3050 4268 3289 4340 pollebat
3335 4266 3653 4333 canobitis,
3700 4266 3859 4338 quasi

2271 4372 2491 4435 pratum
2536 4360 2898 4427 odoriferum,
2931 4361 3154 4433 plenum
3197 4362 3440 4434 undique
3488 4361 3685 4416 areolis
3732 4374 3863 4414 aro-

2272 4465 2485 4511 matum
2521 4475 2531 4509 :
2568 4473 2630 4511 ac
2660 4457 2841 4511 cuncti
2888 4456 3237 4513 advenientes
3280 4455 3638 4511 tbeoreticam
3690 4455 3864 4509 vitam

2272 4549 2559 4619 diligentes
2599 4551 2795 4621 jugum
2854 4550 3078 4605 Domini
3108 4565 3291 4617 suave,
3343 4558 3398 4605 et
3426 4564 3567 4605 onus
3596 4548 3720 4620 ejus
3748 4548 3867 4603 leve

2272 4647 2412 4709 (Luc.
2453 4649 2541 4709 x1)
2580 4653 2802 4715 portare
2842 4647 3146 4715 cupientes,
3186 4652 3421 4716 utroque
3479 4642 3600 4698 loco
3634 4644 3867 4698 invene-

2271 4748 2396 4792 runt
2426 4739 2845 4809 inexpugnabile
2875 4739 3109 4810 asylum.

2342 4835 2498 4887 Tunc
2552 4832 2878 4904 evangelicis
2931 4832 3276 4887 documentis
3326 4831 3626 4885 instructus
3678 4830 3870 4884 omnia

2271 4926 2598 4997 relinquens,
2635 4928 2692 4981 in
2738 4927 3115 4997 Hirsaugiensi
3155 4926 3395 4981 claustro
3430 4924 3708 4997 optimam
3739 4938 3871 4994 par-

2270 5029 2382 5077 tem
2420 5022 2643 5093 eligens,
2689 5020 2757 5076 ad
2808 5020 2975 5092 pedes
3016 5020 3241 5075 Domini
3291 5036 3419 5075 cum
3460 5019 3631 5073 Maria
3676 5016 3879 5073 sedens

2273 5115 2503 5168 verbum
2535 5115 2679 5168 illius
2702 5113 2927 5169 audiens
2958 5118 3108 5179 (Luc.
3142 5115 3230 5185 χ),
3262 5111 3629 5182 adamplexus
3660 5111 3878 5166 Rachel

2271 5207 2601 5277 quandoque
2624 5207 2903 5277 pervenire
2928 5207 3155 5278 cupiens
3180 5209 3329 5277 (Gen.
3358 5206 3563 5275 χιιι),
3585 5220 3724 5261 cum
3742 5205 3878 5271 illis,

2271 5300 2470 5371 quibus
2499 5308 2617 5355 erat
2639 5317 2734 5355 cor
2763 5317 2958 5369 unum,
2991 5310 3045 5355 et
3075 5302 3257 5356 anima
3294 5315 3398 5354 una
3432 5302 3580 5365 (Act.
3609 5302 3753 5367 In);
3785 5301 3881 5371 qui

2272 5394 2407 5448 nihil
2453 5394 2745 5459 habebant,
2792 5402 2847 5449 et
2874 5394 3055 5450 omnia
3086 5394 3464 5467 possidebant,
3503 5407 3883 5449 communem

2273 5487 2439 5542 vitam
2483 5488 2691 5559 aliquot
2717 5504 2893 5544 annos
2936 5489 3202 5560 transegit
3246 5506 3259 5541 :
3304 5488 3490 5559 sicque
3530 5484 3770 5541 demum
3827 5486 3885 5541 in

574 5592 703 5647 ergo
724 5576 1035 5648 episcopatu
1062 5575 1352 5648 cujusdam
1373 5578 1695 5633 monasterii
1729 5580 1887 5633 Pater
1914 5579 2050 5635 adeo
2073 5581 2159 5634 in-
2192 5549 2242 5611 Ι)
2273 5578 2538 5650 spirituali
2573 5549 2873 5653 ldisciplina
2922 5549 3203 5649 adauctus,
3252 5549 3551 5637 honorifice
3608 5581 3890 5653 repatria—

576 5670 784 5727 validus
823 5670 1052 5739 exstitit,
1085 5678 1147 5725 ut
1187 5686 1541 5743 nequaquam
1562 5672 1717 5742 juxta
1762 5674 2008 5743 Apostoli
2050 5690 2164 5730 ver-

2272 5674 2368 5730 vit.
2427 5677 2598 5745 Quem
2643 5676 2857 5732 invasor
2926 5677 3185 5733 Ecclesia
3242 5676 3569 5733 Juvavensis
3633 5675 3894 5745 suscepit

648 5828 792 5892 (468)
814 5822 1126 5881 Bertoldus.
1157 5822 1294 5879 Vide
1322 5824 1674 5894 metropolim
1704 5824 1906 5880 Hundii
1936 5826 1992 5881 in
2018 5827 2271 5899 catalogo
2306 5828 2476 5899 episc.
2507 5827 2802 5899 Salisburg.
2838 5829 2923 5883 tit.
2960 5835 3011 5883 3.
