4048 6174
214 308 309 361 807

1105 310 1392 365 ΑΡΡΕΝΙ).
1434 310 1521 365 Ill.
1561 339 1632 351 —-
1667 311 2085 369 MONUMENTA
2120 314 2582 372 GREGORIANA.

3395 324 3497 377 898

212 430 613 503 benignissime,
652 445 880 502 sperans
929 446 1062 488 eum
1108 433 1384 490 abbatiam
1437 450 1599 491 suam
1662 436 1797 493 velle
1824 446 1878 510 Α
1906 438 2092 495 medio
2135 456 2299 496 amne
2342 457 2472 498 cum
2502 440 2788 498 Pharaone
2813 441 3117 515 immergit;
3159 444 3363 516 talique
3391 447 3496 502 Dei

212 524 462 596 recipere,
505 540 776 591 ac,suum
823 541 1069 582 errorem
1116 527 1171 582 in
1210 529 1469 585 omnibus
1514 528 1792 601 adjuvare.

209 618 313 675 Sed
341 619 421 674 vir
456 619 559 675 Dei
597 635 710 674 non
744 620 1038 676 immemor
1074 621 1281 677 consilii
1337 623 1483 679 Petri
1528 624 1793 693 apostoli:

210 714 397 769 Melius
446 728 562 769 esse
584 718 728 769 viam
745 718 991 785 veritatis
1029 732 1133 771 non
1151 733 1476 786 cognoscere,
1503 734 1663 787 quam
1678 724 1800 789 post

211 810 539 876 agnitionem
562 814 866 864 retrorsum
902 813 1139 865 converti
1173 814 1251 876 (II
1300 813 1448 865 Petr.
1480 812 1580 881 II);
1619 812 1802 868 sciens

211 901 375 957 etiam
409 918 538 957 cum
587 901 905 974 hujusmodi
950 919 1052 959 nec
1100 904 1283 960 cibum
1330 919 1569 970 sumere,
1622 905 1803 961 noluit

204 994 401 1067 jugum
450 995 652 1051 ducere
683 1012 811 1052 cum
841 997 1137 1063 haereticis;
1178 998 1274 1054 sed
1315 999 1510 1053 maluit
1555 998 1802 1070 abjectus

209 1104 329 1144 esse
350 1089 404 1144 in
444 1088 614 1145 domo
645 1091 891 1159 Domini,
923 1107 1089 1163 quam
1116 1092 1359 1147 habitare
1386 1093 1443 1147 in
1479 1092 1802 1148 tabernacu-

209 1182 275 1238 lis
304 1191 653 1255 peccatorum
684 1183 842 1254 (Psal.
879 1192 1179 1254 LXXXIII);
1200 1194 1255 1241 et
1282 1186 1507 1242 secessit
1534 1186 1602 1242 ad
1616 1202 1803 1242 servos

212 1276 330 1343 Dei,
355 1293 619 1349 pauperes
646 1278 874 1345 Christi,
896 1279 1126 1335 vicinam
1152 1280 1205 1335 in
1226 1296 1498 1336 eremum.
1549 1280 1662 1337 Ubi
1687 1296 1807 1336 sus-

208 1380 395 1441 ceptus
446 1379 531 1427 est
570 1371 700 1427 inibi
750 1388 780 1427 a
820 1371 1070 1428 fratribus
1118 1372 1450 1446 degentibus
1481 1390 1609 1430 cum
1655 1374 1804 1428 omni

208 1463 490 1520 charitate.
537 1470 606 1522 Et
635 1482 763 1522 cum
806 1469 1025 1523 Joanne
1064 1468 1312 1537 apostolo
1358 1475 1646 1538 coeperunt
1686 1468 1802 1522 sin-

207 1558 317 1629 guli
354 1560 471 1615 biec
498 1559 658 1615 verba
677 1560 859 1615 dicere
891 1578 903 1615 :
941 1562 1048 1615 Nos
1073 1562 1320 1617 debemus
1346 1563 1656 1631 huiusmodi
1679 1576 1804 1616 sus-

209 1652 386 1718 cipere
415 1648 589 1718 (Joan.
645 1656 768 1719 III),
820 1662 882 1708 ut
931 1662 1315 1723 coeperatores
1358 1652 1530 1709 simus
1578 1649 1806 1708 Domini

208 1743 381 1799 nostri
409 1745 539 1799 Jesu
568 1744 790 1800 Christi.
817 1748 940 1816 Ipse
968 1762 1095 1802 vero
1128 1747 1428 1817 saepissime
1462 1746 1631 1818 coepit
1652 1744 1806 1801 Chri-

1896 532 2103 603 judicio
2131 534 2351 591 illorum
2377 535 2578 592 electio
2598 536 2765 592 ﬁnem
2794 538 3038 593 sortitur.
3062 538 3223 606 Quod
3248 540 3498 595 videntes

1904 626 2165 692 universi,
2213 629 2473 685 concitati
2518 639 2651 686 sunt
2696 631 2753 685 in
2802 630 3023 688 laudem
3081 632 3197 687 veri
3258 635 3501 704 pastoris

1904 719 2126 785 Christi,
2168 721 2400 777 dicendo
2440 721 2573 777 illud
2618 724 3035 796 Psalmographi
3071 742 3083 779 :
3134 730 3275 782 Deus
3313 728 3495 795 judea:

1895 811 2080 879 justus
2102 814 2274 881 (Psal.
2304 819 2445 883 vn);
2470 824 2523 869 et
2541 815 2676 872 illud
2701 818 2948 888 Apostoli
2974 836 2986 873 :
3007 820 3180 885 Quam
3196 823 3496 889 incompre-

1906 906 2191 961 hensibilia
2238 916 2366 962 sunt
2387 909 2605 977 judicia
2646 911 2760 979 ejus
2806 916 2974 975 (Rom.
3014 913 3125 982 χι).
3189 914 3499 984 Statimque

1909 1000 2033 1062 Dei,
2066 1007 2128 1054 ut
2151 1000 2357 1056 cunctis
2384 1002 2603 1067 claruit,
2652 1004 2876 1069 electus,
2911 1004 2981 1060 ad
3020 1005 3345 1062 cathedram
3374 1007 3502 1078 lepi-

1908 1094 2181 1164 scopalem
2206 1110 2316 1149 non
2348 1096 2533 1151 solum
2560 1105 2645 1151 est
2667 1106 2909 1163 evectus,
2940 1097 3036 1153 sed
3057 1099 3226 1154 etiam
3254 1101 3503 1157 maximo

1910 1202 2038 1241 cum
2081 1186 2294 1243 honore
2330 1204 2363 1244 a
2390 1187 2686 1245 Catholicis
2714 1199 2793 1244 est
2841 1198 3142 1261 susceptus.
3194 1192 3280 1247 Ab
3323 1194 3506 1249 omni-

1910 1279 2013 1335 bus
2038 1280 2290 1337 laudatur
2331 1290 2388 1337 et
2426 1274 2751 1338 honoratur.
2793 1286 2992 1339 Postea
3036 1300 3166 1340 vero
3195 1294 3506 1356 opportuno

1910 1382 2158 1445 tempore
2183 1375 2282 1430 Dei
2311 1376 2567 1432 sacerdos
2592 1378 2897 1433 secundum
2928 1377 3182 1434 ordinem
3211 1378 3505 1434 Melchise-

1911 1466 2051 1522 dech
2081 1469 2285 1523 electus
2305 1472 2478 1535 (Psal.
2508 1470 2651 1542 CIX),
2691 1480 2994 1542 unguento,
3025 1472 3172 1543 quod
3222 1472 3509 1527 descendit

1913 1561 1969 1614 in
2016 1562 2261 1631 barbam,
2306 1562 2539 1620 barbam
2590 1568 2778 1620 Aaron
2807 1567 2972 1631 (Psal.
3003 1572 3273 1632 cxxxu),
3314 1575 3369 1621 et
3384 1566 3506 1621 oleo

1916 1654 2121 1711 laetitiae
2150 1664 2346 1712 unctus
2362 1659 2527 1723 (Psal.
2553 1665 2719 1725 XLIV)
2744 1667 3123 1725 consecratur,
3145 1660 3215 1716 ad
3244 1658 3507 1715 archiste-

1915 1747 2061 1803 rium
2104 1747 2432 1819 hymnidicis
2480 1750 2601 1806 odis
2650 1750 3069 1808 inthronizatnr.

209 1844 299 1892 sto
351 1838 579 1907 psallere
616 1839 1028 1912 Psalmographi
1063 1856 1193 1895 voce
1227 1844 1395 1896 :Ecce
1422 1842 1674 1909 θεοπραυὶ
1713 1841 1803 1906 fu-
1835 1818 1881 1881 Β
1982 1841 2124 1896 Exin
2145 1818 2317 1898 verus
2356 1843 2563 1899 Christi
2608 1845 2768 1900 miles
2792 1862 2855 1899 ex
2879 1846 3160 1917 sexaginta
3194 1846 3505 1903 fortissimis

210 1933 385 1997 aiens,
403 1938 457 1986 et
478 1936 657 1988 mansi
676 1934 735 1987 in
758 1934 1047 1989 solitudine
1069 1936 1232 2000 (Psal.
1268 1939 1415 2000 LIV).

280 2027 404 2080 Non
430 2026 601 2081 multo
630 2034 753 2097 post
776 2034 1026 2097 tempore
1053 2028 1376 2084 venerabilis
1402 2026 1674 2085 archiater
1699 2028 1805 2084 Ge-

208 2117 506 2187 behardus,
556 2122 715 2175 Pater
764 2120 967 2176 Christi
1008 2121 1195 2177 ovium
1248 2120 1620 2195 dignissimus,
1674 2120 1805 2176 huic

206 2212 333 2268 vitae
352 2212 520 2268 ﬁnem
543 2213 712 2281 dedit,
743 2222 799 2269 et
823 2215 880 2269 in
907 2214 1170 2287 gaudium
1197 2215 1425 2271 Domini
1457 2215 1564 2282 sui,
1592 2216 1805 2271 talento

206 2304 349 2362 bene
403 2305 679 2377 duplicato
708 2310 931 2375 (Matth.
967 2310 1137 2379 xxv),
1170 2324 1306 2365 XVII
1336 2308 1615 2365 Kalendas
1642 2308 1800 2371 Julii,

208 2409 271 2455 ut
313 2400 610 2465 credimus,
637 2401 936 2458 honoriﬁce
984 2402 1227 2469 intravit,
1259 2418 1387 2458 oves
1413 2418 1540 2458 suas
1572 2418 1685 2459 non
1713 2418 1805 2473 pa-

206 2493 365 2561 stori,
387 2494 483 2549 sed
507 2495 845 2551 mercenaria
869 2496 1237 2567 superposito,
1267 2495 1407 2552 heu!
1440 2495 1650 2552 dimisit
1672 2497 1809 2551 lace-

208 2586 435 2648 randas.
488 2587 647 2659 Quod
674 2588 938 2645 Catholici
980 2588 1245 2656 videntes,
1298 2605 1412 2645 non
1461 2590 1808 2646 mediocriter

208 2680 443 2737 doluere
472 2689 710 2738 mortem
745 2683 815 2754 pii
863 2682 1113 2739 doctoris
1155 2692 1211 2738 et
1255 2683 1518 2754 magistri.
1568 2682 1809 2739 Consilio

208 2782 399 2831 autem
440 2775 592 2841 inito,
622 2776 949 2849 satagebant
971 2775 1201 2847 dignum
1249 2776 1553 2843 doctorem,
1584 2774 1809 2847 dignum

210 2876 494 2937 pastorem
508 2868 708 2925 Christi
734 2885 952 2939 sponsa;
978 2869 1280 2937 asseciare,
1299 2885 1369 2924 ne
1397 2868 1558 2940 lupus
1590 2883 1812 2940 gregem

208 2961 440 3017 Domini
464 2970 577 3017 tam
598 2962 921 3033 potestative
941 2971 997 3019 et
1020 2973 1134 3019 tam
1154 2962 1403 3019 luctuose
1424 2961 1657 3018 ulterius
1690 2977 1815 3032 pos-

208 3065 299 3112 set
345 3055 655 3129 dispergere
720 3058 803 3112 vel
870 3057 1185 3128 pertubare.
1238 3056 1633 3114 Convenientes
1685 3070 1813 3111 vero

1912 1935 2170 1991 Israelitis
2194 1935 2400 1992 lectum
2437 1938 2548 1993 veri
2592 1938 2900 1994 Salomonis
2935 1939 3305 1996 ambientibus
3332 1941 3508 2006 (Cant.

1914 2034 2041 2096 III),
2071 2030 2309 2085 electum
2359 2030 2601 2102 gladium
2646 2040 2844 2087 tenens
2893 2033 3067 2087 sancti
3117 2033 3374 2103 Spiritus,
3422 2033 3512 2089 die

1912 2132 2193 2194 noctuque
2238 2138 2371 2193 pace
2398 2123 2650 2195 belloque
2697 2132 2968 2193 armatus,
3010 2126 3239 2197 justitia:
3282 2126 3511 2182 indutus

1914 2214 2100 2282 lorica,
2133 2215 2258 2271 ﬁdei
2305 2217 2477 2289 galea,
2508 2217 2698 2273 salutis
2725 2227 3025 2285 armatura,
3064 2218 3383 2289 nequissimi
3406 2218 3512 2276 tela

1915 2308 2075 2379 ignea
2108 2310 2319 2379 (Ephes.
2372 2316 2458 2376 vI)
2488 2311 2547 2365 in
2586 2326 2817 2381 corpore
2864 2311 3144 2377 exstinxit;
3184 2327 3514 2385 gregemque

1914 2403 2017 2458 sibi
2046 2404 2405 2460 commissum
2448 2404 2517 2459 de
2540 2404 2749 2460 inimici
2779 2402 3035 2461 faucibus
3060 2405 3397 2477 quotidianis
3417 2408 3517 2463 do-

1915 2497 2191 2552 cumentis
2219 2498 2426 2567 eripere
2455 2498 2688 2554 studuit.
2734 2497 2841 2554 Sed
2877 2499 3135 2570 antiquus
3176 2499 3367 2566 hostis,
3418 2502 3511 2570 qui

1917 2604 2086 2661 genus
2134 2589 2442 2645 humanum
2492 2589 2561 2646 de
2604 2590 2843 2661 paradisi
2896 2594 3219 2649 amoenitate
3274 2610 3368 2664 per
3421 2610 3515 2652 se-

1919 2684 2221 2753 metipsum
2274 2683 2560 2754 expulerat
2604 2683 2660 2738 in
2698 2684 2875 2753 primo
2924 2693 3176 2754 parente;
3220 2686 3370 2742 hunc
3408 2687 3516 2742 Dei

1920 2783 2261 2847 symmysten
2281 2792 2376 2846 per
2403 2776 2655 2832 membra
2673 2792 2773 2832 sua
2804 2776 2873 2832 de
2896 2777 3025 2833 sede
3050 2779 3366 2849 episcopali.
3396 2781 3514 2836 imo

1920 2868 1988 2923 de
2024 2868 2223 2923 ﬁnibus
2260 2868 2369 2924 illis
2398 2868 2595 2924 nititur
2625 2869 2968 2939 proturbare.
3005 2875 3078 2924 At
3118 2886 3245 2925 vero
3292 2872 3377 2926 vir
3411 2872 3517 2927 Dei

1922 2961 2152 3018 edoctus
2193 2962 2519 3033 evangelicis
2553 2962 2714 3019 dictis
2741 2982 2757 3017 :
2791 2963 2920 3018 Cum
2940 2967 3521 3034 persequenturvosin-

1922 3058 2139 3111 civitate
2162 3059 2287 3119 ista,
2318 3058 2499 3128 fugite
2514 3058 2583 3135 in
2627 3058 2796 3111 aliam
2823 3058 3040 3121 (Matth.
3072 3063 3163 3123 x);
3195 3057 3322 3114 inde
3350 3057 3516 3115 decli-

206 3149 348 3206 boni
386 3157 443 3205 et
472 3150 611 3223 justi
652 3166 764 3206 non
791 3150 847 3205 in
876 3150 1130 3220 dubium,
1161 3150 1257 3207 sed
1286 3151 1340 3207 in
1382 3165 1576 3216 unum,
1606 3148 1696 3205 alii
1724 3166 1812 3207 au-
1838 3192 1884 3256 Ο
1917 3166 2046 3206 nare
2076 3160 2319 3217 tentans,
2354 3151 2499 3207 venit
2523 3151 2577 3206 in
2607 3150 3018 3214 Alamanniam,
3045 3151 3227 3222 ibique
3266 3168 3397 3208 cum
3424 3168 3513 3208 veo

209 3251 332 3299 tem
364 3258 482 3299 non
528 3243 584 3298 in
613 3260 810 3311 unum,
842 3244 940 3301 sed
969 3245 1027 3300 in
1054 3244 1308 3301 dubium.
1337 3243 1618 3316 Spiritales
1646 3244 1808 3315 spiri-

208 3338 350 3394 talia
376 3345 674 3407 sectantes,
705 3340 990 3411 elegerunt
1014 3340 1315 3411 spiritalem
1343 3339 1542 3407 virum,
1572 3338 1820 3395 videlicet

208 3431 510 3488 dominum
536 3433 896 3503 Tiemonem;
926 3434 1015 3490 cui
1056 3433 1253 3489 merito
1302 3441 1433 3489 tunc
1482 3434 1541 3488 in
1567 3442 1817 3504 tempore

208 3534 340 3583 erat
394 3528 833 3598 comparandum
898 3526 1031 3584 illud
1087 3527 1375 3584 oraculum
1428 3525 1575 3597 quod
1626 3526 1819 3598 priscis

208 3620 563 3691 temporibus
592 3625 740 3677 Deus
779 3622 993 3677 solebat
1025 3621 1176 3693 loqui
1215 3620 1286 3676 ad
1332 3620 1624 3691 quemdam
1656 3635 1819 3676 suum

211 3714 494 3771 amicum:
521 3717 658 3771 Novi
679 3720 732 3771 te
760 3732 827 3770 em
856 3718 1070 3771 nomine
1098 3715 1293 3781 (Exod.
1320 3721 1575 3781 χχχιιι).
1598 3714 1823 3770 Saecula-

210 3824 328 3875 res,
374 3823 501 3881 quae
529 3816 659 3865 sunt
687 3809 852 3881 hujus
874 3807 1069 3865 mundi
1098 3816 1418 3873 tractantes,
1466 3808 1823 3865 laudaverunt

209 3902 520 3974 quemdam
566 3918 681 3958 non
705 3902 1070 3973 spiritualem,
1102 3901 1200 3958 sed
1227 3917 1435 3975 genere
1455 3911 1511 3957 et
1527 3901 1710 3959 saeculi
1729 3900 1786 3957 di
1796 3931 1823 3940 -

214 3996 435 4068 gnitate
472 3995 772 4052 admodum
800 3982 1026 4052 clarum
1050 4003 1106 4051 et
1128 4004 1442 4067 potentem;
1484 3996 1574 4051 cui
1622 3994 1822 4053 merito

217 4088 360 4146 illud
378 4089 691 4146 Psalmistaa
721 4098 1009 4160 coaptatur
1042 4089 1195 4159 quod
1217 4089 1285 4146 de
1298 4089 1557 4162 reprobis
1584 4088 1784 4144 dicitur
1808 4106 1821 4144 :

218 4184 482 4254 Dejecisti
499 4199 601 4247 eos,
625 4184 753 4239 dum
765 4184 1141 4239 alienarentur
1162 4185 1326 4250 (Psal.
1346 4189 1557 4248 ιχχιι).
1576 4184 1825 4253 Quorum

219 4279 502 4348 pactioni,
527 4277 682 4348 quasi
706 4277 903 4349 majori
926 4277 1178 4348 potestati
1208 4292 1491 4332 assensum
1514 4275 1828 4347 prtebebant

218 4372 416 4426 cuncti
445 4387 559 4427 non
588 4370 774 4439 corde,
803 4370 903 4427 sed
934 4387 1085 4427 voce.
1532 4434 1533 4437 η

298 4467 581 4522 Caeterum
642 4465 940 4536 dispositor
985 4473 1308 4520 cunctorum
1371 4467 1525 4521 Deus
1592 4462 1829 4519 ostendit

1924 3244 2158 3300 nerabili
2217 3244 2331 3299 viro
2392 3242 2722 3300 Gebehardo
2799 3244 3212 3301 Constantiensi
3261 3246 3517 3316 episcopo

1927 3338 2244 3409 aliquandiu
2286 3336 2543 3409 degebat,
2589 3345 2646 3393 et
2680 3336 2827 3393 circa
2876 3338 3204 3395 venerabilia
3246 3339 3364 3395 loca
3407 3338 3516 3396 hu-

1926 3431 2154 3486 millime
2178 3439 2234 3486 et
2269 3430 2600 3487 charitative
2624 3430 2898 3488 visitabat.
3372 3460 3375 3483 ξ

1998 3523 2099 3580 Illo
2138 3524 2304 3596 igitur
2334 3524 2389 3579 in
2415 3532 2666 3595 tempore
2707 3524 2868 3580 multi
2893 3534 3025 3581 sunt
3046 3526 3230 3582 conati
3256 3527 3517 3584 Hieroso-

1925 3618 2131 3690 lymam
2156 3633 2403 3690 pergere,
2428 3625 2615 3674 sancta
2637 3616 2753 3673 loca
2783 3633 2812 3672 a
2839 3618 3363 3688 gentium‘dominio
3390 3637 3521 3678 cum

1926 3711 2028 3767 Dei
2073 3710 2407 3767 adminiculo
2437 3726 2647 3767 eruere.
2680 3713 2751 3766 Et
2799 3710 2949 3767 sicut
2988 3712 3120 3768 olim
3165 3728 3263 3784 per
3309 3714 3518 3785 regiam

1928 3805 2069 3862 viam
2114 3804 2436 3862 lsraeliticus
2465 3805 2696 3876 populus
2727 3803 2982 3861 bellicose
3011 3805 3079 3861 ad
3106 3813 3315 3863 terram
3336 3823 3520 3879 repro-

1931 3900 2209 3955 missionis
2256 3900 2534 3973 ingressus
2562 3907 2645 3955 est
2671 3901 2857 3966 (Num.
2888 3904 3036 3965 χχι),
3064 3899 3140 3955 ita
3161 3908 3217 3955 et
3244 3901 3355 3969 isti,
3378 3900 3522 3958 illius

1931 3994 2182 4064 exemplo
2211 3993 2529 4062 confortati,
2556 3992 2763 4049 bellum
2794 4008 2893 4063 pro
2929 4007 3060 4063 pace
3090 3993 3389 4066 elegerunt.
3441 3996 3523 4049 Ac

1932 4086 2091 4141 multi
2112 4086 2171 4142 in
2195 4088 2456 4158 sanguine
2484 4088 2625 4163 Agni
2642 4086 2922 4156 rubricati,
2958 4087 3166 4143 animas
3186 4104 3284 4160 pro
3308 4087 3524 4143 Christo

1934 4179 2304 4250 perdiderunt,
2347 4181 2497 4234 utin
2539 4187 2746 4236 interna
2782 4179 2891 4234 vita
2923 4180 3265 4236 custodirent
3292 4180 3430 4249 illas,
3471 4188 3526 4236 et

1936 4271 2154 4326 ethnico
2201 4270 2343 4325 bello
2374 4271 2769 4326 occubuerunt.
2801 4272 2965 4327 Pauci
3014 4274 3237 4330 tandem
3291 4274 3525 4342 liberati,

1934 4364 2002 4420 ad
2041 4364 2347 4419 desiderata
2390 4362 2505 4419 loca
2548 4373 2933 4436 pervenerunt.
2985 4366 3329 4423 Venerabilis
3376 4384 3524 4436 vero,

1935 4457 2002 4515 de
2031 4474 2141 4530 quo
2169 4457 2329 4512 nobis
2365 4472 2547 4512 sermo
2576 4464 2691 4523 est,
2723 4457 3169 4529 Metropolitanae
3209 4461 3530 4516 Juvavensis

221 4558 452 4615 cunctis
508 4558 926 4628 inspicientibus
970 4558 1141 4614 talem
1189 4557 1513 4613 electionem
1556 4556 1671 4614 suis
1714 4571 1825 4617 non
1852 4570 1904 4632 ι)
1938 4551 2239 4617 hierarcha,
2265 4551 2495 4622 cupiens
2519 4550 2883 4624 evangelicam
2912 4552 3066 4625 sequi
3110 4549 3525 4626 perfectionem,

220 4654 448 4719 placere
468 4652 871 4722 conspectibus.
900 4653 1038 4707 Cum
1064 4651 1232 4721 igitur
1260 4650 1331 4706 ad
1355 4651 1616 4721 colloquii
1640 4650 1827 4707 locum
1870 4656 1873 4663 ’
1898 4660 1903 4685 ¹

223 4744 581 4800 Pataviensis
627 4745 917 4815 episcopus
964 4744 1297 4801 Altmannus
1325 4744 1641 4815 apostolicae
1684 4743 1826 4800 sedis

222 4838 473 4910 legatus,
525 4837 737 4901 clerus,
784 4837 895 4894 dux
960 4837 1163 4905 Welfo,
1228 4838 1481 4904 comites,
1543 4838 1827 4909 utriusque

223 4947 402 4988 sexus
451 4932 662 4988 multus
716 4930 1056 4988 convenisset
1114 4932 1371 5003 populus,
1422 4931 1517 4987 illo
1562 4930 1829 4987 navicula).

222 5026 433 5091 ductu,
465 5024 686 5081 alveum
718 5024 950 5080 transire
996 5025 1274 5097 cupiente,
1305 5024 1399 5097 qui
1430 5040 1542 5080 non
1574 5024 1825 5090 Domini,

219 5136 348 5176 non
392 5118 718 5190 spiritalium
749 5134 1133 5191 personarum,
1181 5116 1278 5176 sed
1323 5134 1627 5190 paucorum
1654 5134 1827 5175 saecu-

221 5214 331 5269 lari
358 5211 635 5285 dignitate
669 5213 1016 5284 pollentium,
1069 5213 1272 5269 electus
1301 5220 1421 5268 erat
1462 5211 1692 5283 judicio,
1714 5227 1831 5283 par-

219 5310 377 5364 tium
420 5315 780 5379 utrarumque
825 5321 1090 5378 suspensa
1143 5306 1248 5362 fuit
1286 5306 1639 5377 exepectatio.
1684 5306 1830 5376 Quid

218 5400 425 5473 plura?
459 5401 725 5473 Cognitor
751 5400 1099 5457 occultorum
1133 5400 1489 5471 provisorque
1516 5400 1829 5457 futurorum

220 5497 407 5563 Deus,
438 5495 533 5568 qui
571 5494 813 5550 alienum
854 5496 1043 5567 ignem
1070 5492 1366 5551 offerentes
1402 5510 1516 5551 non
1570 5492 1831 5560 mirabili,

218 5587 335 5645 sed
386 5588 687 5645 miserabili
732 5596 915 5646 morte
966 5588 1195 5645 interire
1252 5588 1429 5645 voluit
1493 5590 1675 5655 (Num.
1710 5592 1829 5657 III),

217 5682 382 5738 hanc
422 5681 829 5740 infructuosam
867 5682 1125 5739 arborem
1177 5683 1366 5751 (Jud.,
1423 5684 1565 5751 χιι),
1616 5680 1833 5753 palmi-

220 5783 361 5832 tem
387 5792 504 5833 non
531 5774 802 5833 ferentem
854 5775 1100 5833 fructum
1145 5775 1376 5834 abscidit
1398 5779 1573 5841 (Joan.
1603 5775 1741 5846 xv);
1772 5791 1837 5832 ac

219 5869 459 5927 cunctis
515 5868 935 5942 inspicientibus
1010 5869 1334 5941 cunctisque
1406 5866 1829 5936 admirantibus,

1936 4646 2123 4702 volens
2148 4644 2477 4717 dicerepum
2508 4647 2705 4700 Petro:
2736 4646 2862 4700 Ecce
2890 4664 2985 4702 nos
3006 4650 3321 4718 reliquimus
3349 4650 3531 4704 omnia

1934 4746 1983 4795 et
2011 4742 2176 4795 secuti
2210 4756 2397 4795 sumus
2436 4746 2486 4794 te
2516 4739 2907 4806 (Matth.xv1);
2941 4738 3062 4810 jam
3092 4740 3303 4798 dudum
3333 4743 3529 4815 expul-

1938 4850 2048 4900 sus,
2074 4850 2205 4889 cum
2250 4832 2479 4889 Velfone
2528 4832 2668 4889 duce
2714 4832 2818 4888 iter
2846 4832 3124 4905 ingressus
3157 4844 3241 4891 est
3284 4836 3531 4909 peregri-

1936 4928 2174 4984 nationis
2201 4926 2737 4998 Hierosolymitanai.
2771 4924 2877 4982 Sed
2897 4944 3100 4991 omnes,
3127 4932 3224 5000 qui
3243 4931 3423 4986 volunt
3444 4933 3531 4999 pie

1937 5024 2109 5076 vivere
2123 5024 2183 5075 in
2196 5022 2406 5079 Christo
2421 5022 2455 5074 J
2455 5036 2567 5089 esu,
2587 5024 2979 5091 persecutiones
2985 5025 3281 5092 patiuntur
3298 5022 3373 5094 (ΙΙ
3394 5027 3528 5080 Tim.

1940 5120 2058 5183 III).
2090 5114 2506 5170 Persecutiones
2532 5113 2730 5169 etenim
2760 5117 3053 5171 nonnullas
3082 5116 3162 5171 vir
3185 5116 3284 5172 Dei
3314 5115 3529 5173 fortiter

1936 5225 1999 5264 ac
2031 5210 2296 5280 patienter
2316 5207 2612 5275 sustinuit;
2643 5217 2699 5263 et
2729 5224 2860 5265 voce
2888 5209 3300 5282 Psalmographi
3329 5211 3528 5285 jucun-

1939 5302 2136 5358 danter
2155 5303 2210 5358 in
2228 5303 2316 5359 die
2343 5304 2436 5359 illa
2466 5302 2663 5358 cecinit
2690 5321 2704 5357 :
2724 5290 3211 5359 Circumdederunt
3230 5320 3317 5360 me
3335 5306 3535 5362 dolores

1938 5400 2145 5463 mortis,
2163 5400 2406 5469 pericula
2420 5399 2626 5465 inferni
2643 5399 2955 5467 invenerunt
2978 5413 3079 5452 me.
3107 5398 3535 5457 Tribulationem

1941 5499 1993 5549 et
2019 5493 2254 5547 dolorem
2281 5495 2479 5556 inveni,
2512 5496 2560 5546 et
2593 5509 2778 5548 nomen
2813 5494 3029 5548 Domini
3064 5492 3308 5547 invocavi
3367 5494 3533 5565 (Psal.

1944 5592 2131 5652 CXIV).
2166 5590 2235 5640 Et
2260 5585 2395 5641 illud
2424 5586 2787 5657 apostolicum
2813 5604 2826 5641 :
2848 5588 2910 5641 Si
2936 5589 3069 5640 Deus
3102 5601 3201 5655 pro
3224 5587 3392 5649 nobis,
3415 5590 3536 5657 quis

1943 5686 2126 5737 contra
2156 5682 2289 5734 nos?
2320 5681 2448 5746 Quis
2490 5696 2582 5735 nos
2612 5679 2887 5750 separabit
2932 5695 2966 5731 α
3001 5680 3266 5733 charitate
3295 5680 3537 5733 Christi?

1946 5775 2241 5841 tribulatio,
2285 5790 2356 5827 an
2385 5775 2587 5840 fames,
2618 5788 2689 5826 an
2726 5771 2970 5833 nuditas,
3016 5788 3089 5825 an
3134 5773 3455 5841 peruulum,
3482 5779 3537 5828 et

1945 5876 2141 5926 cetera
2172 5880 2350 5939 usque
2385 5868 2483 5935 qui
2504 5865 2699 5920 dilexit
2729 5878 2824 5918 nos
2852 5864 3019 5934 (Rom.
3044 5867 3196 5927 VIII).
