4010 6164
553 276 656 330 899

1556 269 1647 323 AD
1684 268 1911 324 OPERA
1948 267 2003 323 S.
2046 264 2369 323 GREGORII
2406 266 2846 325 APPENDICES.
3738 272 3817 327 900

623 402 687 457 In
709 399 927 457 civitate
951 398 1158 455 etenim
1185 374 1477 463 Corozain,
1499 410 1529 451 a
1553 393 1796 451 Domino
1829 394 2141 461 maledicta,
2177 396 2233 459 Α
2259 392 2369 449 scio
2399 408 2685 462 renovare,
2711 395 2841 467 quia
2872 393 3048 467 legem
3074 400 3319 451 veterem
3344 392 3403 449 in
3448 408 3682 462 novam,
3700 393 3821 453 Clin-

556 493 649 552 ubi
675 493 833 552 sedes
855 500 939 551 est
979 494 1217 558 Satanae,
1269 506 1393 562 quae
1415 490 1523 546 illis
1551 490 1611 546 in
1641 489 1888 560 partibus
1911 498 1995 544 est
2018 504 2143 561 gen-

553 590 698 646 tium
724 586 1118 655 famosissima,
1140 584 1462 641 habitabant
1487 592 1600 640 tres
1629 583 1991 656 potentissimi
2018 599 2145 655 ger-

552 682 729 739 mani.
774 680 880 752 Qui
931 689 1123 738 contra
1152 679 1468 753 peregrinos
1508 677 1864 746 Christianos,
1917 677 2142 734 collecta

553 775 908 833 multitudine
952 773 1360 839 innumerabili,
1399 772 1604 845 partim
1660 771 1888 839 occisos,
1945 772 2143 844 partim

557 870 875 927 vulneratos
914 868 1276 926 obtriverunt.
1328 870 1398 923 Et
1435 866 1576 923 sicut
1620 866 1756 923 olim
1812 866 2142 923 lsraeliticus

554 964 788 1037 populus
814 963 873 1019 in
902 960 1260 1035 Babyloniam
1287 960 1487 1019 ductus
1528 968 1613 1016 est
1656 960 1924 1033 captivus,
1973 961 2049 1016 ita
2089 968 2145 1017 et

549 1058 891 1117 Christianus
919 1056 1020 1113 iste
1069 1056 1301 1128 populus
1334 1055 1574 1111 maxima
1604 1071 1667 1111 ex
1708 1062 1861 1127 parte
1897 1054 2143 1126 captivus

552 1152 751 1209 ductus
778 1157 862 1209 est
887 1150 958 1207 ab
982 1149 1066 1206 his
1114 1150 1350 1221 regibus.
1388 1148 1720 1206 lsraeliticus
1750 1156 1937 1205 autem
1968 1164 2139 1221 popu-

552 1246 638 1302 lus
661 1246 717 1301 in
743 1244 1077 1318 Babylonica
1104 1243 1415 1315 captivitate
1456 1258 1620 1314 super
1648 1242 1875 1298 ﬂumina
1899 1242 2141 1314 Babylo-

551 1339 656 1405 nis,
688 1337 825 1394 dum
851 1337 1168 1397 recordatus
1196 1344 1277 1393 est
1316 1337 1469 1404 Sion,
1499 1334 1725 1392 sedebat
1767 1344 1824 1391 et
1848 1335 2014 1392 ﬂebat
2056 1335 2141 1391 di-

555 1447 688 1489 cens
715 1451 727 1487 :
755 1433 1023 1500 Quomodo
1051 1432 1383 1487 cantabimus
1399 1434 1662 1487 canticum
1682 1432 1896 1486 Domini
1910 1432 1969 1485 in
1996 1435 2142 1485 terra

559 1527 736 1581 aliena
767 1525 936 1592 (Psat.
959 1540 1186 1582 cxxxvr
1210 1528 1258 1593 );
1287 1523 1375 1580 hic
1403 1539 1553 1591 vero,
1580 1524 1842 1596 psallebat
1872 1522 2042 1580 corde
2088 1531 2144 1579 et

553 1633 649 1676 ore
669 1617 902 1691 dignum
931 1618 1210 1675 canticum
1261 1617 1501 1673 Domino
1531 1618 1583 1673 in
1627 1617 1745 1674 haec
1794 1616 1956 1673 verba
2008 1637 2019 1671 :
2076 1620 2144 1672 Te

2256 495 2341 543 sto
2368 488 2607 544 Domino
2636 502 2765 545 meo
2789 497 3018 545 auctore
3045 488 3164 545 scio
3191 486 3523 557 transferre,
3551 497 3617 546 et
3640 488 3825 563 insuper

2254 582 2562 639 materiales
2596 592 2763 649 artes,
2795 590 2859 639 ut
2894 582 3194 653 desideras,
3240 581 3500 640 videlicet
3555 584 3821 651 aerariam,

2252 676 2365 732 sive
2400 677 2689 748 pictoriam
2719 678 2835 734 scio
2886 677 3147 749 plenerie.
3177 680 3334 734 Tunc
3380 692 3478 734 rex
3530 677 3701 734 laeuis
3731 693 3823 735 cum

2252 770 2452 843 gaudio
2492 787 2693 844 magno
2721 771 2896 828 dixit:
2938 771 3162 829 Gratias
3208 787 3311 845 ago
3358 775 3481 829 Deo
3533 787 3689 839 meo,
3735 774 3825 844 quia

2252 880 2474 920 servum
2520 864 2747 922 tradidit
2807 864 2968 921 nobis
3006 864 3203 922 talibus
3258 864 3539 923 imbutum
3592 864 3825 921 artiﬁciis.

2251 957 2400 1024 Noli,
2428 958 2572 1015 bone
2595 957 2814 1027 artifex,
2834 959 2945 1015 noli
2961 959 3167 1015 diutius
3188 959 3426 1026 tardare,
3460 962 3650 1015 Deum
3674 975 3828 1016 meum

2250 1051 2639 1109 detruncatum
2670 1052 2928 1119 manibus
2944 1068 3228 1119 renovare,
3257 1054 3363 1121 vel,
3384 1053 3429 1109 si
3450 1055 3660 1125 poteris
3676 1094 3695 1120 ,
3720 1054 3830 1126 ipsas

2250 1146 2377 1202 loco
2397 1162 2497 1203 suo
2532 1146 2834 1213 restituere,
2890 1154 2951 1203 ut
3001 1147 3332 1219 propitietur
3384 1146 3545 1203 nobis
3600 1146 3830 1204 omnibus

2249 1239 2447 1297 diebus
2470 1241 2599 1299 vitae
2627 1249 2848 1298 nostrae.
2881 1240 3154 1298 Adducite
3181 1241 3357 1309 illum,
3390 1241 3598 1313 inquit,
3647 1240 3721 1299 ad
3748 1257 3828 1297 me.

2249 1338 2320 1392 Et
2344 1350 2469 1392 ecce
2494 1334 2787 1393 deducitur
2814 1343 3131 1392 monstrum
3164 1335 3393 1405 diaboli,
3418 1343 3482 1392 ut
3504 1334 3726 1393 dictum
3755 1343 3830 1401 est,

2250 1428 2638 1487 detruncatum
2680 1429 2963 1497 manibus;
3008 1429 3158 1501 quod
3200 1438 3433 1487 cunctus
3486 1430 3732 1503 populus
3765 1446 3832 1502 pa-

2250 1538 2519 1595 ganorum
2562 1524 2925 1581 venerabatur
2964 1532 3025 1580 ut
3069 1526 3254 1580 Deum
3277 1523 3616 1580 maximum.
3647 1523 3831 1580 Allatas

2252 1625 2335 1673 est
2388 1633 2642 1690 magnus,
2703 1627 2767 1674 ut
2810 1618 3066 1689 iusserat,
3115 1617 3370 1674 malleus.
3437 1618 3624 1688 Quem
3668 1626 3829 1674 tenens

554 1712 699 1768 decet
749 1713 981 1781 hymnus
1026 1716 1166 1769 Deus
1190 1713 1249 1766 in
1284 1713 1430 1777 Sion,
1478 1716 1528 1767 et
1551 1713 1653 1766 tibi
1678 1712 1941 1766 reddatur
1966 1715 2148 1766 votum
2184 1780 2221 1784 _
2255 1726 2421 1766 manu
2449 1726 2735 1784 aggressus
2754 1719 2842 1768 est
2866 1710 3073 1779 fanum,
3090 1711 3145 1767 in
3162 1727 3272 1784 quo
3299 1711 3551 1767 latitabat
3570 1710 3827 1775 diabolus,

560 1807 617 1859 in
665 1780 996 1860 Hierusalem
1040 1806 1216 1869 (Psal.
1263 1804 1443 1873 LxIv);
1507 1807 1577 1859 Et
1623 1804 1746 1860 alibi
1781 1806 2035 1874 :ibedisti
2050 1818 2145 1859 nos
2182 1780 2232 1845 Β
2258 1804 2461 1861 scilicet
2486 1780 2759 1863 universae
2794 1814 2958 1863 terra:
2994 1780 3196 1878 gravis
3219 1805 3470 1863 malleus.
3514 1804 3731 1879 Adjuro
3772 1815 3826 1873 te,

551 1902 809 1968 tanquam
831 1915 948 1954 oves
986 1914 1252 1965 escarum,
1281 1904 1332 1954 et
1352 1901 1409 1953 in
1437 1900 1680 1968 gentibus
1705 1900 2014 1969 dispersisti
2029 1914 2144 1962 nos,

548 1995 805 2061 quoniam
840 1997 1063 2063 propter
1088 1998 1137 2047 te
1159 1994 1550 2061 mortificamur
1573 1996 1687 2047 tota
1731 1992 1857 2046 die:
1886 1992 2143 2047 (estimati

524 2064 742 2140 'sumus
762 2088 900 2140 sicut
920 2101 1037 2140 oues
1065 2088 1340 2140 occisionis
1370 2088 1538 2153 (Psal.
1568 2100 1761 2152 xum;
1784 2088 1934 2142 Rom.
1978 2091 2140 2152 vm).

544 2178 715 2248 Igitur
741 2177 949 2234 electus
984 2177 1053 2234 de
1076 2185 1225 2233 tanta
1253 2178 1624 2247 multitudine,
1654 2194 1817 2251 quem
1860 2181 2009 2235 Deus
2037 2195 2142 2236 no-

543 2279 697 2327 verat
743 2287 809 2327 ex
870 2271 1118 2339 nomine,
1181 2271 1384 2328 scilicet
1430 2273 1767 2329 venerandus
1815 2273 1995 2335 heros,
2052 2274 2140 2331 cui

546 2364 717 2436 stylus
762 2372 953 2420 noster
980 2364 1304 2435 famulatur,
1343 2365 1572 2437 capitur,
1621 2365 1876 2437 trahitur,
1924 2383 1989 2422 ac
2022 2370 2139 2423 Deo

540 2457 763 2513 tandem
810 2473 908 2531 per
932 2458 1258 2531 martyrium
1294 2459 1643 2532 singulariter
1667 2460 1772 2516 sibi
1801 2469 2137 2517 reservatum

543 2550 707 2623 digna
753 2550 931 2609 hostia
959 2552 1210 2608 efﬁcitur.

612 2647 753 2704 Cum
777 2661 908 2718 ergo
946 2645 1089 2703 inter
1131 2662 1191 2703 se
1215 2645 1520 2703 dividerent
1542 2648 1715 2721 spolia
1742 2663 1928 2705 rerum
1952 2657 2007 2706 et
2034 2648 2136 2705 ho-

543 2736 777 2808 minum,
819 2739 1180 2796 venerabilem
1212 2738 1658 2812 archiprmsulem
1697 2757 1813 2799 suae
1857 2743 1999 2813 parti
2034 2758 2136 2815 po-

540 2831 881 2889 tentissimus
945 2832 1112 2889 trium
1184 2847 1378 2907 regum
1426 2845 1739 2908 susceperat
1802 2834 2131 2893 adunatum.

539 2926 742 2996 Quem,
772 2926 1121 2985 victimarum
1150 2942 1307 2983 more
1343 2927 1412 2983 ad
1451 2927 1803 2986 vendendum
1838 2945 1965 2986 eum
1985 2931 2134 2999 aliis,

540 3019 695 3093 quasi
721 3035 942 3077 servum
964 3020 1193 3077 tradidit
1218 3021 1564 3100 emptitium;
1604 3022 1836 3095 cupiens
1864 3022 1932 3079 de
1960 3024 2135 3096 pretio

536 3111 630 3170 illo
664 3113 937 3186 adaugere
962 3130 1124 3171 suum
1151 3116 1429 3171 aerarium.
1465 3117 1714 3188 Cumque
1742 3132 1941 3173 omnes
1973 3116 2130 3173 dam-

2255 1899 2453 1972 inquit,
2499 1899 2731 1968 diabole,
2777 1915 3001 1972 serpens
3056 1915 3347 1969 venenose,
3390 1908 3446 1955 et
3498 1900 3728 1973 antique
3768 1916 3830 1956 se-

2250 1993 2447 2050 ductor
2485 1993 2815 2063 animarum,
2845 1993 2941 2067 qui
2974 1995 3030 2051 in
3072 1995 3178 2051 isto
3210 1994 3344 2075 (ano
3382 1993 3455 2051 ad
3498 1994 3830 2067 decipienda

2251 2087 2545 2144 hominum
2571 2089 2786 2146 animas
2823 2089 2981 2158 lates,
3022 2088 3219 2162 adjuro
3257 2096 3314 2146 te
3357 2104 3453 2160 per
3501 2090 3744 2155 Patrem,
3785 2096 3829 2144 et

2248 2181 2469 2253 Filium,
2504 2190 2558 2238 et
2584 2184 2849 2256 Spiritum
2884 2190 3156 2250 sanctum,
3186 2191 3249 2239 ut
3293 2181 3392 2239 des
3442 2182 3581 2238 mihi
3629 2182 3700 2241 ad
3724 2199 3825 2239 om-

2248 2274 2336 2331 nia
2367 2291 2708 2349 quaacunque
2738 2277 3144 2349 interrogavero
3187 2291 3538 2349 responsum.
3586 2277 3692 2346 Qui
3728 2286 3826 2332 sta-

2248 2368 2347 2425 tim
2390 2369 2750 2444 interroganti
2779 2370 2929 2428 dedit
2979 2386 3330 2442 responsum.
3357 2371 3610 2442 Cumque
3650 2370 3735 2427 diu
3757 2370 3829 2425 la-

2248 2460 2567 2520 bularentur
2630 2464 2848 2536 pariter,
2892 2464 3113 2521 daemon
3156 2463 3538 2536 nequissimus
3582 2463 3819 2536 blasphe-

2245 2558 2420 2614 miam
2445 2557 2749 2631 quamdam
2769 2558 2827 2614 in
2850 2558 3138 2615 Christum
3162 2548 3424 2631 protulit;
3454 2564 3639 2614 contra
3668 2573 3825 2630 quam

2246 2652 2394 2709 zelus
2434 2652 2637 2710 domus
2679 2653 2905 2710 Domini
2964 2651 3178 2709 fortiter
3224 2652 3538 2724 episcopum
3595 2651 3828 2708 comedit

2248 2747 2410 2818 (Psal.
2433 2750 2838 2818 uvm;Joan.
2872 2751 2970 2815 II),
2998 2746 3292 2818 statimque
3316 2745 3451 2802 illud
3492 2744 3681 2802 fanum
3722 2746 3827 2802 solo

2246 2840 2476 2912 pedibus
2506 2842 2824 2914 prostravit,
2856 2840 3152 2909 etfmalleo,
3180 2855 3346 2912 quem
3388 2856 3557 2896 manu
3599 2839 3824 2903 tenebat,

2244 2936 2629 3008 particulatim,
2673 2937 2827 3009 quasi
2857 2951 2952 2993 vas
2976 2934 3162 3004 ﬁctile,
3198 2935 3329 3008 quia
3375 2934 3537 2992 fortis
3564 2943 3680 2992 erat
3709 2934 3826 2991 viri-

2242 3028 2367 3097 bus,
2408 3031 2616 3087 cunc'tis
2663 3047 2851 3087 coram
2893 3030 3086 3103 positis
3124 3044 3188 3085 ac
3214 3030 3590 3097 cernentibus,
3622 3029 3826 3086 velutin

2244 3132 2552 3191 momento,
2589 3124 2839 3181 dissolvit
2865 3133 3033 3197 atque
3057 3122 3346 3196 confregit.
3373 3125 3584 3197 Pagani
3610 3138 3823 3181 concur-

537 3207 648 3263 nati
689 3185 1002 3277 Christiani,
1050 3206 1227 3278 iilum,
1260 3217 1321 3265 ut
1356 3211 1597 3276 Patrem,
1622 3185 1981 3281 specialiter,
2020 3226 2133 3284 prae
2164 3185 2210 3249 ί)
2239 3226 2446 3286 rentes,
2474 3185 2654 3274 virum
2686 3218 2812 3286 Dei,
2846 3225 2908 3274 ut
2936 3185 3284 3289 sacrilegum,
3312 3185 3494 3273 conati
3521 3224 3651 3273 sunt
3670 3217 3818 3272 inter-

538 3301 771 3371 cunetis,
820 3302 912 3374 pio
960 3300 1167 3359 affectu
1214 3311 1624 3371 venerarentur,
1659 3303 1805 3361 unde
1851 3315 2013 3377 esset,
2051 3307 2133 3363 vel

536 3396 659 3469 quis
682 3394 742 3452 in
779 3403 926 3453 terra
969 3412 1065 3453 sua
1100 3396 1294 3453 fuisset
1338 3397 1409 3453 ab
1453 3398 1687 3455 ethnicis
1725 3398 1967 3456 studiose
2016 3416 2137 3471 per-

535 3490 786 3563 quiritur.
827 3489 932 3561 Qui
970 3489 1371 3562 comperientes
1418 3506 1547 3548 eum
1585 3493 1903 3565 episcopum
1945 3492 2128 3563 fuisse,

534 3584 647 3657 regi
672 3599 773 3640 suo
800 3599 914 3639 non
943 3583 1205 3639 differunt
1226 3584 1501 3640 nuntiare.
1526 3588 1644 3641 Rex
1667 3594 1856 3643 autem
1883 3587 2132 3644 celeriter

534 3670 760 3728 beatum
806 3673 989 3728 virum
1015 3672 1128 3727 suis
1156 3671 1438 3729 obtutibus
1472 3672 1604 3730 fecit
1630 3681 1828 3732 astare.
1884 3677 1992 3748 Qui
2044 3676 2131 3732 in-

532 3772 845 3838 terrogatus
888 3764 1007 3836 quis
1028 3774 1192 3832 esset,
1221 3766 1324 3832 vel,
1358 3782 1526 3839 quam
1552 3777 1733 3825 artem
1780 3770 1967 3837 sciret,
1996 3770 2132 3828 illud

535 3860 812 3930 poeticum
862 3858 1045 3914 animo
1076 3867 1321 3915 tractans
1345 3860 1430 3915 vir
1452 3861 1552 3917 Dei
1581 3880 1594 3916 :

710 3977 805 4057 list
832 3984 1043 4057 animus
1064 3983 1183 4057 tibi,
1207 3989 1334 4057 sunt
1361 3999 1532 4038 mores
1558 3990 1607 4039 et
1638 3986 1828 4053 lingua
1851 3988 2089 4057 ﬁdesque
2112 4006 2127 4043 :

718 4056 781 4111 Si
801 4059 940 4109 recte
963 4056 1165 4123 facies,
1210 4056 1295 4108 hic
1325 4071 1516 4111 murus
1540 4057 1770 4112 ahertcus
1800 4062 1949 4125 esto;

1463 4150 1656 4215 (Hom,
1692 4154 1853 4221 epist.
1882 4154 1947 4223 ι.)

536 4269 630 4326 tali
659 4269 915 4327 affamine
939 4270 1086 4328 dedit
1122 4286 1468 4345 reSponsum.
1514 4276 1635 4332 Scio
1671 4276 1898 4348 quidem
1944 4277 2126 4336 diver-

534 4379 621 4420 sas
651 4373 817 4433 artes,
846 4364 944 4423 sed
989 4365 1281 4438 praecipue,
1312 4375 1374 4423 ut
1400 4367 1617 4441 sapiens
1642 4371 1973 4428 architectus
2002 4374 2126 4430 fun-

529 4457 850 4516 damentum
887 4460 998 4517 scio
1026 4475 1232 4533 ponere
1256 4460 1505 4518 ﬁrmum.
1540 4466 1711 4535 Super
1760 4464 1888 4534 hoc,
1916 4466 1961 4522 si
2006 4467 2125 4539 quis

527 4551 763 4609 aedificat
799 4568 1017 4619 aurum,
1049 4562 1359 4626 argentum,
1390 4556 1598 4628 lapides
1626 4555 1896 4629 pretiosos
1926 4560 1974 4629 (I
1993 4562 2116 4617 Cor.

527 4650 645 4714 ιιι),
685 4661 798 4703 non
843 4655 1161 4719 tempestas,
1194 4664 1303 4703 non
1351 4659 1567 4719 ventus,
1614 4668 1714 4707 nec
1764 4652 1905 4709 ullus
1944 4652 2120 4710 homi-

526 4753 657 4795 num
684 4738 964 4795 destruere
980 4740 1200 4812 poterit,
1224 4741 1351 4813 quia
1378 4742 1515 4799 illud
1544 4759 1691 4815 pono
1716 4761 1878 4818 supra
1901 4746 2120 4805 firmam

528 4840 758 4902 petram,
780 4848 902 4904 qua:
930 4840 1015 4889 est
1032 4832 1302 4890 Christus.

599 4922 727 4983 Non
764 4926 1042 4998 interrogo
1092 4936 1168 4996 te,
1223 4928 1401 5000 inquit
1431 4946 1546 4999 rex,
1578 4930 1648 4988 de
1682 4942 1953 4991 structura
1999 4935 2119 4992 talis

525 5019 911 5088 fundamentii,
951 5019 1046 5076 sed
1096 5036 1126 5077 a
1179 5029 1234 5078 te
1283 5037 1472 5094 quaero
1503 5032 1678 5081 artem
1709 5028 2005 5097 aurariam,
2039 5030 2117 5085 vel

520 5113 682 5169 aliam
734 5120 937 5171 nostra:
1001 5112 1221 5171 utilitati
1272 5118 1655 5174 necessariam.
1692 5121 1895 5176 Praesul
1952 5137 2114 5178 vene-

522 5207 728 5264 randus
773 5206 844 5265 ad
885 5207 1005 5266 hac
1050 5227 1062 5263 :
1107 5208 1160 5265 Si
1224 5208 1491 5269 artiﬁcem
1548 5228 1658 5282 me,
1716 5213 1911 5285 inquit,
1961 5216 2115 5288 cupis

520 5302 681 5372 scire,
726 5301 928 5376 optime
974 5311 1180 5359 vetusta
1208 5304 1320 5360 scio
1366 5320 1649 5362 renovare.
1706 5309 1886 5365 Iratus
1924 5318 2113 5367 autem

519 5404 613 5451 rex
633 5412 746 5452 non
771 5395 1075 5469 intelligens
1106 5399 1267 5455 verba
1315 5398 1419 5455 Dei
1444 5388 1845 5474 paranymphi,
1878 5420 2006 5461 usus
2031 5414 2113 5461 est

520 5486 724 5548 talibhs
747 5490 927 5546 verbis
956 5486 1171 5548 Horatii
1206 5511 1218 5548 :

694 5609 856 5665 Omne
875 5616 1265 5676 supervacuum
1282 5608 1437 5678 pleno
1463 5611 1529 5665 de
1543 5618 1759 5683 pectore
1780 5618 1985 5671 manat.

1230 5701 1433 5773 (Hom,
1462 5706 1521 5761 in
1548 5708 1685 5763 Arte
1708 5714 1875 5777 poet.)

512 5820 743 5879 Sanctus
797 5823 1079 5895 episcopus
1138 5823 1326 5882 dixit:
1370 5828 1529 5895 Vere,
1590 5835 1652 5884 ut
1696 5828 1833 5898 dixi,
1891 5839 2106 5893 vetusta

2242 3312 2421 3381 ﬁcere,
2452 3312 2696 3368 volentes
2718 3313 2898 3368 Deum
2933 3327 3097 3369 suum
3123 3309 3405 3368 vindicare
3443 3310 3501 3367 in
3544 3310 3685 3368 illius
3702 3325 3809 3367 san-

2241 3407 2423 3480 guine.

2308 3503 2455 3558 Tum
2484 3516 2578 3557 rex
2605 3497 2931 3557 furibundus
2959 3498 3200 3568 advenit,
3231 3500 3420 3571 plenus
3450 3498 3532 3557 ira
3560 3497 3815 3557 etamari-

2241 3595 2452 3663 tudine,
2471 3595 2625 3668 juxta
2654 3594 2785 3651 illud
2808 3593 3081 3665 poeticum
3116 3612 3129 3649 :

2352 3691 2578 3748 Vultum
2608 3690 2771 3746 verba
2795 3690 2977 3747 decent
2998 3690 3205 3744 iratum
3228 3687 3395 3759 plena
3433 3691 3723 3746 minarum

2953 3781 3154 3846 (Hom,
3186 3780 3246 3833 in
3283 3780 3423 3835 Arte
3432 3779 3605 3851 poet.)

2308 3875 2450 3932 Nolo
2478 3876 2575 3945 ait,
2619 3876 2752 3933 nolo
2786 3891 2916 3933 eum
2944 3875 3059 3940 tali,
3092 3882 3147 3931 et
3177 3882 3289 3931 tam
3321 3874 3421 3931 levi
3450 3884 3635 3932 morte
3656 3876 3812 3939 ﬁniri;

2234 3968 2331 4025 sed
2366 3969 2724 4042 ﬂagellatum,
2753 3971 3002 4025 vinctum
3032 3969 3264 4037 catenis,
3290 3969 3516 4025 interim
3536 3970 3819 4026 studiosis-

2236 4062 2373 4119 sime
2401 4063 2694 4121 custodite.
2722 4063 2943 4120 Athleta
2973 4077 3106 4119 vero
3138 4063 3240 4119 Dei
3260 4062 3534 4120 deductus
3558 4062 3626 4119 ad
3648 4079 3813 4118 carce-

2235 4172 2375 4225 rem,
2406 4158 2666 4229 psallebat
2689 4157 3012 4214 Davidicum
3042 4156 3177 4212 illud
3207 4152 3397 4213 dicens
3426 4175 3439 4213 :
3468 4159 3624 4227 Eripe
3646 4173 3723 4212 me
3752 4156 3813 4211 de

2235 4251 2471 4307 inimicis
2496 4254 2646 4317 meis,
2688 4256 2829 4308 Deus
2856 4267 3027 4318 meus,
3058 4255 3110 4305 et
3127 4250 3193 4305 ab
3230 4252 3622 4320 insurgentibus
3645 4252 3702 4306 in
3738 4267 3818 4305 me

2236 4346 2407 4400 libera
2437 4362 2540 4401 me.
2566 4350 2643 4402 De
2683 4348 2817 4401 viris
2859 4347 3197 4414 sanguinum
3236 4343 3389 4399 salva
3417 4360 3521 4413 me,
3562 4347 3691 4415 quia
3718 4360 3818 4399 ecce

2235 4444 2481 4507 ceperunt
2494 4441 2734 4495 animam
2757 4456 2950 4507 meam,
2994 4441 3276 4493 irruerunt
3294 4441 3355 4492 in
3376 4454 3459 4492 me
3472 4441 3645 4506 fortes
3666 4438 3814 4503 (Psal.

2234 4537 2427 4597 LVIII).
2461 4534 2581 4587 Rex
2600 4541 2807 4602 autem,
2832 4541 2893 4588 ut
2916 4531 3051 4587 vidit
3076 4534 3246 4588 Deum
3272 4546 3435 4587 suum
3463 4532 3691 4587 omnino
3708 4532 3813 4603 jam

2230 4624 2580 4693 dissolutum,
2631 4628 2703 4683 ad
2748 4626 2895 4683 aliud
2924 4624 3163 4681 vicinum
3202 4624 3355 4681 misit
3390 4624 3631 4691 idolum;
3665 4639 3818 4697 super

2231 4714 2331 4774 hac
2376 4735 2433 4775 re
2473 4735 2726 4792 quaerens
2780 4719 3092 4785 consilium,
3123 4717 3254 4790 quid
3293 4718 3394 4774 sibi
3436 4726 3580 4775 esset
3626 4717 3815 4775 facien-

2231 4812 2384 4868 dum.
2424 4814 2529 4870 Sed
2556 4823 2617 4870 ut
2642 4814 2922 4886 Scriptura
2946 4811 3081 4869 dicit
3105 4832 3117 4870 :
3144 4814 3264 4871 Non
3289 4816 3369 4868 est
3391 4815 3689 4884 sapientia,
3720 4827 3815 4868 non

2229 4910 2306 4959 est
2341 4907 2661 4976 prudentia,
2700 4922 2807 4963 non
2862 4911 2941 4962 est
2986 4906 3265 4962 consilium
3303 4909 3489 4963 contra
3538 4910 3813 4963 Dominum

2232 4995 2405 5064 (Prov.
2455 5002 2609 5063 χχι).

2298 5089 2612 5157 Quomodo,
2662 5088 2742 5145 vel
2798 5088 2943 5162 quali
2992 5090 3260 5162 martyrio
3311 5102 3568 5148 summus
3618 5089 3818 5147 arbiter

2225 5181 2461 5238 electum
2497 5198 2661 5239 suum
2689 5182 2901 5239 civibus
2953 5183 3198 5241 mtheriis
3228 5183 3494 5241 voluisset
3536 5183 3812 5248 adunare,

2223 5291 2337 5332 non
2373 5283 2584 5348 poterat
2625 5276 2794 5333 etiam
2841 5276 3071 5348 spiritus
3097 5279 3280 5335 malus
3321 5278 3542 5335 silentio
3596 5286 3814 5353 tegere:

2222 5367 2360 5438 imo,
2384 5378 2443 5425 ut
2469 5369 2763 5439 credimus,
2807 5370 2960 5442 iussu
2996 5372 3204 5441 divino,
3236 5372 3413 5429 malus
3440 5373 3687 5446 '_angelus
3714 5385 3821 5429 ma-

2221 5462 2286 5519 lis
2333 5462 2649 5520 hominibus
2682 5463 2750 5520 ad
2788 5466 3181 5536 perﬁciendum
3202 5469 3328 5523 Deo
3371 5466 3636 5539 placitum
3657 5467 3820 5539 hujus

2218 5556 2299 5613 rei
2343 5557 2555 5614 exitum
2596 5557 2914 5627 incitandis,
2956 5575 3054 5616 sua
3096 5558 3288 5616 debuit
3335 5574 3601 5631 responsa
3655 5560 3816 5617 mini-

2218 5657 2410 5707 strare.
2432 5653 2666 5708 Daemon
2685 5652 2891 5709 etenim
2919 5668 2984 5709 ex
3015 5652 3108 5709 illo
3138 5652 3285 5722 fano,
3314 5666 3444 5710 cum
3471 5668 3676 5728 magno
3704 5662 3814 5709 tre.

2218 5757 2373 5801 more
2394 5742 2548 5802 dedit
2571 5760 2831 5818 responsa
2852 5746 3119 5804 ministris
3147 5746 3292 5820 regis
3312 5763 3329 5802 :
3382 5748 3509 5805 Heu
3532 5746 3651 5805 me!
3680 5744 3814 5820 quid

2216 5840 2413 5910 agam?
2435 5838 2698 5911 collegam
2722 5837 2953 5911 perdidi,
2986 5839 3184 5900 timore
3206 5834 3526 5913 perterritus
3562 5840 3655 5901 vix
3675 5838 3818 5897 vires
