4048 6174
209 301 296 357 901

1109 301 1399 358 APPEND.
1438 300 1526 357 Ill.
1567 328 1638 343 -
1673 298 2094 358 MONUMENTA
2132 300 2592 359 GREGORIANA.

3342 323 3343 326 ‘
3403 308 3507 370 902

206 422 381 498 recepi
424 423 698 498 loquendi.
745 427 828 483 lte
869 425 1049 496 citius,
1095 426 1325 484 domino
1388 434 1565 483 vestro
1630 425 1793 482 verba
1823 430 1880 493 Α
1908 426 2107 482 Christi
2137 442 2264 484 vero
2287 438 2492 500 martyr
2535 441 2654 484 non
2693 425 2845 484 dedit
2869 427 2917 484 ei
2947 441 3296 500 responsum,
3323 431 3506 486 revol-

205 533 327 576 mea
376 517 687 576 renuntiate
714 527 774 576 et
815 518 1020 594 absque
1064 535 1222 577 mora
1271 519 1564 576 consil-ium
1609 535 1797 576 meum

205 629 366 686 opere
403 612 624 671 studeat
662 613 916 687 implere.
962 619 1378 673 Destructorem
1421 614 1512 672 dei
1541 615 1707 672 vestri
1736 615 1798 671 in

204 723 467 781 magnum
513 723 775 782 campum
817 709 1092 779 deducite,
1130 710 1503 782 spectaculum
1533 708 1794 766 Christia-

203 803 309 870 nis,
337 801 532 859 incolis
568 810 625 859 et
673 801 976 875 peregrinis
1028 803 1216 872 facite,
1250 820 1315 861 ac
1339 803 1542 861 ibidem
1588 801 1799 860 cunctis

204 895 644 968 inspicientibus,
670 895 900 954 diversis
937 905 992 954 et
1018 897 1382 957 atrocissimis
1423 898 1599 970 pmnis
1643 897 1799 953 illum

205 988 512 1058 interﬁcite,
542 989 586 1046 si
637 990 775 1047 nolit
811 990 951 1048 deos
993 999 1202 1049 vestros
1247 991 1523 1049 maximos
1548 991 1796 1048 adorare.

204 1083 293 1141 Ad
328 1083 434 1141 hoc
477 1098 609 1156 ergo
665 1085 1036 1156 spectaculum
1065 1101 1256 1144 omnes
1302 1085 1658 1154 Christianos,
1689 1086 1803 1141 sive

205 1176 471 1250 captivos,
517 1177 632 1233 sive
667 1177 876 1234 incolas
916 1178 1189 1247 adducite,
1253 1188 1314 1236 ut
1361 1188 1544 1252 aperte
1589 1179 1803 1236 discant

205 1271 344 1328 deos
366 1271 707 1328 immortales
728 1269 1025 1341 honorare,
1052 1271 1298 1330 dominis
1315 1273 1433 1330 suis
1454 1273 1514 1328 in
1542 1272 1804 1329 omnibus

208 1363 459 1422 obedire.
490 1367 609 1421 Rex
641 1380 770 1422 vero
799 1363 868 1424 de
890 1365 1142 1432 consilio,
1174 1368 1287 1423 imo
1305 1365 1376 1423 de
1396 1375 1669 1439 praecepto
1691 1366 1806 1422 dia-

204 1457 344 1526 boli,
387 1457 626 1516 efﬁcitur
663 1458 851 1527 latus;
892 1473 958 1515 ac
984 1467 1181 1516 cuncta
1223 1475 1319 1532 per
1361 1459 1618 1517 ordinem
1646 1475 1805 1516 com—

201 1550 395 1624 plevit,
423 1559 490 1608 ut
519 1551 859 1624 subsequens
881 1552 1076 1610 relatio
1100 1553 1312 1625 probat.

274 1643 600 1702 Addueitur
633 1644 952 1702 venerabilis
979 1646 1264 1718 episcopus
1291 1647 1352 1702 in
1380 1646 1626 1704 medium
1652 1662 1805 1703 cam-

207 1753 348 1812 pum
372 1738 524 1796 ferro
551 1738 775 1812 ligatus;
822 1739 1030 1812 talique
1067 1738 1330 1797 affamine
1358 1744 1508 1798 Deus
1529 1756 1697 1797 suum
1724 1749 1806 1796 est

203 1833 482 1892 allocutus
503 1849 519 1888 :
547 1834 596 1890 Ο
617 1831 852 1902 Christe,
872 1837 1023 1891 Deus
1035 1835 1105 1892 de
1120 1837 1264 1903 Deo,
1287 1835 1477 1892 lumen
1489 1833 1560 1891 de
1578 1835 1804 1897 lumine,
1836 1817 1886 1878 Β

202 1929 329 1987 Rex
347 1942 565 2000 regum,
585 1934 643 1984 et
667 1927 941 1985 Dominus
967 1927 1414 1996 dominantium;
1461 1929 1555 2001 qui
1584 1945 1684 2000 pro
1716 1937 1804 1985 to-

203 2021 318 2078 tius
343 2019 544 2078 mundi
568 2020 743 2077 salute
780 2036 840 2078 es
871 2036 1063 2092 passus
1089 2031 1146 2078 et
1187 2022 1510 2090 cruciﬁxus;
1541 2031 1596 2078 te
1624 2022 1806 2091 laudo,

202 2121 259 2171 te
297 2113 474 2172 adoro
499 2123 665 2188 teque
693 2114 973 2187 gloriﬁco;
1001 2114 1094 2188 qui
1137 2124 1428 2188 peccatum
1469 2131 1580 2172 non
1607 2115 1807 2185 fecisti,

199 2223 306 2266 nec
340 2209 596 2266 inventus
643 2217 728 2265 est
764 2208 927 2266 dolus
954 2209 1012 2265 in
1039 2224 1135 2265 ore
1163 2217 1259 2268 tuo
1288 2212 1341 2277 (Ι
1377 2213 1524 2266 Petr.
1555 2212 1646 2281 ιι),
1675 2226 1810 2266 con-

200 2301 348 2360 forte
395 2317 490 2360 me
516 2310 610 2359 tua
639 2303 1005 2375 protectione,
1044 2313 1108 2362 ut
1135 2313 1190 2360 te
1237 2304 1405 2361 libera
1441 2320 1578 2361 voce
1605 2305 1812 2377 possim

200 2396 454 2465 laudare,
493 2396 776 2470 sequendo
804 2399 1026 2472 vestigia
1048 2407 1165 2468 tua,
1195 2398 1564 2456 offerens‘tibi
1591 2409 1812 2471 peccata

201 2506 352 2548 mea.
394 2491 644 2564 Cumque
684 2490 755 2548 ad
782 2490 966 2548 locum
1015 2492 1333 2550 certaminis
1360 2492 1565 2550 Christi
1598 2509 1814 2566 agone-

199 2585 362 2644 theta
405 2585 759 2657 pervenisset,
799 2584 1232 2643 nefandissimus
1266 2603 1331 2643 ac
1380 2591 1498 2644 Deo
1533 2588 1816 2644 abomina-

200 2679 340 2736 bilis
369 2694 474 2735 rex
506 2679 676 2752 jussit
709 2693 908 2736 omnes
952 2679 1288 2738 Christianos
1332 2681 1577 2753 captivos
1605 2683 1818 2738 vinctos

200 2770 344 2829 huic
391 2773 704 2844 spectaculo
743 2772 1037 2842 interesse,
1081 2790 1223 2847 quos
1261 2774 1318 2830 in
1363 2775 1595 2832 modum
1631 2775 1818 2832 circuli

201 2867 397 2924 virum
425 2866 528 2924 Dei
565 2865 702 2924 fecit
746 2867 1126 2936 circumstare,
1176 2876 1238 2924 ut
1279 2867 1572 2941 perfectius
1615 2870 1820 2941 potuis-

197 2967 336 3019 sent
360 2959 524 3018 illum
567 2959 866 3018 cmdeliter
903 2960 1266 3018 cruciandum
1293 2963 1579 3035 inspicere,
1611 2971 1674 3017 ut
1701 2963 1820 3020 visu

203 3063 264 3113 et
304 3053 498 3112 auditu
542 3053 857 3112 didicissent
895 3054 1030 3113 deos
1079 3055 1378 3124 honorare,
1409 3055 1667 3114 ’dominis
1710 3057 1822 3113 suis

1904 536 2037 577 vens
2079 536 2272 578 secum
2309 520 2447 578 illud
2489 522 2860 595 evangelicum
2904 537 2920 577 :
2966 523 3138 580 Nolite
3177 527 3510 594 margaritas

1904 619 2108 670 uestras
2134 620 2259 671 ante
2281 631 2470 686 porcos
2498 616 2758 687 projicere
2789 617 3004 683 (Matth.
3032 621 3170 684 vn).

1973 709 2128 763 Tunc
2171 723 2269 764 rex
2297 709 2464 780 jussit
2499 709 2765 765 militibus
2819 730 2833 766 :
2893 708 3186 776 Abscidite,
3233 710 3507 782 inquiens,

1907 799 1983 856 illi
2036 801 2389 857 membratim
2455 803 2805 859 summitates
2864 802 3168 875 digitorum
3225 804 3510 876 utriusque

1909 909 2137 964 manus;
2167 895 2259 966 qui
2302 895 2489 952 statim
2515 896 2665 967 jussa
2708 896 3002 968 implentes
3047 897 3399 955 absciderunt
3435 898 3515 954 illi

1908 988 2255 1061 singulorum
2300 988 2598 1062 digitorum
2642 991 3009 1047 summitates.
3061 992 3285 1064 iniquus
3325 1000 3510 1050 autem

1906 1098 2004 1140 rex
2032 1082 2103 1140 ad
2119 1082 2326 1140 Christi
2359 1083 2588 1140 militem
2612 1084 2693 1140 sic
2723 1084 2934 1140 locutus
2961 1092 3040 1141 est
3065 1101 3080 1140 :

1981 1183 2116 1238 Sunt
2149 1183 2312 1237 verba
2341 1188 2392 1238 et
2418 1199 2584 1246 voces,
2615 1185 2811 1254 quibus
2841 1185 2979 1239 hunc
3004 1185 3172 1240 lenire
3209 1184 3443 1242 dolorem

1984 1255 2179 1321 Possis,
2207 1261 2259 1311 et
2285 1271 2539 1324 magnam
2555 1257 2731 1311 morbi
2756 1255 3017 1326 deponere
3038 1261 3263 1327 partem.

2841 1350 3137 1420 (Hann,
3162 1366 3246 1422 ep.
3265 1351 3338 1422 1.)

1984 1449 2394 1506 Tantummodo
2455 1450 2701 1506 sacriﬁca
2766 1450 2893 1519 diis,
2959 1451 3054 1523 qui
3097 1450 3256 1508 nobis
3304 1467 3518 1525 semper

1914 1542 2220 1600 ostendunt
2249 1559 2410 1600 suam
2439 1542 2794 1601 divinitatem.
2825 1551 2899 1600 At
2927 1544 3016 1601 ille
3053 1565 3068 1601 :
3100 1546 3518 1619 Unusquisque,

1915 1637 2013 1704 ait,

2084 1731 2416 1788 Commissise
2445 1737 2595 1788 cavet
2613 1732 2758 1803 quod
2778 1738 3090 1804 permutare
3117 1733 3341 1790 laboret.

2628 1828 2902 1896 (Bonan,
2942 1828 3008 1883 de
3036 1832 3159 1882 arte
3177 1831 3342 1898 poet.)

1988 1928 2140 1984 Tunc
2167 1943 2263 1984 rex
2293 1928 2362 1985 ad
2397 1928 2598 1985 milites
2634 1946 2647 1982 :
2692 1930 2896 1985 lterum
2925 1929 3200 2002 sigillatim
3241 1929 3522 2001 sequentia

1917 2021 2220 2092 digitorum
2263 2022 2512 2078 membra
2557 2023 2635 2078 illi
2675 2023 2956 2081 abscidite.
2985 2025 3126 2081 Volo
3168 2024 3318 2081 enim
3358 2026 3521 2096 longo

1919 2129 2049 2171 eum
2112 2115 2360 2171 cruciatu
2431 2115 2700 2173 laborem.
2767 2120 2893 2189 Quo
2953 2117 3123 2186 dicto,
3185 2119 3411 2190 singula
3445 2118 3520 2174 illi

1919 2209 2173 2264 membra
2202 2208 2572 2278 absciderunt,
2597 2225 2814 2278 manus,
2846 2211 3092 2269 brachia.
3111 2213 3181 2267 Et
3204 2212 3278 2268 ita
3295 2211 3520 2268 detrun~

1920 2310 2106 2359 catum
2152 2310 2281 2360 ante
2326 2319 2513 2376 regem
2542 2311 2876 2361 statuerunt.
2922 2308 3077 2361 Tunc
3122 2319 3317 2362 omnes
3360 2305 3522 2363 Chri-

1921 2397 2106 2466 stiani,
2133 2396 2268 2468 quid
2294 2397 2365 2453 ad
2407 2398 2788 2470 spectaculum
2835 2406 2966 2455 sunt
2991 2398 3235 2467 adducti,
3263 2399 3446 2457 ﬂendo
3471 2407 3528 2456 et

1922 2489 2178 2563 ejulando
2219 2499 2519 2563 potuerunt
2550 2491 2733 2548 dicere
2766 2493 3184 2550 lamentationes
3221 2494 3474 2550 Jeremiae
3512 2510 3525 2548 ε

1925 2587 2246 2652 Defecerunt
2266 2601 2384 2655 pra:
2406 2587 2662 2654 tacrymis
2683 2587 2824 2641 oculi
2845 2587 3051 2654 nostri;
3076 2589 3393 2644 conturbata
3402 2594 3529 2644 sunt

1923 2681 2130 2734 uiscera
2153 2684 2341 2734 nostra
2371 2680 2588 2750 (Thren.
2623 2683 2716 2747 II).
2757 2681 3100 2737 Convertens
3128 2695 3187 2736 se
3210 2690 3421 2754 martyr
3445 2683 3526 2737 iu-
3549 2739 3576 2765 μμ

1928 2772 2106 2828 victus
2130 2771 2199 2828 ad
2246 2787 2360 2840 eos,
2391 2772 2565 2842 patria
2594 2787 2729 2827 voce
2769 2773 2848 2828 sic
2894 2772 3112 2830 locutus
3138 2783 3221 2830 est
3256 2792 3268 2829 :
3318 2774 3525 2841 Nolite,

1928 2865 2022 2921 ﬁlii
2052 2864 2179 2932 mei,
2209 2865 2382 2922 nolite
2412 2881 2504 2922 me
2535 2866 2686 2930 ﬂere,
2718 2865 2888 2921 nolite
2915 2866 3098 2922 tristes
3127 2881 3275 2935 esse,
3304 2868 3400 2924 sed
3431 2883 3528 2939 po-

1930 2959 2036 3015 tius
2062 2958 2320 3032 gaudete,
2350 2961 2556 3033 gratias
2589 2967 2814 3032 agentes
2857 2961 2975 3015 Deo
3005 2959 3174 3028 Patri,
3205 2959 3298 3032 qui
3338 2960 3531 3032 dignos

1930 3068 2036 3109 nos
2063 3051 2192 3110 fecit
2211 3054 2267 3109 in
2296 3061 2452 3126 parte
2481 3055 2648 3131 sprtis
2675 3061 3026 3123 sanctorum;
3052 3053 3146 3125 qui
3173 3055 3457 3111 transtulit
3475 3055 3530 3110 in

200 3147 442 3207 obedire
473 3156 529 3205 et
544 3148 780 3219 servire,
813 3149 902 3205 sin
921 3157 1140 3214 autem,-
1161 3149 1325 3206 simili
1343 3165 1404 3206 se
1430 3150 1633 3207 scirent
1660 3165 1820 3222 paena
1861 3195 1903 3222 η
1931 3162 2162 3219 regnum
2179 3146 2301 3202 Filii
2344 3146 2648 3203 dilectionis
2693 3159 2808 3203 suae
2857 3145 2987 3212 (Col.
3035 3153 3102 3215 ι).
3141 3147 3411 3215 Gaudete,
3449 3149 3532 3203 in-

201 3240 494 3300 ﬁniendos
517 3241 658 3300 fore.

281 3340 523 3395 Paratm'
548 3336 667 3409 regi
704 3335 944 3394 tribunal
989 3337 1043 3394 in
1085 3337 1269 3395 medio
1321 3337 1492 3395 totius
1518 3336 1826 3395 multitudi-

201 3429 323 3500 is,
350 3445 480 3503 qua
503 3438 840 3487 convenerat
887 3430 957 3487 ad
979 3431 1354 3504 spectaculum
1379 3430 1450 3487 de
1476 3430 1693 3488 civitate
1715 3432 1823 3498 illa,

202 3532 268 3582 et
321 3521 394 3580 de
437 3522 699 3596 proximis
737 3522 991 3581 castellis.
1038 3527 1110 3580 Et
1156 3525 1354 3582 sedens
1395 3539 1496 3596 pro
1538 3525 1825 3591 tribunali,

198 3617 386 3690 jussit
411 3617 516 3674 Dei
536 3616 810 3674 famulum
838 3625 966 3674 ante
1001 3625 1362 3691 conspectum
1397 3633 1564 3675 suum
1604 3617 1824 3675 adduci.

203 3713 298 3770 Ut
340 3709 478 3769 vidit
503 3727 700 3770 verum
726 3710 925 3769 Christi
956 3711 1194 3768 militem
1219 3711 1477 3769 audacter
1494 3721 1551 3768 et
1577 3713 1692 3769 sine
1717 3712 1828 3768 ullo

202 3814 469 3864 tremore
502 3804 849 3863 accedentem
893 3824 910 3860 :
939 3807 1096 3863 Tune
1136 3821 1216 3873 es,
1243 3806 1425 3878 inquit
1449 3805 1540 3864 ille
1573 3806 1829 3878 profanus

203 3898 319 3974 qui
358 3897 530 3957 deum
555 3914 747 3956 meum
788 3898 1123 3970 confregisti,
1173 3899 1399 3972 quinec
1438 3898 1574 3957 deos
1597 3900 1826 3956 immor-

204 3995 363 4052 tales
405 3993 658 4059 adorare,
704 4010 806 4051 nec
851 3995 994 4067 regis
1035 3994 1314 4052 custodire
1337 3995 1558 4053 decreta
1580 3996 1830 4052 voluisti?

206 4086 544 4160 Respondit
573 4087 860 4161 episcopus
909 4107 924 4144 :
957 4088 1252 4159 Quomodo
1289 4096 1474 4160 potest
1514 4092 1666 4145 Deus
1723 4089 1830 4146 dici

206 4183 316 4256 qui
368 4196 475 4245 nec
534 4182 825 4240 subvenire
864 4183 1045 4255 potuit
1098 4181 1202 4239 sibi
1249 4183 1391 4255 ipsi?
1449 4185 1682 4240 Decreta
1730 4200 1832 4239 au-

208 4285 344 4333 tem
393 4275 538 4348 regis
597 4276 708 4333 mei
754 4277 1050 4343 custodire,
1107 4277 1224 4349 ipso
1272 4277 1585 4350 adjuvante,
1649 4278 1830 4350 cupio.

207 4372 296 4427 Et
371 4369 499 4427 ideo
544 4369 846 4428 veridicum
903 4371 1050 4428 illud
1111 4371 1525 4444 Psalmographi
1593 4371 1833 4444 quotidie

204 4464 533 4552 decantabo
582 4483 598 4519 :
653 4467 887 4522 Paratus
944 4481 1065 4522 sum
1126 4471 1177 4522 et
1228 4482 1336 4522 non
1398 4482 1517 4522 sum
1561 4467 1829 4532 turbatus,

1929 3255 2118 3312 quam,
2158 3249 2212 3295 et
2233 3241 2435 3311 gratias
2461 3241 2601 3313 agite
2645 3243 2788 3309 Deo,
2817 3239 2968 3312 quod
2993 3240 3048 3296 in
3072 3248 3257 3298 vestro
3281 3250 3532 3315 tempore

1932 3334 2102 3390 talem
2133 3334 2236 3390 sibi
2267 3335 2505 3391 hostiam
2529 3335 2789 3407 dignatus
2816 3342 2902 3390 est
2923 3333 3142 3407 eligere,
3173 3345 3229 3391 et
3269 3344 3430 3393 orate
3457 3337 3536 3393 di—

1934 3428 2121 3484 vinem
2165 3428 2444 3500 pietatem,
2475 3437 2538 3483 ut
2581 3444 2720 3502 opus
2751 3427 2811 3484 in
2838 3436 2930 3485 me
2973 3428 3254 3486 initiatum
3283 3430 3537 3504 dignetur
3640 3479 3646 3496 ,

1935 3522 2220 3595 perﬁcere.
2251 3526 2374 3596 Ipse
2403 3524 2554 3580 enim
2576 3524 2659 3580 ait
2688 3541 2702 3579 :
2734 3525 2883 3580 State
2901 3525 2959 3579 in
2984 3526 3109 3594 ﬁde,
3134 3527 3375 3583 uiriliter
3395 3529 3539 3597 agite

1935 3619 1984 3682 (Ι
2006 3618 2128 3673 Cor.
2160 3622 2325 3686 xu);
2357 3621 2540 3675 omnia
2571 3624 2760 3675 vestra
2782 3621 2843 3674 in
2869 3620 3136 3676 charitate
3161 3624 3301 3692 fiant
3340 3624 3388 3688 (Ι
3415 3623 3534 3680 Cor.

1935 3716 2246 3785 x1v),quai
2289 3722 2374 3770 est
2399 3713 2656 3770 Christus
2699 3715 2886 3770 Jesus.
2942 3715 3081 3770 Cum
3126 3729 3225 3771 vos
3251 3715 3538 3773 considero

1936 3804 2140 3862 Christi
2171 3807 2395 3877 milites,
2426 3815 2482 3863 et
2511 3823 2641 3863 cum
2678 3804 2821 3863 facta
2851 3814 3027 3863 vestra
3075 3807 3314 3877 mstimo,
3345 3825 3540 3883 magna

1937 3914 2031 3955 me
2058 3915 2184 3973 spes
2219 3901 2462 3959 victoriae
2486 3909 2652 3958 tenet.
2681 3899 2939 3970 Animus,
2970 3907 3123 3969 astas,
3165 3902 3337 3959 virtus
3364 3912 3542 3959 vestra

1939 4009 2032 4050 me
2061 3996 2447 4055 cohortantur.

2018 4086 2153 4146 Haec
2184 4091 2281 4148 ubi
2307 4091 2466 4160 dixit,
2507 4106 2601 4146 rex
2633 4089 2853 4161 iniquus
2880 4088 3237 4147 membratim
3278 4089 3443 4164 pedes
3490 4100 3543 4148 et

1939 4199 2119 4256 crura,
2165 4192 2230 4240 ut
2276 4185 2427 4256 prius
2467 4199 2667 4240 manus
2701 4190 2758 4239 et
2800 4181 3048 4251 brachia,
3095 4183 3221 4239 fecit
3268 4184 3535 4241 abscindi.

1940 4281 2075 4354 Quis
2115 4279 2290 4347 furor,
2332 4291 2366 4332 ο
2399 4276 2564 4345 cives,
2620 4290 2745 4348 qua:
2795 4283 2946 4332 tanta
2988 4291 3235 4348 unquam
3275 4277 3548 4335 dementia

1940 4375 2068 4432 ferri
2138 4370 2356 4444 potuit?
2419 4369 2555 4438 Quis
2636 4368 2814 4440 potuit
2894 4368 3054 4424 claris
3123 4369 3420 4428 luminibus
3489 4372 3546 4427 in

1941 4467 2165 4524 homine
2226 4473 2342 4520 tam
2413 4461 2719 4518 maximum
2783 4459 2992 4516 facinus
3055 4461 3347 4533 inspicere?
3414 4464 3544 4536 quid

207 4568 286 4618 ut
338 4558 640 4614 custodiam
687 4559 948 4615 mandata
992 4565 1108 4615 tua.
1139 4563 1310 4617 Funes
1353 4565 1696 4630 peccatorum
1723 4561 1828 4613 οἱν-
1866 4579 1912 4643 D
1942 4564 2121 4620 dirum
2184 4559 2364 4616 relatu
2398 4563 2422 4615 Ρ
2476 4555 2606 4630 quid
2652 4551 2914 4612 horribile
2966 4554 3158 4612 auditu
3182 4559 3207 4611 Ρ
3260 4557 3382 4629 quis
3433 4559 3544 4614 sic-

207 4653 507 4723 cum'plezt
529 4658 660 4709 sunt
705 4670 809 4722 me,
852 4659 902 4710 et
948 4657 1115 4725 legem
1160 4660 1313 4709 tuam
1342 4671 1454 4710 non
1481 4671 1601 4711 sum
1635 4654 1833 4709 oblitus
1942 4657 2019 4714 cis
2041 4655 2215 4712 oculis
2244 4652 2452 4708 intueri
2475 4651 2668 4723 potuit,
2715 4648 2908 4705 audire
2965 4649 3204 4721 potuerit
3231 4659 3342 4707 tam
3384 4651 3546 4709 fune-

205 4746 406 4815 (Psal.
449 4752 689 4814 CXVIII).
735 4747 1120 4820 lniquissimus
1157 4763 1254 4804 rex
1282 4748 1418 4805 dixit
1470 4769 1481 4804 :
1531 4747 1692 4804 Unde
1735 4747 1832 4804 tibi
1947 4759 2095 4806 stum
2129 4763 2284 4820 opus,
2339 4754 2460 4802 tam
2506 4743 2725 4799 crudele
2757 4743 2976 4800 scelus?
3010 4743 3116 4801 Sed
3156 4744 3352 4802 Christi
3389 4748 3548 4804 miles

205 4840 464 4899 audacia
489 4840 594 4897 ista
618 4841 898 4897 maxim?
936 4842 1146 4898 Invitus
1183 4841 1387 4899 Christi
1411 4841 1572 4898 miles
1609 4855 1836 4913 respono
1947 4841 2364 4915 imperterritus
2387 4837 2564 4895 adhuc
2601 4837 2832 4908 majora,
2865 4853 2930 4893 ac
2975 4837 3076 4894 sibi
3119 4838 3219 4894 soli
3269 4840 3546 4911 praedesti-

206 4935 314 4993 dit
347 4953 362 4990 :
393 4935 478 4990 De
500 4935 832 4991 conscientia
859 4935 1002 4990 bona
1031 4943 1085 4992 et
1111 4935 1217 4993 ﬁde
1248 4951 1364 4992 non
1388 4936 1514 4991 ﬁcta
1541 4939 1584 5001 (l
1609 4938 1741 4990 Tim.
1770 4941 1834 4999 ι).
1947 4945 2098 5006 nata,
2123 4944 2178 4992 et
2203 4950 2235 4990 a
2275 4933 2520 4989 Domino
2563 4940 2832 4989 reservata
2875 4930 3224 5006 exspectabat
3252 4942 3546 5004 tormenta,

1951 5047 2074 5104 quae
2105 5030 2204 5086 iste
2243 5027 2616 5100 nequissimus
2659 5025 3003 5098 excogitabat
3039 5035 3165 5097 post
3205 5043 3397 5084 omnes
3436 5032 3550 5085 Ro-

1952 5139 2244 5182 manorum
2273 5129 2706 5192 caeterarumque
2720 5117 3123 5191 provinciarum
3154 5128 3547 5193 persecutores.

1953 5220 2126 5277 Jussit
2153 5217 2300 5274 enim
2345 5214 2672 5272 detruncata
2717 5213 2949 5286 martyri
2996 5211 3324 5270 umbilicum
3361 5215 3549 5284 incidi,

1953 5322 2012 5371 et
2055 5313 2311 5370 intestina
2359 5309 2623 5384 paulatim
2665 5308 2907 5366 detracta
2948 5309 3087 5365 circa
3112 5307 3324 5381 lignum
3357 5309 3427 5366 ad
3450 5309 3554 5368 hoc

1955 5407 2166 5465 factum
2210 5403 2546 5478 congregari.
2604 5403 2761 5474 Quae,
2805 5418 2935 5459 cum
2975 5401 3071 5460 diu
3117 5402 3550 5474 extraherentur,

1957 5517 2118 5559 verus
2145 5500 2346 5558 Christi
2392 5498 2548 5555 miles
2609 5497 2798 5554 oculos
2845 5496 2916 5554 ad
2961 5495 3165 5554 caelum
3202 5497 3393 5567 erexit,
3439 5503 3554 5557 Deo

1960 5596 2161 5670 gratias
2183 5594 2319 5670 egit,
2344 5593 2500 5666 eique
2531 5592 2801 5666 Spiritum
2830 5606 3013 5658 suum,
3051 5591 3416 5666 ultimumque
3456 5593 3550 5648 fla-

1959 5697 2080 5745 tum
2106 5688 2190 5746 his
2216 5687 2392 5744 verbis
2432 5684 2844 5743 commendavit
2889 5703 2902 5736 :
2943 5687 3007 5740 In
3035 5700 3228 5741 manus
3259 5694 3378 5742 tuas
3407 5702 3551 5741 coma-

1961 5783 2148 5840 mendo
2175 5784 2432 5854 spiritum
2457 5793 2632 5836 meum
2662 5782 2813 5847 (Luc.
2843 5781 3056 5846 nm).

2034 5878 2166 5934 Post
2193 5875 2312 5933 hac
2351 5873 2516 5931 verba
2545 5887 2676 5928 mox
2717 5869 2788 5928 de
2815 5869 3090 5942 ergastulo
3116 5869 3295 5927 carnis
3318 5867 3551 5943 solutus,

208 5026 485 5086 Audacia
505 5042 644 5101 opus
662 5035 766 5085 est.
793 5027 1038 5090 Audaeia
1066 5029 1216 5085 enim
1246 5045 1344 5101 pro
1369 5045 1535 5086 muro
1569 5030 1828 5086 habetur.

201 5127 388 5182 Nam
441 5120 530 5178 bis
573 5121 632 5178 in
680 5122 869 5195 ιιι-ωΗο
922 5130 1006 5180 est
1048 5123 1351 5179 maximum
1381 5123 1708 5195 periculum,
1747 5122 1842 5194 qui

203 5215 485 5274 maxime
539 5216 761 5273 timent.
817 5218 1016 5281 Nolite,
1075 5216 1257 5290 inquit
1314 5217 1613 5287 Dominus,
1661 5220 1844 5272 timere

200 5327 318 5368 eos
351 5311 454 5381 qui
488 5311 737 5366 omittunt
773 5327 989 5382 corpus,
1019 5312 1264 5366 animum
1291 5316 1474 5367 autem
1501 5328 1606 5367 non
1625 5316 1847 5382 possunt

200 5403 504 5474 ooce'dere;
523 5404 619 5460 sed
649 5405 836 5475 potius
875 5407 1054 5460 timete
1070 5420 1190 5460 eum
1210 5407 1305 5475 qui
1323 5411 1501 5477 potest
1538 5410 1587 5460 et
1611 5409 1848 5461 animum

199 5505 274 5556 et
301 5511 515 5568 corpus
529 5498 750 5569 perdere
774 5501 835 5554 in
854 5500 1150 5569 gehennam
1165 5501 1387 5567 (Matth.
1410 5500 1497 5573 χ).
1515 5498 1852 5557 Nefandissi-

200 5603 483 5650 mare:
503 5590 648 5647 dixit
673 5609 686 5647 :
717 5595 943 5665 Depone
951 5593 1072 5666 jam
1095 5592 1386 5650 audaciam
1405 5602 1581 5659 tuam,
1610 5603 1666 5651 et
1684 5595 1850 5652 adora

197 5684 808 5755 deo-potentissimos
829 5685 1106 5760 deumque
1130 5701 1320 5745 meum
1345 5697 1512 5760 quem
1535 5688 1852 5762 confregisti

196 5781 532 5848 restant-az
567 5778 694 5852 quia
715 5780 988 5839 Dominus
1024 5788 1174 5852 tuus,
1205 5797 1373 5855 quem
1396 5781 1554 5852 colis,
1573 5795 1687 5840 non
1711 5782 1853 5839 valet

192 5883 280 5934 to
325 5869 570 5930 liberare
599 5871 668 5931 de
694 5875 1006 5942 tormentis,
1053 5889 1176 5948 quae
1200 5874 1315 5934 tibi
1355 5883 1488 5935 sunt
1525 5883 1850 5950 preparata.
