4048 6174
555 98 569 125 Ι

522 255 623 308 903

1529 249 1619 301 Al)
1658 246 1882 300 orem
1923 246 1978 299 s.
2020 208 2341 299 Gnaeos"
2380 243 2813 299 APPENDICES.

3720 245 3816 299 904

519 378 663 434 inter
706 376 1022 449 angelorum
1068 386 1267 427 manus
1311 370 1608 435 visibiliter,
1660 378 1720 425 ut
1756 370 1939 425 testati
1987 377 2117 425 sunt
2145 374 2201 437 Α
2227 371 2337 424 Nec
2361 368 2582 432 mirum,
2635 369 2682 423 si
2732 370 2881 423 Deus
2926 364 3103 421 adhuc
3159 365 3433 422 viventem
3483 380 3580 438 per
3628 380 3820 423 manus

523 472 614 542 qui
644 471 887 536 aderant,
915 473 1195 536 exceptus,
1227 463 1510 535 condignis
1561 462 1811 519 laudibus
1837 480 1869 519 a
1910 464 2114 519 sanctis

520 564 852 636 martyribus
897 562 954 615 in
999 559 1137 617 emlo
1191 566 1275 614 est
1316 565 1617 629 susceptus.
1668 559 1840 629 Igitur
1882 558 2115 613 invictus

522 658 718 715 Christi
749 664 980 727 martyr,
1010 653 1409 725 aliquantulum
1460 661 1673 707 mutata
1703 651 1863 717 facie,
1902 667 1969 708 1v
2006 654 2117 706 Ka-

519 751 665 807 lend.
693 750 892 807 Octob.
925 748 1172 804 debitum
1198 746 1375 815 solvit;
1401 747 1592 801 mortis
1624 762 1849 812 amarae,
1876 746 2115 801 victurus

521 847 573 900 in
636 852 907 900 mternum
966 845 1132 897 ἤιεν-ϐε
1194 842 1408 911 quidem
1470 843 1584 907 Dei,
1659 841 1884 895 cohteres
1940 846 2117 895 autem

521 938 727 995 Christi
751 938 925 1007 (Rom.
961 935 1119 1004 νιιι),
1152 933 1421 989 talentum
1457 933 1559 988 sibi
1585 933 1857 988 creditum
1894 933 2117 987 cumlu-

517 1047 613 1087 cro
655 1030 921 1102 passionis
965 1029 1128 1100 digne
1172 1026 1497 1097 reportavit.
1547 1027 1723 1098 Igitur
1779 1026 1974 1097 dignus
2015 1026 2117 1082 hac

518 1125 802 1191 melliﬂua,
848 1132 905 1178 et
928 1120 1230 1193 jucundula
1275 1120 1614 1190 veridicaque
1661 1120 1945 1176 vocatione
1989 1118 2113 1187 fuit,

519 1218 643 1289 quia
688 1219 743 1272 in
773 1225 828 1272 te
854 1214 1190 1287 complacuit
1214 1215 1411 1270 anima:
1436 1229 1593 1281 meae,
1622 1214 1905 1285 ingredere
1936 1213 2115 1269 locum

518 1310 893 1366 exsultationis
945 1318 1001 1365 et
1025 1307 1252 1374 laetitiae,
1285 1317 1345 1363 ut
1373 1308 1555 1363 videas
1585 1307 1723 1362 bona
1770 1308 2115 1363 Hierusalem

521 1404 774 1461 omnibus
811 1403 1006 1459 diebus
1047 1403 1173 1458 vita:
1206 1410 1316 1458 tua:
1364 1403 1529 1465 (Psal.
1560 1408 1811 1467 cxxvn).
1858 1402 1989 1469 Quis
2018 1418 2114 1456 un-

521 1515 686 1570 quam
752 1498 924 1553 valeat
964 1496 1131 1567 digne
1159 1496 1415 1567 prosequi
1465 1495 1606 1566 stylo
1661 1502 1775 1550 tam
1823 1494 2114 1550 miriﬁcum

521 1609 659 1663 opus
689 1592 955 1663 martyrii,
991 1590 1045 1645 in
1074 1590 1169 1645 tali
1209 1600 1451 1662 martyre
1494 1589 1731 1645 Christi?
1778 1593 1989 1645 Revera
2016 1606 2117 1660 pa-

520 1686 683 1740 radisi
712 1684 910 1757 gaudia
948 1683 1323 1756 jucundanter
1366 1683 1573 1755 absque
1611 1683 1828 1755 publico
1866 1685 2121 1740 intrasset

2222 463 2443 519 illorum
2489 462 2717 519 diversis
2761 461 3095 517 cruciatibus
3135 459 3383 532 permisit
3418 461 3661 532 purgari,
3699 476 3819 516 cor-

2224 573 2324 628 pus
2359 556 2553 624 occidi,
2591 564 2716 628 post
2756 564 2998 611 mortem
3029 569 3157 609 vero
3191 554 3245 608 in
3294 554 3480 610 animo
3507 562 3563 625 et
3591 568 3820 624 corpore

2222 651 2336 722 ipse
2377 651 2651 707 Dominus
2677 649 3085 706 dominantium
3128 647 3629 719 voluitdominari.
3680 647 3823 704 Dicit

2224 745 2372 800 enim
2401 744 2517 816 ipse
2560 745 2614 799 in
2662 744 2955 815 Evangelio
2986 760 3001 799 :
3034 744 3205 801 Nolite
3243 745 3428 797 timere
3454 757 3536 797 eos
3560 744 3661 811 qui
3688 744 3824 797 occi-

2224 841 2361 894 dunt
2381 856 2587 909 corpus,
2604 844 2727 912 post
2747 841 2856 893 haec
2872 855 2974 894 non
3001 839 3191 892 habent
3210 838 3447 907 amplius
3462 836 3596 906 quid
3606 839 3823 903 faciant

2225 935 2444 999 (Matth.
2477 950 2539 999 χ,
2592 936 2719 988 Luc.
2762 932 2890 1003 x11).
2928 934 2999 987 Et
3043 932 3170 987 alibi
3219 930 3473 1002 promisit
3518 930 3634 985 suis
3682 930 3823 985 ﬁde-

2226 1026 2367 1082 libus
2422 1046 2435 1080 :
2503 1030 2573 1083 Et
2616 1028 2840 1097 capillus
2889 1028 2955 1081 de
3003 1028 3176 1096 capite
3224 1031 3397 1081 vestro
3469 1040 3570 1079 non
3613 1024 3823 1094 peribit

2228 1124 2351 1175 Luc.
2383 1126 2542 1185 χχι.)

2296 1217 2379 1271 Ut
2404 1223 2591 1269 autem
2613 1230 2709 1269 rex
2736 1214 2938 1271 audivit
2964 1214 3067 1270 hoc
3090 1213 3301 1270 factum
3324 1214 3674 1281 miraculum,
3704 1230 3823 1286 per-

2226 1308 2449 1363 territus
2486 1316 2570 1363 est
2599 1323 2727 1363 cum
2774 1308 2889 1364 suis
2936 1308 3081 1380 quod
3119 1316 3233 1364 tam
3282 1308 3593 1365 inauditum
3640 1324 3823 1379 perpe-
3904 1352 3905 1355 η

2225 1410 2424 1458 trasset
2446 1402 2823 1458 homicidium.
2854 1404 2924 1458 Et
2965 1402 3194 1458 concilio
3221 1402 3376 1468 inito,
3427 1402 3580 1458 misit
3620 1404 3820 1457 iterum

2226 1494 2293 1550 ad
2363 1512 2521 1551 suum
2589 1496 2987 1563 consiliarium,
3042 1494 3502 1552 nefandissimum
3578 1496 3817 1562 idolum,

2228 1589 2501 1644 Machmit
2545 1590 2915 1646 nominatum.
2966 1592 3101 1659 Quae
3143 1598 3291 1662 gesta
3321 1598 3469 1656 sunt,
3518 1591 3819 1658 nuntiavit;

2229 1698 2350 1753 quae
2394 1682 2575 1739 adhuc
2604 1683 2845 1741 facienda
2903 1692 3108 1750 essent,
3151 1683 3445 1755 inquisivit.
3490 1684 3587 1739 Cui
3636 1684 3821 1738 statim

520 1779 803 1851 martyrio,
832 1778 958 1850 quia
988 1778 1216 1849 implere
1245 1776 1455 1833 studuit
1496 1778 1551 1831 in
1588 1794 1647 1833 se
1678 1779 1823 1849 ipso,
1855 1795 1981 1850 qua:
2009 1794 2109 1833 au-
2146 1763 2194 1824 Β
2224 1776 2433 1833 idolum
2479 1778 2583 1834 tale
2610 1776 2786 1833 fertur
2823 1776 3042 1833 dedisse
3079 1791 3403 1849 reSponsum
3443 1796 3457 1832 :
3490 1779 3730 1847 Magnus
3770 1784 3821 1830 et

518 1871 652 1927 divit
678 1872 748 1927 ab
793 1872 1059 1942 Apostolo
1096 1892 1108 1927 :
1143 1874 1464 1940 Mortiﬁcate
1505 1874 1743 1926 membra
1766 1879 1965 1941 vestra,
1998 1888 2118 1942 quae

517 1972 641 2021 sunt
670 1981 831 2035 super
862 1972 1079 2031 terram,
1103 1968 1536 2032 fornicationem,
1564 1968 1986 2034 immunditiam,
2009 1975 2117 2022 etc.

519 2061 734 2128 (Ephes.
756 2062 841 2123 v.)
869 2061 1010 2113 Nam
1031 2058 1402 2127 evangelicum
1423 2059 1712 2114 consilium
1730 2060 2119 2115 contemnendi

520 2151 805 2217 saculum,
849 2150 924 2205 illi
973 2151 1307 2222 acceptabile
1355 2160 1472 2206 erat
1517 2160 1571 2207 et
1607 2152 1943 2223 jucundum,
1993 2154 2119 2223 quia

522 2261 633 2300 non
657 2243 860 2311 solum,
894 2260 1018 2314 quae
1046 2245 1256 2309 habuit,
1288 2244 1384 2301 sed
1413 2245 1597 2312 etiam,
1630 2246 1777 2317 quod
1807 2247 2117 2303 maximum

522 2347 578 2394 et
614 2338 998 2393 eharissimum
1035 2340 1157 2393 Deo
1198 2337 1317 2403 fuit,
1365 2338 1719 2409 semetipsum
1750 2343 1867 2395 Deo
1897 2340 2117 2407 obtulit,

521 2440 578 2487 et
606 2430 907 2486 fortissima
947 2447 1101 2486 arma
1148 2430 1479 2488 obedientiae
1526 2433 1785 2503 arripuit;
1817 2434 2013 2505 quibus
2060 2436 2118 2490 in

522 2524 859 2580 monasterio
918 2522 1013 2579 diu
1082 2523 1322 2595 perfecte
1389 2533 1446 2579 et
1497 2524 1794 2581 honoriﬁce
1843 2527 2115 2583 militavit.

522 2618 649 2672 Fuit
676 2617 874 2689 quippe
901 2625 1127 2674 sanctus
1154 2618 1260 2673 iste
1293 2617 1557 2687 pontifex,
1589 2628 1653 2674 ut
1681 2619 1910 2688 Joiada;
1941 2622 2031 2692 qui
2058 2622 2117 2675 in

520 2710 628 2765 vita
656 2727 749 2767 sua
778 2710 1158 2768 corroboravit
1184 2712 1475 2781 templum,
1508 2722 1562 2767 et
1591 2714 1741 2783 quasi
1783 2715 1887 2769 ilos
1913 2716 1966 2769 in
1996 2714 2118 2770 die—

520 2803 621 2860 bus
667 2804 852 2860 vernis
878 2806 1305 2870 demonstratus,
1352 2806 1553 2861 rubore
1594 2808 1863 2877 passionis
1911 2810 1965 2862 in
2012 2808 2119 2865 ﬁne

521 2906 841 2968 perornatur
868 2900 1048 2963 (Eccli.
1082 2902 1158 2966 1.).
1191 2899 1358 2970 Cujus
1378 2899 1516 2955 labia
1541 2900 1926 2957 custodiebant
1949 2906 2120 2957 scien-

518 2990 650 3047 tiam
696 2999 752 3046 et
780 2992 939 3047 multi
976 2991 1330 3062 requirebant
1363 2992 1537 3064 legem
1582 3009 1648 3049 ex
1681 3010 1779 3057 ore,
1804 2994 1956 3066 ejus;
1995 2998 2118 3067 quia

518 3084 745 3157 angelus
790 3085 1013 3141 Domini
1042 3086 1383 3141 exercituum
1413 3096 1530 3142 erat
1575 3089 1727 3152 (Mal.
1762 3092 1860 3156 11),
1897 3105 2120 3144 annun-

516 3180 661 3236 tians
709 3178 936 3234 verbum
983 3179 1128 3246 vitae,
1182 3195 1277 3250 per
1305 3188 1595 3252 angustam
1628 3188 1842 3253 portam
1891 3182 2117 3240 studens

516 3289 644 3330 oves
694 3272 795 3329 sibi
840 3271 1078 3330 creditas
1122 3272 1460 3345 quotidianis
1487 3274 1829 3332 documentis
1864 3276 2115 3333 introdu-

515 3383 659 3423 cere.
708 3368 840 3423 Fuit
896 3367 1063 3425 etiam
1103 3366 1303 3424 animal
1357 3377 1482 3424 ante
1531 3377 1587 3423 et
1631 3378 1778 3425 retro
1840 3371 2114 3426 oculatum

517 3463 725 3527 (Ezech.
772 3465 839 3531 1),
892 3463 1320 3534 circumquaque
1372 3462 1708 3532 prospiciens
1745 3463 1973 3521 insidias
2011 3481 2117 3520 ne-

516 3555 762 3626 quissimi
794 3555 989 3624 hostis,
1022 3555 1260 3612 ethicam
1288 3553 1581 3611 virtutibus
1608 3556 1865 3613 omnibus
1895 3558 2115 3629 plenam

515 3663 705 3717 capere
737 3646 935 3713 nitens,
967 3658 1214 3703 aratrum
1250 3648 1605 3704 Dominicum
1649 3648 1860 3706 fortiter
1902 3660 2115 3722 tenens,

516 3755 626 3794 non
656 3748 968 3797 tortuosum
1012 3741 1224 3795 sulcum
1253 3740 1514 3808 faciebat;
1557 3742 1655 3797 sed
1700 3752 1850 3800 caste
1883 3745 2115 3802 vivendo

515 3834 828 3903 exemplum
858 3833 1067 3888 bonum
1111 3832 1342 3889 subditis
1370 3833 1685 3904 praebendo,
1718 3838 1924 3894 scalam
1949 3840 2118 3896 Jacob

516 3927 666 3996 (Gen.
712 3926 931 3995 xxvm)
964 3926 1031 3981 de
1059 3924 1288 3982 diversis
1320 3927 1669 3999 profectuum
1695 3927 1955 4001 gradibus
1980 3948 2117 3988 con-

513 4029 717 4077 sertam
740 4017 1105 4091 tripudianter
1129 4020 1484 4077 ascendebat.

584 4113 732 4183 Quid
778 4113 923 4168 ultra
964 4119 1285 4170 moramur?
1313 4115 1581 4172 Conditor
1625 4116 1794 4185 orbis,
1826 4118 1912 4174 cui
1955 4119 2117 4193 digne

513 4206 764 4262 militavit
810 4207 912 4262 iste
956 4206 1165 4276 beatus,
1223 4217 1406 4281 aperte
1450 4210 1777 4268 monstravit
1827 4212 1962 4281 suis,
2008 4215 2117 4270 sci-

510 4300 636 4355 licet
700 4300 1040 4363 Christianis,
1116 4317 1217 4356 nec
1284 4318 1397 4359 non
1458 4313 1512 4359 et
1579 4305 1814 4362 inimicis
1869 4308 2117 4379 reprobis

514 4395 760 4465 paganis,
831 4410 940 4466 qua
1015 4395 1209 4467 gloria,
1271 4413 1378 4469 qua
1457 4397 1617 4455 laude
1700 4401 1929 4471 spiritus
1997 4402 2114 4473 ejus

2157 3140 2200 3202 C

2229 1880 2420 1943 potens
2451 1881 2536 1927 est
2558 1873 2709 1927 Deus
2734 1870 3198 1928 Christianorum.
3253 1872 3396 1925 Nam
3440 1868 3553 1925 suis
3596 1868 3822 1923 testibus

2228 1973 2353 2036 post
2386 1972 2623 2020 mortem
2684 1963 2781 2019 dat
2828 1964 3001 2019 vivere
3037 1964 3091 2018 in
3141 1978 3308 2035 regno
3347 1963 3638 2017 caelorum.
3684 1965 3822 2017 Ecce

2228 2057 2574 2113 manifestum
2602 2066 2702 2124 est,
2747 2072 2915 2130 quem
2945 2056 3244 2123 occidistis,
3286 2071 3454 2111 suum
3493 2071 3614 2111 esse
3658 2054 3817 2111 fami-

2226 2151 2598 2218 liarissimum,
2629 2160 2684 2207 et
2708 2151 2828 2209 ideo
2857 2160 3189 2223 potestatem
3218 2150 3417 2205 habere
3442 2165 3555 2205 non
3586 2150 3819 2221 potestis

2229 2245 2282 2300 in
2312 2246 2416 2301 illis
2462 2245 2742 2302 membris.
2776 2248 2944 2318 Ergo,
2974 2246 3101 2316 quia
3144 2260 3239 2301 vos
3269 2259 3381 2299 non
3413 2244 3661 2315 potestis,
3701 2245 3825 2299 date

2228 2339 2503 2396 licentiam
2541 2340 2890 2406 Christianis,
2919 2348 3187 2411 quatenus
3221 2339 3376 2393 illum
3406 2337 3731 2405 honoriﬁce,
3765 2346 3824 2392 ut

2229 2434 2531 2489 maximum
2608 2435 2846 2502 Patrem,
2910 2433 3171 2489 studeant
3231 2431 3481 2503 sepelire,
3538 2439 3591 2485 et
3656 2446 3821 2502 quem

2226 2528 2542 2598 episcopum
2570 2543 2821 2583 meruere
2848 2528 3139 2592 viventem,
3164 2534 3285 2597 post
3313 2534 3568 2587 mortem,
3588 2523 3822 2596 dignum

2230 2629 2518 2691 patronum
2568 2637 2628 2678 se
2682 2621 2886 2677 habere
2938 2620 3235 2694 gaudeant.
3285 2622 3354 2675 Et
3398 2618 3593 2674 reversi
3635 2618 3821 2674 nuntii

2229 2730 2353 2787 quae
2373 2715 2661 2771 audierant
2698 2716 2813 2787 regi
2841 2731 2943 2771 suo
2974 2714 3220 2771 detulere
3249 2728 3534 2785 responsa.

2300 2810 2411 2880 Qui
2462 2810 2648 2865 statim
2697 2810 2801 2865 sub
2864 2809 3142 2865 celeritate
3183 2806 3318 2863 fecit
3368 2806 3716 2863 Christianos
3768 2806 3819 2861 in

2228 2919 2399 2958 unum
2429 2903 2719 2959 convenire
2740 2902 2947 2971 locum,
2974 2910 3037 2957 ut
3063 2902 3226 2974 digna
3269 2908 3648 2973 prapararent
3672 2902 3819 2955 obse-

2228 2997 2379 3067 quia,
2426 3013 2553 3053 eum
2579 3012 2795 3053 summa
2819 2996 3187 3063 veneratione,
3210 3010 3311 3050 suo
3360 2992 3817 3050 archimandritm.

2230 3092 2401 3159 Quale
2453 3090 2755 3161 gaudium?
2791 3090 2971 3162 qualis
3013 3090 3201 3145 laetitia
3225 3088 3670 3145 Christianorum
3692 3097 3820 3143 tunc

2231 3184 2543 3255 possederat
2582 3184 2784 3241 corda?
2810 3185 2946 3254 Quis
2990 3183 3131 3256 stylo
3179 3191 3360 3254 posset
3400 3183 3665 3238 exarare?
3703 3182 3821 3253 quis

2226 3278 2517 3335 hominum
2568 3278 2768 3335 valeret
2811 3277 3061 3349 proferre
3099 3277 3328 3349 lingua?
3376 3276 3631 3332 Insonuit
3672 3284 3813 3331 terra

2226 3372 2429 3429 horum
2473 3372 2701 3445 gaudio;
2757 3373 2865 3427 alta
2911 3373 3183 3429 caelorum
3218 3385 3482 3442 responsa
3524 3376 3815 3442 potuerunt

2225 3466 2352 3522 dare
2380 3466 2582 3523 horum
2604 3466 2865 3537 tripudio.
2900 3467 3131 3535 Quantae
3154 3465 3411 3537 lacrymte
3431 3464 3622 3520 laetitia
3650 3466 3815 3534 plenae

2224 3575 2391 3631 genas
2412 3560 2763 3617 suffuderunt
2782 3560 3232 3616 Christianorum
3252 3561 3408 3631 Pqum
3438 3558 3598 3630 capia
3632 3563 3815 3628 posset

2226 3669 2475 3709 enarrare
2523 3654 2814 3709 verborum
2832 3657 2857 3709 ἒ
2891 3656 3027 3710 Post
3069 3668 3222 3708 mare
3247 3652 3500 3708 Rubrum
3544 3652 3701 3706 siccis
3737 3665 3818 3722 pe-

2225 3747 2387 3804 dibus
2410 3747 2844 3817 transvadatum,
2864 3757 2988 3819 post
3004 3748 3420 3805 immersionem
3436 3746 3812 3801 inimicorum.

2226 3842 2591 3898 Hebraeorum
2637 3844 2870 3915 populus
2912 3842 3142 3898 canebat
3191 3842 3428 3897 Domino
3469 3839 3660 3896 laudes
3692 3852 3815 3895 cum

2226 3951 2427 4008 magna
2467 3935 2674 4005 laetitia,
2705 3950 3007 4007 eorumque
3034 3935 3130 3991 ﬁlii
3163 3943 3288 4007 post
3314 3933 3682 4005 captivitatem
3714 3935 3817 3987 Ba-

2225 4028 2549 4102 bylonicam,
2583 4029 2697 4085 visa
2723 4029 3090 4095 Hierusalem,
3134 4043 3333 4100 magno
3366 4027 3695 4083 exsultantes
3717 4024 3816 4077 tri-

2225 4122 2414 4194 pudio.
2466 4123 2573 4179 Sed
2624 4124 2711 4178 vix
2766 4123 3091 4195 aequiparari
3140 4130 3317 4193 potest
3370 4121 3563 4177 horum
3608 4116 3814 4189 gaudio

2224 4217 2536 4273 canentium
2574 4225 2631 4272 et
2661 4217 3013 4288 psallentium
3054 4216 3322 4281 Domino,
3363 4214 3419 4270 in
3454 4212 3624 4270 sancti
3668 4225 3820 4266 mar-

2223 4311 2357 4382 tyris
2399 4310 2603 4367 Christi
2643 4311 2970 4382 patronique
3010 4310 3095 4365 aui
3143 4308 3426 4380 obsequio.
3475 4309 3619 4378 Quae
3665 4305 3816 4370 laus,

2229 4404 2307 4458 vel
2341 4419 2464 4475 quae
2501 4403 2757 4475 jubilatio
2803 4404 2979 4475 potuit
3008 4403 3232 4473 antiquo
3262 4403 3463 4474 populo
3492 4400 3673 4471 major
3699 4413 3820 4455 esse

513 4487 846 4561 martyribus
894 4490 1097 4547 sanctis
1144 4490 1450 4563 adjunctus,
1502 4492 1560 4547 in
1611 4495 1825 4549 caelesti
1878 4494 2004 4552 sede
2045 4495 2114 4551 sit
2142 4528 2193 4591 Β
2221 4512 2388 4569 quam
2440 4496 2705 4553 moderno
2750 4497 2877 4553 huic
2920 4497 3025 4553 fuit
3071 4498 3129 4551 in
3179 4496 3273 4551 tali
3322 4500 3611 4566 martyre?
3655 4496 3819 4549 Forte

510 4582 821 4639 collocatus.
872 4585 1012 4639 Nam
1065 4583 1315 4645 membra
1342 4584 1544 4640 Christi
1598 4588 1855 4658 martyris
1881 4587 2115 4644 detrun-

511 4685 631 4732 cata
660 4676 891 4747 gentiles
923 4677 1311 4748 disposuerunt
1344 4676 1725 4736 sordidissimo
1753 4682 1896 4750 loco,
1942 4698 2111 4754 equo—

510 4786 631 4826 rum
704 4771 967 4826 inculcari
1036 4771 1291 4842 pedibus,
1351 4771 1503 4843 juxta
1575 4772 1705 4829 illud
1777 4793 1790 4829 :
1857 4779 2113 4832 Merum-ia

512 4865 655 4923 illius
678 4869 869 4934 pereat
899 4865 964 4919 de
994 4870 1145 4931 terra
1171 4866 1285 4929 (Job
1314 4872 1531 4933 xvm);
1560 4882 1628 4924 ne
1658 4866 1958 4925 Christiani
1982 4887 2109 4929 eum

508 4958 610 5013 sibi
659 4966 962 5029 martyrem
1012 4956 1221 5027 possint
1264 4957 1482 5014 habere.
1528 4960 1653 5025 Sed,
1684 4962 1956 5019 Dominus
1997 4980 2113 5020 om-

509 5052 682 5119 nium,
712 5050 797 5105 cui
835 5049 971 5105 nihil
1012 5057 1097 5106 est
1140 5050 1491 5121 impossibile,
1522 5054 1755 5123 subjecit
1802 5055 1875 5110 illi
1916 5072 2111 5115 omnes

510 5143 719 5208 hostes,
761 5151 823 5197 ut
875 5141 1142 5199 conderet
1183 5143 1467 5200 ecclesiam
1504 5144 1562 5201 in
1590 5146 1707 5216 ejus
1751 5148 2009 5216 nomine;
2052 5151 2111 5207 in

508 5252 613 5306 qua
663 5235 819 5291 ﬁeret
873 5235 987 5305 ipse
1043 5235 1221 5292 hostia
1270 5237 1387 5293 viva
1437 5239 1493 5293 in
1558 5240 1884 5298 sacriﬁcium
1938 5243 2111 5300 laudis

508 5336 797 5400 perpetuac.

576 5423 657 5478 Ut
679 5429 864 5477 autem
888 5422 1069 5481 conati
1104 5433 1233 5480 sunt
1262 5426 1430 5482 sancti
1460 5428 1717 5500 martyris
1745 5430 1993 5487 membra
2027 5432 2107 5489 Ie-

506 5526 627 5567 vare
670 5510 739 5567 de
779 5516 945 5577 terra,
993 5514 1142 5567 Deus
1173 5514 1492 5585 ponderavit
1542 5517 1633 5573 illa
1684 5522 1838 5591 quasi
1867 5522 2106 5577 maxima

504 5600 773 5657 montium
820 5598 1202 5670 fundamenta;
1253 5612 1307 5658 et
1336 5620 1437 5660 nec
1466 5606 1760 5664 minimum
1804 5608 2105 5682 digitorum

504 5689 821 5747 membrum
844 5687 954 5746 ullo
972 5699 1188 5763 poterat
1207 5692 1441 5753 artiﬁcio
1456 5696 1632 5753 levare
1653 5699 1872 5770 gentilis
1894 5713 2100 5758 turma.

2224 4590 2430 4646 videres
2469 4591 2705 4646 alterum
2756 4590 2926 4647 Jacob
2970 4608 3001 4645 a
3058 4590 3184 4645 ﬁliis
3221 4588 3470 4659 sepeliri,
3531 4587 3818 4643 conditum

2222 4684 2561 4741 aromatibus
2609 4686 2772 4752 (Gen.
2819 4688 2918 4753 1.),
2974 4683 3174 4755 pariter
3219 4682 3288 4738 ab
3334 4681 3613 4747 omnibus,
3661 4680 3814 4752 quasi

2222 4779 2400 4850 ipsum
2446 4778 2731 4835 Christum
2775 4794 2806 4834 a
2855 4776 3061 4848 Ioseph
3102 4786 3156 4833 et
3198 4775 3498 4833 Nicodemo
3548 4772 3816 4832 tumulari

2222 4876 2408 4937 (Joan.
2449 4886 2560 4929 xrx
2573 4877 2613 4939 ).

2293 4967 2464 5039 Igitur
2496 4982 2625 5022 cum
2650 4965 2994 5023 convenisset
3033 4964 3264 5037 populus
3290 4962 3652 5027 Christianus,
3687 4976 3819 5018 cum

2221 5060 2461 5117 maxima
2508 5060 2860 5116 veneratione
2930 5058 3170 5115 levantes
3237 5056 3485 5113 membra
3548 5056 3821 5128 martyris

2219 5154 2423 5211 Christi
2474 5153 2781 5220 Tiemonis,
2832 5161 3112 5224 portantes
3156 5152 3214 5207 in
3272 5150 3584 5219 ecclesiam,
3639 5150 3824 5207 tribus

2217 5246 2416 5303 diebus
2471 5254 2527 5302 et
2574 5244 2749 5301 tribus
2791 5245 3042 5302 noctibus
3100 5244 3306 5317 vigilias
3341 5244 3708 5312 celebrantes,
3748 5260 3815 5298 ac

2217 5339 2441 5396 demum
2484 5338 2650 5411 digno
2704 5338 2912 5395 honore
2960 5338 3288 5411 sepelierunt
3328 5353 3459 5393 cum
3505 5336 3733 5410 hymnis
3758 5347 3821 5392 et

2217 5433 2483 5490 laudibus.
2532 5436 2659 5503 Ipso
2689 5431 3052 5504 depositionis
3092 5432 3185 5488 die
3229 5439 3284 5487 et
3335 5430 3592 5502 deinceps
3640 5432 3709 5487 ad
3736 5445 3825 5487 se»

2217 5523 2468 5594 pulcrum
2497 5521 2643 5585 illius
2671 5522 2875 5579 ﬁebant
2904 5521 3099 5587 crebra
3124 5520 3387 5579 miracula
3409 5536 3523 5578 non
3544 5522 3731 5578 solum
3754 5522 3821 5577 in

2216 5611 2551 5679 Christianis,
2581 5611 2679 5667 sed
2702 5612 2866 5668 etiam
2914 5611 2970 5666 in
3014 5610 3241 5683 paganis
3274 5610 3429 5681 ipsis,
3466 5610 3560 5681 qui
3586 5626 3719 5667 eum
3742 5626 3821 5667 ex

2214 5710 2345 5758 tunc
2386 5708 2720 5773 venerantur
2759 5699 3003 5773 quotidie
3050 5702 3216 5769 (469).
3234 5702 3458 5758 Passus
3501 5706 3591 5767 est
3625 5708 3822 5756 autem

574 5799 720 5863 (469)
761 5796 892 5853 Iniit
924 5798 1115 5859 Tiemo
1161 5800 1657 5873 peregrinationem
1698 5819 1845 5862 anno
1887 5810 2047 5874 1100,
2078 5816 2216 5866 teste
2251 5807 2472 5868 Othone
2514 5807 2774 5882 Frising.,
2813 5807 2910 5864 lib.
2944 5823 3059 5865 v11.
3108 5811 3268 5866 Anno
3299 5803 3549 5879 sequenti
3583 5812 3823 5877 captum
