4048 6174
539 234 641 284 907

1543 226 1633 278 ΑΙ)
1674 225 1901 277 OPERA
1941 223 1993 277 S.
2036 222 2356 278 UHEGORII
2394 222 2834 278 APPENDIL‘ES.

3722 224 3817 275 908

1659 510 1945 601 VITA
2019 513 2118 598 B.
2196 462 2714 599 ANSELMI

1821 690 2182 751 LUCENSIS
2223 689 2555 749 EPISCOPI
2572 736 2589 765 ,

537 854 669 913 ΑΒ.
698 852 803 930 (sic
831 855 984 911 enim
1001 869 1060 910 se
1084 853 1271 921 vocat)
1303 848 1676 928 presbytero,
1712 848 2111 928 ejusdemque
2145 851 2206 909 S.
2237 847 2495 909 Pastoris
2523 846 2585 906 in
2605 846 3016 926 spiritualibus
3035 844 3157 907 ﬁlio
3181 836 3445 923 graviter
3469 844 3822 924 conscripta.

1189 947 1295 1009 Cui
1324 946 1687 1028 quamplura
1717 947 1834 1008 alia
1862 948 2138 1025 ejusdem
2173 949 2234 1009 S.
2273 946 2381 1006 viri
2426 946 2726 1007 miracula
2757 945 3187 1007 adnectuntur.

1990 1126 2394 1143 ᾖ

613 1273 843 1328 Devotis
871 1269 1242 1342 quorumdam
1270 1266 1517 1339 precibus
1554 1267 1825 1322 instanter
1860 1268 2131 1339 cogimur,
2165 1270 2220 1333 Α
2249 1267 2340 1322 illo
2381 1265 2739 1337 postmodum
2781 1265 3031 1337 religiose
3066 1270 3431 1321 consecratus.
3474 1263 3675 1335 Igitur,
3706 1263 3833 1318 dum

543 1377 604 1423 ut
626 1368 810 1421 Vitam
835 1365 1167 1419 sanctissimi
1196 1362 1375 1420 Patris
1395 1361 1570 1417 nostri
1592 1361 1850 1416 Lucensis
1871 1361 2133 1433 episcopi,

545 1460 753 1517 domini
812 1458 1087 1523 Anselmi,
1143 1472 1309 1527 quam
1367 1463 1664 1526 praesentes
1721 1455 1959 1510 vidimus
2008 1464 2064 1511 et
2107 1471 2137 1509 a

548 1554 748 1623 pariter
773 1550 1244 1606 commorantibus
1274 1548 1504 1604 ﬁdeliter
1529 1548 1857 1619 accepimus,
1883 1563 2140 1619 compen-

543 1646 700 1702 dioso
731 1646 1072 1716 explicemus
1114 1644 1337 1709 labore;
1372 1658 1495 1714 quae
1545 1648 1629 1697 tot
1680 1650 1827 1698 certe
1866 1656 1932 1697 ac
1972 1642 2142 1696 tantis

543 1740 802 1811 praeclara
842 1737 989 1793 fulsit
1019 1737 1325 1802 virtutibus,
1362 1744 1423 1791 ut
1464 1736 1693 1790 minime
1719 1752 1822 1790 nos
1850 1734 1919 1790 ad
1956 1735 2142 1807 injun-

546 1843 697 1889 ctum
737 1832 843 1887 tale
880 1832 1169 1904 negotium
1199 1830 1558 1885 sufﬁciamus.
1593 1831 1784 1900 Atqui,
1823 1829 1957 1884 dum
1984 1844 2141 1884 vene-

545 1926 717 1981 rabile
775 1924 1105 1981 desiderium
1170 1923 1391 1979 illorum
1445 1922 1873 1994 perpendimus,
1924 1921 2141 1976 tametsi

546 2036 659 2075 non
700 2016 1028 2084 sufﬁcimus,
1076 2024 1358 2087 utcunque
1408 2024 1616 2083 tamen,
1666 2014 1814 2085 quod
1861 2022 2140 2085 expetunt,

548 2112 858 2187 incipimus.
913 2110 1191 2178 Quoniam
1238 2108 1486 2163 ﬁdelibus
1515 2108 1728 2162 cunctis
1759 2107 1881 2164 ﬁdei
1923 2115 2145 2178 prastat

549 2204 966 2258 ﬁrmamentum
1024 2211 1078 2256 et
1138 2217 1310 2257 cornu
1370 2202 1591 2267 salutis;
1659 2200 2145 2255 excommunicatis

551 2304 736 2352 autem
764 2294 1150 2351 confusionem
1172 2336 1185 2361 ,
1219 2293 1598 2349 verecundiam
1621 2333 1636 2359 ,
1676 2292 2063 2348 detrimentum
2092 2301 2146 2348 et

555 2389 875 2460 perniciem.

623 2487 673 2538 Α
710 2481 934 2552 pueritia
965 2480 1196 2552 qualiter
1223 2480 1438 2547 vixerit,
1471 2482 1590 2535 tum
1626 2480 1753 2551 quia,
1781 2480 2008 2551 pleniter
2030 2496 2142 2535 non

551 2575 827 2641 novimus,
859 2583 979 2629 tum
1007 2573 1133 2645 quia
1176 2573 1403 2629 reticere
1450 2573 1944 2644 impraesentiarum
1973 2574 2144 2629 satius

551 2669 921 2733 aestimamus,
951 2666 1439 2738 praetermittimus.
1475 2666 1793 2722 Studiosum
1825 2675 2006 2721 tamen
2029 2667 2144 2738 jam

550 2771 685 2818 tunc
716 2762 771 2815 in
797 2760 1132 2816 scholasticis
1162 2761 1326 2815 etiam
1362 2758 1609 2831 legendis
1639 2760 1792 2814 libris
1816 2760 2009 2826 fuisse,
2034 2760 2150 2830 ipso

550 2855 751 2926 saepius
771 2852 1057 2920 referente,
1080 2852 1467 2924 cognovimus;
1494 2852 1643 2924 quod
1658 2861 1709 2907 et
1738 2853 1815 2908 rei
1846 2852 2147 2920 evidenter,

551 2948 804 3019 probavit
829 2945 1089 3014 effectus;
1122 2946 1251 3017 quia
1272 2948 1331 3000 in
1360 2955 1477 3001 arte
1514 2947 1865 3018 grammatica
1897 2955 1951 3002 et
1973 2946 2149 3003 diale-

551 3044 687 3099 ctica
729 3041 930 3097 exstitit
969 3041 1177 3112 peritus
1226 3046 1394 3107 (472).
1444 3043 1594 3095 Dum
1635 3049 1821 3095 autem
1880 3040 2150 3095 videretur

542 3137 658 3207 jam
710 3135 961 3200 idoneus,
1008 3149 1206 3204 nempe
1235 3133 1464 3197 meritis,
1514 3132 1765 3188 moribus
1792 3150 1857 3188 ac
1902 3133 2148 3199 scientia,

550 3229 748 3301 dignus
810 3236 869 3282 ut
915 3226 969 3282 in
1014 3226 1280 3282 honorem
1327 3226 1713 3281 sublimaretur
1773 3227 2147 3298 episcopatus,

553 3322 787 3377 mittitur
822 3338 852 3377 a
878 3320 1329 3377 reverendissimo
1377 3335 1511 3390 papa
1543 3320 1856 3375 Alexandro
1899 3320 2045 3393 (473)
2076 3321 2147 3376 ad

550 3431 759 3487 regem,
790 3414 918 3470 dato
952 3414 1053 3469 sibi
1083 3414 1308 3481 comite,
1345 3414 1599 3485 religioso
1630 3415 1885 3485 episc0po
1923 3416 1979 3469 S.
2009 3413 2145 3469 Ruf-

550 3508 706 3578 finze,
756 3508 980 3565 nomine
1024 3506 1361 3579 Meginardo.
1411 3506 1521 3563 Sed
1574 3507 1699 3578 quia
1732 3508 1853 3579 jam
1898 3496 2147 3579 perfecte

551 3608 793 3672 cmperat
838 3600 1045 3664 odisse,
1107 3609 1172 3655 ut
1227 3600 1363 3654 sacri
1429 3599 1651 3655 ordines
1707 3599 2063 3661 ecclesiastici
2116 3617 2147 3656 a

550 3692 900 3748 saecularibus
945 3693 1210 3747 darentur
1256 3692 1647 3763 potestatibus,
1694 3709 2026 3765 quacunque
2062 3694 2148 3749 vel

551 3786 836 3840 occasione
882 3785 961 3839 vel
1004 3784 1216 3839 ratione
1258 3785 1457 3854 potuit,
1503 3784 1708 3856 absque
1737 3785 2021 3855 dignitatis
2059 3787 2146 3841 in-

552 3879 807 3933 vestitura
837 3877 1117 3945 discessit;
1146 3893 1460 3948 quanquam
1489 3893 1551 3932 ea
1576 3878 1877 3933 intentione
1907 3879 2146 3935 domnus

555 3987 693 4043 papa
733 3970 893 4025 illum
940 3970 1214 4026 direxerit.
1260 3973 1375 4024 Nec
1413 3970 1638 4026 mirum.
1691 3971 1794 4039 Qui
1824 3971 1973 4026 enim
2018 3988 2142 4044 ope-
2182 4012 2229 4077 Ο

555 4072 703 4119 ratus
750 4072 833 4119 est
878 4072 1062 4134 postea
1107 4078 1200 4133 per
1242 4078 1367 4117 eum
1407 4062 1581 4117 multa
1635 4067 1812 4131 Deus,
1864 4064 2148 4122 catholica:

553 4158 706 4213 illum
745 4157 993 4212 electioni
1025 4157 1338 4211 reservavit.
1376 4160 1495 4212 Rex
1520 4165 1705 4213 autem
1735 4159 1891 4229 quasi
1927 4160 2147 4232 despec-

555 4260 675 4307 tum
699 4268 757 4307 se
792 4250 990 4319 doluit,
1029 4258 1086 4305 et
1117 4250 1311 4322 regalis
1344 4250 1558 4322 imperii
1594 4260 1859 4325 tanquam
1890 4269 2148 4326 magnum

558 4344 956 4401 detrimentum
986 4344 1304 4415 deploravit.

624 4439 901 4495 Defuncto
932 4439 1118 4509 itaque
1158 4438 1420 4508 praedicto
1464 4454 1604 4510 papa
1635 4439 1949 4496 Alexandro
1980 4447 2147 4511 (474),

554 4534 688 4591 dum
710 4534 1085 4589 sanctissmus
1113 4534 1414 4605 Gregorius
1434 4535 1534 4588 Vll
1557 4532 1610 4586 in
1634 4534 1948 4589 Romanum
1974 4536 2152 4605 ponti-

557 4627 717 4682 ﬁcem
745 4628 980 4698 Spiritus
1010 4626 1182 4682 sancti
1221 4626 1592 4698 instigatione,
1623 4642 1685 4680 ac
1718 4634 1844 4682 voto
1869 4630 2148 4684 communi

558 4719 885 4774 clericorum
921 4728 976 4773 et
1005 4720 1289 4783 laicorum,
1332 4719 1425 4774 diu
1455 4719 1718 4785 renitens,
1751 4728 1893 4775 esset
1920 4721 2145 4791 electus,

556 4820 618 4867 ut
669 4820 989 4882 sequeretur
1031 4828 1158 4867 eum
1187 4812 1288 4867 iste
1331 4812 1387 4866 in
1431 4811 1729 4880 omnibus,
1773 4814 1828 4868 in
1864 4817 2146 4871 Lucanam

556 4904 860 4961 Ecclesiam
889 4913 972 4959 est
1018 4913 1073 4960 et
1118 4904 1233 4975 ipse
1279 4904 1485 4961 electus
1530 4906 1842 4977 episcopus,
1874 4916 2038 4980 atque
2079 4910 2146 4965 ab

628 5048 774 5114 (472)
822 5042 1041 5097 Recitat
1078 5041 1198 5097 haec
1226 5043 1424 5096 Baron.
1475 5050 1612 5097 tom.
1658 5046 1763 5109 XI,
1809 5060 1950 5101 anno
1986 5052 2144 5118 1073,

554 5120 771 5256 ΙΙ’(ἓ73)
796 5182 1105 5265 {Alexander
1120 5186 1200 5265 ll,
1229 5181 1453 5265 pontii,
1487 5183 1577 5265 qui
1619 5193 1674 5265 et
1695 5184 1807 5265 ipse
1839 5195 1995 5243 antea
2033 5192 2146 5265 epi-

551 5254 751 5384 gcdpus
799 5255 1062 5311 Lucensis
1114 5254 1324 5322 fuerat,
1383 5263 1438 5309 et
1495 5254 1740 5311 Anselmi
1790 5274 1998 5315 nomen
2048 5254 2145 5317 lia-

591 5337 764 5384 uerat.

2246 1360 2520 1431 aliquanto
2548 1368 2815 1431 tempore,
2848 1375 2961 1414 non
2995 1359 3162 1413 semel
3211 1365 3306 1412 aut
3348 1356 3452 1419 bis,
3498 1356 3592 1412 sed
3644 1357 3835 1428 saepius

2247 1468 2373 1509 cum
2396 1453 2592 1509 eodem
2613 1452 3021 1525 religiosissima
3046 1451 3359 1507 ordinatore
3383 1467 3482 1507 suo
3506 1460 3832 1517 moraretur,

2248 1547 2413 1601 vitam
2449 1547 2568 1617 ejus
2608 1546 2977 1602 consideravit
3005 1544 3350 1600 ineffabiliter
3391 1544 3735 1610 mirabilem,
3781 1561 3836 1599 ac

2247 1640 2575 1696 mirabiliter
2622 1638 2973 1696 ineffabilem.
3021 1639 3190 1707 Quia,
3234 1654 3363 1694 cum
3391 1638 3460 1694 de
3500 1638 3761 1694 omnibus
3789 1646 3837 1692 et.

2248 1734 2477 1804 singulis
2506 1732 2703 1788 ﬁnibus
2732 1733 2913 1790 saeculi
2953 1731 3110 1789 ﬁeret
3136 1731 3207 1787 ad
3231 1746 3361 1787 eum
3388 1747 3716 1800 concursus,
3748 1732 3838 1786 rite

2249 1825 2504 1882 omnibus
2531 1826 2813 1882 satisfecit.
2850 1826 3065 1882 Veritas
3091 1841 3220 1881 vero
3248 1833 3302 1879 et
3331 1825 3534 1896 iustitia
3561 1840 3837 1896 nunquam

2248 1920 2331 1976 ori
2360 1920 2478 1991 ejus
2505 1917 2677 1976 defuit
2707 1937 2720 1974 :
2760 1919 2902 1986 imo,
2934 1918 3083 1991 quod
3112 1919 3284 1990 magis
3311 1926 3395 1974 est
3425 1917 3767 1983 mirandum,
3793 1918 3841 1972 in

2249 2013 2381 2083 ipsis
2428 2013 2778 2069 saecularibus
2824 2012 3057 2084 negotiis
3104 2012 3300 2084 saepius
3350 2012 3585 2067 excessit
3632 2021 3839 2075 mente,

2250 2106 2550 2163 exhilarato
2593 2107 2779 2179 spiritu
2812 2123 2910 2162 suo
2949 2106 3155 2162 cmlesti
3198 2105 3690 2175 contemplatione;
3725 2105 3839 2177 qui,

2251 2200 2294 2255 si
2325 2201 2567 2271 privatus
2598 2199 2876 2255 interdum
2906 2200 3198 2266 exstiterit,
3232 2198 3655 2254 revelationibus
3680 2199 3843 2254 etiam

2251 2292 2440 2349 divinis
2471 2293 2807 2365 jucundatus
2856 2302 2939 2349 est
2985 2301 3041 2348 et
3086 2292 3448 2348 confortatus.
3498 2292 3715 2363 Hujus,
3766 2292 3845 2345 in-

2254 2402 2442 2458 quam,
2471 2386 2695 2458 vestigia
2725 2386 2858 2442 dum
2885 2385 3103 2458 exsequi
3134 2384 3408 2441 ferventer
3434 2384 3731 2451 desiderat,
3764 2384 3842 2439 in-

2254 2480 2383 2551 cipit
2418 2480 2661 2535 oblivisci
2700 2479 2996 2547 mundum,
3037 2495 3101 2535 ac
3128 2480 3262 2535 totis
3306 2479 3511 2533 viribus
3554 2479 3756 2534 mentis
3797 2486 3849 2532 et

2253 2574 2518 2644 corporis,
2555 2573 2641 2628 die
2668 2588 2731 2628 ac
2771 2582 2933 2629 nocte
2960 2573 3235 2644 suspirare
3262 2572 3319 2627 in
3348 2575 3547 2639 Deum,
3577 2572 3841 2627 commit-

2256 2674 2378 2721 tens
2414 2683 2471 2723 se
2506 2683 2618 2722 non
2662 2666 2845 2722 solum
2888 2666 3127 2722 assiduae
3163 2666 3405 2731 lectioni,
3445 2681 3636 2721 verum
3681 2665 3848 2721 etiam

2257 2760 2539 2817 continuae
2567 2760 2851 2816 afﬂictioni
2884 2766 3045 2825 (475).

2330 2856 2397 2909 Et
2448 2855 2798 2925 perscrutatis
2841 2854 3179 2910 diversarum
3226 2853 3618 2910 auctoritatum
3661 2853 3848 2921 libris,

2256 2946 2442 3018 incipit
2481 2949 2648 3003 vitam
2689 2963 2847 3003 suam
2874 2947 3255 3019 perditissima:
3290 2948 3665 3003 damnationis
3704 2947 3850 3003 aesti-

2257 3056 2440 3110 mare,
2483 3050 2648 3113 atque
2688 3041 2890 3113 accepti
2945 3041 3234 3097 ministerii
3280 3040 3642 3114 dignitatem,
3691 3057 3850 3113 grave

2257 3135 2439 3190 oneris
2480 3134 2806 3205 periculum,
2850 3151 2963 3191 non
3010 3135 3233 3191 honoris
3280 3135 3544 3207 gaudium
3586 3136 3848 3207 cogitare.

2257 3227 2397 3283 Illud
2426 3242 2553 3283 vero
2580 3235 2707 3283 ante
2744 3229 2926 3284 omnia
2963 3237 3234 3293 metuens,
3283 3228 3431 3300 quod
3465 3238 3591 3300 post
3624 3228 3847 3285 catholi-

2256 3336 2382 3376 cam
2412 3322 2735 3377 electionem
2765 3322 2833 3378 de
2857 3338 3029 3378 manu
3058 3323 3199 3394 regis
3222 3324 3483 3378 annulum
3507 3324 3768 3394 suscepit,
3800 3331 3851 3377 et

2256 3416 2580 3485 pastoralem
2609 3416 2884 3472 baculum.
2924 3419 3066 3472 Nam
3104 3416 3319 3471 irritum
3362 3431 3587 3486 prorsus
3616 3415 3851 3472 aestima-

2253 3509 2331 3563 vit
2382 3508 2644 3581 quidquid
2692 3516 2949 3581 operatus
2996 3516 3101 3576 est,
3133 3508 3286 3580 quasi
3332 3509 3660 3565 auctoritate
3713 3509 3851 3564 illius

2254 3602 2633 3659 abominabilis
2672 3602 3039 3671 investiturae;
3087 3603 3183 3658 sed
3230 3611 3285 3658 et
3322 3602 3560 3659 domnus
3614 3619 3758 3675 papa
3801 3601 3851 3657 id

2254 3695 2434 3751 solum
2458 3696 2750 3767 aliquando
2777 3696 3096 3767 vituperavit
3117 3696 3173 3751 in
3201 3696 3314 3752 illo.

2325 3789 2602 3860 Disposuit
2628 3805 2759 3863 ergo
2792 3789 3053 3845 orationis
3089 3805 3273 3859 causa,
3322 3796 3641 3846 sanctorum
3672 3790 3850 3862 aliqua

2254 3880 2469 3937 visitare
2501 3883 2709 3951 limina,
2749 3892 2804 3939 et
2830 3882 3197 3939 nescientibus
3232 3882 3326 3955 qui
3374 3899 3499 3939 cum
3545 3884 3664 3955 ipso
3694 3891 3851 3939 erant

2256 3975 2568 4045 parentibus
2606 3992 2669 4031 ac
2698 3976 2965 4045 ﬁdelibus,
3014 3977 3078 4031 ﬁt
3104 3977 3283 4033 subito
3313 3975 3617 4032 monachus
3645 3976 3852 4047 regula:

2254 4070 2311 4124 S.
2347 4068 2626 4125 Benedicti
2665 4073 2810 4138 (476)
2836 4071 3130 4142 subjectus.
3162 4070 3268 4142 Qui
3295 4085 3411 4125 non
3441 4079 3563 4142 post
3587 4070 3783 4135 multa,
3818 4082 3851 4122 a

2254 4162 2571 4219 beatissimo
2624 4180 2756 4236 papa
2829 4164 3093 4234 Gregorio
3148 4163 3347 4219 invitus
3389 4171 3665 4219 revocatur
3713 4179 3725 4214 :
3792 4160 3852 4215 in

2256 4257 2417 4329 cujus
2461 4258 2631 4314 etiam
2673 4273 2923 4323 manum,
2975 4257 3239 4329 quidquid
3277 4274 3309 4312 a
3356 4273 3484 4329 rege
3528 4263 3855 4327 acceperat,

2258 4349 2438 4405 reddit
2473 4360 2528 4405 et
2556 4350 2776 4419 refutat,
2804 4351 3096 4422 omnisque
3124 4350 3271 4406 datio
3302 4350 3497 4423 regalis
3525 4350 3582 4405 in
3604 4349 3697 4404 illo
3733 4364 3859 4403 eva-

2256 4451 2469 4499 cuatur.
2514 4446 2634 4515 Ipse
2684 4459 2813 4499 vero
2864 4444 2919 4498 in
2960 4444 3353 4516 plenitudinem
3401 4443 3711 4515 dignitatis,
3772 4443 3857 4497 vix

2257 4538 2447 4592 relicto
2467 4538 2569 4593 sibi
2594 4538 2779 4593 habitu
2806 4544 2950 4604 (477)
2972 4539 3304 4607 monastico,
3325 4545 3679 4594 restauratur.
3710 4538 3856 4592 Nam

2257 4639 2313 4686 et
2350 4630 2504 4686 illum
2541 4630 2862 4688 subtrahere
2899 4632 3003 4687 sibi
3057 4632 3294 4688 domnus
3332 4647 3466 4703 papa
3509 4630 3856 4686 minabatur.

2257 4724 2490 4792 Quantae
2523 4725 2688 4797 igitur
2722 4726 2977 4797 abinceps
3004 4726 3283 4797 religionis
3320 4723 3507 4790 fuerit,
3539 4740 3641 4779 nec
3670 4724 3859 4796 lingua

2257 4827 2437 4889 potest
2457 4818 2678 4888 referre,
2702 4836 2803 4875 nec
2828 4835 3023 4875 manus
3048 4816 3338 4875 scribendo
3361 4819 3501 4873 valet
3517 4817 3853 4889 exprimere.

2256 4911 2508 4967 Monacbi
2540 4912 2745 4983 pariter
2775 4920 2829 4968 et
2848 4910 3093 4968 canonici
3122 4912 3289 4967 vitam
3317 4919 3371 4966 et
3405 4909 3661 4967 ordinem
3688 4924 3858 4964 cona-

2255 5065 2461 5106 venena
2486 5052 2685 5107 mortis
2711 5050 3075 5105 amarissima.
3104 5050 3265 5106 Cibos
3293 5063 3511 5120 quoque
3533 5047 3861 5103 delicatissi-

2254 5136 2375 5175 mos
2402 5123 2663 5191 quoniam
2692 5122 2928 5177 habebat
2954 5136 3167 5185 exosos,
3205 5120 3338 5175 dum
3356 5136 3397 5191 ra
3429 5120 3857 5174 circumseden-

2253 5190 2505 5247 dentibus
2550 5208 2764 5248 sumere
2809 5203 3113 5264 cogeretur,
3163 5190 3560 5264 inﬁrmitatem,
3610 5199 3711 5264 aut
3754 5207 3855 5245 vo-

2252 5271 2395 5334 tum,
2417 5272 2515 5319 aut
2532 5264 2697 5319 aliam
2715 5261 3018 5334 quamlibet
3042 5263 3387 5334 occasionem
3407 5262 3638 5316 honeste
3672 5261 3849 5327 ﬁnxit,

2251 5342 2311 5388 ut
2346 5333 2700 5390 desideratam
2733 5333 3059 5392 ’observaret
3102 5333 3511 5399 castimoniam,
3559 5340 3614 5387 et
3657 5334 3855 5387 convi—

577 5426 581 5428 ν
620 5400 765 5469 (474)
790 5397 1007 5453 Recitat
1030 5396 1148 5452 haec
1168 5399 1319 5465 Bar.,
1345 5404 1481 5451 tom.
1513 5399 1590 5467 Χ,
1623 5414 1767 5456 anno
1792 5407 1949 5469 1073,
1980 5419 2131 5462 num.
2170 5400 2223 5465 D
2251 5405 2498 5461 vantibus
2524 5423 2633 5461 non
2660 5405 2884 5463 afferret
2913 5407 3207 5463 tristitiam.
3242 5428 3267 5455 η
3303 5409 3433 5460 Haec
3452 5396 3637 5460 tamen
3658 5406 3855 5459 omnia

552 5476 757 5536 60,61.

618 5546 763 5607 (475)
838 5542 968 5596 Post
1021 5540 1174 5612 haec
1204 5548 1511 5612 sequuntur
1572 5542 1676 5598 ista
1738 5543 1884 5612 apud
1936 5546 2134 5601 Baron.

551 5637 577 5687 ξι
611 5614 755 5667 Nam
785 5612 971 5687 seculi
997 5611 1368 5687 blandimenta
1399 5621 1455 5667 et
1479 5613 1726 5687 corporis
1753 5611 1992 5683 delicias,
2024 5616 2143 5687 qui-

546 5681 1293 5764 busgaudebant'homines,
1325 5684 1438 5764 ipse
1466 5681 1718 5764 sibi'jam
1747 5692 1878 5740 tunc
1914 5681 2138 5743 conver-

546 5756 615 5810 tit
661 5754 717 5810 in
764 5763 1139 5821 tormentum,
1183 5754 1549 5817 abominanda
1596 5754 1826 5826 qumque
1878 5765 2138 5828 tanquam

2174 5518 2181 5535 ι
2252 5476 2304 5530 in
2334 5477 2649 5549 apographo
2679 5488 2870 5535 nostro
2896 5480 3040 5535 infra
3064 5484 3405 5549 comparent.

2325 5546 2469 5613 (476)
2506 5546 2656 5619 Bar.,
2698 5558 2755 5606 et
2789 5546 3219 5607 Cluniacensiun't
3252 5546 3640 5607 consuetudini
3670 5547 3853 5615 subje-

2250 5624 2470 5756 6ιί8⁸77)
2530 5694 2655 5747 Bar.
2710 5697 2913 5748 mutato
2953 5697 3171 5748 tantum
3201 5691 3426 5757 habitu;
3487 5688 3587 5747 sed
3640 5691 3855 5746 rectius

2250 5762 2528 5833 exemplar
2555 5771 2820 5820 nostrum.
