4048 6174
233 253 334 306 909

1135 249 1417 302 APPEND.
1464 250 1547 303 lll.
1592 278 1656 289 —-
1691 249 2110 305 MONUMENTA
2149 248 2608 303 GREGORIANA.
2700 284 2701 289 η

3416 252 3520 306 910

231 376 394 430 batur
418 373 650 444 explere.
680 374 927 428 Conatur
951 373 1118 428 etiam
1144 373 1324 427 modis
1351 373 1629 440 omnibus,
1652 382 1713 429 ut
1749 374 1819 429 sit
1847 379 1898 440 Α
1926 388 2125 443 aquam
2158 373 2424 444 angustia
2454 374 2511 428 in
2535 372 2975 439 damnationem,
3004 388 3170 444 quam
3209 375 3397 430 vinum
3426 376 3519 431 Ia-

230 483 418 523 servus
448 465 689 538 prudens
722 473 775 521 et
804 466 979 522 ﬁdelis
1021 467 1242 536 (Matth.
1272 472 1440 533 xxv),
1473 475 1532 521 ut
1560 467 1617 521 in
1646 483 1824 523 messe

231 561 454 617 Domini
497 578 608 616 non
637 561 948 615 inveniatur
977 560 1212 627 otiosus,
1260 577 1360 615 nec
1402 560 1701 617 abscondat
1734 578 1822 631 pe-

228 657 451 711 cuniam
472 654 697 709 Domini
728 655 846 718 sui;
886 670 1096 721 verum,
1120 661 1181 709 ut
1206 655 1373 725 possit
1401 655 1688 710 revertenti
1718 658 1825 710 Do-

233 751 384 805 mino
434 749 757 805 ﬁducialiter
796 764 1116 815 occurrere,
1147 747 1333 804 dicens
1382 770 1393 803 :
1426 752 1667 816 Domine,
1699 765 1823 805 ecce

228 861 355 899 mna
381 850 476 897 tua
506 845 678 898 decem
702 859 854 897 mnus
879 845 1167 912 acquisivit
1196 846 1346 911 (Luc.
1381 848 1532 909 XIX).

298 940 384 993 Fit
408 952 538 1008 ergo
566 935 718 993 verbi
749 937 849 992 Dei
882 935 1210 1007 pradicator
1238 937 1505 1008 egregius,
1530 937 1825 992 instructor

226 1031 515 1103 religionis
546 1030 885 1103 pracipuus;
925 1039 1074 1086 amat
1102 1030 1309 1085 clerum
1351 1038 1680 1096 reverenter,
1725 1030 1821 1085 do-

224 1134 425 1197 cetque
451 1124 748 1196 sapienter,
776 1133 1145 1196 cunctumque
1173 1126 1437 1195 populum
1466 1124 1688 1179 instruit
1717 1123 1821 1179 de-

227 1228 437 1275 center.
484 1220 673 1290 thue
712 1218 947 1273 breviter
973 1219 1322 1283 concludam,
1356 1220 1607 1273 omm'bus
1646 1221 1823 1271 omnia

226 1317 410 1381 factus
446 1321 549 1378 est,
579 1320 639 1367 ut
681 1328 872 1368 omnes
919 1311 1263 1367 lucrifaceret
1289 1312 1338 1382 (Ι
1369 1313 1483 1365 Cor.
1522 1316 1637 1379 Ix).
1672 1311 1820 1367 Dia-

224 1407 397 1463 cesim
425 1422 587 1461 suam
610 1405 901 1477 diligenter
929 1406 1147 1469 circuit,
1179 1407 1351 1461 vitam
1385 1405 1660 1471 omnium,
1684 1420 1820 1475 pra-

223 1501 418 1556 sertim
449 1500 775 1555 clericorum
820 1499 1141 1571 dignoscere
1173 1498 1378 1571 gliscit;
1429 1507 1504 1564 et,
1538 1507 1597 1553 ut
1640 1498 1823 1553 omnis

224 1594 459 1649 clericus
490 1593 573 1648 sui
596 1594 837 1648 nominis
856 1608 1087 1664 compos
1110 1591 1323 1660 existat,
1355 1600 1578 1663 paterne
1609 1601 1819 1657 mouet,

226 1687 585 1758 multumque
600 1686 895 1742 desiderat.
919 1686 1005 1742 Sic
1026 1687 1174 1741 enim
1201 1684 1608 1741 eruditissimus
1626 1684 1824 1740 doctor

1935 467 2068 522 titia
2116 468 2175 522 in
2215 468 2583 523 salvationem.
2632 458 2841 539 optant
2885 481 3148 537 pauperes
3195 468 3374 538 potius
3402 484 3519 523 esse

1931 559 2129 616 diaboli
2160 576 2328 631 quam
2365 560 2556 616 divites
2583 558 2808 614 Christi.

2004 654 2302 709 Pradictus
2327 664 2511 710 autem
2536 654 2735 725 prasul
2760 663 2815 710 et
2844 663 3026 725 pastor
3047 654 3518 726 diligentissimus,

1933 747 2126 802 nolens
2152 763 2280 801 oves
2302 747 2402 802 sibi
2448 748 2774 803 commissas
2804 749 3000 819 perire,
3026 756 3146 803 tum
3176 748 3364 817 minis,
3402 758 3520 804 tum

1932 838 2323 895 blandimentis
2368 855 2462 895 eos
2500 840 2833 911 aggreditur.
2897 842 2998 896 Cui
3043 841 3172 897 dum
3204 843 3525 898 resisterent

1934 931 2029 998 illi,
2082 941 2163 1000 et,
2218 924 2485 1002 quantum
2539 942 2854 1003 potuerunt,
2902 933 3363 1002 contradicerent,
3408 936 3521 1008 jam

1934 1036 2085 1095 tunc,
2124 1027 2311 1093 credo,
2365 1026 2598 1081 nimium
2630 1028 2725 1083 sed
2763 1028 2997 1083 inaniter
3026 1028 3280 1101 fatigatus
3311 1045 3524 1085 cessas-

1931 1129 2038 1187 set,
2066 1120 2170 1175 nisi
2190 1119 2355 1192 quod
2380 1120 2571 1176 beatus
2596 1137 2732 1192 papa
2756 1123 2873 1176 Leo
2903 1124 3006 1187 1X,
3038 1123 3136 1177 sub
3157 1122 3376 1178 decreto
3400 1139 3525 1179 ana-

1934 1213 2192 1268 thematis
2252 1222 2519 1269 statuerat
2566 1222 2627 1269 ut
2686 1213 2935 1281 eiusdem
2981 1215 3227 1271 ecclesia
3275 1218 3521 1272 canonici

1933 1307 2101 1362 vitam
2130 1316 2356 1378 agerent
2382 1323 2734 1363 communem
2755 1350 2769 1376 ,
2806 1317 2861 1363 et
2903 1308 3147 1364 viverent
3188 1309 3520 1378 regulariter.

1932 1401 2098 1473 Cujus
2128 1401 2332 1456 decreti
2374 1402 2587 1472 quoties
2627 1401 2765 1456 vidit
2792 1410 2887 1456 aut
2918 1401 3242 1457 recordatus
3271 1409 3355 1456 est
3384 1417 3522 1472 pra-

1932 1503 2172 1565 ceptum,
2202 1495 2439 1565 expavit,
2465 1511 2563 1550 nec
2584 1505 2760 1550 tacere
2786 1511 2949 1550 ausus
2978 1494 3098 1550 fuit.

2000 1588 2218 1644 Accidit
2245 1589 2407 1660 igitur
2434 1590 2577 1659 (478)
2608 1597 2669 1644 ut
2695 1589 2946 1644 eamdem
2977 1588 3043 1643 ad
3076 1588 3350 1644 civitatem
3393 1604 3525 1643 san-

1933 1682 2211 1737 ctissimus
2252 1698 2387 1753 papa
2417 1682 2716 1753 Gregorius
2743 1684 2845 1737 VlI
2887 1682 3114 1748 veniret,
3147 1682 3526 1753 perlatumque

225 1780 597 1853 Hieronymus
625 1781 788 1835 vitam
818 1781 1133 1836 describens
1161 1779 1505 1846 clericorum,
1549 1779 1648 1847 ait,
1679 1777 1827 1850 quod
1856 1746 1903 1808 Β
1932 1783 2015 1830 est
2037 1775 2110 1830 ad
2138 1776 2315 1846 ipsum
2344 1775 2491 1829 idem
2531 1775 2660 1831 illud
2685 1775 2973 1847 negotium
3008 1794 3019 1829 :
3060 1776 3157 1847 qui
3186 1791 3318 1830 mox
3338 1775 3529 1845 incipit

225 1890 257 1929 a
288 1883 440 1930 sorte
488 1874 592 1931 Dei
632 1875 865 1929 clericus
914 1874 1163 1929 dicitur:
1211 1874 1417 1929 scilicet
1462 1881 1554 1941 ut,
1606 1871 1826 1943 abjecto

227 1968 425 2024 mundi
456 1968 616 2039 hujus
652 1968 1067 2039 impedimento,
1110 1967 1243 2023 nihil
1274 1976 1470 2039 prater
1506 1971 1683 2021 Deum
1713 1982 1825 2021 sor-

226 2063 419 2117 tiatur.

294 2157 488 2212 Primo
530 2157 697 2229 igitur
725 2157 1015 2213 canonicos
1044 2157 1285 2213 ecclesia
1315 2156 1543 2227 majoris
1588 2158 1646 2212 in
1688 2160 1825 2214 civi-

223 2258 334 2305 tate
362 2251 612 2317 Lucana,
643 2266 765 2322 qua
798 2259 882 2306 est
904 2251 961 2305 in
988 2250 1195 2306 honore
1220 2251 1554 2306 sanctissimi
1585 2252 1825 2322 episcopi

225 2353 282 2399 et
335 2341 670 2400 confessoris
706 2344 924 2400 Martini
952 2344 1220 2413 dedicata,
1252 2343 1545 2401 mitissime
1580 2346 1827 2417 aggredi-

225 2446 342 2504 tur,
370 2446 581 2505 monet,
612 2438 893 2494 blanditur
921 2446 976 2493 et
994 2437 1187 2494 suadet
1214 2448 1274 2493 ut
1306 2454 1469 2509 Opere
1500 2447 1821 2506 exerceant,

225 2530 385 2602 quod
414 2532 641 2586 nomine
665 2531 940 2587 dicuntur.
970 2532 1282 2588 Canonicus
1311 2533 1457 2587 enim
1482 2533 1637 2604 quasi
1664 2549 1826 2601 regu-

227 2626 363 2679 laris
394 2624 594 2680 dicitur
622 2646 633 2681 :
664 2634 831 2697 utque
850 2626 1157 2697 regularem
1178 2634 1343 2697 agant
1367 2626 1556 2693 vitam,
1589 2627 1829 2681 studiose

225 2717 496 2789 pradicat
520 2727 575 2774 et
606 2727 877 2789 precatur.
908 2722 1157 2791 Cumque
1190 2719 1395 2775 diutius
1423 2720 1532 2776 illis
1572 2720 1825 2786 instaret,

222 2812 493 2882 idemque
550 2812 867 2884 frequenter
914 2813 1229 2885 instigaret,
1282 2812 1549 2884 indignati
1602 2812 1827 2868 tandem

224 2914 387 2975 sunt,
419 2922 484 2961 ac
515 2914 719 2963 temere
746 2906 916 2962 nimis
965 2906 1383 2978 responderunt.
1435 2906 1643 2975 Atille,
1689 2907 1828 2963 sicut

225 3003 400 3055 Pater
446 3000 572 3070 pius
620 3009 676 3055 et
721 3009 1059 3069 mansuetus,
1104 3000 1335 3071 benigne
1364 3001 1548 3056 omnia
1587 3000 1827 3071 suscipit,

1936 1876 2159 1939 paterno
2186 1870 2311 1935 (illos
2354 1868 2600 1939 primum
2628 1867 2829 1924 affectu
2858 1868 3174 1932 admonere,
3199 1884 3263 1923 ac
3290 1867 3471 1924 dicere
3509 1885 3522 1921 :

1936 1962 2211 2030 Quoniam
2253 1962 2488 2017 Romani
2519 1962 2786 2031 pontiﬁcis
2829 1960 3051 2017 decreta
3095 1960 3373 2032 praterire
3416 1977 3529 2015 non

1936 2056 2091 2123 licet,
2121 2064 2280 2125 rogat
2323 2070 2419 2111 eos
2456 2064 2511 2109 et
2555 2054 2750 2110 suadet
2792 2054 3043 2126 benigne,
3075 2064 3351 2124 quatenus
3378 2054 3528 2110 salu-

1934 2147 2187 2203 berrimis
2224 2147 2480 2203 obediant
2505 2147 2760 2217 decretis,
2799 2156 2857 2202 et
2878 2146 3318 2203 reverendissimi
3354 2147 3529 2202 Patris

1935 2250 2303 2312 exsequantur
2322 2241 2665 2296 voluntatem
2685 2259 2699 2308 ;
2726 2256 2828 2297 nec
2846 2241 3015 2297 semel
3034 2248 3127 2295 aut
3143 2240 3248 2309 bis,
3273 2239 3367 2296 sed
3388 2256 3532 2311 sape

1936 2350 1999 2389 ac
2028 2335 2293 2403 multum,
2322 2334 2613 2406 aliquando
2654 2350 2783 2390 cum
2811 2333 3009 2389 eodem
3037 2342 3225 2389 sancto
3253 2333 3527 2404 episcopo,

1938 2428 2215 2484 interdum
2239 2429 2357 2483 sine
2386 2428 2504 2500 ipso
2544 2428 2843 2499 alloquitur
2884 2428 3024 2495 illos,
3070 2435 3185 2483 tum
3225 2427 3381 2494 dure,
3411 2436 3531 2482 tum

1937 2520 2161 2588 blande,
2192 2520 2475 2592 proferens
2503 2521 2581 2576 eis
2607 2522 2919 2591 Scripturas
2944 2529 3180 2589 sanctas,
3212 2529 3266 2576 et
3288 2521 3532 2577 auctori-

1936 2622 2077 2669 tates
2104 2614 2474 2680 authenticas;
2522 2614 2597 2668 illi
2641 2630 2787 2681 vero,
2821 2614 2922 2669 etsi
2966 2614 3244 2669 humiliter
3270 2630 3329 2670 se
3374 2614 3529 2670 beata

1936 2707 2266 2778 quandoque
2310 2706 2513 2762 monita
2547 2706 2824 2761 tinxerunt
2852 2705 3069 2775 audire,
3124 2707 3314 2763 omnia
3343 2715 3531 2761 tamen

1937 2804 2186 2859 absentes
2214 2802 2600 2873 depravarunt.

2006 2900 2289 2953 Vocantur
2334 2895 2568 2967 denique
2599 2892 2671 2951 ad
2703 2894 2894 2951 sedem
2922 2896 3299 2965 apostolicam,
3349 2895 3531 2967 ibique

1938 2992 2348 3064 conspiratores
2378 2990 2433 3045 in
2478 2989 2763 3061 proprium
2810 2990 3129 3060 episcopum
3171 2998 3224 3045 et
3254 2989 3531 3046 insidiato-

221 3110 333 3150 πιθα
357 3102 546 3148 tamen
580 3094 723 3148 vinci
752 3111 780 3148 ει
806 3094 952 3149 malo
988 3094 1180 3160 vellet,
1222 3094 1319 3150 sed
1347 3094 1405 3148 in
1437 3095 1585 3150 bono
1615 3095 1832 3150 vincere
1862 3112 1906 3175 ρ
1942 3102 2029 3142 res
2073 3085 2276 3141 detecti
2321 3093 2467 3140 sunt.
2500 3084 2737 3139 Prolatis
2766 3099 2894 3155 ergo
2936 3082 3270 3149 canonibus,
3300 3091 3357 3138 et
3392 3084 3532 3140 lecto

225 3188 449 3243 malum
500 3187 685 3243 studet
715 3191 883 3253 (Rom.
930 3190 1064 3255 xu).
1100 3188 1387 3243 Promittit
1415 3187 1673 3260 denique,
1703 3196 1830 3243 tan-

225 3296 411 3353 quam
435 3280 575 3335 alter
600 3279 781 3336 factus
808 3281 1245 3353 religiosissimus
1270 3282 1558 3354 episcopus
1582 3283 1836 3354 Augusti-

224 3390 361 3439 nus,
406 3383 465 3429 ut
502 3376 670 3429 vitam
708 3390 837 3430 cum
868 3374 972 3430 illis
1012 3384 1232 3446 peragat
1274 3392 1651 3431 communem.
1685 3375 1835 3431 Nihil

226 3476 441 3539 prater
462 3467 583 3523 illos
609 3470 909 3539 proprium,
936 3484 1133 3524 verum
1159 3469 1344 3524 omnia
1379 3470 1543 3525 simul
1565 3470 1680 3525 vult
1706 3486 1833 3525 cum

224 3561 369 3633 ipsis
405 3560 611 3617 habere
638 3562 983 3629 communia;
1018 3563 1133 3617 vult
1166 3560 1305 3618 efﬁci
1337 3579 1563 3633 pauper,
1604 3572 1666 3615 ut
1693 3563 1833 3617 divi-

226 3663 322 3711 tes
358 3654 483 3710 illos
508 3654 679 3711 faciat
718 3656 773 3711 in
810 3655 1028 3712 Christo
1080 3659 1131 3725 (Ι
1158 3656 1270 3712 Cor.
1302 3661 1369 3723 1),
1413 3657 1567 3711 omni
1604 3655 1834 3712 omnino

224 3749 550 3815 conamine,
579 3758 700 3805 tum
726 3750 1103 3821 spiritualiter,
1136 3759 1256 3805 tum
1280 3750 1616 3806 saculariter
1642 3751 1836 3806 nititur

224 3858 337 3899 eos
352 3842 589 3899 allicere.

300 3936 516 3992 Invitat
552 3937 775 3993 tandem
804 3938 885 3994 sui
911 3938 1079 3994 studii
1106 3938 1429 4011 adjutricem
1473 3938 1836 3995 marchionis—

223 4045 363 4085 sam
385 4032 460 4084 D.
486 4029 809 4087 Mathildam
830 4032 1074 4088 moribus
1095 4047 1159 4087 ac
1187 4048 1383 4104 genere
1412 4033 1834 4101 nobilissimam,

222 4139 367 4197 qua
398 4124 693 4195 spiritualis
717 4134 774 4182 et
820 4125 1229 4198 religiosissima
1259 4126 1315 4180 in
1364 4126 1581 4182 occulto
1608 4125 1836 4181 sacula-

226 4235 364 4275 rem
389 4227 505 4285 aut,
536 4227 600 4274 ut
625 4221 806 4276 verius
825 4221 1029 4289 dicam,
1052 4219 1347 4275 militarem
1369 4219 1565 4290 agebat
1588 4219 1756 4274 vitam
1780 4220 1837 4274 in

225 4312 578 4379 manifesto;
616 4313 693 4369 sic
716 4322 898 4369 tamen
928 4314 1266 4385 spiritualem
1294 4313 1532 4369 habebat
1560 4329 1625 4369 ac
1665 4327 1838 4368 sacu-

228 4406 435 4473 larem,
472 4414 531 4460 ut
577 4415 633 4461 et
661 4406 813 4462 illam
842 4408 894 4461 in
935 4407 1172 4474 Christo,
1204 4414 1257 4463 et
1297 4407 1459 4462 istam
1506 4406 1711 4463 faceret
1740 4422 1837 4475 pro

1940 3180 2178 3252 capitulo
2225 3179 2396 3235 sancti
2448 3179 2703 3250 martyris
2750 3186 2805 3233 et
2850 3176 3095 3248 episcopi
3149 3177 3397 3240 Fabiani,
3438 3178 3533 3249 qui

1940 3275 2339 3345 conspiratores
2384 3281 2439 3327 et
2466 3271 2815 3327 insidiatores
2872 3286 3101 3326 suorum
3151 3271 3535 3341 episcoporum
3606 3272 3609 3275 ’

1940 3368 2109 3423 curia
2138 3366 2433 3422 tradendos
2460 3365 2725 3433 instituit,
2750 3363 2964 3437 judicio
3010 3364 3182 3421 totius
3210 3373 3417 3421 sancta
3443 3382 3532 3437 sy-

1941 3461 2068 3517 nodi
2091 3461 2253 3516 etiam
2277 3460 2378 3531 ipsi
2405 3459 2574 3515 curia
2598 3457 2906 3514 traduntur.
2930 3461 3085 3514 Tunc
3112 3458 3284 3514 ﬁdelis
3313 3468 3367 3514 et
3393 3476 3518 3531 pru-

1941 3555 2077 3611 dens
2107 3553 2508 3609 marchionissa
2550 3551 2817 3608 Mathilda
2852 3568 3039 3608 servos
3082 3552 3203 3608 illos
3232 3553 3527 3624 appellans,

1942 3648 1998 3702 in
2025 3648 2345 3704 servitutem
2382 3645 2547 3701 curia
2578 3646 2795 3701 vocavit
2830 3661 2946 3702 eos.
2990 3646 3170 3714 Quam
3210 3646 3282 3701 ob
3310 3662 3532 3703 causam

1940 3743 2147 3808 tristes,
2178 3749 2554 3813 praterquam
2601 3738 2754 3795 credi
2806 3748 3010 3810 potest,
3055 3739 3222 3795 etiam
3266 3740 3531 3797 adversus

1942 3836 2149 3908 ipsam,
2200 3843 2470 3907 quotquot
2522 3842 2852 3905 potuerunt,
2919 3833 3230 3904 conspirare
3288 3832 3539 3890 fecerunt

1946 3929 2112 3999 (479).
2158 3930 2549 3984 Convenerunt
2596 3944 2727 4000 ergo
2774 3929 3126 3999 quamplures
3169 3928 3371 3983 iterum
3419 3932 3536 3999 epi-

1944 4023 2093 4095 scopi
2138 4022 2285 4094 apud
2330 4024 2387 4079 S.
2433 4022 2759 4090 Genesium,
2791 4020 2942 4093 quod
2983 4025 3159 4091 (Bar.,
3186 4022 3459 4092 Castrum)
3507 4040 3537 4078 a

1943 4119 2154 4174 civitate
2181 4120 2411 4173 Lucano
2441 4132 2558 4171 non
2584 4116 2823 4173 multum
2866 4115 3067 4183 distat;
3102 4115 3245 4171 inter
3270 4132 3409 4187 quos
3446 4132 3536 4171 re-

1945 4210 2367 4267 verendissimus
2406 4210 2730 4266 Albanensis
2755 4210 3065 4281 episcopus,
3095 4210 3324 4267 nomine
3347 4212 3538 4265 Petrus

1946 4309 2164 4376 (lgneus
2210 4304 2585 4374 cognomento),
2634 4303 2813 4358 vicem
2862 4306 2934 4358 D.
2975 4319 3133 4375 papa
3182 4303 3398 4375 agebat.
3430 4304 3537 4373 Qui

1946 4415 2075 4454 cum
2102 4397 2298 4454 eodem
2339 4398 2574 4452 Lucensi
2607 4397 2864 4467 episcopo
2894 4400 2950 4453 S.
2994 4398 3279 4465 Anselmo,
3313 4406 3367 4453 et
3410 4414 3538 4452 cum

227 4500 485 4555 Christo.
519 4501 659 4568 Qua
688 4516 816 4555 vero
848 4501 1149 4566 sacularis,
1202 4500 1321 4556 hac
1352 4501 1577 4571 majoris
1624 4500 1694 4555 illi
1733 4499 1837 4555 fuit
1865 4487 1917 4548 D
1944 4490 2166 4563 reliquis
2212 4489 2469 4547 omnibus
2497 4490 2901 4560 conspiratores
2929 4488 3049 4544 illos
3092 4490 3535 4545 excommimica-

230 4593 522 4664 angustia
545 4609 608 4648 ac
633 4594 870 4661 laboris;
902 4593 999 4649 sed
1026 4602 1082 4649 et
1107 4594 1279 4649 multo
1310 4595 1502 4664 pluris,
1533 4610 1723 4665 spero,
1757 4610 1837 4649 re-

225 4686 578 4742 tributionis.
614 4688 709 4741 Illa
740 4686 945 4742 etenim
975 4686 1269 4742 voluntatis
1299 4689 1406 4743 fuit
1440 4688 1698 4758 propria;
1732 4689 1835 4742 ista

224 4780 473 4851 quidem
505 4779 845 4837 obedientia.
871 4780 927 4835 Si
955 4779 1086 4851 quid
1116 4796 1246 4851 ergo
1274 4780 1439 4835 habet
1458 4782 1573 4850 ipsa
1606 4781 1834 4852 ingenii,

223 4874 273 4930 si
324 4872 471 4944 quid
510 4874 786 4944 sapientia
810 4875 890 4929 vel
922 4874 1162 4941 consilii,
1197 4872 1255 4929 id
1284 4872 1479 4929 effudit
1509 4873 1611 4929 hoc
1640 4875 1698 4929 in
1736 4891 1832 4930 ne-

225 4968 399 5039 gotio
417 4966 679 5022 hilariter.
704 4968 881 5039 Igitur
900 4968 1189 5038 pradictos
1208 4968 1497 5039 alloquitur
1520 4969 1835 5037 canonicos,

222 5070 366 5118 tum
394 5062 790 5126 communiter,
824 5070 941 5116 tum
965 5062 1347 5133 singulariter;
1378 5061 1586 5129 incitat,
1619 5062 1859 5133 instigat,

224 5171 362 5221 eos,
384 5152 664 5210 confortat
682 5164 847 5224 atque
874 5155 1110 5226 spondet
1132 5155 1387 5211 Ecclesia
1410 5164 1766 5228 augmentum
1787 5165 1842 5210 et

223 5247 559 5311 honorem;
590 5247 717 5317 ipsis
748 5264 962 5319 quoque
990 5249 1378 5317 commodum,
1420 5259 1533 5305 tam
1561 5250 1616 5305 in
1656 5248 1840 5304 futuro

222 5356 415 5412 quam
447 5340 969 5411 imprasentiarum.
1020 5342 1300 5398 Promittit
1328 5342 1493 5398 etiam
1523 5343 1838 5415 parentibus

222 5434 501 5505 ipsorum
533 5433 754 5490 divitias
777 5444 833 5490 et
856 5436 1127 5504 honores;
1154 5444 1424 5508 quatenus
1462 5438 1542 5490 vel
1566 5438 1641 5492 sic
1670 5445 1839 5493 attra-

219 5527 380 5582 here
434 5531 605 5597 possit
630 5529 941 5585 voluntates
971 5529 1210 5585 illorum.
1263 5534 1337 5585 At
1382 5530 1458 5585 illi
1508 5532 1707 5586 saculo
1736 5546 1838 5585 ne-

216 5635 419 5693 quam
448 5623 753 5691 ,excacati,
803 5632 1072 5695 respuunt
1116 5624 1304 5680 omnia
1347 5642 1360 5679 :
1416 5624 1624 5695 eligunt
1670 5624 1843 5696 magis

302 5802 466 5871 (478)
496 5805 712 5861 Recitat
752 5805 869 5863 hac
897 5809 1047 5873 Bar.,
1079 5822 1221 5865 anno
1248 5813 1408 5874 1074,
1442 5822 1598 5863 num.
1630 5811 1721 5876 46,
1752 5812 1839 5862 47.

1944 4585 2041 4640 vit.
2092 4585 2274 4651 Unde,
2319 4583 2685 4639 insolabiliter
2730 4582 2803 4637 illi
2861 4582 3112 4638 dolentes
3158 4590 3213 4637 et
3255 4582 3536 4654 indignati,

1946 4688 2124 4735 totam
2153 4679 2434 4735 civitatem
2458 4677 2729 4731 malitiose
2753 4682 3192 4742 commoverunt,
3230 4674 3354 4731 freti
3385 4676 3537 4731 auxi-

1948 4774 2021 4830 lio
2064 4772 2411 4844 perditissimi
2454 4771 2694 4826 hominis
2740 4769 3022 4841 quondam
3049 4769 3180 4826 dicti
3209 4769 3352 4841 regis
3388 4772 3537 4827 Hen-

1946 4870 2064 4934 rici,
2111 4867 2587 4940 religiosissimum
2632 4865 2952 4937 episcopum
2999 4882 3031 4920 a
3067 4864 3283 4921 civitate
3326 4866 3538 4938 repule-

1948 4969 2101 5027 runt,
2131 4960 2225 5016 sed
2253 4968 2307 5015 et
2335 4959 2614 5031 pradicta
2645 4958 2890 5015 domina
2915 4958 3147 5015 rebelles
3168 4958 3389 5031 penitus
3409 4958 3535 5014 facti

1948 5063 2093 5111 sunt.
2126 5054 2307 5126 Hujus
2333 5054 2520 5125 utique
2550 5052 2974 5124 conspirationis
2998 5051 3241 5123 prafata
3283 5060 3447 5124 caput
3484 5060 3539 5107 et

1951 5150 2201 5221 princeps
2236 5146 2344 5203 fuit
2380 5146 2602 5218 quidam
2631 5146 2856 5202 nomine
2900 5148 3123 5214 Petrus,
3166 5145 3302 5202 falsa
3335 5143 3537 5216 profes-

1947 5244 2101 5298 sione
2130 5242 2446 5309 canonicus,
2474 5241 2663 5297 ordine
2692 5240 3064 5297 damnationis
3106 5255 3224 5296 sua
3250 5240 3538 5296 subdiaco-

1950 5354 2074 5402 nus,
2101 5346 2287 5393 mente
2316 5336 2605 5407 superbus,
2654 5334 2999 5391 incontinens
3042 5333 3309 5399 moribus,
3359 5333 3540 5389 verbis

1950 5448 2171 5505 procax,
2202 5447 2430 5502 corpore
2454 5430 2872 5502 incompositus,
2900 5430 2985 5485 vir
3009 5429 3341 5500 sanguinum
3369 5436 3426 5483 et
3453 5428 3538 5483 fo-

1952 5541 2068 5581 mes
2094 5525 2346 5581 omnium
2374 5522 2774 5597 spurcitiamm.
2806 5523 2911 5594 Qui
2946 5530 3170 5595 propter
3197 5521 3537 5578 immensitao

1950 5628 2063 5676 tem
2105 5621 2326 5677 malitia
2364 5637 2480 5677 sua
2508 5619 2686 5677 factus
2711 5630 2793 5677 est
2819 5619 3000 5676 subito
3031 5628 3328 5675 contumax
3359 5632 3538 5690 praco

2026 5806 2170 5876 (479)
2201 5804 2418 5861 Recitat
2442 5804 2559 5861 hac
2579 5804 2802 5870 Baron.,
2833 5801 2940 5858 loc.
2962 5801 3082 5868 cit.,
3102 5816 3255 5856 num.
3286 5804 3380 5854 48.
