4048 6174
530 253 626 304 9H

1535 236 1626 290 AD
1666 233 1888 288 OPERA
1928 229 1984 284 s.
2025 196 2346 281 Gnaeos”
2384 222 2817 279 APPENDICES.

3716 217 3814 269 9l2

491 361 493 363 ’
530 371 894 428 Heinricianae
933 364 1258 441 tyrannidis.
1288 365 1360 418 Et
1389 368 1513 432 post
1547 359 1725 429 aliqua
1755 357 1816 411 ﬁt
1845 355 2011 410 etiam
2042 351 2116 407 la-
2150 356 2200 416 Α
2230 349 2572 421 templationi
2601 361 2795 403 vacare
2821 351 3076 406 conatur,
3108 341 3408 413 majoribus
3435 338 3635 396 mundi
3663 354 3816 409 nego-

532 467 763 522 miliaris
806 463 969 518 curiae
996 456 1291 530 iniquitatis
1327 475 1339 510 :
1391 469 1556 526 quam
1587 447 1992 524 justanuidem
2034 447 2123 500 in-

534 557 919 632 terpretatione
948 570 976 608 a
1005 567 1202 608 cruore
1245 550 1365 606 dico
1394 553 1623 609 atrium,
1664 544 1746 600 vel
1775 543 1952 615 potius
2005 539 2122 595 uni-

531 667 700 709 versae
729 646 1085 719 turpitudinis
1113 644 1407 702 sentinam.

600 775 701 830 Hic
729 773 964 844 denique
992 779 1116 842 post
1139 750 1390 839 tempora
1432 783 1542 821 non
1575 764 1832 836 plurima,
1875 761 2124 816 veniente

530 871 588 925 in
617 869 877 925 Tusciam
902 865 1162 923 Heinrico
1193 880 1320 919 cum
1343 859 1699 918 haeresiarcha
1741 855 1993 912 Wiherto
2013 896 2028 921 ,
2057 853 2126 909 de

527 979 636 1034 quo
689 961 850 1016 latius
897 957 1255 1031 postmodum
1305 954 1684 1018 tractabimus,
1731 950 1990 1020 quoniam
2037 947 2123 1000 in-

526 1055 692 1112 stanti
715 1053 1000 1110 videbatur
1020 1060 1362 1123 Opportunus
1387 1046 1654 1111 insanire,
1686 1059 1750 1098 eo
1775 1040 1923 1114 quod
1949 1057 2049 1095 nec
2071 1039 2127 1094 in

534 1151 713 1204 Deum
743 1147 1000 1203 timorem
1040 1160 1144 1200 nec
1188 1141 1549 1199 reverentiam
1583 1137 1819 1193 habebat
1848 1136 1906 1189 in
1948 1132 2128 1188 homi-

529 1257 681 1310 nem,
727 1239 1029 1310 imponitur
1062 1238 1348 1308 episcopus
1375 1233 1578 1290 erroris
1615 1228 1862 1302 ejusdem
1897 1229 2126 1281 Lucanae

531 1334 802 1400 civitatis;
835 1331 960 1404 qui,
1003 1328 1280 1402 adjunctis
1310 1325 1410 1382 sibi
1443 1325 1613 1380 totius
1658 1331 1819 1377 terrae
1860 1318 2129 1390 nequissi-

531 1429 659 1496 mis,
712 1425 960 1482 videlicet
1009 1423 1276 1494 perjuris,
1326 1418 1662 1481 latronibus,
1715 1412 2024 1469 fornicariis
2075 1418 2128 1465 et

533 1519 812 1587 adulteris,
842 1527 1049 1573 terram
1095 1514 1354 1570 Ecclesiae
1386 1510 1616 1574 invadit,
1663 1506 1882 1563 castella
1933 1514 1989 1560 et
2018 1503 2124 1559 ho-

530 1611 728 1680 mines,
757 1612 808 1666 vi
839 1618 933 1666 aut
970 1608 1185 1677 fraude,
1213 1607 1295 1662 vel
1327 1605 1500 1677 pretio
1527 1602 1629 1658 sibi
1663 1600 1898 1656 asciscit.
1932 1601 2125 1654 Unum

531 1703 882 1763 solummodo
928 1711 1167 1759 castrum
1211 1697 1501 1754 venerabili
1532 1695 1798 1751 remansit
1846 1692 2122 1764 episcOpo,

531 1799 679 1872 quod
708 1797 872 1854 etiam
896 1804 1160 1868 tyrannus
1188 1793 1299 1861 ille,
1330 1808 1395 1848 eo
1420 1788 1566 1863 quod
1582 1787 1785 1844 civitati
1805 1795 1923 1842 erat
1947 1783 2127 1856 proxi-

533 1909 719 1959 mum,
773 1889 924 1962 quasi
974 1887 1221 1960 quotidie
1276 1886 1594 1951 incurrens,
1641 1879 1942 1937 devastavit
1990 1893 2127 1949 prae-

530 1986 636 2054 dis,
669 1983 935 2039 incendiis
965 1990 1128 2054 atque
1162 1978 1493 2034 homicidiis.
1524 1977 1621 2030 Ille
1655 1983 1837 2029 autem
1868 1987 2128 2027 mansue-

534 2078 776 2134 tissimus
817 2076 1068 2131 omnium
1121 2073 1305 2128 omnia
1358 2069 1604 2142 gaudens
1661 2066 1948 2132 sustinuit,
1996 2080 2127 2135 pau-

536 2178 800 2242 pertatem
841 2184 940 2238 pro
979 2167 1195 2221 Christo
1225 2164 1469 2235 optavit;
1499 2161 1588 2232 qui
1619 2169 1676 2215 et
1703 2159 1916 2215 duobus
1944 2158 2130 2227 capel-

536 2264 676 2318 lanis
720 2268 1029 2327 contentus,
1074 2275 1140 2314 ac
1168 2257 1352 2328 paucis
1383 2253 1764 2319 servientibus,
1797 2268 1923 2307 cum
1975 2265 2127 2305 reve-

537 2355 891 2419 rendissima,
932 2368 1096 2425 quam
1128 2349 1508 2422 praediximus,
1562 2354 1847 2412 matrona,
1905 2343 2132 2398 humilis

537 2447 860 2520 permansit.

609 2574 800 2645 Atqui,
832 2580 893 2626 ut
922 2570 1190 2625 universae
1228 2565 1630 2622 maledictionis
1653 2563 1893 2619 tunicam
1934 2560 2129 2617 adver-

535 2669 716 2724 sarius
767 2666 855 2720 ille
903 2663 1166 2729 indueret,
1220 2661 1443 2716 demum
1483 2659 1549 2714 ab
1603 2656 1962 2714 haeresiarcha
2007 2656 2131 2711 Wi-

537 2760 714 2828 berto,
764 2773 876 2813 non
915 2755 1039 2811 dico
1080 2762 1448 2817 consecratur,
1483 2751 1577 2807 sed
1606 2758 1950 2815 exsecratur;
1991 2763 2130 2819 qua-

534 2862 694 2908 tenus
717 2849 912 2906 similis
946 2847 1185 2904 similem
1216 2848 1272 2902 in
1304 2845 1566 2902 omnibus
1610 2844 1938 2899 imitaretur.
1986 2844 2129 2897 Nam

537 2947 679 3002 sicut
709 2944 798 2999 ille
845 2946 1154 2999 Romanam
1191 2939 1498 2996 invadendo
1545 2937 1849 2993 Ecclesium
1891 2949 2130 2991 comma-

459 3040 470 3053 '
533 3037 753 3103 culavit,
803 3035 1096 3107 superstite
1141 3033 1322 3089 adhuc
1369 3031 1714 3088 sanctissimo
1745 3044 1881 3101 papa
1919 3030 2132 3100 Grego-

2229 444 2322 498 tiis
2355 443 2685 514 implicatur.

2302 535 2687 591 Sanctissimus
2725 523 2894 604 igitur
2922 531 3044 586 talis
3085 530 3176 584 ille
3220 526 3519 598 discipulus
3555 524 3818 582 custodiae

2231 631 2373 686 illius
2413 633 2604 697 [Ban.,
2633 625 3022 685 Sanctissimus
3042 625 3224 694 itaque
3260 621 3522 678 dominus
3550 627 3745 674 noster
3771 627 3819 674 et

2231 727 2390 779 Pater
2417 723 2712 778 Anselmus
2739 719 3002 776 custodia:
3040 716 3205 783 illius]
3257 724 3310 770 et
3347 714 3534 770 studet
3574 721 3820 784 satagere

2233 826 2288 874 et
2317 817 2468 873 omni
2495 816 2675 872 studio
2705 813 3010 870 sanctitatis
3045 811 3218 882 magis
3251 825 3315 864 ac
3338 807 3512 878 magis
3539 806 3609 862 de
3655 805 3745 861 die
3774 807 3820 860 in

2233 911 2376 967 diem
2403 909 2771 966 exardescere.
2807 910 3105 962 Possumus
3129 902 3434 959 certissime
3467 899 3536 955 de
3556 899 3652 954 illo
3683 897 3821 953 afﬁr-

2235 1020 2387 1061 mare
2413 1003 2562 1074 quod
2598 1001 2820 1074 replevit
2852 1015 2977 1055 eum
3011 997 3284 1053 Dominus
3307 994 3503 1066 spiritu
3539 993 3822 1064 sapientia:

2235 1108 2290 1154 et
2315 1098 2622 1153 intellectus
2647 1096 2829 1162 (Eccli.
2860 1095 2990 1160 xv).
3015 1094 3083 1146 Et
3111 1098 3234 1145 erat
3264 1088 3445 1159 magni
3477 1087 3696 1143 consilii
3731 1075 3821 1141 an1

2235 1196 2404 1266 gelus.
2457 1197 2598 1249 Nam
2645 1208 2770 1247 cum
2816 1191 2989 1245 multa
3033 1187 3258 1243 haberet
3301 1184 3581 1242 saecularia
3622 1183 3823 1255 judicia

2233 1289 2595 1360 suprascripta
2642 1289 2710 1342 D.
2745 1283 3032 1349 Mathilda,
3077 1281 3274 1337 devota
3323 1282 3394 1333 D.
3426 1278 3579 1334 Petri
3626 1277 3824 1333 ancilla

2237 1383 2420 1455 [Ban.,
2449 1379 2672 1436 domina
2700 1376 3005 1441 Mathildis,
3048 1375 3209 1429 unica
3248 1376 3312 1428 Β.
3345 1371 3486 1428 Petri
3516 1370 3678 1439 ﬁlia],
3716 1373 3825 1442 ipse

2235 1476 2350 1532 suis
2387 1489 2510 1531 eam
2553 1472 2795 1528 consiliis
2835 1472 2912 1526 ita
2942 1483 3204 1540 peragere
3251 1464 3380 1522 fecit
3421 1465 3630 1532 omnia,
3688 1473 3749 1533 ut
3774 1473 3824 1519 et

2233 1569 2539 1642 evangelica
2575 1573 2868 1638 prmeepta,
2897 1570 2952 1620 et
2993 1576 3265 1617 canonum
3309 1560 3582 1626 instituta,
3615 1559 3823 1630 legum-

2234 1680 2338 1736 que
2374 1661 2498 1733 jura
2552 1667 2824 1726 servaret;
2873 1655 3023 1729 quod
3061 1654 3116 1710 in
3163 1654 3420 1709 humanis
3463 1651 3750 1707 mentibus
3775 1659 3826 1707 et

2165 1745 2210 1806 Β
2240 1756 2471 1829 ingeniis
2513 1770 2658 1822 raro,
2689 1753 2774 1809 vel
2803 1766 3086 1821 nunquam
3129 1746 3416 1803 invenitur.
3461 1747 3674 1801 Verum
3717 1745 3825 1816 ipse

2237 1867 2339 1907 suo
2379 1867 2408 1905 a
2447 1849 2706 1920 magistro
2735 1840 3046 1901 beatissimo
3090 1857 3225 1915 papa
3268 1838 3540 1911 Gregorio
3569 1839 3648 1893 sic
3689 1837 3827 1894 didi-

2237 1952 2411 2012 cerat;
2436 1943 2672 2014 Spiritus
2695 1955 2822 1995 vero
2851 1944 3076 1994 sanctus
3105 1945 3400 2006 utrumque
3423 1932 3757 2003 repleverat.

2304 2040 2460 2092 Tunc
2500 2050 2627 2106 ergo
2668 2029 2973 2087 incredibili
2993 2029 3115 2100 jam
3157 2026 3327 2083 modo
3356 2028 3651 2089 Romanus
3679 2024 3826 2080 orbis

2241 2132 2294 2185 in
2323 2147 2380 2185 se
2413 2129 2589 2200 ipsum
2614 2125 2841 2182 fremuit
2864 2133 2921 2180 et
2943 2121 3222 2178 insanivit.
3260 2123 3400 2176 Nam
3425 2119 3741 2184 Heinricus,
3771 2118 3828 2172 ﬁ-

2241 2225 2342 2278 lius
2377 2220 2724 2292 imperatoris
2757 2216 2996 2273 Heinrici
3040 2214 3219 2283 tertii,
3269 2229 3498 2285 magnas
3529 2213 3590 2267 in
3635 2227 3828 2267 omnes

2239 2316 2544 2374 Catholicos
2589 2311 2901 2368 inimicitias
2950 2309 3267 2375 exercebat;
3299 2308 3393 2379 qui
3436 2305 3579 2362 dum
3615 2305 3686 2360 ab
3715 2305 3825 2376 ipsa

2241 2409 2487 2477 infantia,
2529 2406 2791 2462 defuncto
2824 2405 2941 2476 jam
2972 2412 3145 2474 patre,
3188 2401 3514 2471 suscepisset
3541 2398 3700 2470 regni
3728 2414 3830 2470 gu-

2240 2502 2552 2569 bernacula,
2593 2499 2880 2570 impletum
2926 2506 3008 2552 est
3035 2495 3182 2568 quod
3212 2511 3306 2566 per
3335 2495 3685 2550 Salomonem
3736 2491 3818 2546 di-

2239 2607 2392 2653 ctum
2417 2607 2500 2651 est
2540 2613 2553 2650 :
2592 2598 2682 2651 Va:
2725 2597 2903 2655 terrae,
2935 2591 3088 2659 cujus
3116 2605 3214 2644 rea:
3236 2604 3372 2658 puer
3409 2592 3484 2642 est
3516 2587 3704 2656 (Eccle.
3736 2584 3819 2652 χ).

2241 2695 2381 2747 Nam
2426 2689 2726 2761 puerilibus
2767 2703 2826 2742 se
2872 2685 3114 2742 consiliis
3160 2681 3534 2746 committens,
3576 2678 3829 2734 omnium

2240 2799 2438 2856 genera
2489 2780 2872 2853 spurcitiarum
2916 2779 3172 2845 edoctus,
3223 2784 3478 2832 cunctam
3528 2789 3660 2829 mox
3709 2773 3833 2828 reli-

2239 2878 2458 2949 gionem
2505 2875 2704 2946 etjura
2735 2873 2919 2928 omnia
2967 2869 3304 2925 confundere
3334 2883 3445 2923 non
3493 2865 3742 2933 erubuit,
3772 2881 3830 2920 ac

2240 2986 2355 3025 suae
2407 2967 2619 3023 libidini
2672 2967 2729 3020 in
2771 2963 3026 3020 omnibus
3073 2960 3509 3032 turpitudinibus
3562 2958 3832 3014 instuduit

2239 3065 2348 3131 [Sic
2370 3062 2586 3130 quidem
2611 3075 2711 3114 ms.
2729 3101 2743 3121 ,
2767 3061 2910 3126 forte
2936 3056 3141 3113 studuit
3165 3053 3310 3126 leg.].
3345 3052 3750 3124 Illo.siquidem
3780 3053 3831 3106 in

533 3132 619 3187 rio
635 3133 771 3196 VII;
798 3131 874 3184 ita
900 3129 1000 3184 iste
1026 3131 1144 3182 Luc
1169 3127 1584 3226 anam,vivente
1604 3123 2132 3224 religiosissimosuo
2170 3145 2214 3208 ρ
2241 3123 2483 3226 iamp‘ore
2510 3169 2624 3207 non
2655 3123 2940 3223 quisquam
2984 3123 3290 3220 episcopus;
3339 3155 3436 3201 aut
3482 3123 3690 3212 amas,
3723 3146 3830 3200 sive

534 3225 811 3294 episcopo.
846 3226 1057 3293 Itaque,
1113 3229 1174 3276 ut
1219 3217 1516 3274 beatissimi
1554 3216 1814 3286 martyris
1878 3213 2128 3286 Cypriani

531 3317 714 3372 verbis
749 3324 870 3370 utar
903 3333 915 3368 :
958 3315 1152 3374 Nullus
1177 3315 1259 3369 vel
1286 3315 1405 3375 iste,
1435 3313 1517 3366 vel
1545 3311 1634 3364 illc
1661 3333 1673 3376 ;
1705 3312 1838 3380 quia
1887 3326 1978 3363 nec
2008 3324 2132 3362 suc-

539 3426 727 3478 cessor,
761 3425 856 3463 nec
884 3413 1177 3463 antecessor
1225 3407 1540 3476 cujusquam
1577 3409 1672 3458 aut
1702 3405 1790 3458 ille
1801 3444 1820 3471 ,
1847 3408 1946 3455 aut
1985 3406 2082 3456 iste
2113 3421 2129 3455 :

534 3505 688 3558 ambo
707 3503 1019 3572 par-licidce,
1064 3501 1215 3555 ambo
1256 3501 1661 3554 sceleratissimi
1706 3498 1990 3550 violatores
2020 3511 2131 3549 sua:

535 3599 726 3651 matris
757 3597 1023 3650 Ecclesiae.

608 3719 752 3782 (480)
782 3718 930 3770 Dum
955 3730 1085 3785 ergo
1122 3715 1377 3784 expulsus
1404 3713 1514 3781 ille,
1537 3729 1666 3769 cum
1696 3715 1869 3768 Maria
1907 3729 2130 3768 securus

534 3808 871 3864 desideraret
899 3806 1111 3874 sedere,
1163 3805 1291 3861 facti
1337 3815 1468 3860 sunt
1491 3807 1728 3877 episcopi
1778 3814 1833 3861 et
1864 3807 2129 3876 principes

535 3917 674 3972 pene
713 3914 908 3954 omnes
950 3915 1065 3954 non
1096 3899 1300 3965 solum,
1331 3898 1475 3967 dico,
1510 3898 1903 3965 inobedientes,
1939 3914 2128 3953 verum

536 3994 765 4048 omnino
807 3991 1038 4047 rebelles
1081 3998 1283 4045 sanctae
1335 3991 1448 4045 sedi
1494 3993 1796 4056 Romana};
1827 3997 1882 4044 et
1912 3991 2127 4046 inventa

536 4095 620 4143 est
640 4085 756 4141 sola
779 4093 942 4156 atque
972 4083 1155 4151 unica,
1181 4082 1288 4138 dux
1336 4092 1391 4140 et
1429 4082 1822 4138 marchionissa
1857 4083 2124 4139 Mathilda

534 4181 592 4234 in
613 4178 720 4233 ﬁde
749 4191 1096 4248 permanens,
1121 4177 1303 4232 zelum
1327 4177 1428 4232 Dei
1458 4176 1682 4244 habens,
1711 4176 1942 4232 domino
1972 4193 2126 4249 papa:

536 4271 806 4342 Gregorio
827 4269 1102 4341 obediens,
1126 4270 1272 4342 quia,
1302 4278 1364 4326 ut
1389 4271 1787 4326 sanctissimam
1816 4271 1932 4342 ejus
1959 4271 2124 4326 vitam

532 4372 587 4420 et
615 4363 894 4436 religionis
923 4364 1183 4435 cognovit
1209 4363 1484 4430 ardorem,
1515 4372 1695 4418 totam
1727 4379 1786 4419 se
1810 4379 1926 4420 suae
1954 4364 2120 4420 tradi-

531 4457 615 4514 dit
649 4457 1028 4529 dispositioni,
1072 4473 1309 4528 sperans
1337 4457 1404 4512 ab
1439 4458 1698 4512 oneribus
1725 4457 1918 4513 mundi
1960 4457 2123 4529 hujus

534 4551 629 4606 tali
672 4550 983 4606 obedientia
1030 4550 1314 4622 explicari;
1345 4550 1432 4605 cui
1478 4550 1784 4605 econtrario
1815 4550 1873 4605 in
1922 4551 2117 4606 remis-

533 4643 750 4698 sionem
779 4643 961 4711 datur,
1003 4652 1086 4710 ut,
1118 4643 1273 4713 quasi
1321 4643 1488 4698 altera
1527 4641 1784 4698 Debbora
1827 4644 1974 4709 (Jud.
2011 4645 2122 4714 ιν),

537 4735 799 4805 populum
845 4735 1088 4807 judicet,
1142 4735 1393 4790 militiam
1447 4744 1694 4807 peragat,
1744 4735 2018 4792 haereticis
2063 4753 2126 4792 ac

531 4826 891 4882 schismaticis
932 4829 1169 4882 resistat.
1224 4831 1406 4898 Atque
1449 4843 1518 4884 ne
1547 4838 1810 4900 tanquam
1839 4830 1955 4885 sola
1986 4829 2122 4886 deﬁ-

532 4919 664 4986 ciat,
693 4918 1048 4975 custodienda
1077 4920 1497 4976 commendatur
1524 4923 1850 4994 praescripto
1881 4923 2119 4980 Lucensi

535 5013 787 5083 episcopo
809 5013 865 5068 S.
893 5012 1188 5081 Anselmo;
1223 5012 1664 5081 commendatur,
1692 5014 1940 5086 inquam,
1971 5017 2121 5072 omni

535 5104 829 5176 diligentia,
853 5113 908 5159 et
944 5103 1149 5160 affectu
1177 5104 1453 5160 charitatis
1481 5108 1902 5162 commendatur
1929 5125 1959 5162 a
2000 5109 2123 5165 bea-

535 5196 751 5253 tissimo
809 5196 1070 5268 magistro
1119 5196 1436 5253 ﬁdelissimo
1509 5197 1814 5269 discipulo,
1869 5199 2012 5256 sicut
2067 5202 2121 5257 in

533 5305 692 5345 cruce
729 5289 982 5346 Christus
1022 5298 1258 5345 matrem
1304 5289 1582 5361 Virginem
1613 5291 1806 5362 virgini
1854 5291 2120 5365 discipulo

531 5382 966 5452 commendavit,
996 5382 1465 5453 Mater,inquiens,
1509 5387 1639 5440 Ecce
1662 5386 1812 5454 ﬁlius
1841 5391 1966 5442 tuus
1976 5412 1998 5455 ,-
2051 5387 2121 5443 ad

531 5475 857 5546 discipulum
886 5483 1092 5545 autem,
1123 5491 1232 5532 ecce
1259 5481 1433 5531 mater
1477 5481 1573 5532 tua
1613 5479 1782 5548 (Joan.
1834 5484 1998 5551 xxx).
2042 5484 2121 5536 Ita

531 5584 682 5643 ergo,
704 5569 840 5625 dum
865 5577 1094 5642 uterque
1115 5569 1308 5627 mundi
1337 5571 1620 5644 voragines
1643 5573 1893 5642 evadere,
1922 5584 1977 5631 et
1994 5591 2122 5632 con-

2241 3247 2562 3319 prwpositus
2589 3260 2706 3301 esse
2739 3245 2933 3315 potuit,
2976 3242 3082 3298 nisi
3115 3241 3213 3311 qui
3244 3239 3512 3311 majorem
3541 3239 3827 3309 pecuniam

2240 3341 2452 3408 habuit,
2480 3340 2561 3394 vel
2609 3339 2778 3408 ipsius
2822 3335 3205 3408 spurcitiarum
3255 3347 3487 3403 compos
3512 3332 3729 3386 exstitit
3779 3338 3830 3386 et

2239 3435 2415 3491 fautor
2452 3432 2700 3488 assensit.
2739 3434 2820 3486 De
2857 3429 3061 3486 nullius
3088 3435 3238 3483 certe
3279 3427 3385 3481 vita
3412 3425 3494 3480 vel
3534 3440 3826 3480 conversa-

2237 3530 2389 3585 tione
2422 3527 2682 3600 agebatur
2712 3525 2879 3590 bona,
2912 3524 3024 3578 imo
3062 3518 3446 3577 abominabilis
3488 3518 3682 3590 religio
3717 3534 3830 3573 omo

2236 3626 2347 3689 nis,
2373 3632 2429 3678 et
2453 3623 2656 3678 veritas
2682 3629 2847 3691 atque
2881 3615 3097 3689 justitia
3136 3613 3462 3671 habebatur.
3494 3613 3593 3668 llle
3647 3628 3824 3668 sacer-

2236 3717 2338 3773 dos
2365 3715 2706 3780 laudabilior,
2750 3712 2906 3784 cujus
2935 3711 3098 3767 vestis
3126 3708 3418 3782 comptior,
3449 3707 3616 3778 cujus
3646 3721 3829 3761 mensa

2236 3809 2529 3881 copiosior,
2561 3807 2717 3879 cujus
2763 3804 3071 3861 concubina
3111 3803 3461 3875 splendidior.
3517 3803 3633 3856 Nec
3679 3799 3830 3854 miles

2235 3901 2520 3959 dicebatur
2548 3899 2842 3972 gloriosus,
2888 3897 2993 3952 nisi
3021 3906 3103 3952 ter
3147 3896 3318 3952 fuerit
3359 3902 3455 3950 aut
3482 3901 3678 3965 quater
3705 3908 3823 3963 per-

2229 3996 2423 4068 jurus;
2455 3993 2602 4066 quod
2631 3993 2762 4049 dum
2806 3990 3154 4047 beatissimus
3203 4005 3337 4060 papa
3381 3987 3680 4059 Gregorius
3725 3985 3829 4040 do-

2234 4089 2349 4145 lens
2372 4105 2434 4144 ac
2463 4087 2631 4144 tristis
2663 4084 3072 4150 consideraret,
3103 4082 3324 4153 cupiens
3361 4087 3602 4137 sanctam
3632 4079 3827 4132 Eccle-

2234 4183 2376 4238 siam
2405 4182 2528 4238 usui
2561 4178 2924 4236 ecclesiastico
2967 4185 3021 4232 et
3047 4173 3255 4247 legibus
3283 4174 3564 4230 restituere
3588 4169 3827 4224 canoni-

2235 4278 2333 4343 cis,
2383 4274 2538 4330 misit
2571 4272 2641 4328 ad
2684 4287 2811 4328 eum
2841 4270 3157 4342 frequenter
3194 4267 3461 4338 benignas
3488 4263 3823 4336 legationes,

2232 4378 2353 4424 tum
2385 4377 2609 4440 paterne
2635 4365 2956 4433 admonens,
2997 4372 3118 4418 tum
3158 4360 3400 4432 asperius
3429 4358 3592 4414 etiam
3633 4356 3829 4413 redar—

2236 4477 2424 4534 gneus.

2304 4553 2470 4624 Atqui
2501 4552 2635 4609 dum
2671 4553 2774 4608 hoc
2800 4566 3016 4624 quoque
3045 4548 3213 4606 modo
3241 4547 3467 4603 minime
3490 4561 3550 4601 se
3587 4544 3831 4616 percepit

2232 4647 2516 4719 proﬁcere,
2547 4645 2774 4702 tandem
2804 4645 3001 4700 direxit
3027 4643 3094 4700 ad
3122 4659 3247 4699 eum
3288 4649 3524 4696 matrem
3553 4638 3724 4710 ipsius
3751 4652 3827 4692 re-

2234 4740 2633 4811 ligiosissimam
2655 4739 3061 4810 imperatricem
3093 4743 3386 4811 Agnetem,
3417 4743 3473 4788 et
3493 4748 3623 4788 cum
3649 4747 3709 4786 ea
3743 4746 3830 4786 re-

2229 4833 2646 4889 verendissimos
2674 4832 2813 4887 duos
2839 4831 3156 4902 episcopos,
3184 4809 3585 4883 Praanestinum
3639 4833 3692 4880 et
3721 4827 3833 4880 Cu-

2229 4943 2476 4997 manum,
2509 4926 2708 4998 quibus
2733 4926 2922 4996 utique
2947 4921 3330 4994 praesentibus,
3367 4917 3560 4974 audito
3602 4917 3834 4989 diligen-

2229 5029 2312 5075 ter
2339 5036 2532 5076 eorum
2559 5019 2810 5084 consilio,
2833 5016 3213 5088 pmnitentiam
3242 5010 3545 5077 simulavit,
3573 5009 3833 5065 obedien-

2229 5113 2362 5168 tiam
2395 5113 2627 5180 devovit,
2659 5108 3108 5166 emendationem
3137 5107 3205 5164 de
3248 5104 3506 5161 omnibus
3543 5102 3821 5174 promisit.

2230 5205 2618 5261 Redeuntibus
2655 5212 2841 5259 autem
2870 5201 2996 5270 illis,
3026 5202 3082 5256 in
3125 5200 3366 5270 seipsum
3410 5204 3493 5252 est
3526 5196 3618 5251 ille
3647 5211 3835 5250 rever-

2229 5315 2342 5364 sus,
2389 5298 2624 5354 deterior
2675 5312 2840 5368 quam
2883 5296 3020 5351 olim
3081 5292 3332 5350 effectus.
3386 5292 3533 5346 Nam
3586 5288 3835 5345 inaudita

2229 5391 2426 5447 deinde
2453 5391 2677 5446 audacia
2722 5398 2776 5445 et
2817 5389 3132 5445 admirabili
3165 5385 3418 5459 superbia
3451 5384 3533 5438 sui
3563 5381 3835 5438 facinoris

2229 5493 2528 5554 compotes,
2561 5498 2661 5538 nec
2680 5482 2939 5538 dicendos
2962 5482 3186 5553 collegit
3213 5481 3505 5552 episcopos
3546 5477 3600 5531 in
3633 5475 3833 5533 civita-

2228 5585 2340 5632 tem
2365 5577 2752 5644 Wormatiam,
2783 5575 3080 5648 habitoque
3103 5571 3470 5630 conciliabula
3491 5567 3834 5640 proscripse-

605 5770 751 5840 (480)
781 5771 996 5829 Recitat
1023 5770 1139 5828 haec
1163 5774 1388 5841 Baron.,
1412 5781 1551 5827 tom.
1595 5775 1660 5838 ll,
1695 5788 1840 5829 anno
1877 5779 2033 5837 1074,
2059 5789 2116 5828 n.
2153 5778 2240 5841 14,
2267 5772 2359 5844 qui
2396 5771 2543 5844 legit,
2573 5788 2693 5826 cum
2730 5774 2871 5827 enim
2894 5773 3136 5841 penitus.
