4048 6174
237 364 335 417 913

1131 364 1421 419 APPENI).
1466 365 1549 418 Ill.
1593 394 1660 403 —
1698 364 2115 418 MONUMENTA
2155 364 2609 422 GREGORIANA.

3418 371 3519 424 914

232 494 359 540 runt
396 486 590 557 prima:
630 487 775 543 sedis
816 488 1155 558 episcopum,
1190 486 1337 559 quod
1375 502 1405 541 a
1458 487 1673 543 saeculis
1704 502 1816 541 non
1846 492 1896 552 Α
1927 502 2060 558 papa
2090 488 2353 561 Gregorio
2392 491 2447 544 in
2478 490 2753 547 civitatem
2785 492 3115 562 Augustam,
3141 492 3305 547 etiam
3335 492 3520 564 ipsum

228 588 311 633 est
353 579 621 635 auditum.
666 580 809 636 Fecit
845 580 1102 651 deinceps
1126 580 1453 652 legationem
1485 581 1539 635 in
1581 581 1816 647 Italiam,

226 672 476 727 eamdem
503 672 788 729 afﬁrmans
810 674 1294 745 praesumptionem
1321 691 1417 745 per
1441 674 1821 729 schismaticos

224 766 329 821 sibi
352 766 649 835 complices
672 767 977 838 episcopos.
1014 768 1195 839 Hujus
1223 768 1507 839 legationis
1546 768 1684 822 lator
1710 766 1817 822 fuit

224 858 453 930 quidam
484 860 626 928 (481)
670 860 1020 916 Eberhardus
1048 862 1301 927 nomine,
1344 861 1672 916 Teutonicus
1714 877 1814 914 na-

223 952 394 1021 tione,
435 953 578 1008 ﬁlius
620 953 825 1020 saeculi,
873 953 1066 1009 hamus
1105 953 1306 1019 daboli,
1349 953 1599 1008 inventor
1640 953 1818 1008 omnis

224 1044 335 1100 fere
362 1045 654 1101 mendacii.
686 1046 791 1101 Hic
810 1046 1059 1101 circuivit
1081 1055 1136 1102 et
1162 1046 1561 1117 perambulavit
1588 1056 1813 1113 terram,

222 1145 285 1193 ut
314 1138 663 1194 schismatica
700 1155 895 1195 omnes
934 1140 1267 1195 interficeret
1306 1138 1593 1211 [inﬁceret]
1623 1148 1815 1194 conta-

220 1232 416 1302 gione;
465 1234 668 1288 multos
709 1241 877 1300 certe,
908 1233 999 1303 qui
1046 1241 1266 1303 propter
1314 1232 1663 1288 interdictum
1716 1232 1814 1287 do-

220 1325 361 1380 mini
400 1340 573 1396 papae,
619 1325 805 1381 divino
834 1326 902 1381 ab
943 1325 1124 1381 ofﬁcio
1153 1335 1518 1396 cessaverant,
1565 1326 1678 1395 ipse
1729 1326 1816 1379 in-

219 1418 481 1475 terdictas
515 1428 569 1474 et
597 1418 812 1475 vinculo
845 1418 1169 1490 perditionis
1206 1420 1429 1491 ligatus,
1457 1418 1696 1474 inaudita
1726 1427 1814 1473 te-

218 1512 471 1567 meritate
499 1526 563 1567 ac
591 1512 843 1583 superbia
891 1512 1285 1577 reconciliavit,
1325 1522 1382 1567 et
1409 1528 1472 1567 ex
1518 1520 1669 1581 parte
1716 1511 1815 1565 do—

217 1605 354 1660 mini
384 1605 470 1661 sui
507 1606 653 1676 regis
691 1613 752 1660 ut
775 1604 1017 1660 ofﬁcium
1044 1620 1198 1661 more
1239 1605 1403 1676 priori
1447 1604 1812 1669 celebrarent,

218 1697 436 1754 indixit.

288 1795 434 1848 Cum
482 1793 646 1864 igitur
693 1791 1038 1847 dissimulare
1086 1792 1318 1863 amplius
1371 1792 1507 1846 tanti
1560 1790 1812 1846 facinoris

218 1885 489 1940 malitiam
534 1901 647 1941 non
686 1894 868 1957 posset
908 1886 1263 1956 apostolicus,
1311 1885 1809 1940 excommunicavit
1844 1856 1890 1916 Β

216 1986 331 2033 tam
364 1979 545 2049 ipsum
585 1994 749 2050 quam
779 1994 974 2034 omnes
999 1978 1170 2049 ipsius
1210 1978 1469 2042 fautores,
1501 1987 1664 2048 atque
1689 1994 1813 2032 om-

215 2087 345 2126 nem
383 2071 483 2126 sibi
512 2072 724 2144 regiam
751 2072 1073 2143 dignitatem
1119 2071 1413 2137 interdixit,
1455 2080 1508 2126 et
1546 2071 1815 2141 obligatos

214 2165 317 2220 sibi
363 2163 721 2220 sacramentis
748 2165 817 2219 ab
846 2165 995 2220 omni
1039 2164 1223 2220 debito
1254 2165 1529 2221 ﬁdelitatis
1557 2164 1811 2229 absolvit,

213 2259 363 2329 quia,
418 2258 567 2330 quod
611 2258 982 2314 verecundum
1026 2259 1193 2313 etiam
1242 2266 1325 2312 est
1374 2258 1574 2322 dicere,
1616 2265 1815 2328 praeter

214 2340 529 2407 haereticam
570 2367 738 2423 quam
770 2352 1175 2423 praelibavimus
1225 2352 1465 2423 culpam,
1500 2351 1727 2407 aderant
1756 2350 1813 2404 in

212 2453 405 2501 sancto
449 2445 677 2501 concilio
720 2445 899 2500 nuntii
946 2444 1091 2500 illius
1137 2446 1216 2500 sic
1259 2444 1520 2501 audentes
1558 2444 1753 2498 latrare
1798 2462 1809 2497 :

213 2540 478 2609 Prmeipit
516 2542 775 2593 Dominus
812 2543 990 2593 noster
1025 2554 1127 2593 rem
1155 2544 1218 2593 ut
1244 2540 1417 2593 sedem
1447 2537 1811 2607 apostolicam,

206 2637 500 2701 papatum,
531 2637 712 2701 utpote
730 2648 906 2698 suum,
936 2634 1200 2694 dimitlas,
1224 2647 1316 2685 nec
1343 2633 1508 2685 locum
1530 2632 1669 2684 hunc
1688 2646 1812 2683 san-

212 2731 365 2779 ctum
401 2727 547 2779 ultra
583 2726 864 2794 impedias.
898 2724 1044 2780 Proh
1076 2723 1257 2779 nefas!
1290 2732 1342 2779 et
1368 2740 1401 2777 ο
1431 2723 1813 2777 exsecrabilem

210 2817 573 2873 infelicissimi
617 2818 858 2873 hominis
904 2817 1318 2873 temeritatem!
1373 2832 1441 2871 en
1487 2832 1610 2870 ecce
1656 2832 1813 2871 suum

209 2926 336 2965 esse
382 2911 547 2979 dicit,
592 2910 741 2982 quod
799 2911 902 2967 soli
948 2911 1324 2982 apostolorum
1372 2909 1605 2981 principi
1650 2912 1849 2964 Petro

209 3004 466 3060 Christus
519 3005 792 3060 Dominus
838 3004 1131 3060 commisit.
1195 3005 1309 3058 Nec
1356 3002 1538 3058 subito
1589 3002 1814 3071 quidem

209 3097 521 3165 commisit,
555 3113 746 3152 verum
774 3098 955 3163 tertio,
992 3104 1282 3169 antequam
1309 3097 1701 3163 committeret,
1733 3094 1812 3149 in-

210 3191 516 3261 terrogavit
559 3210 570 3244 :
602 3193 804 3256 Simon,
836 3190 1109 3261 inquiens,
1142 3207 1291 3244 amas
1326 3194 1457 3244 me?
1483 3194 1654 3255 (Joan.
1681 3195 1813 3255 xxx.)

208 3286 341 3339 Non
371 3291 631 3353 tanquam
664 3284 776 3354 ipse
813 3284 1109 3355 ignoraret,
1138 3283 1233 3339 sed
1267 3292 1325 3337 ut
1362 3281 1562 3337 futuris
1601 3291 1812 3352 tempo-

206 3378 368 3432 ribus
397 3377 799 3448 providentiam
832 3376 1216 3448 prasignaret,
1249 3392 1315 3430 ne
1347 3376 1455 3431 cito
1484 3384 1537 3430 et
1570 3376 1818 3445 praecipi-

207 3477 400 3525 tanter
439 3469 661 3524 cuilibet
701 3484 828 3523 cura
867 3468 1310 3524 committeretur
1353 3467 1686 3523 animarum.
1732 3469 1814 3523 llli

203 3578 347 3635 ergo
378 3572 503 3633 post
531 3564 748 3618 tertiam
785 3562 1006 3618 tandem
1048 3562 1135 3617 sui
1167 3561 1376 3615 amoris
1413 3568 1622 3616 certam
1650 3576 1815 3632 spon-

203 3656 453 3722 sionem,
482 3659 663 3723 Pasce,
712 3656 911 3727 inquit,
947 3671 1063 3709 oves
1116 3670 1259 3708 meas
1306 3655 1512 3719 (Ibz’d.).
1560 3655 1683 3708 Non
1727 3670 1816 3709 re-

202 3765 372 3820 gem,
430 3765 545 3803 non
603 3750 1025 3816 imperatorem,
1070 3756 1164 3802 aut
1210 3747 1449 3819 aliquam
1493 3746 1817 3802 Christianae

202 3842 565 3912 professionis
611 3840 984 3896 conditionem
1027 3841 1263 3912 excepit,
1308 3849 1509 3913 praeter
1550 3856 1678 3895 eum
1721 3840 1813 3911 qui

200 3940 396 4003 Suam,
442 3950 519 4001 se,
551 3949 706 3989 ovem
739 3934 1103 4007 abnegaverit.
1136 3934 1308 4004 Igitur
1336 3949 1498 4003 quem
1536 3934 1620 3989 sui
1650 3933 1817 3987 solius

192 4028 412 4099 judicio
453 4028 726 4083 Dominus
782 4028 1106 4093 reservavit,
1150 4026 1239 4081 hic
1288 4041 1400 4080 non
1449 4026 1629 4081 solum
1664 4026 1813 4097 judi-

201 4138 363 4189 care,
394 4136 585 4177 verum
616 4122 782 4177 etiam
814 4138 971 4176 suum
996 4120 1174 4175 dicere
1204 4127 1277 4187 et,
1312 4127 1579 4189 quantum
1616 4119 1670 4172 in
1700 4119 1813 4189 ipso

202 4225 308 4283 est,
369 4215 533 4271 audet
568 4215 851 4271 damnare.
902 4216 1081 4284 Quam
1132 4213 1203 4267 ob
1230 4228 1452 4268 causam
1494 4212 1677 4267 omnis
1724 4212 1811 4266 illa

202 4316 401 4365 sancta
432 4309 693 4383 synodus,
739 4308 863 4380 jure
910 4306 1213 4377 indignata,
1244 4306 1536 4361 anathema
1578 4305 1653 4359 illi
1684 4320 1814 4359 con-

203 4405 416 4459 clamat
448 4411 612 4473 atque
645 4402 955 4457 conﬁrmat.

280 4498 461 4567 Igitur
492 4511 602 4551 non
632 4504 754 4567 post
791 4496 986 4561 multa,
1025 4494 1164 4549 idem
1194 4490 1682 4549 reverendissimus
1712 4500 1809 4563 pa;

1930 580 1987 634 in
2044 597 2338 637 commune
2384 585 2553 638 totius
2591 584 2739 656 regni
2770 584 3061 639 consilium
3109 594 3238 640 ante
3277 586 3520 657 judicem

1932 673 2195 729 universae
2225 675 2633 731 christianitatis
2675 676 2996 745 adorarent;
3026 678 3415 746 desiderantes,
3458 689 3522 734 ut

1923 767 2245 821 auctoritate
2274 769 2601 837 apostolica,
2646 780 2740 825 aut
2786 770 3138 826 emendatum
3165 771 3425 827 eumdem
3465 781 3521 827 et

1924 860 2239 915 absolutum
2268 872 2672 931 recuperarent,
2720 871 2834 929 aut,
2864 865 2980 935 ipso
3017 864 3162 935 juste
3202 865 3517 935 reprobato,

1924 953 2093 1008 alium
2134 953 2189 1008 in
2240 953 2460 1008 Christo
2508 955 2787 1027 eligerent.
2842 961 2914 1013 At
2961 956 3079 1024 ille,
3131 966 3417 1013 accusante
3463 974 3520 1013 se

1923 1046 2250 1102 conscientia
2291 1064 2410 1112 sua,
2448 1058 2701 1103 sanctum
2732 1058 3059 1105 conventum
3095 1066 3205 1105 non
3238 1059 3518 1122 ex5pecta-

1900 1140 2026 1206 ‘vit;
2054 1141 2149 1196 sed
2182 1141 2327 1195 venit
2356 1140 2571 1196 obviam
2605 1140 2812 1197 domno
2842 1158 2995 1213 papa:
3033 1143 3088 1199 in
3118 1144 3315 1215 oppido
3339 1146 3519 1199 Canu~

1925 1232 2028 1301 sio,
2056 1234 2374 1290 humiliatus
2412 1250 2587 1307 usque
2623 1235 2691 1291 ad
2733 1236 2897 1307 pedes
2929 1236 3065 1307 ejus,
3109 1245 3163 1291 et
3186 1235 3327 1292 facta
3360 1253 3513 1293 secu-

1922 1326 2080 1381 ritate
2118 1326 2322 1382 domno
2363 1343 2513 1398 papae
2552 1344 2647 1400 per
2686 1337 3052 1395 sacramenta,
3100 1336 3261 1399 prout
3300 1328 3412 1399 ipse
3442 1329 3519 1383 di-

1923 1428 2117 1489 gnatus
2162 1427 2243 1474 est
2286 1422 2601 1491 praecipere,
2645 1421 3004 1493 praesentibus
3049 1422 3315 1493 episcOpis
3344 1430 3398 1477 et
3426 1420 3523 1475 ab-

1924 1510 2163 1579 batibus,
2194 1522 2356 1585 atque
2386 1514 2658 1570 comitissa
2696 1514 2983 1583 Mathilda,
3009 1524 3066 1571 et
3089 1515 3335 1571 Adeletia
3358 1514 3521 1583 [Ade-

1923 1604 2043 1673 laia,
2090 1621 2184 1661 seu
2236 1606 2562 1671 Adelheida,
2594 1624 2716 1679 quae
2759 1610 3039 1665 comitissa
3080 1613 3247 1677 erat],
3289 1609 3521 1679 aliisque

1923 1697 2197 1767 pluribus;
2234 1699 2397 1755 tertia
2437 1700 2659 1755 demum
2701 1701 2787 1757 die
2827 1710 2909 1757 est
2948 1702 3259 1769 absolutus;
3305 1716 3523 1757 verum-

1922 1798 2109 1846 tamen
2133 1793 2185 1846 in
2219 1808 2449 1864 regnum
2474 1810 2583 1848 non
2609 1802 2690 1849 est
2715 1795 3020 1849 restitutus.

1994 1888 2180 1956 Itaque
2218 1886 2287 1942 ad
2331 1888 2510 1957 priora
2551 1888 2749 1942 iterum
2802 1887 3108 1957 regreditur
3161 1888 3414 1956 consilia,
3452 1889 3522 1944 ad

1921 1979 2528 2035 excommunicatorum
2560 1996 2810 2051 perversa
2850 1981 3257 2048 conventicula,
3288 1989 3342 2037 et
3371 1982 3521 2053 quod

1916 2072 2277 2143 jurejurando
2309 2074 2657 2144 promiserat,
2690 2074 2836 2129 brevi
2884 2082 3131 2145 tempore
3179 2074 3516 2130 observabat.

1926 2166 2067 2219 Nam
2107 2164 2245 2220 infra
2276 2167 2607 2237 quindecim,
2646 2176 2707 2223 ut
2734 2168 2945 2238 opinor,
2984 2168 3122 2233 dies,
3154 2182 3280 2222 cum
3311 2170 3373 2223 Β.
3405 2169 3519 2239 epi-

1924 2276 2126 2331 scopus
2157 2261 2451 2316 Anselmus
2475 2262 2799 2333 legationem
2830 2262 3041 2317 domini
3074 2276 3228 2332 papae.
3258 2277 3362 2316 una
3392 2278 3521 2317 cum

1924 2353 2331 2424 religiosissimo
2373 2356 2647 2410 Hostiensi
2685 2356 2936 2426 episcopo
2968 2354 3219 2411 Gerardo
3260 2354 3524 2411 Mediola-

1924 2462 2061 2500 num
2108 2445 2367 2513 deferret,
2415 2448 2661 2519 impediti
2707 2456 2837 2503 sunt
2882 2464 2913 2503 a
2944 2447 3212 2503 militibus
3256 2448 3431 2513 illius,
3466 2457 3522 2502 et

1927 2548 2116 2610 captus
2146 2547 2230 2593 est
2257 2539 2573 2596 Hostieusis
2600 2543 2922 2612 episcopus;
2956 2550 3210 2597 sanctum
3242 2557 3370 2597 vero
3407 2545 3523 2598 An-

1924 2632 2157 2687 selmum
2185 2648 2537 2703 nequaquam
2560 2634 2678 2688 ausi
2709 2642 2836 2689 sunt
2862 2643 3109 2707 tangere,
3142 2637 3404 2706 quoniam
3434 2634 3519 2689 in-

1924 2724 2119 2796 digena
2153 2723 2275 2789 fuit,
2308 2733 2363 2780 et
2387 2725 2586 2781 nobilis
2608 2727 2899 2797 prosapiae.
2935 2730 3057 2797 Ipse
3079 2736 3263 2783 autem
3293 2729 3438 2782 ultro
3463 2744 3521 2783 sc

1924 2817 2250 2888 capiendum
2282 2818 2583 2889 ingerebat,
2614 2818 2803 2873 dicens
2849 2819 2995 2889 quod
3041 2836 3071 2873 a
3114 2820 3261 2876 socio
3292 2819 3521 2890 legatio-

1924 2912 2008 2965 nis
2035 2926 2146 2965 non
2174 2910 2499 2977 discederet,
2522 2920 2618 2966 aut
2646 2911 2823 2977 illum,
2856 2912 3127 2981 inquiens,
3156 2912 3519 2977 dimitterent,

1925 3013 2021 3059 aut
2048 3020 2103 3058 se
2126 3012 2351 3074 captum
2380 3020 2508 3059 cum
2548 3005 2662 3075 ipso
2693 3012 2959 3059 tenerent.
3000 3008 3073 3059 At
3118 3004 3224 3058 illis
3264 3004 3367 3059 hoc
3406 3021 3520 3061 non

1925 3097 2403 3167 praesumentibus,
2451 3098 2623 3153 tristis
2653 3096 2940 3163 abscessit,
2996 3098 3205 3165 volens,
3233 3097 3276 3152 si
3316 3106 3518 3168 posset,

1927 3207 2023 3261 pro
2063 3190 2227 3245 fratre
2276 3207 2429 3246 suam
2480 3191 2648 3258 ipsius
2696 3192 2940 3245 animam
2984 3205 3202 3260 ponere.
3261 3193 3393 3245 Haec
3438 3200 3521 3246 est

1924 3284 2073 3338 enim
2100 3283 2361 3355 perfectio
2389 3283 2694 3349 charitatis,
2726 3284 2843 3339 hanc
2874 3298 3090 3339 summa
3121 3282 3431 3338 dilectionis
3460 3292 3522 3339 ut

1925 3377 2160 3431 animam
2190 3392 2347 3431 suam
2376 3384 2545 3447 ponat
2562 3377 2685 3447 quis
2710 3392 2809 3447 pro
2830 3376 3016 3431 amicis
3038 3376 3150 3431 suis
3171 3379 3363 3440 (.Ioan.
3393 3378 3518 3447 xv);

1924 3470 2104 3525 solent
2132 3470 2246 3537 alii,
2280 3477 2432 3524 tanta
2478 3470 2531 3523 in
2576 3469 2917 3537 necessitate,
2949 3469 3209 3524 simulare
3256 3469 3429 3524 multa
3458 3485 3521 3525 ac

1924 3562 2296 3630 dissimulare;
2329 3561 2548 3616 mentiri
2580 3560 2823 3632 quidam,
2854 3570 2910 3616 et
2937 3560 3214 3633 perjurare
3243 3562 3465 3633 plurimi
3507 3582 3518 3617 :

1926 3654 2011 3709 hic
2056 3663 2243 3710 autem
2283 3670 2386 3710 nec
2414 3670 2526 3709 uno
2574 3654 2740 3708 verbo
2779 3653 3145 3710 simulationis
3190 3670 3519 3726 quemquam

1925 3748 2275 3826 [quidquam]
2297 3749 2554 3804 simulare
2580 3749 2781 3817 voluit;
2815 3749 2964 3821 quod
2990 3750 3129 3805 bene
3169 3750 3390 3820 quidem
3418 3765 3515 3820 po-

1925 3844 2046 3907 tuit,
2078 3842 2219 3897 sicut
2247 3841 2315 3896 ab
2346 3842 2497 3912 ipsis,
2549 3842 2637 3913 qui
2667 3843 2809 3913 capti
2841 3850 2989 3907 sunt,
3026 3842 3381 3912 postmodum
3417 3859 3518 3897 au-

1922 3934 2177 3989 divimus.
2208 3933 2309 3989 His
2334 3935 2522 4005 utique
2558 3950 2620 3989 ac
2661 3934 2930 3989 similibus
2974 3935 3161 3989 multis
3192 3935 3347 3991 irrita
3374 3933 3517 3991 facta

1923 4036 2050 4082 sunt
2093 4028 2223 4084 dicti
2251 4028 2387 4083 olim
2426 4028 2566 4098 regis
2596 4028 2835 4082 Heinrici
2865 4037 3231 4084 sacramenta.

1993 4120 2223 4191 Eligitur
2260 4121 2482 4176 interim
2530 4121 2585 4175 in
2627 4120 2875 4191 partibus
2912 4121 3231 4175 Teutonicis
3259 4121 3369 4175 dux
3397 4124 3519 4176 Ro-

1921 4212 2163 4283 dulphus
2192 4214 2247 4266 in
2274 4229 2461 4284 regem
2489 4214 2557 4268 ad
2584 4212 2988 4269 defendendam
3025 4213 3303 4269 catholicae
3332 4214 3516 4269 Eccle-

1922 4305 2015 4360 siae
2051 4305 2347 4371 unitatem;
2383 4316 2607 4376 propter
2636 4306 2783 4376 quod
2826 4307 3000 4378 magis
3044 4307 3326 4378 magisque
3372 4306 3512 4362 indi-

1920 4406 2116 4469 gnatus
2146 4397 2459 4461 Heinricus,
2484 4406 2687 4469 spreto
2741 4400 2976 4455 consilio
3006 4408 3060 4454 et
3090 4401 3294 4455 auxilio
3323 4400 3513 4456 domni

1922 4506 2105 4563 papa},
2162 4491 2218 4545 in
2290 4506 2483 4546 omnes
2525 4491 2842 4547 Catholicos
2887 4491 3254 4547 debacchatur
3309 4492 3511 4562 inique.

204 4604 295 4659 pa,
334 4605 435 4661 per
462 4605 627 4660 quem
658 4588 950 4644 restaurari
980 4596 1263 4658 coeperunt
1289 4587 1472 4642 omnia
1495 4586 1619 4656 jura
1649 4601 1808 4639 cano-
1843 4603 1891 4664 ι)
1920 4587 2143 4640 Mortuo
2165 4591 2351 4640 autem
2381 4585 2436 4639 in
2463 4583 2567 4639 ﬁde
2604 4583 2867 4640 catholica
2910 4600 3038 4656 rege
3063 4582 3386 4654 Rodulpho,
3416 4600 3512 4639 au-
3598 4620 3601 4623 λ

202 4683 360 4751 nica,
398 4698 572 4753 usque
611 4682 679 4738 ad
712 4683 894 4753 ipsum
924 4697 1148 4752 prorsus
1179 4696 1312 4751 pene
1339 4678 1557 4746 abolita,
1586 4686 1811 4749 rogatur

200 4791 231 4829 a
266 4776 700 4847 quampluribus
729 4776 878 4847 regni
920 4772 1277 4845 principibus,
1308 4771 1608 4844 praesertim
1643 4787 1672 4825 a
1718 4787 1809 4826 co-

200 4869 426 4924 mitissa
472 4866 728 4924 Mathilda
767 4866 1137 4934 confortatus,
1179 4880 1302 4936 quae
1340 4874 1471 4920 tunc
1513 4864 1811 4919 maximam

201 4971 429 5032 partem
462 4961 681 5033 regebat
718 4960 908 5028 Italiae,
938 4967 1205 5031 quatenus
1248 4959 1301 5013 in
1334 4965 1515 5029 partes
1548 4958 1812 5012 Teutoni-

197 5070 323 5121 cas,
359 5054 433 5109 ob
477 5068 835 5109 communem
878 5052 1067 5107 matris
1110 5050 1365 5107 Ecclesia:
1410 5050 1811 5117 necessitatem,

198 5146 556 5203 descendere
582 5146 923 5219 dignaretur.
958 5148 1037 5202 Illi
1079 5145 1280 5201 etenim
1323 5152 1544 5216 propter
1579 5143 1813 5198 insolen-

196 5241 348 5295 tiam
376 5255 536 5295 suam
566 5248 621 5295 et
646 5240 956 5305 anathema,
989 5238 1311 5295 Heinricum
1335 5255 1521 5310 regem
1548 5244 1605 5292 et
1633 5238 1814 5293 domi-

196 5348 350 5387 num
390 5332 815 5403 abrogaverunt;
848 5332 938 5403 qui
978 5332 1140 5386 etiam
1190 5332 1392 5402 pariter
1434 5332 1815 5386 convenientes

194 5434 523 5497 coegerunt
542 5440 691 5491 eum,
712 5433 793 5494 ut,
820 5424 1118 5496 repudiatis
1138 5424 1465 5480 consiliariis
1484 5424 1811 5496 iniquitatis,

196 5517 472 5589 privatim
500 5517 612 5589 ipse
641 5517 885 5589 quodam
917 5517 971 5571 in
1006 5517 1228 5573 castello
1272 5527 1538 5586 maneret,
1569 5534 1637 5574 ne
1666 5517 1810 5573 mul-

201 5618 303 5665 tos
364 5609 509 5678 lepra
556 5611 639 5665 sui
679 5611 1044 5667 anathematis
1089 5612 1508 5667 contaminaret.
1545 5616 1812 5666 Decreve-

192 5711 345 5758 rant
400 5702 547 5757 enim
584 5704 729 5773 apud
769 5719 827 5759 se
864 5713 949 5771 ut,
992 5704 1255 5760 accersito
1304 5703 1581 5760 humiliter
1627 5711 1813 5758 sancto

279 5892 449 5954 (481)
475 5890 690 5955 Comes,
716 5889 785 5947 de
821 5904 931 5960 quo
968 5892 1193 5956 Baron.,
1224 5903 1370 5944 anno
1415 5893 1571 5956 1076,
1600 5904 1754 5943 num.
1789 5894 1875 5944 16.

1919 4679 2011 4734 det
2054 4678 2165 4744 ille,
2196 4677 2345 4749 quod
2398 4676 2763 4748 potentissimi
2813 4677 2946 4733 olim
2986 4678 3364 4748 imperatores,
3398 4678 3510 4733 sive

1920 4772 1993 4827 illi
2024 4771 2290 4836 haeretici,
2320 4778 2415 4825 aut
2449 4778 2734 4840 apostatae,
2764 4772 2845 4826 vel
2878 4770 3045 4826 etiam
3084 4770 3277 4841 pagani
3303 4778 3507 4839 essent,

1920 4879 2200 4935 nunquam
2246 4870 2741 4934 praesumpserunt;
2790 4861 2973 4928 audet,
3022 4862 3268 4933 inquam,
3314 4879 3511 4918 convo-

1918 4957 2056 5012 catis
2082 4956 2295 5027 aliquot
2332 4954 2597 5011 hazreticis
2636 4954 2921 5026 episcopis,
2963 4954 3176 5011 viVente
3202 4972 3338 5028 papa
3372 4957 3509 5011 Gre-

1917 5051 2104 5121 gorio,
2137 5048 2222 5103 cui
2269 5047 2529 5103 obediens
2574 5046 2759 5103 factus
2805 5055 2887 5103 est
2915 5047 3082 5103 etiam
3114 5047 3508 5121 jurejurando,

1918 5142 2070 5199 nullo
2098 5140 2286 5197 habito
2325 5142 2615 5196 universali
2647 5140 2904 5209 concilio,
2934 5141 3137 5213 absque
3156 5142 3387 5215 judicio,
3410 5156 3505 5195 au-

1919 5237 2011 5292 det
2049 5244 2194 5291 certe
2222 5235 2278 5290 in
2318 5250 2512 5306 papam
2538 5234 2732 5306 eligere
2761 5234 3104 5303 Wibertum,
3140 5239 3512 5290 Ravennatem

1919 5330 2200 5402 quondam
2225 5330 2567 5401 episcopum,
2613 5338 2743 5385 tunc
2770 5339 2958 5387 autem
3002 5329 3191 5384 multis
3212 5328 3330 5399 jam
3359 5328 3518 5383 annis

1918 5423 2478 5489 excommunicatum,
2509 5423 2665 5495 cujus
2694 5425 2943 5495 superius
2972 5422 3233 5492 aliquam,
3272 5418 3371 5475 sed
3399 5420 3519 5476 bre-

1921 5517 2082 5581 viter,
2114 5516 2707 5572 commemorationem
2736 5515 2987 5571 fecimus.

1994 5608 2099 5664 Sed
2127 5609 2249 5679 quis
2291 5608 2360 5663 ad
2394 5610 2509 5665 haec
2546 5617 2663 5665 tam
2704 5608 2934 5663 idoneus
2962 5621 3123 5677 quam
3160 5605 3269 5673 hic,
3302 5606 3417 5676 qui,
3448 5604 3517 5659 ab

1923 5702 2057 5773 ipsis
2088 5700 2373 5757 cunabulis
2419 5701 2618 5773 spiritu
2655 5700 2923 5772 superbia:
2946 5700 3207 5769 repletus,
3239 5697 3372 5752 nihil
3401 5711 3516 5752 me-
