  <div class='ocr_page' id='page_1' title='image "/cluster/home/n/w/nwhite01/storage/ocr_20150623/148/hvd.32044054760061/463.png"; bbox 0 0 4048 6174; ppageno 0'>
   <div class='ocr_carea' id='block_1_1' title="bbox 488 350 624 403">
    <p class='ocr_par' dir='ltr' id='par_1_1' title="bbox 488 350 624 403">
     <span class='ocr_line' id='line_1_1' title="bbox 488 350 624 403; baseline -0.007 0"><span class='ocrx_word' id='word_1_1' title='bbox 488 372 497 393; x_wconf 68' lang='grc' dir='ltr'><em>τ</em></span> <span class='ocrx_word' id='word_1_2' title='bbox 520 350 624 403; x_wconf 78' lang='grc'>915</span> 
     </span>
    </p>
   </div>
   <div class='ocr_carea' id='block_1_2' title="bbox 1520 292 2807 393">
    <p class='ocr_par' dir='ltr' id='par_1_2' title="bbox 1520 292 2807 393">
     <span class='ocr_line' id='line_1_2' title="bbox 1520 292 2807 393; baseline -0.009 0"><span class='ocrx_word' id='word_1_3' title='bbox 1520 339 1611 393; x_wconf 93' lang='lat' dir='ltr'>AD</span> <span class='ocrx_word' id='word_1_4' title='bbox 1652 338 1877 392; x_wconf 88' lang='lat' dir='ltr'>OPERA</span> <span class='ocrx_word' id='word_1_5' title='bbox 1916 336 1973 390; x_wconf 94' lang='lat' dir='ltr'>s.</span> <span class='ocrx_word' id='word_1_6' title='bbox 2014 333 2333 389; x_wconf 88' lang='lat' dir='ltr'>GREGORlI</span> <span class='ocrx_word' id='word_1_7' title='bbox 2373 292 2807 387; x_wconf 79' lang='lat' dir='ltr'>APPENDICES.</span> 
     </span>
    </p>
   </div>
   <div class='ocr_carea' id='block_1_3' title="bbox 3710 326 3808 377">
    <p class='ocr_par' dir='ltr' id='par_1_3' title="bbox 3710 326 3808 377">
     <span class='ocr_line' id='line_1_3' title="bbox 3710 326 3808 377; baseline 0 -1"><span class='ocrx_word' id='word_1_8' title='bbox 3710 326 3808 377; x_wconf 83' lang='lat' dir='ltr'>9l6</span> 
     </span>
    </p>
   </div>
   <div class='ocr_carea' id='block_1_4' title="bbox 521 447 3814 540">
    <p class='ocr_par' dir='ltr' id='par_1_4' title="bbox 521 447 3814 540">
     <span class='ocr_line' id='line_1_4' title="bbox 521 447 3814 540; baseline -0.009 -11"><span class='ocrx_word' id='word_1_9' title='bbox 521 473 802 529; x_wconf 89' lang='lat' dir='ltr'>ditabatur</span> <span class='ocrx_word' id='word_1_10' title='bbox 825 475 1025 540; x_wconf 78' lang='lat' dir='ltr'>praeter</span> <span class='ocrx_word' id='word_1_11' title='bbox 1048 463 1340 520; x_wconf 78' lang='lat' dir='ltr'>elationem</span> <span class='ocrx_word' id='word_1_12' title='bbox 1371 468 1428 519; x_wconf 89' lang='lat' dir='ltr'>et</span> <span class='ocrx_word' id='word_1_13' title='bbox 1454 461 1788 533; x_wconf 88' lang='lat' dir='ltr'>superbiam.</span> <span class='ocrx_word' id='word_1_14' title='bbox 1823 460 1929 515; x_wconf 86' lang='lat' dir='ltr'>Hic</span> <span class='ocrx_word' id='word_1_15' title='bbox 1958 476 2109 515; x_wconf 86' lang='lat' dir='ltr'>nam-</span> <span class='ocrx_word' id='word_1_16' title='bbox 2143 468 2193 527; x_wconf 78' lang='grc' dir='ltr'><strong>Α</strong></span> <span class='ocrx_word' id='word_1_17' title='bbox 2226 454 2539 521; x_wconf 89' lang='lat' dir='ltr'>sericordia,</span> <span class='ocrx_word' id='word_1_18' title='bbox 2564 471 2671 510; x_wconf 91' lang='lat' dir='ltr'>non</span> <span class='ocrx_word' id='word_1_19' title='bbox 2702 451 2933 507; x_wconf 91' lang='lat' dir='ltr'>nimium</span> <span class='ocrx_word' id='word_1_20' title='bbox 2968 449 3282 506; x_wconf 85' lang='lat' dir='ltr'>detrimenti</span> <span class='ocrx_word' id='word_1_21' title='bbox 3315 447 3601 503; x_wconf 85' lang='lat' dir='ltr'>sustinuit.</span> <span class='ocrx_word' id='word_1_22' title='bbox 3638 447 3814 515; x_wconf 86' lang='lat' dir='ltr'>Tunc,</span> 
     </span>
    </p>
   </div>
   <div class='ocr_carea' id='block_1_5' title="bbox 522 554 2114 639">
    <p class='ocr_par' dir='ltr' id='par_1_5' title="bbox 522 554 2114 639">
     <span class='ocr_line' id='line_1_5' title="bbox 522 554 2114 639; baseline -0.009 -17"><span class='ocrx_word' id='word_1_23' title='bbox 522 582 662 639; x_wconf 90' lang='lat' dir='ltr'>que,</span> <span class='ocrx_word' id='word_1_24' title='bbox 710 562 868 618; x_wconf 91' lang='lat' dir='ltr'>nobis</span> <span class='ocrx_word' id='word_1_25' title='bbox 933 557 1314 625; x_wconf 85' lang='lat' dir='ltr'>cernentibus,</span> <span class='ocrx_word' id='word_1_26' title='bbox 1361 571 1584 611; x_wconf 90' lang='lat' dir='ltr'>omnem</span> <span class='ocrx_word' id='word_1_27' title='bbox 1633 554 2005 610; x_wconf 80' lang='lat' dir='ltr'>obedientiam</span> <span class='ocrx_word' id='word_1_28' title='bbox 2060 562 2114 609; x_wconf 90' lang='lat' dir='ltr'>et</span> 
     </span>
    </p>
   </div>
   <div class='ocr_carea' id='block_1_6' title="bbox 523 647 2109 728">
    <p class='ocr_par' dir='ltr' id='par_1_6' title="bbox 523 647 2109 728">
     <span class='ocr_line' id='line_1_6' title="bbox 523 647 2109 728; baseline -0.008 -15"><span class='ocrx_word' id='word_1_29' title='bbox 523 656 913 728; x_wconf 90' lang='lat' dir='ltr'>subjectionem</span> <span class='ocrx_word' id='word_1_30' title='bbox 938 652 1145 709; x_wconf 93' lang='lat' dir='ltr'>domno</span> <span class='ocrx_word' id='word_1_31' title='bbox 1162 658 1355 706; x_wconf 88' lang='lat' dir='ltr'>nostro</span> <span class='ocrx_word' id='word_1_32' title='bbox 1372 664 1525 722; x_wconf 68' lang='lat' dir='ltr'>papa:</span> <span class='ocrx_word' id='word_1_33' title='bbox 1549 650 1817 719; x_wconf 81' lang='lat' dir='ltr'>Gregorio</span> <span class='ocrx_word' id='word_1_34' title='bbox 1842 647 2109 715; x_wconf 84' lang='lat' dir='ltr'>exhibuit;</span> 
     </span>
    </p>
   </div>
   <div class='ocr_carea' id='block_1_7' title="bbox 520 742 2113 819">
    <p class='ocr_par' dir='ltr' id='par_1_7' title="bbox 520 742 2113 819">
     <span class='ocr_line' id='line_1_7' title="bbox 520 742 2113 819; baseline -0.008 -13"><span class='ocrx_word' id='word_1_35' title='bbox 520 750 618 807; x_wconf 88' lang='lat' dir='ltr'>sed</span> <span class='ocrx_word' id='word_1_36' title='bbox 646 756 701 804; x_wconf 89' lang='lat' dir='ltr'>et</span> <span class='ocrx_word' id='word_1_37' title='bbox 725 748 840 819; x_wconf 86' lang='lat' dir='ltr'>ipse</span> <span class='ocrx_word' id='word_1_38' title='bbox 874 761 1002 802; x_wconf 91' lang='lat' dir='ltr'>cum</span> <span class='ocrx_word' id='word_1_39' title='bbox 1040 745 1250 800; x_wconf 85' lang='lat' dir='ltr'>honore</span> <span class='ocrx_word' id='word_1_40' title='bbox 1291 743 1445 798; x_wconf 89' lang='lat' dir='ltr'>illum</span> <span class='ocrx_word' id='word_1_41' title='bbox 1474 758 1537 797; x_wconf 91' lang='lat' dir='ltr'>ac</span> <span class='ocrx_word' id='word_1_42' title='bbox 1563 742 1850 797; x_wconf 89' lang='lat' dir='ltr'>dilectione</span> <span class='ocrx_word' id='word_1_43' title='bbox 1878 742 1932 795; x_wconf 90' lang='lat' dir='ltr'>in</span> <span class='ocrx_word' id='word_1_44' title='bbox 1961 756 2113 795; x_wconf 89' lang='lat' dir='ltr'>sacro</span> 
     </span>
    </p>
   </div>
   <div class='ocr_carea' id='block_1_8' title="bbox 520 835 2115 911">
    <p class='ocr_par' dir='ltr' id='par_1_8' title="bbox 520 835 2115 911">
     <span class='ocr_line' id='line_1_8' title="bbox 520 835 2115 911; baseline -0.007 -13"><span class='ocrx_word' id='word_1_45' title='bbox 520 840 880 898; x_wconf 89' lang='lat' dir='ltr'>Lateranensi</span> <span class='ocrx_word' id='word_1_46' title='bbox 908 838 1109 911; x_wconf 90' lang='lat' dir='ltr'>palatio</span> <span class='ocrx_word' id='word_1_47' title='bbox 1147 835 1355 907; x_wconf 88' lang='lat' dir='ltr'>recepit</span> <span class='ocrx_word' id='word_1_48' title='bbox 1401 835 1660 906; x_wconf 92' lang='lat' dir='ltr'>hospitio,</span> <span class='ocrx_word' id='word_1_49' title='bbox 1708 843 1764 889; x_wconf 92' lang='lat' dir='ltr'>et</span> <span class='ocrx_word' id='word_1_50' title='bbox 1804 835 2115 905; x_wconf 85' lang='lat' dir='ltr'>proximum</span> 
     </span>
    </p>
   </div>
   <div class='ocr_carea' id='block_1_9' title="bbox 521 926 2119 995">
    <p class='ocr_par' dir='ltr' id='par_1_9' title="bbox 521 926 2119 995">
     <span class='ocr_line' id='line_1_9' title="bbox 521 926 2119 995; baseline -0.006 -5"><span class='ocrx_word' id='word_1_51' title='bbox 521 936 674 990; x_wconf 92' lang='lat' dir='ltr'>illum</span> <span class='ocrx_word' id='word_1_52' title='bbox 723 951 753 990; x_wconf 90' lang='lat' dir='ltr'>a</span> <span class='ocrx_word' id='word_1_53' title='bbox 782 932 1016 990; x_wconf 84' lang='lat' dir='ltr'>dexteris</span> <span class='ocrx_word' id='word_1_54' title='bbox 1060 930 1175 986; x_wconf 91' lang='lat' dir='ltr'>suis</span> <span class='ocrx_word' id='word_1_55' title='bbox 1214 931 1274 984; x_wconf 92' lang='lat' dir='ltr'>in</span> <span class='ocrx_word' id='word_1_56' title='bbox 1302 936 1497 985; x_wconf 90' lang='lat' dir='ltr'>sancto</span> <span class='ocrx_word' id='word_1_57' title='bbox 1542 926 1737 983; x_wconf 85' lang='lat' dir='ltr'>habuit</span> <span class='ocrx_word' id='word_1_58' title='bbox 1781 928 2034 995; x_wconf 89' lang='lat' dir='ltr'>concilio,</span> <span class='ocrx_word' id='word_1_59' title='bbox 2067 936 2119 983; x_wconf 90' lang='lat' dir='ltr'>et</span> 
     </span>
    </p>
   </div>
   <div class='ocr_carea' id='block_1_10' title="bbox 522 1020 2121 1101">
    <p class='ocr_par' dir='ltr' id='par_1_10' title="bbox 522 1020 2121 1101">
     <span class='ocr_line' id='line_1_10' title="bbox 522 1020 2121 1101; baseline -0.006 -16"><span class='ocrx_word' id='word_1_60' title='bbox 522 1029 762 1101; x_wconf 91' lang='lat' dir='ltr'>primum</span> <span class='ocrx_word' id='word_1_61' title='bbox 789 1028 847 1082; x_wconf 91' lang='lat' dir='ltr'>in</span> <span class='ocrx_word' id='word_1_62' title='bbox 877 1024 1151 1091; x_wconf 89' lang='lat' dir='ltr'>omnibus,</span> <span class='ocrx_word' id='word_1_63' title='bbox 1180 1023 1378 1095; x_wconf 90' lang='lat' dir='ltr'>quibus</span> <span class='ocrx_word' id='word_1_64' title='bbox 1400 1020 1567 1093; x_wconf 84' lang='lat' dir='ltr'>digne</span> <span class='ocrx_word' id='word_1_65' title='bbox 1593 1021 1865 1091; x_wconf 85' lang='lat' dir='ltr'>oportuit;</span> <span class='ocrx_word' id='word_1_66' title='bbox 1896 1037 2121 1091; x_wconf 88' lang='lat' dir='ltr'>sperans</span> 
     </span>
    </p>
   </div>
   <div class='ocr_carea' id='block_1_11' title="bbox 522 1114 2119 1190">
    <p class='ocr_par' dir='ltr' id='par_1_11' title="bbox 522 1114 2119 1190">
     <span class='ocr_line' id='line_1_11' title="bbox 522 1114 2119 1190; baseline -0.005 -14"><span class='ocrx_word' id='word_1_67' title='bbox 522 1137 715 1178; x_wconf 88' lang='lat' dir='ltr'>verum</span> <span class='ocrx_word' id='word_1_68' title='bbox 760 1134 880 1175; x_wconf 90' lang='lat' dir='ltr'>esse</span> <span class='ocrx_word' id='word_1_69' title='bbox 922 1117 1069 1190; x_wconf 91' lang='lat' dir='ltr'>quod</span> <span class='ocrx_word' id='word_1_70' title='bbox 1107 1116 1506 1189; x_wconf 88' lang='lat' dir='ltr'>perditissimus</span> <span class='ocrx_word' id='word_1_71' title='bbox 1534 1114 1829 1171; x_wconf 89' lang='lat' dir='ltr'>simulavit.</span> <span class='ocrx_word' id='word_1_72' title='bbox 1880 1114 1979 1169; x_wconf 88' lang='lat' dir='ltr'>Ille</span> <span class='ocrx_word' id='word_1_73' title='bbox 2024 1130 2119 1168; x_wconf 91' lang='lat' dir='ltr'>au-</span> 
     </span>
    </p>
   </div>
   <div class='ocr_carea' id='block_1_12' title="bbox 523 1206 2120 1285">
    <p class='ocr_par' dir='ltr' id='par_1_12' title="bbox 523 1206 2120 1285">
     <span class='ocr_line' id='line_1_12' title="bbox 523 1206 2120 1285; baseline -0.006 -14"><span class='ocrx_word' id='word_1_74' title='bbox 523 1224 638 1271; x_wconf 89' lang='lat' dir='ltr'>tem</span> <span class='ocrx_word' id='word_1_75' title='bbox 665 1230 779 1269; x_wconf 92' lang='lat' dir='ltr'>non</span> <span class='ocrx_word' id='word_1_76' title='bbox 806 1220 931 1285; x_wconf 91' lang='lat' dir='ltr'>post</span> <span class='ocrx_word' id='word_1_77' title='bbox 957 1211 1137 1266; x_wconf 86' lang='lat' dir='ltr'>multa</span> <span class='ocrx_word' id='word_1_78' title='bbox 1164 1225 1257 1281; x_wconf 91' lang='lat' dir='ltr'>per</span> <span class='ocrx_word' id='word_1_79' title='bbox 1283 1209 1600 1280; x_wconf 87' lang='lat' dir='ltr'>superbiam</span> <span class='ocrx_word' id='word_1_80' title='bbox 1628 1207 1813 1263; x_wconf 87' lang='lat' dir='ltr'>incidit</span> <span class='ocrx_word' id='word_1_81' title='bbox 1843 1206 1901 1261; x_wconf 92' lang='lat' dir='ltr'>in</span> <span class='ocrx_word' id='word_1_82' title='bbox 1931 1206 2120 1262; x_wconf 90' lang='lat' dir='ltr'>inobe-</span> 
     </span>
    </p>
   </div>
   <div class='ocr_carea' id='block_1_13' title="bbox 525 1299 2122 1375">
    <p class='ocr_par' dir='ltr' id='par_1_13' title="bbox 525 1299 2122 1375">
     <span class='ocr_line' id='line_1_13' title="bbox 525 1299 2122 1375; baseline -0.006 -12"><span class='ocrx_word' id='word_1_83' title='bbox 525 1308 817 1374; x_wconf 89' lang='lat' dir='ltr'>dientiam,</span> <span class='ocrx_word' id='word_1_84' title='bbox 844 1304 1028 1362; x_wconf 88' lang='lat' dir='ltr'>factus</span> <span class='ocrx_word' id='word_1_85' title='bbox 1057 1304 1261 1375; x_wconf 90' lang='lat' dir='ltr'>pariter</span> <span class='ocrx_word' id='word_1_86' title='bbox 1302 1301 1572 1373; x_wconf 84' lang='lat' dir='ltr'>perjurus,</span> <span class='ocrx_word' id='word_1_87' title='bbox 1622 1300 1717 1356; x_wconf 89' lang='lat' dir='ltr'>sed</span> <span class='ocrx_word' id='word_1_88' title='bbox 1759 1308 1814 1355; x_wconf 89' lang='lat' dir='ltr'>et</span> <span class='ocrx_word' id='word_1_89' title='bbox 1856 1299 2122 1371; x_wconf 88' lang='lat' dir='ltr'>parricida</span> 
     </span>
    </p>
   </div>
   <div class='ocr_carea' id='block_1_14' title="bbox 527 1392 2122 1471">
    <p class='ocr_par' dir='ltr' id='par_1_14' title="bbox 527 1392 2122 1471">
     <span class='ocr_line' id='line_1_14' title="bbox 527 1392 2122 1471; baseline -0.006 -14"><span class='ocrx_word' id='word_1_90' title='bbox 527 1400 751 1456; x_wconf 88' lang='lat' dir='ltr'>tandem</span> <span class='ocrx_word' id='word_1_91' title='bbox 775 1399 1021 1471; x_wconf 91' lang='lat' dir='ltr'>iniquus,</span> <span class='ocrx_word' id='word_1_92' title='bbox 1060 1396 1187 1468; x_wconf 90' lang='lat' dir='ltr'>quia</span> <span class='ocrx_word' id='word_1_93' title='bbox 1216 1399 1434 1452; x_wconf 88' lang='lat' dir='ltr'>Patrem</span> <span class='ocrx_word' id='word_1_94' title='bbox 1472 1402 1728 1450; x_wconf 90' lang='lat' dir='ltr'>sanctum</span> <span class='ocrx_word' id='word_1_95' title='bbox 1766 1392 1834 1448; x_wconf 90' lang='lat' dir='ltr'>ad</span> <span class='ocrx_word' id='word_1_96' title='bbox 1883 1400 2122 1448; x_wconf 91' lang='lat' dir='ltr'>mortem</span> 
     </span>
    </p>
   </div>
   <div class='ocr_carea' id='block_1_15' title="bbox 526 1487 2121 1566">
    <p class='ocr_par' dir='ltr' id='par_1_15' title="bbox 526 1487 2121 1566">
     <span class='ocr_line' id='line_1_15' title="bbox 526 1487 2121 1566; baseline -0.004 -17"><span class='ocrx_word' id='word_1_97' title='bbox 526 1509 702 1566; x_wconf 91' lang='lat' dir='ltr'>usque</span> <span class='ocrx_word' id='word_1_98' title='bbox 733 1500 816 1549; x_wconf 90' lang='lat' dir='ltr'>est</span> <span class='ocrx_word' id='word_1_99' title='bbox 845 1499 1185 1563; x_wconf 90' lang='lat' dir='ltr'>persecutus.</span> <span class='ocrx_word' id='word_1_100' title='bbox 1219 1489 1431 1556; x_wconf 84' lang='lat' dir='ltr'>Talem,</span> <span class='ocrx_word' id='word_1_101' title='bbox 1463 1488 1711 1559; x_wconf 90' lang='lat' dir='ltr'>inquam,</span> <span class='ocrx_word' id='word_1_102' title='bbox 1739 1495 1853 1541; x_wconf 90' lang='lat' dir='ltr'>tam</span> <span class='ocrx_word' id='word_1_103' title='bbox 1886 1487 2121 1558; x_wconf 89' lang='lat' dir='ltr'>justum,</span> 
     </span>
    </p>
   </div>
   <div class='ocr_carea' id='block_1_16' title="bbox 526 1581 2125 1651">
    <p class='ocr_par' dir='ltr' id='par_1_16' title="bbox 526 1581 2125 1651">
     <span class='ocr_line' id='line_1_16' title="bbox 526 1581 2125 1651; baseline -0.004 -9"><span class='ocrx_word' id='word_1_104' title='bbox 526 1595 641 1642; x_wconf 90' lang='lat' dir='ltr'>tam</span> <span class='ocrx_word' id='word_1_105' title='bbox 670 1594 945 1651; x_wconf 90' lang='lat' dir='ltr'>sanctum,</span> <span class='ocrx_word' id='word_1_106' title='bbox 980 1599 1106 1639; x_wconf 91' lang='lat' dir='ltr'>cum</span> <span class='ocrx_word' id='word_1_107' title='bbox 1134 1584 1248 1639; x_wconf 81' lang='lat' dir='ltr'>suis</span> <span class='ocrx_word' id='word_1_108' title='bbox 1293 1581 1607 1637; x_wconf 87' lang='lat' dir='ltr'>fautoribus</span> <span class='ocrx_word' id='word_1_109' title='bbox 1632 1581 1690 1635; x_wconf 91' lang='lat' dir='ltr'>in</span> <span class='ocrx_word' id='word_1_110' title='bbox 1716 1596 1915 1651; x_wconf 86' lang='lat' dir='ltr'>papam</span> <span class='ocrx_word' id='word_1_111' title='bbox 1948 1581 2125 1636; x_wconf 86' lang='lat' dir='ltr'>elevat</span> 
     </span>
    </p>
   </div>
   <div class='ocr_carea' id='block_1_17' title="bbox 529 1675 2125 1746">
    <p class='ocr_par' dir='ltr' id='par_1_17' title="bbox 529 1675 2125 1746">
     <span class='ocr_line' id='line_1_17' title="bbox 529 1675 2125 1746; baseline -0.004 -11"><span class='ocrx_word' id='word_1_112' title='bbox 529 1681 834 1735; x_wconf 85' lang='lat' dir='ltr'>Heinricus.</span> <span class='ocrx_word' id='word_1_113' title='bbox 874 1681 1054 1733; x_wconf 88' lang='lat' dir='ltr'>Roma</span> <span class='ocrx_word' id='word_1_114' title='bbox 1091 1692 1206 1731; x_wconf 93' lang='lat' dir='ltr'>non</span> <span class='ocrx_word' id='word_1_115' title='bbox 1247 1675 1530 1746; x_wconf 74' lang='lat' dir='ltr'>quaeritur,</span> <span class='ocrx_word' id='word_1_116' title='bbox 1577 1690 1677 1730; x_wconf 89' lang='lat' dir='ltr'>nec</span> <span class='ocrx_word' id='word_1_117' title='bbox 1706 1676 1995 1729; x_wconf 84' lang='lat' dir='ltr'>Romanus</span> <span class='ocrx_word' id='word_1_118' title='bbox 2030 1682 2125 1729; x_wconf 88' lang='lat' dir='ltr'>aut</span> 
     </span>
    </p>
   </div>
   <div class='ocr_carea' id='block_1_18' title="bbox 525 1767 2121 1842">
    <p class='ocr_par' dir='ltr' id='par_1_18' title="bbox 525 1767 2121 1842">
     <span class='ocr_line' id='line_1_18' title="bbox 525 1767 2121 1842; baseline -0.004 -14"><span class='ocrx_word' id='word_1_119' title='bbox 525 1775 701 1829; x_wconf 90' lang='lat' dir='ltr'>clerus</span> <span class='ocrx_word' id='word_1_120' title='bbox 729 1780 825 1829; x_wconf 90' lang='lat' dir='ltr'>aut</span> <span class='ocrx_word' id='word_1_121' title='bbox 864 1771 1112 1842; x_wconf 90' lang='lat' dir='ltr'>populus.</span> <span class='ocrx_word' id='word_1_122' title='bbox 1146 1771 1294 1825; x_wconf 91' lang='lat' dir='ltr'>Unus</span> <span class='ocrx_word' id='word_1_123' title='bbox 1321 1768 1541 1840; x_wconf 90' lang='lat' dir='ltr'>quidem</span> <span class='ocrx_word' id='word_1_124' title='bbox 1574 1767 1759 1834; x_wconf 88' lang='lat' dir='ltr'>affuit,</span> <span class='ocrx_word' id='word_1_125' title='bbox 1809 1770 1973 1835; x_wconf 73' lang='grc' dir='ltr'>Ηυεο</span> <span class='ocrx_word' id='word_1_126' title='bbox 2017 1782 2121 1822; x_wconf 74' lang='grc' dir='ltr'>ηο-</span> 
     </span>
    </p>
   </div>
   <div class='ocr_carea' id='block_1_19' title="bbox 2224 542 3817 622">
    <p class='ocr_par' dir='ltr' id='par_1_19' title="bbox 2224 542 3817 622">
     <span class='ocr_line' id='line_1_19' title="bbox 2224 542 3817 622; baseline -0.005 -17"><span class='ocrx_word' id='word_1_127' title='bbox 2224 553 2471 622; x_wconf 91' lang='lat' dir='ltr'>inquam,</span> <span class='ocrx_word' id='word_1_128' title='bbox 2520 547 2762 603; x_wconf 89' lang='lat' dir='ltr'>hominis</span> <span class='ocrx_word' id='word_1_129' title='bbox 2809 544 3093 616; x_wconf 89' lang='lat' dir='ltr'>ingenium</span> <span class='ocrx_word' id='word_1_130' title='bbox 3151 551 3207 597; x_wconf 92' lang='lat' dir='ltr'>et</span> <span class='ocrx_word' id='word_1_131' title='bbox 3244 542 3593 612; x_wconf 79' lang='lat' dir='ltr'>sapientiam,</span> <span class='ocrx_word' id='word_1_132' title='bbox 3632 549 3817 611; x_wconf 85' lang='lat' dir='ltr'>utpote</span> 
     </span>
    </p>
   </div>
   <div class='ocr_carea' id='block_1_20' title="bbox 2224 635 3815 713">
    <p class='ocr_par' dir='ltr' id='par_1_20' title="bbox 2224 635 3815 713">
     <span class='ocr_line' id='line_1_20' title="bbox 2224 635 3815 713; baseline -0.007 -14"><span class='ocrx_word' id='word_1_133' title='bbox 2224 644 2395 699; x_wconf 90' lang='lat' dir='ltr'>sancti</span> <span class='ocrx_word' id='word_1_134' title='bbox 2434 641 2666 713; x_wconf 83' lang='lat' dir='ltr'>episcopi</span> <span class='ocrx_word' id='word_1_135' title='bbox 2708 639 2953 694; x_wconf 87' lang='lat' dir='ltr'>Anselmi</span> <span class='ocrx_word' id='word_1_136' title='bbox 3000 635 3221 692; x_wconf 89' lang='lat' dir='ltr'>laudare</span> <span class='ocrx_word' id='word_1_137' title='bbox 3266 650 3473 707; x_wconf 88' lang='lat' dir='ltr'>posses.</span> <span class='ocrx_word' id='word_1_138' title='bbox 3530 637 3673 689; x_wconf 66' lang='lat' dir='ltr'>Nam</span> <span class='ocrx_word' id='word_1_139' title='bbox 3722 635 3815 689; x_wconf 84' lang='lat' dir='ltr'>etsi</span> 
     </span>
    </p>
   </div>
   <div class='ocr_carea' id='block_1_21' title="bbox 2226 730 3820 802">
    <p class='ocr_par' dir='ltr' id='par_1_21' title="bbox 2226 730 3820 802">
     <span class='ocr_line' id='line_1_21' title="bbox 2226 730 3820 802; baseline -0.006 -10"><span class='ocrx_word' id='word_1_140' title='bbox 2226 736 2378 792; x_wconf 89' lang='lat' dir='ltr'>navis</span> <span class='ocrx_word' id='word_1_141' title='bbox 2424 734 2586 791; x_wconf 89' lang='lat' dir='ltr'>fortis</span> <span class='ocrx_word' id='word_1_142' title='bbox 2624 742 2679 788; x_wconf 91' lang='lat' dir='ltr'>et</span> <span class='ocrx_word' id='word_1_143' title='bbox 2722 733 2860 789; x_wconf 87' lang='lat' dir='ltr'>bene</span> <span class='ocrx_word' id='word_1_144' title='bbox 2887 730 3189 802; x_wconf 90' lang='lat' dir='ltr'>composita</span> <span class='ocrx_word' id='word_1_145' title='bbox 3236 738 3340 797; x_wconf 87' lang='lat' dir='ltr'>est,</span> <span class='ocrx_word' id='word_1_146' title='bbox 3369 735 3665 799; x_wconf 63' lang='lat' dir='ltr'>nautaeque</span> <span class='ocrx_word' id='word_1_147' title='bbox 3696 744 3820 799; x_wconf 88' lang='lat' dir='ltr'>pru-</span> 
     </span>
    </p>
   </div>
   <div class='ocr_carea' id='block_1_22' title="bbox 2226 821 3822 896">
    <p class='ocr_par' dir='ltr' id='par_1_22' title="bbox 2226 821 3822 896">
     <span class='ocr_line' id='line_1_22' title="bbox 2226 821 3822 896; baseline -0.007 -10"><span class='ocrx_word' id='word_1_148' title='bbox 2226 831 2453 895; x_wconf 84' lang='lat' dir='ltr'>dentes,</span> <span class='ocrx_word' id='word_1_149' title='bbox 2502 825 2657 883; x_wconf 87' lang='lat' dir='ltr'>facile</span> <span class='ocrx_word' id='word_1_150' title='bbox 2709 835 2893 881; x_wconf 88' lang='lat' dir='ltr'>tamen</span> <span class='ocrx_word' id='word_1_151' title='bbox 2943 823 3313 896; x_wconf 86' lang='lat' dir='ltr'>periclitatur,</span> <span class='ocrx_word' id='word_1_152' title='bbox 3355 821 3459 876; x_wconf 92' lang='lat' dir='ltr'>nisi</span> <span class='ocrx_word' id='word_1_153' title='bbox 3506 822 3729 893; x_wconf 84' lang='lat' dir='ltr'>sapiens</span> <span class='ocrx_word' id='word_1_154' title='bbox 3775 829 3822 876; x_wconf 88' lang='lat' dir='ltr'>et</span> 
     </span>
    </p>
   </div>
   <div class='ocr_carea' id='block_1_23' title="bbox 2228 916 3823 991">
    <p class='ocr_par' dir='ltr' id='par_1_23' title="bbox 2228 916 3823 991">
     <span class='ocr_line' id='line_1_23' title="bbox 2228 916 3823 991; baseline -0.007 -13"><span class='ocrx_word' id='word_1_155' title='bbox 2228 922 2439 978; x_wconf 90' lang='lat' dir='ltr'>validus</span> <span class='ocrx_word' id='word_1_156' title='bbox 2480 921 2643 977; x_wconf 89' lang='lat' dir='ltr'>fuerit</span> <span class='ocrx_word' id='word_1_157' title='bbox 2684 920 3033 991; x_wconf 81' lang='lat' dir='ltr'>gubernator.</span> <span class='ocrx_word' id='word_1_158' title='bbox 3080 917 3175 973; x_wconf 90' lang='lat' dir='ltr'>Illa</span> <span class='ocrx_word' id='word_1_159' title='bbox 3224 931 3321 987; x_wconf 89' lang='lat' dir='ltr'>pro</span> <span class='ocrx_word' id='word_1_160' title='bbox 3379 916 3578 987; x_wconf 89' lang='lat' dir='ltr'>pietate</span> <span class='ocrx_word' id='word_1_161' title='bbox 3626 916 3823 970; x_wconf 87' lang='lat' dir='ltr'>matris</span> 
     </span>
    </p>
   </div>
   <div class='ocr_carea' id='block_1_24' title="bbox 2229 1007 3821 1084">
    <p class='ocr_par' dir='ltr' id='par_1_24' title="bbox 2229 1007 3821 1084">
     <span class='ocr_line' id='line_1_24' title="bbox 2229 1007 3821 1084; baseline -0.006 -12"><span class='ocrx_word' id='word_1_162' title='bbox 2229 1015 2649 1083; x_wconf 91' lang='lat' dir='ltr'>sollicitabatur;</span> <span class='ocrx_word' id='word_1_163' title='bbox 2698 1012 2791 1068; x_wconf 91' lang='lat' dir='ltr'>ille</span> <span class='ocrx_word' id='word_1_164' title='bbox 2834 1010 3169 1084; x_wconf 87' lang='lat' dir='ltr'>gubernandi</span> <span class='ocrx_word' id='word_1_165' title='bbox 3214 1018 3388 1065; x_wconf 85' lang='lat' dir='ltr'>artem</span> <span class='ocrx_word' id='word_1_166' title='bbox 3428 1007 3821 1064; x_wconf 87' lang='lat' dir='ltr'>meditabatur.</span> 
     </span>
    </p>
   </div>
   <div class='ocr_carea' id='block_1_25' title="bbox 2231 1102 3826 1181">
    <p class='ocr_par' dir='ltr' id='par_1_25' title="bbox 2231 1102 3826 1181">
     <span class='ocr_line' id='line_1_25' title="bbox 2231 1102 3826 1181; baseline -0.004 -17"><span class='ocrx_word' id='word_1_167' title='bbox 2231 1110 2327 1164; x_wconf 91' lang='lat' dir='ltr'>Illa</span> <span class='ocrx_word' id='word_1_168' title='bbox 2376 1116 2701 1181; x_wconf 90' lang='lat' dir='ltr'>potestatem</span> <span class='ocrx_word' id='word_1_169' title='bbox 2742 1105 3055 1171; x_wconf 82' lang='lat' dir='ltr'>exercebat;</span> <span class='ocrx_word' id='word_1_170' title='bbox 3094 1104 3185 1159; x_wconf 90' lang='lat' dir='ltr'>ille</span> <span class='ocrx_word' id='word_1_171' title='bbox 3228 1102 3468 1174; x_wconf 89' lang='lat' dir='ltr'>regebat.</span> <span class='ocrx_word' id='word_1_172' title='bbox 3513 1102 3635 1171; x_wconf 90' lang='lat' dir='ltr'>Illa,</span> <span class='ocrx_word' id='word_1_173' title='bbox 3687 1117 3826 1173; x_wconf 64' lang='lat' dir='ltr'>pm</span> 
     </span>
    </p>
   </div>
   <div class='ocr_carea' id='block_1_26' title="bbox 2230 1195 3825 1273">
    <p class='ocr_par' dir='ltr' id='par_1_26' title="bbox 2230 1195 3825 1273">
     <span class='ocr_line' id='line_1_26' title="bbox 2230 1195 3825 1273; baseline -0.006 -13"><span class='ocrx_word' id='word_1_174' title='bbox 2230 1212 2478 1273; x_wconf 89' lang='lat' dir='ltr'>ceptum;</span> <span class='ocrx_word' id='word_1_175' title='bbox 2525 1209 2578 1257; x_wconf 92' lang='lat' dir='ltr'>et</span> <span class='ocrx_word' id='word_1_176' title='bbox 2605 1202 2693 1256; x_wconf 91' lang='lat' dir='ltr'>ille</span> <span class='ocrx_word' id='word_1_177' title='bbox 2730 1199 2878 1256; x_wconf 90' lang='lat' dir='ltr'>dedit</span> <span class='ocrx_word' id='word_1_178' title='bbox 2917 1198 3234 1254; x_wconf 87' lang='lat' dir='ltr'>consilium.</span> <span class='ocrx_word' id='word_1_179' title='bbox 3279 1195 3596 1252; x_wconf 82' lang='lat' dir='ltr'>Excellebat</span> <span class='ocrx_word' id='word_1_180' title='bbox 3632 1204 3825 1251; x_wconf 87' lang='lat' dir='ltr'>tamen</span> 
     </span>
    </p>
   </div>
   <div class='ocr_carea' id='block_1_27' title="bbox 2233 1290 3829 1364">
    <p class='ocr_par' dir='ltr' id='par_1_27' title="bbox 2233 1290 3829 1364">
     <span class='ocr_line' id='line_1_27' title="bbox 2233 1290 3829 1364; baseline -0.004 -13"><span class='ocrx_word' id='word_1_181' title='bbox 2233 1298 2322 1353; x_wconf 93' lang='lat' dir='ltr'>ille</span> <span class='ocrx_word' id='word_1_182' title='bbox 2378 1297 2436 1351; x_wconf 91' lang='lat' dir='ltr'>in</span> <span class='ocrx_word' id='word_1_183' title='bbox 2495 1295 2781 1361; x_wconf 90' lang='lat' dir='ltr'>omnibus;</span> <span class='ocrx_word' id='word_1_184' title='bbox 2833 1293 2961 1364; x_wconf 89' lang='lat' dir='ltr'>quia</span> <span class='ocrx_word' id='word_1_185' title='bbox 3010 1290 3336 1346; x_wconf 90' lang='lat' dir='ltr'>obedierunt</span> <span class='ocrx_word' id='word_1_186' title='bbox 3378 1290 3657 1345; x_wconf 88' lang='lat' dir='ltr'>sanctitati</span> <span class='ocrx_word' id='word_1_187' title='bbox 3719 1304 3829 1344; x_wconf 79' lang='lat' dir='ltr'>suae</span> 
     </span>
    </p>
   </div>
   <div class='ocr_carea' id='block_1_28' title="bbox 2231 1384 3824 1460">
    <p class='ocr_par' dir='ltr' id='par_1_28' title="bbox 2231 1384 3824 1460">
     <span class='ocr_line' id='line_1_28' title="bbox 2231 1384 3824 1460; baseline -0.005 -15"><span class='ocrx_word' id='word_1_188' title='bbox 2231 1399 2346 1446; x_wconf 90' lang='lat' dir='ltr'>tam</span> <span class='ocrx_word' id='word_1_189' title='bbox 2406 1390 2538 1460; x_wconf 91' lang='lat' dir='ltr'>ipsa,</span> <span class='ocrx_word' id='word_1_190' title='bbox 2592 1403 2757 1459; x_wconf 90' lang='lat' dir='ltr'>quam</span> <span class='ocrx_word' id='word_1_191' title='bbox 2827 1386 2909 1441; x_wconf 90' lang='lat' dir='ltr'>sui</span> <span class='ocrx_word' id='word_1_192' title='bbox 2966 1400 3196 1452; x_wconf 91' lang='lat' dir='ltr'>omnes;</span> <span class='ocrx_word' id='word_1_193' title='bbox 3255 1384 3375 1455; x_wconf 91' lang='lat' dir='ltr'>plus</span> <span class='ocrx_word' id='word_1_194' title='bbox 3433 1392 3620 1438; x_wconf 90' lang='lat' dir='ltr'>tamen</span> <span class='ocrx_word' id='word_1_195' title='bbox 3684 1384 3824 1454; x_wconf 88' lang='lat' dir='ltr'>ipsa.</span> 
     </span>
    </p>
   </div>
   <div class='ocr_carea' id='block_1_29' title="bbox 2232 1476 3827 1550">
    <p class='ocr_par' dir='ltr' id='par_1_29' title="bbox 2232 1476 3827 1550">
     <span class='ocr_line' id='line_1_29' title="bbox 2232 1476 3827 1550; baseline -0.005 -11"><span class='ocrx_word' id='word_1_196' title='bbox 2232 1486 2347 1539; x_wconf 91' lang='lat' dir='ltr'>Nec</span> <span class='ocrx_word' id='word_1_197' title='bbox 2376 1483 2597 1537; x_wconf 90' lang='lat' dir='ltr'>mirum.</span> <span class='ocrx_word' id='word_1_198' title='bbox 2629 1481 2781 1537; x_wconf 90' lang='lat' dir='ltr'>Adeo</span> <span class='ocrx_word' id='word_1_199' title='bbox 2804 1480 2955 1535; x_wconf 92' lang='lat' dir='ltr'>enim</span> <span class='ocrx_word' id='word_1_200' title='bbox 2981 1478 3202 1550; x_wconf 84' lang='lat' dir='ltr'>singulis</span> <span class='ocrx_word' id='word_1_201' title='bbox 3232 1493 3326 1549; x_wconf 92' lang='lat' dir='ltr'>per</span> <span class='ocrx_word' id='word_1_202' title='bbox 3355 1477 3564 1549; x_wconf 89' lang='lat' dir='ltr'>singula</span> <span class='ocrx_word' id='word_1_203' title='bbox 3597 1476 3827 1548; x_wconf 82' lang='lat' dir='ltr'>provide</span> 
     </span>
    </p>
   </div>
   <div class='ocr_carea' id='block_1_30' title="bbox 2233 1570 3825 1648">
    <p class='ocr_par' dir='ltr' id='par_1_30' title="bbox 2233 1570 3825 1648">
     <span class='ocr_line' id='line_1_30' title="bbox 2233 1570 3825 1648; baseline -0.004 -17"><span class='ocrx_word' id='word_1_204' title='bbox 2233 1594 2294 1631; x_wconf 91' lang='lat' dir='ltr'>ac</span> <span class='ocrx_word' id='word_1_205' title='bbox 2346 1576 2622 1648; x_wconf 87' lang='lat' dir='ltr'>sapienter</span> <span class='ocrx_word' id='word_1_206' title='bbox 2663 1573 2981 1630; x_wconf 88' lang='lat' dir='ltr'>consiliatus</span> <span class='ocrx_word' id='word_1_207' title='bbox 3018 1581 3119 1637; x_wconf 90' lang='lat' dir='ltr'>est,</span> <span class='ocrx_word' id='word_1_208' title='bbox 3168 1579 3230 1626; x_wconf 89' lang='lat' dir='ltr'>ut</span> <span class='ocrx_word' id='word_1_209' title='bbox 3269 1580 3324 1625; x_wconf 90' lang='lat' dir='ltr'>et</span> <span class='ocrx_word' id='word_1_210' title='bbox 3354 1571 3500 1626; x_wconf 89' lang='lat' dir='ltr'>dicto</span> <span class='ocrx_word' id='word_1_211' title='bbox 3540 1570 3825 1642; x_wconf 88' lang='lat' dir='ltr'>quondam</span> 
     </span>
    </p>
   </div>
   <div class='ocr_carea' id='block_1_31' title="bbox 2230 1663 3831 1742">
    <p class='ocr_par' dir='ltr' id='par_1_31' title="bbox 2230 1663 3831 1742">
     <span class='ocr_line' id='line_1_31' title="bbox 2230 1663 3831 1742; baseline -0.005 -17"><span class='ocrx_word' id='word_1_212' title='bbox 2230 1671 2365 1742; x_wconf 88' lang='lat' dir='ltr'>regi,</span> <span class='ocrx_word' id='word_1_213' title='bbox 2392 1669 2710 1739; x_wconf 88' lang='lat' dir='ltr'>cunctisque</span> <span class='ocrx_word' id='word_1_214' title='bbox 2733 1667 3033 1739; x_wconf 89' lang='lat' dir='ltr'>majoribus</span> <span class='ocrx_word' id='word_1_215' title='bbox 3060 1681 3123 1720; x_wconf 91' lang='lat' dir='ltr'>ac</span> <span class='ocrx_word' id='word_1_216' title='bbox 3147 1664 3470 1729; x_wconf 89' lang='lat' dir='ltr'>minoribus,</span> <span class='ocrx_word' id='word_1_217' title='bbox 3500 1679 3641 1734; x_wconf 89' lang='lat' dir='ltr'>pene</span> <span class='ocrx_word' id='word_1_218' title='bbox 3665 1663 3831 1718; x_wconf 86' lang='lat' dir='ltr'>totius</span> 
     </span>
    </p>
   </div>
   <div class='ocr_carea' id='block_1_32' title="bbox 2231 1757 3831 1829">
    <p class='ocr_par' dir='ltr' id='par_1_32' title="bbox 2231 1757 3831 1829">
     <span class='ocr_line' id='line_1_32' title="bbox 2231 1757 3831 1829; baseline -0.005 -10"><span class='ocrx_word' id='word_1_219' title='bbox 2231 1764 2398 1820; x_wconf 77' lang='lat' dir='ltr'>Italiae</span> <span class='ocrx_word' id='word_1_220' title='bbox 2425 1763 2537 1818; x_wconf 92' lang='lat' dir='ltr'>sola</span> <span class='ocrx_word' id='word_1_221' title='bbox 2564 1762 2765 1817; x_wconf 91' lang='lat' dir='ltr'>domus</span> <span class='ocrx_word' id='word_1_222' title='bbox 2794 1761 2882 1816; x_wconf 90' lang='lat' dir='ltr'>illa</span> <span class='ocrx_word' id='word_1_223' title='bbox 2903 1760 3206 1826; x_wconf 89' lang='lat' dir='ltr'>resisteret,</span> <span class='ocrx_word' id='word_1_224' title='bbox 3230 1759 3488 1829; x_wconf 83' lang='lat' dir='ltr'>iniuriam</span> <span class='ocrx_word' id='word_1_225' title='bbox 3514 1757 3617 1811; x_wconf 90' lang='lat' dir='ltr'>Dei</span> <span class='ocrx_word' id='word_1_226' title='bbox 3648 1772 3831 1813; x_wconf 84' lang='lat' dir='ltr'>suam-</span> 
     </span>
    </p>
   </div>
   <div class='ocr_carea' id='block_1_33' title="bbox 525 1832 3829 1933">
    <p class='ocr_par' dir='ltr' id='par_1_33' title="bbox 525 1832 3829 1933">
     <span class='ocr_line' id='line_1_33' title="bbox 525 1832 3829 1933; baseline -0.005 -12"><span class='ocrx_word' id='word_1_227' title='bbox 525 1866 692 1929; x_wconf 89' lang='lat' dir='ltr'>mine,</span> <span class='ocrx_word' id='word_1_228' title='bbox 739 1863 1017 1920; x_wconf 88' lang='lat' dir='ltr'>Candidus</span> <span class='ocrx_word' id='word_1_229' title='bbox 1055 1864 1304 1929; x_wconf 89' lang='lat' dir='ltr'>nomine,</span> <span class='ocrx_word' id='word_1_230' title='bbox 1345 1862 1674 1933; x_wconf 90' lang='lat' dir='ltr'>nigerrimus</span> <span class='ocrx_word' id='word_1_231' title='bbox 1704 1856 1913 1926; x_wconf 86' lang='lat' dir='ltr'>mente,</span> <span class='ocrx_word' id='word_1_232' title='bbox 1946 1859 2123 1916; x_wconf 88' lang='lat' dir='ltr'>cardi-</span> <span class='ocrx_word' id='word_1_233' title='bbox 2154 1832 2200 1893; x_wconf 79' lang='grc' dir='ltr'><strong>Β</strong></span> <span class='ocrx_word' id='word_1_234' title='bbox 2229 1874 2335 1929; x_wconf 94' lang='lat' dir='ltr'>que</span> <span class='ocrx_word' id='word_1_235' title='bbox 2379 1857 2695 1921; x_wconf 87' lang='lat' dir='ltr'>vindicaret,</span> <span class='ocrx_word' id='word_1_236' title='bbox 2725 1855 2993 1910; x_wconf 90' lang='lat' dir='ltr'>honorem</span> <span class='ocrx_word' id='word_1_237' title='bbox 3029 1852 3325 1919; x_wconf 88' lang='lat' dir='ltr'>obtineret,</span> <span class='ocrx_word' id='word_1_238' title='bbox 3357 1860 3414 1906; x_wconf 92' lang='lat' dir='ltr'>et</span> <span class='ocrx_word' id='word_1_239' title='bbox 3451 1850 3685 1923; x_wconf 88' lang='lat' dir='ltr'>gratiam</span> <span class='ocrx_word' id='word_1_240' title='bbox 3731 1852 3829 1905; x_wconf 87' lang='lat' dir='ltr'>Dei</span> 
     </span>
    </p>
   </div>
   <div class='ocr_carea' id='block_1_34' title="bbox 523 1954 2121 2027">
    <p class='ocr_par' dir='ltr' id='par_1_34' title="bbox 523 1954 2121 2027">
     <span class='ocr_line' id='line_1_34' title="bbox 523 1954 2121 2027; baseline -0.003 -13"><span class='ocrx_word' id='word_1_241' title='bbox 523 1959 666 2015; x_wconf 90' lang='lat' dir='ltr'>nalis</span> <span class='ocrx_word' id='word_1_242' title='bbox 696 1958 851 2024; x_wconf 92' lang='lat' dir='ltr'>olim,</span> <span class='ocrx_word' id='word_1_243' title='bbox 878 1956 976 2012; x_wconf 90' lang='lat' dir='ltr'>sed</span> <span class='ocrx_word' id='word_1_244' title='bbox 1009 1956 1219 2012; x_wconf 90' lang='lat' dir='ltr'>dudum</span> <span class='ocrx_word' id='word_1_245' title='bbox 1238 1956 1354 2027; x_wconf 91' lang='lat' dir='ltr'>jam</span> <span class='ocrx_word' id='word_1_246' title='bbox 1392 1972 1490 2026; x_wconf 90' lang='lat' dir='ltr'>pro</span> <span class='ocrx_word' id='word_1_247' title='bbox 1518 1955 1631 2009; x_wconf 90' lang='lat' dir='ltr'>suis</span> <span class='ocrx_word' id='word_1_248' title='bbox 1661 1954 1954 2009; x_wconf 89' lang='lat' dir='ltr'>sceleribus</span> <span class='ocrx_word' id='word_1_249' title='bbox 1974 1955 2121 2026; x_wconf 87' lang='lat' dir='ltr'>juste</span> 
     </span>
    </p>
   </div>
   <div class='ocr_carea' id='block_1_35' title="bbox 526 2046 2121 2120">
    <p class='ocr_par' dir='ltr' id='par_1_35' title="bbox 526 2046 2121 2120">
     <span class='ocr_line' id='line_1_35' title="bbox 526 2046 2121 2120; baseline -0.004 -14"><span class='ocrx_word' id='word_1_250' title='bbox 526 2052 1045 2107; x_wconf 88' lang='lat' dir='ltr'>excommunicatus</span> <span class='ocrx_word' id='word_1_251' title='bbox 1075 2058 1129 2103; x_wconf 91' lang='lat' dir='ltr'>et</span> <span class='ocrx_word' id='word_1_252' title='bbox 1152 2049 1417 2120; x_wconf 88' lang='lat' dir='ltr'>abjectus.</span> <span class='ocrx_word' id='word_1_253' title='bbox 1455 2048 1555 2102; x_wconf 86' lang='lat' dir='ltr'>Hic</span> <span class='ocrx_word' id='word_1_254' title='bbox 1574 2046 1869 2102; x_wconf 90' lang='lat' dir='ltr'>damnatus</span> <span class='ocrx_word' id='word_1_255' title='bbox 1888 2047 2121 2102; x_wconf 91' lang='lat' dir='ltr'>damna-</span> 
     </span>
    </p>
   </div>
   <div class='ocr_carea' id='block_1_36' title="bbox 527 2137 2121 2211">
    <p class='ocr_par' dir='ltr' id='par_1_36' title="bbox 527 2137 2121 2211">
     <span class='ocr_line' id='line_1_36' title="bbox 527 2137 2121 2211; baseline -0.003 -15"><span class='ocrx_word' id='word_1_256' title='bbox 527 2151 669 2206; x_wconf 91' lang='lat' dir='ltr'>tum,</span> <span class='ocrx_word' id='word_1_257' title='bbox 725 2140 980 2211; x_wconf 90' lang='lat' dir='ltr'>perjurus</span> <span class='ocrx_word' id='word_1_258' title='bbox 1027 2139 1326 2210; x_wconf 76' lang='lat' dir='ltr'>periurum,</span> <span class='ocrx_word' id='word_1_259' title='bbox 1360 2137 1631 2209; x_wconf 90' lang='lat' dir='ltr'>parricida</span> <span class='ocrx_word' id='word_1_260' title='bbox 1686 2137 1871 2193; x_wconf 89' lang='lat' dir='ltr'>laudat</span> <span class='ocrx_word' id='word_1_261' title='bbox 1898 2138 2121 2209; x_wconf 88' lang='lat' dir='ltr'>parrici-</span> 
     </span>
    </p>
   </div>
   <div class='ocr_carea' id='block_1_37' title="bbox 525 2231 2126 2304">
    <p class='ocr_par' dir='ltr' id='par_1_37' title="bbox 525 2231 2126 2304">
     <span class='ocr_line' id='line_1_37' title="bbox 525 2231 2126 2304; baseline -0.003 -14"><span class='ocrx_word' id='word_1_262' title='bbox 525 2235 677 2291; x_wconf 92' lang='lat' dir='ltr'>dam.</span> <span class='ocrx_word' id='word_1_263' title='bbox 700 2236 763 2288; x_wconf 89' lang='lat' dir='ltr'>In</span> <span class='ocrx_word' id='word_1_264' title='bbox 784 2234 903 2289; x_wconf 94' lang='lat' dir='ltr'>loco</span> <span class='ocrx_word' id='word_1_265' title='bbox 928 2231 1197 2304; x_wconf 89' lang='lat' dir='ltr'>siquidem</span> <span class='ocrx_word' id='word_1_266' title='bbox 1227 2231 1456 2286; x_wconf 88' lang='lat' dir='ltr'>horrido</span> <span class='ocrx_word' id='word_1_267' title='bbox 1482 2240 1535 2285; x_wconf 90' lang='lat' dir='ltr'>et</span> <span class='ocrx_word' id='word_1_268' title='bbox 1563 2231 1885 2302; x_wconf 90' lang='lat' dir='ltr'>asperrimo,</span> <span class='ocrx_word' id='word_1_269' title='bbox 1918 2232 1973 2285; x_wconf 89' lang='lat' dir='ltr'>in</span> <span class='ocrx_word' id='word_1_270' title='bbox 2001 2246 2126 2286; x_wconf 88' lang='lat' dir='ltr'>me-</span> 
     </span>
    </p>
   </div>
   <div class='ocr_carea' id='block_1_38' title="bbox 527 2323 2125 2396">
    <p class='ocr_par' dir='ltr' id='par_1_38' title="bbox 527 2323 2125 2396">
     <span class='ocr_line' id='line_1_38' title="bbox 527 2323 2125 2396; baseline -0.001 -14"><span class='ocrx_word' id='word_1_271' title='bbox 527 2327 636 2383; x_wconf 89' lang='lat' dir='ltr'>diis</span> <span class='ocrx_word' id='word_1_272' title='bbox 665 2325 940 2382; x_wconf 91' lang='lat' dir='ltr'>nivalibus</span> <span class='ocrx_word' id='word_1_273' title='bbox 984 2325 1238 2396; x_wconf 81' lang='lat' dir='ltr'>Alpibus,</span> <span class='ocrx_word' id='word_1_274' title='bbox 1267 2324 1361 2380; x_wconf 92' lang='lat' dir='ltr'>ubi</span> <span class='ocrx_word' id='word_1_275' title='bbox 1405 2323 1581 2380; x_wconf 88' lang='lat' dir='ltr'>fames</span> <span class='ocrx_word' id='word_1_276' title='bbox 1605 2324 1825 2380; x_wconf 91' lang='lat' dir='ltr'>assidua</span> <span class='ocrx_word' id='word_1_277' title='bbox 1868 2333 1923 2379; x_wconf 91' lang='lat' dir='ltr'>et</span> <span class='ocrx_word' id='word_1_278' title='bbox 1951 2323 2125 2396; x_wconf 88' lang='lat' dir='ltr'>frigus</span> 
     </span>
    </p>
   </div>
   <div class='ocr_carea' id='block_1_39' title="bbox 527 2417 2124 2492">
    <p class='ocr_par' dir='ltr' id='par_1_39' title="bbox 527 2417 2124 2492">
     <span class='ocr_line' id='line_1_39' title="bbox 527 2417 2124 2492; baseline -0.001 -17"><span class='ocrx_word' id='word_1_279' title='bbox 527 2435 667 2492; x_wconf 90' lang='lat' dir='ltr'>pene</span> <span class='ocrx_word' id='word_1_280' title='bbox 707 2433 924 2490; x_wconf 89' lang='lat' dir='ltr'>semper</span> <span class='ocrx_word' id='word_1_281' title='bbox 961 2419 1322 2485; x_wconf 89' lang='lat' dir='ltr'>continuum;</span> <span class='ocrx_word' id='word_1_282' title='bbox 1354 2417 1507 2473; x_wconf 93' lang='lat' dir='ltr'>locus</span> <span class='ocrx_word' id='word_1_283' title='bbox 1536 2418 1653 2487; x_wconf 91' lang='lat' dir='ltr'>ipse</span> <span class='ocrx_word' id='word_1_284' title='bbox 1682 2417 1833 2472; x_wconf 89' lang='lat' dir='ltr'>vicus</span> <span class='ocrx_word' id='word_1_285' title='bbox 1873 2426 1977 2485; x_wconf 87' lang='lat' dir='ltr'>est,</span> <span class='ocrx_word' id='word_1_286' title='bbox 2026 2433 2124 2489; x_wconf 90' lang='lat' dir='ltr'>pro</span> 
     </span>
    </p>
   </div>
   <div class='ocr_carea' id='block_1_40' title="bbox 529 2510 2127 2584">
    <p class='ocr_par' dir='ltr' id='par_1_40' title="bbox 529 2510 2127 2584">
     <span class='ocr_line' id='line_1_40' title="bbox 529 2510 2127 2584; baseline -0.003 -15"><span class='ocrx_word' id='word_1_287' title='bbox 529 2513 769 2580; x_wconf 87' lang='lat' dir='ltr'>civitate,</span> <span class='ocrx_word' id='word_1_288' title='bbox 808 2511 903 2584; x_wconf 88' lang='lat' dir='ltr'>qui</span> <span class='ocrx_word' id='word_1_289' title='bbox 954 2511 1342 2567; x_wconf 85' lang='lat' dir='ltr'>Brixanerium</span> <span class='ocrx_word' id='word_1_290' title='bbox 1400 2518 1642 2576; x_wconf 89' lang='lat' dir='ltr'>vocatur,</span> <span class='ocrx_word' id='word_1_291' title='bbox 1699 2510 1978 2566; x_wconf 90' lang='lat' dir='ltr'>altissimis</span> <span class='ocrx_word' id='word_1_292' title='bbox 2024 2512 2127 2565; x_wconf 87' lang='lat' dir='ltr'>cir-</span> 
     </span>
    </p>
   </div>
   <div class='ocr_carea' id='block_1_41' title="bbox 527 2603 2126 2675">
    <p class='ocr_par' dir='ltr' id='par_1_41' title="bbox 527 2603 2126 2675">
     <span class='ocr_line' id='line_1_41' title="bbox 527 2603 2126 2675; baseline -0.002 -14"><span class='ocrx_word' id='word_1_293' title='bbox 527 2605 822 2661; x_wconf 90' lang='lat' dir='ltr'>cumdatus</span> <span class='ocrx_word' id='word_1_294' title='bbox 858 2605 1119 2675; x_wconf 89' lang='lat' dir='ltr'>scopulis,</span> <span class='ocrx_word' id='word_1_295' title='bbox 1158 2603 1248 2659; x_wconf 93' lang='lat' dir='ltr'>ubi</span> <span class='ocrx_word' id='word_1_296' title='bbox 1286 2603 1452 2659; x_wconf 88' lang='lat' dir='ltr'>etiam</span> <span class='ocrx_word' id='word_1_297' title='bbox 1488 2604 1573 2658; x_wconf 86' lang='lat' dir='ltr'>vix</span> <span class='ocrx_word' id='word_1_298' title='bbox 1608 2618 1811 2658; x_wconf 91' lang='lat' dir='ltr'>nomen</span> <span class='ocrx_word' id='word_1_299' title='bbox 1846 2604 2126 2659; x_wconf 90' lang='lat' dir='ltr'>obtinetur</span> 
     </span>
    </p>
   </div>
   <div class='ocr_carea' id='block_1_42' title="bbox 528 2697 2123 2769">
    <p class='ocr_par' dir='ltr' id='par_1_42' title="bbox 528 2697 2123 2769">
     <span class='ocr_line' id='line_1_42' title="bbox 528 2697 2123 2769; baseline -0.003 -14"><span class='ocrx_word' id='word_1_300' title='bbox 528 2697 962 2755; x_wconf 87' lang='lat' dir='ltr'>christianitatis.</span> <span class='ocrx_word' id='word_1_301' title='bbox 1000 2697 1134 2764; x_wconf 87' lang='lat' dir='ltr'>Hic,</span> <span class='ocrx_word' id='word_1_302' title='bbox 1167 2697 1483 2767; x_wconf 91' lang='lat' dir='ltr'>principalis</span> <span class='ocrx_word' id='word_1_303' title='bbox 1528 2697 1770 2752; x_wconf 78' lang='lat' dir='ltr'>ecclesiae</span> <span class='ocrx_word' id='word_1_304' title='bbox 1810 2697 2123 2769; x_wconf 85' lang='lat' dir='ltr'>privilegia;</span> 
     </span>
    </p>
   </div>
   <div class='ocr_carea' id='block_1_43' title="bbox 528 2788 2125 2861">
    <p class='ocr_par' dir='ltr' id='par_1_43' title="bbox 528 2788 2125 2861">
     <span class='ocr_line' id='line_1_43' title="bbox 528 2788 2125 2861; baseline -0.001 -15"><span class='ocrx_word' id='word_1_305' title='bbox 528 2792 635 2857; x_wconf 90' lang='lat' dir='ltr'>hic,</span> <span class='ocrx_word' id='word_1_306' title='bbox 665 2789 868 2846; x_wconf 92' lang='lat' dir='ltr'>summi</span> <span class='ocrx_word' id='word_1_307' title='bbox 897 2788 1197 2845; x_wconf 89' lang='lat' dir='ltr'>sacerdotis</span> <span class='ocrx_word' id='word_1_308' title='bbox 1213 2790 1370 2861; x_wconf 86' lang='lat' dir='ltr'>jura;</span> <span class='ocrx_word' id='word_1_309' title='bbox 1403 2790 1509 2857; x_wconf 91' lang='lat' dir='ltr'>hic,</span> <span class='ocrx_word' id='word_1_310' title='bbox 1554 2798 1874 2845; x_wconf 90' lang='lat' dir='ltr'>sanctorum</span> <span class='ocrx_word' id='word_1_311' title='bbox 1900 2792 2125 2846; x_wconf 91' lang='lat' dir='ltr'>Patrum</span> 
     </span>
    </p>
   </div>
   <div class='ocr_carea' id='block_1_44' title="bbox 531 2883 2123 2951">
    <p class='ocr_par' dir='ltr' id='par_1_44' title="bbox 531 2883 2123 2951">
     <span class='ocr_line' id='line_1_44' title="bbox 531 2883 2123 2951; baseline 0 -11"><span class='ocrx_word' id='word_1_312' title='bbox 531 2886 813 2951; x_wconf 91' lang='lat' dir='ltr'>instituta;</span> <span class='ocrx_word' id='word_1_313' title='bbox 849 2883 958 2951; x_wconf 90' lang='lat' dir='ltr'>hic,</span> <span class='ocrx_word' id='word_1_314' title='bbox 996 2884 1187 2939; x_wconf 89' lang='lat' dir='ltr'>omnia</span> <span class='ocrx_word' id='word_1_315' title='bbox 1226 2893 1561 2940; x_wconf 90' lang='lat' dir='ltr'>evacuantur</span> <span class='ocrx_word' id='word_1_316' title='bbox 1594 2884 1854 2939; x_wconf 90' lang='lat' dir='ltr'>canonica</span> <span class='ocrx_word' id='word_1_317' title='bbox 1882 2883 2123 2950; x_wconf 87' lang='lat' dir='ltr'>decreta,</span> 
     </span>
    </p>
   </div>
   <div class='ocr_carea' id='block_1_45' title="bbox 527 2976 2124 3049">
    <p class='ocr_par' dir='ltr' id='par_1_45' title="bbox 527 2976 2124 3049">
     <span class='ocr_line' id='line_1_45' title="bbox 527 2976 2124 3049; baseline -0.001 -17"><span class='ocrx_word' id='word_1_318' title='bbox 527 2978 815 3042; x_wconf 91' lang='lat' dir='ltr'>nimirum,</span> <span class='ocrx_word' id='word_1_319' title='bbox 843 2977 888 3032; x_wconf 92' lang='lat' dir='ltr'>si</span> <span class='ocrx_word' id='word_1_320' title='bbox 917 2976 1010 3048; x_wconf 89' lang='lat' dir='ltr'>qui</span> <span class='ocrx_word' id='word_1_321' title='bbox 1046 2984 1303 3048; x_wconf 86' lang='lat' dir='ltr'>rogarent</span> <span class='ocrx_word' id='word_1_322' title='bbox 1329 2984 1391 3032; x_wconf 92' lang='lat' dir='ltr'>ut</span> <span class='ocrx_word' id='word_1_323' title='bbox 1430 2977 1599 3032; x_wconf 90' lang='lat' dir='ltr'>alium</span> <span class='ocrx_word' id='word_1_324' title='bbox 1637 2977 1789 3033; x_wconf 75' lang='lat' dir='ltr'>cmlis</span> <span class='ocrx_word' id='word_1_325' title='bbox 1817 2978 2124 3049; x_wconf 89' lang='lat' dir='ltr'>imponeret</span> 
     </span>
    </p>
   </div>
   <div class='ocr_carea' id='block_1_46' title="bbox 530 3070 2133 3143">
    <p class='ocr_par' dir='ltr' id='par_1_46' title="bbox 530 3070 2133 3143">
     <span class='ocr_line' id='line_1_46' title="bbox 530 3070 2133 3143; baseline -0.001 -16"><span class='ocrx_word' id='word_1_326' title='bbox 530 3075 732 3140; x_wconf 92' lang='lat' dir='ltr'>Deum,</span> <span class='ocrx_word' id='word_1_327' title='bbox 760 3079 1029 3143; x_wconf 90' lang='lat' dir='ltr'>quantum</span> <span class='ocrx_word' id='word_1_328' title='bbox 1057 3070 1113 3126; x_wconf 90' lang='lat' dir='ltr'>in</span> <span class='ocrx_word' id='word_1_329' title='bbox 1140 3071 1255 3142; x_wconf 92' lang='lat' dir='ltr'>ipso</span> <span class='ocrx_word' id='word_1_330' title='bbox 1286 3078 1421 3136; x_wconf 90' lang='lat' dir='ltr'>erat,</span> <span class='ocrx_word' id='word_1_331' title='bbox 1458 3072 1699 3139; x_wconf 69' lang='lat' dir='ltr'>aestimo,</span> <span class='ocrx_word' id='word_1_332' title='bbox 1734 3070 1937 3127; x_wconf 86' lang='lat' dir='ltr'>faceret</span> <span class='ocrx_word' id='word_1_333' title='bbox 1969 3080 2133 3143; x_wconf 90' lang='lat' dir='ltr'>atque</span> 
     </span>
    </p>
   </div>
   <div class='ocr_carea' id='block_1_47' title="bbox 2230 1945 3831 2014">
    <p class='ocr_par' dir='ltr' id='par_1_47' title="bbox 2230 1945 3831 2014">
     <span class='ocr_line' id='line_1_47' title="bbox 2230 1945 3831 2014; baseline -0.006 -8"><span class='ocrx_word' id='word_1_334' title='bbox 2230 1968 2343 2006; x_wconf 92' lang='lat' dir='ltr'>non</span> <span class='ocrx_word' id='word_1_335' title='bbox 2374 1951 2667 2005; x_wconf 90' lang='lat' dir='ltr'>amitteret.</span> <span class='ocrx_word' id='word_1_336' title='bbox 2699 1948 2977 2004; x_wconf 88' lang='lat' dir='ltr'>Nimirum</span> <span class='ocrx_word' id='word_1_337' title='bbox 3004 1946 3116 2002; x_wconf 93' lang='lat' dir='ltr'>suis</span> <span class='ocrx_word' id='word_1_338' title='bbox 3154 1945 3209 2001; x_wconf 90' lang='lat' dir='ltr'>id</span> <span class='ocrx_word' id='word_1_339' title='bbox 3236 1945 3445 2000; x_wconf 88' lang='lat' dir='ltr'>meritis</span> <span class='ocrx_word' id='word_1_340' title='bbox 3474 1945 3831 2014; x_wconf 85' lang='lat' dir='ltr'>impetratum</span> 
     </span>
    </p>
   </div>
   <div class='ocr_carea' id='block_1_48' title="bbox 2233 2038 3833 2113">
    <p class='ocr_par' dir='ltr' id='par_1_48' title="bbox 2233 2038 3833 2113">
     <span class='ocr_line' id='line_1_48' title="bbox 2233 2038 3833 2113; baseline -0.005 -14"><span class='ocrx_word' id='word_1_341' title='bbox 2233 2052 2336 2113; x_wconf 87' lang='lat' dir='ltr'>est,</span> <span class='ocrx_word' id='word_1_342' title='bbox 2367 2052 2427 2097; x_wconf 89' lang='lat' dir='ltr'>ut</span> <span class='ocrx_word' id='word_1_343' title='bbox 2456 2042 2745 2097; x_wconf 90' lang='lat' dir='ltr'>laudabilis</span> <span class='ocrx_word' id='word_1_344' title='bbox 2782 2041 2871 2096; x_wconf 88' lang='lat' dir='ltr'>illa</span> <span class='ocrx_word' id='word_1_345' title='bbox 2902 2049 2958 2096; x_wconf 90' lang='lat' dir='ltr'>et</span> <span class='ocrx_word' id='word_1_346' title='bbox 3006 2039 3241 2111; x_wconf 89' lang='lat' dir='ltr'>gloriosa</span> <span class='ocrx_word' id='word_1_347' title='bbox 3280 2054 3376 2110; x_wconf 91' lang='lat' dir='ltr'>per</span> <span class='ocrx_word' id='word_1_348' title='bbox 3418 2046 3634 2093; x_wconf 80' lang='lat' dir='ltr'>exteras</span> <span class='ocrx_word' id='word_1_349' title='bbox 3662 2038 3833 2092; x_wconf 90' lang='lat' dir='ltr'>etiam</span> 
     </span>
    </p>
   </div>
   <div class='ocr_carea' id='block_1_49' title="bbox 2234 2130 3834 2206">
    <p class='ocr_par' dir='ltr' id='par_1_49' title="bbox 2234 2130 3834 2206">
     <span class='ocr_line' id='line_1_49' title="bbox 2234 2130 3834 2206; baseline -0.006 -14"><span class='ocrx_word' id='word_1_350' title='bbox 2234 2147 2403 2192; x_wconf 89' lang='lat' dir='ltr'>terras</span> <span class='ocrx_word' id='word_1_351' title='bbox 2442 2136 2851 2206; x_wconf 59' lang='lat' dir='ltr'>praedicaretur.</span> <span class='ocrx_word' id='word_1_352' title='bbox 2885 2134 3131 2203; x_wconf 83' lang='lat' dir='ltr'>Quidni?</span> <span class='ocrx_word' id='word_1_353' title='bbox 3159 2133 3253 2188; x_wconf 93' lang='lat' dir='ltr'>Illa</span> <span class='ocrx_word' id='word_1_354' title='bbox 3296 2131 3442 2187; x_wconf 92' lang='lat' dir='ltr'>enim</span> <span class='ocrx_word' id='word_1_355' title='bbox 3485 2130 3747 2185; x_wconf 86' lang='lat' dir='ltr'>nobiliter</span> <span class='ocrx_word' id='word_1_356' title='bbox 3783 2137 3834 2184; x_wconf 89' lang='lat' dir='ltr'>et</span> 
     </span>
    </p>
   </div>
   <div class='ocr_carea' id='block_1_50' title="bbox 2233 2224 3831 2301">
    <p class='ocr_par' dir='ltr' id='par_1_50' title="bbox 2233 2224 3831 2301">
     <span class='ocr_line' id='line_1_50' title="bbox 2233 2224 3831 2301; baseline -0.004 -16"><span class='ocrx_word' id='word_1_357' title='bbox 2233 2230 2536 2301; x_wconf 77' lang='lat' dir='ltr'>magnifice,</span> <span class='ocrx_word' id='word_1_358' title='bbox 2568 2229 2787 2284; x_wconf 88' lang='lat' dir='ltr'>insolito</span> <span class='ocrx_word' id='word_1_359' title='bbox 2816 2228 3109 2283; x_wconf 90' lang='lat' dir='ltr'>mulierum</span> <span class='ocrx_word' id='word_1_360' title='bbox 3139 2242 3315 2291; x_wconf 90' lang='lat' dir='ltr'>more,</span> <span class='ocrx_word' id='word_1_361' title='bbox 3338 2226 3459 2295; x_wconf 89' lang='lat' dir='ltr'>plus</span> <span class='ocrx_word' id='word_1_362' title='bbox 3488 2224 3636 2289; x_wconf 93' lang='lat' dir='ltr'>dico,</span> <span class='ocrx_word' id='word_1_363' title='bbox 3669 2239 3831 2295; x_wconf 92' lang='lat' dir='ltr'>quam</span> 
     </span>
    </p>
   </div>
   <div class='ocr_carea' id='block_1_51' title="bbox 2234 2319 3831 2395">
    <p class='ocr_par' dir='ltr' id='par_1_51' title="bbox 2234 2319 3831 2395">
     <span class='ocr_line' id='line_1_51' title="bbox 2234 2319 3831 2395; baseline -0.004 -17"><span class='ocrx_word' id='word_1_364' title='bbox 2234 2324 2460 2378; x_wconf 89' lang='lat' dir='ltr'>viriliter</span> <span class='ocrx_word' id='word_1_365' title='bbox 2498 2323 2724 2395; x_wconf 87' lang='lat' dir='ltr'>agebat;</span> <span class='ocrx_word' id='word_1_366' title='bbox 2774 2322 2984 2377; x_wconf 91' lang='lat' dir='ltr'>nullum</span> <span class='ocrx_word' id='word_1_367' title='bbox 3026 2320 3141 2376; x_wconf 89' lang='lat' dir='ltr'>fere</span> <span class='ocrx_word' id='word_1_368' title='bbox 3184 2320 3486 2391; x_wconf 89' lang='lat' dir='ltr'>periculum</span> <span class='ocrx_word' id='word_1_369' title='bbox 3529 2319 3831 2373; x_wconf 87' lang='lat' dir='ltr'>metuebat.</span> 
     </span>
    </p>
   </div>
   <div class='ocr_carea' id='block_1_52' title="bbox 2235 2411 3837 2487">
    <p class='ocr_par' dir='ltr' id='par_1_52' title="bbox 2235 2411 3837 2487">
     <span class='ocr_line' id='line_1_52' title="bbox 2235 2411 3837 2487; baseline -0.004 -15"><span class='ocrx_word' id='word_1_370' title='bbox 2235 2418 2500 2486; x_wconf 90' lang='lat' dir='ltr'>Quisnam</span> <span class='ocrx_word' id='word_1_371' title='bbox 2539 2425 2821 2487; x_wconf 90' lang='lat' dir='ltr'>potentum</span> <span class='ocrx_word' id='word_1_372' title='bbox 2850 2429 3091 2486; x_wconf 91' lang='lat' dir='ltr'>unquam</span> <span class='ocrx_word' id='word_1_373' title='bbox 3128 2429 3316 2481; x_wconf 91' lang='lat' dir='ltr'>suum,</span> <span class='ocrx_word' id='word_1_374' title='bbox 3358 2420 3421 2468; x_wconf 91' lang='lat' dir='ltr'>ut</span> <span class='ocrx_word' id='word_1_375' title='bbox 3457 2412 3569 2479; x_wconf 91' lang='lat' dir='ltr'>illa,</span> <span class='ocrx_word' id='word_1_376' title='bbox 3605 2411 3837 2467; x_wconf 75' lang='lat' dir='ltr'>deduxit</span> 
     </span>
    </p>
   </div>
   <div class='ocr_carea' id='block_1_53' title="bbox 2236 2504 3839 2576">
    <p class='ocr_par' dir='ltr' id='par_1_53' title="bbox 2236 2504 3839 2576">
     <span class='ocr_line' id='line_1_53' title="bbox 2236 2504 3839 2576; baseline -0.004 -11"><span class='ocrx_word' id='word_1_377' title='bbox 2236 2510 2575 2566; x_wconf 79' lang='lat' dir='ltr'>exercitum?</span> <span class='ocrx_word' id='word_1_378' title='bbox 2602 2512 2969 2565; x_wconf 73' lang='lat' dir='ltr'>Recesserunt</span> <span class='ocrx_word' id='word_1_379' title='bbox 2994 2517 3180 2562; x_wconf 88' lang='lat' dir='ltr'>tamen</span> <span class='ocrx_word' id='word_1_380' title='bbox 3215 2507 3282 2562; x_wconf 92' lang='lat' dir='ltr'>ab</span> <span class='ocrx_word' id='word_1_381' title='bbox 3322 2506 3411 2561; x_wconf 92' lang='lat' dir='ltr'>illa</span> <span class='ocrx_word' id='word_1_382' title='bbox 3441 2504 3665 2576; x_wconf 89' lang='lat' dir='ltr'>plurimi</span> <span class='ocrx_word' id='word_1_383' title='bbox 3710 2520 3839 2559; x_wconf 91' lang='lat' dir='ltr'>suo-</span> 
     </span>
    </p>
   </div>
   <div class='ocr_carea' id='block_1_54' title="bbox 2236 2598 3834 2670">
    <p class='ocr_par' dir='ltr' id='par_1_54' title="bbox 2236 2598 3834 2670">
     <span class='ocr_line' id='line_1_54' title="bbox 2236 2598 3834 2670; baseline -0.004 -12"><span class='ocrx_word' id='word_1_384' title='bbox 2236 2619 2378 2669; x_wconf 89' lang='lat' dir='ltr'>rum,</span> <span class='ocrx_word' id='word_1_385' title='bbox 2406 2611 2461 2659; x_wconf 92' lang='lat' dir='ltr'>et</span> <span class='ocrx_word' id='word_1_386' title='bbox 2491 2602 2747 2659; x_wconf 87' lang='lat' dir='ltr'>abierunt</span> <span class='ocrx_word' id='word_1_387' title='bbox 2772 2609 3099 2656; x_wconf 89' lang='lat' dir='ltr'>retrorsum.</span> <span class='ocrx_word' id='word_1_388' title='bbox 3128 2599 3371 2670; x_wconf 89' lang='lat' dir='ltr'>Separati</span> <span class='ocrx_word' id='word_1_389' title='bbox 3401 2607 3548 2665; x_wconf 90' lang='lat' dir='ltr'>sunt,</span> <span class='ocrx_word' id='word_1_390' title='bbox 3577 2598 3834 2668; x_wconf 89' lang='lat' dir='ltr'>inquam,</span> 
     </span>
    </p>
   </div>
   <div class='ocr_carea' id='block_1_55' title="bbox 2235 2690 3837 2767">
    <p class='ocr_par' dir='ltr' id='par_1_55' title="bbox 2235 2690 3837 2767">
     <span class='ocr_line' id='line_1_55' title="bbox 2235 2690 3837 2767; baseline -0.004 -16"><span class='ocrx_word' id='word_1_391' title='bbox 2235 2713 2263 2751; x_wconf 91' lang='lat' dir='ltr'>a</span> <span class='ocrx_word' id='word_1_392' title='bbox 2304 2696 2489 2763; x_wconf 91' lang='lat' dir='ltr'>nobis;</span> <span class='ocrx_word' id='word_1_393' title='bbox 2538 2696 2662 2767; x_wconf 91' lang='lat' dir='ltr'>quia</span> <span class='ocrx_word' id='word_1_394' title='bbox 2708 2711 2821 2751; x_wconf 92' lang='lat' dir='ltr'>non</span> <span class='ocrx_word' id='word_1_395' title='bbox 2857 2703 3010 2750; x_wconf 89' lang='lat' dir='ltr'>erant</span> <span class='ocrx_word' id='word_1_396' title='bbox 3060 2709 3124 2749; x_wconf 84' lang='lat' dir='ltr'>ex</span> <span class='ocrx_word' id='word_1_397' title='bbox 3155 2693 3333 2749; x_wconf 92' lang='lat' dir='ltr'>nobis.</span> <span class='ocrx_word' id='word_1_398' title='bbox 3389 2694 3530 2747; x_wconf 86' lang='lat' dir='ltr'>Nam</span> <span class='ocrx_word' id='word_1_399' title='bbox 3560 2700 3614 2746; x_wconf 91' lang='lat' dir='ltr'>et</span> <span class='ocrx_word' id='word_1_400' title='bbox 3662 2690 3837 2762; x_wconf 84' lang='lat' dir='ltr'>angeli</span> 
     </span>
    </p>
   </div>
   <div class='ocr_carea' id='block_1_56' title="bbox 2236 2784 3832 2862">
    <p class='ocr_par' dir='ltr' id='par_1_56' title="bbox 2236 2784 3832 2862">
     <span class='ocr_line' id='line_1_56' title="bbox 2236 2784 3832 2862; baseline -0.003 -17"><span class='ocrx_word' id='word_1_401' title='bbox 2236 2790 2461 2862; x_wconf 90' lang='lat' dir='ltr'>quidam</span> <span class='ocrx_word' id='word_1_402' title='bbox 2504 2791 2574 2845; x_wconf 87' lang='lat' dir='ltr'>de</span> <span class='ocrx_word' id='word_1_403' title='bbox 2613 2789 2750 2845; x_wconf 60' lang='lat' dir='ltr'>caelo</span> <span class='ocrx_word' id='word_1_404' title='bbox 2792 2788 3129 2855; x_wconf 89' lang='lat' dir='ltr'>deciderunt,</span> <span class='ocrx_word' id='word_1_405' title='bbox 3171 2787 3292 2841; x_wconf 92' lang='lat' dir='ltr'>aliis</span> <span class='ocrx_word' id='word_1_406' title='bbox 3333 2786 3410 2841; x_wconf 91' lang='lat' dir='ltr'>sic</span> <span class='ocrx_word' id='word_1_407' title='bbox 3438 2784 3832 2847; x_wconf 80' lang='lat' dir='ltr'>corroboratis.</span> 
     </span>
    </p>
   </div>
   <div class='ocr_carea' id='block_1_57' title="bbox 2235 2879 3839 2953">
    <p class='ocr_par' dir='ltr' id='par_1_57' title="bbox 2235 2879 3839 2953">
     <span class='ocr_line' id='line_1_57' title="bbox 2235 2879 3839 2953; baseline -0.004 -14"><span class='ocrx_word' id='word_1_408' title='bbox 2235 2892 2296 2939; x_wconf 88' lang='lat' dir='ltr'>ut</span> <span class='ocrx_word' id='word_1_409' title='bbox 2342 2884 2535 2939; x_wconf 87' lang='lat' dir='ltr'>cadere</span> <span class='ocrx_word' id='word_1_410' title='bbox 2584 2883 2820 2953; x_wconf 88' lang='lat' dir='ltr'>amplius</span> <span class='ocrx_word' id='word_1_411' title='bbox 2870 2898 2986 2937; x_wconf 92' lang='lat' dir='ltr'>non</span> <span class='ocrx_word' id='word_1_412' title='bbox 3021 2881 3284 2936; x_wconf 89' lang='lat' dir='ltr'>valerent.</span> <span class='ocrx_word' id='word_1_413' title='bbox 3316 2879 3677 2936; x_wconf 90' lang='lat' dir='ltr'>Corroborati</span> <span class='ocrx_word' id='word_1_414' title='bbox 3711 2886 3839 2933; x_wconf 89' lang='lat' dir='ltr'>sunt</span> 
     </span>
    </p>
   </div>
   <div class='ocr_carea' id='block_1_58' title="bbox 2233 2973 3834 3048">
    <p class='ocr_par' dir='ltr' id='par_1_58' title="bbox 2233 2973 3834 3048">
     <span class='ocr_line' id='line_1_58' title="bbox 2233 2973 3834 3048; baseline -0.003 -16"><span class='ocrx_word' id='word_1_415' title='bbox 2233 2986 2287 3032; x_wconf 91' lang='lat' dir='ltr'>et</span> <span class='ocrx_word' id='word_1_416' title='bbox 2313 2976 2391 3045; x_wconf 90' lang='lat' dir='ltr'>hi,</span> <span class='ocrx_word' id='word_1_417' title='bbox 2432 2978 2524 3047; x_wconf 86' lang='lat' dir='ltr'>qui</span> <span class='ocrx_word' id='word_1_418' title='bbox 2561 2984 2995 3048; x_wconf 89' lang='lat' dir='ltr'>permanserunt,</span> <span class='ocrx_word' id='word_1_419' title='bbox 3027 2984 3147 3030; x_wconf 91' lang='lat' dir='ltr'>tum</span> <span class='ocrx_word' id='word_1_420' title='bbox 3173 2990 3239 3030; x_wconf 87' lang='lat' dir='ltr'>ex</span> <span class='ocrx_word' id='word_1_421' title='bbox 3278 2973 3562 3029; x_wconf 89' lang='lat' dir='ltr'>dulcedine</span> <span class='ocrx_word' id='word_1_422' title='bbox 3586 2980 3834 3043; x_wconf 83' lang='lat' dir='ltr'>pastora-</span> 
     </span>
    </p>
   </div>
   <div class='ocr_carea' id='block_1_59' title="bbox 2240 3066 3835 3142">
    <p class='ocr_par' dir='ltr' id='par_1_59' title="bbox 2240 3066 3835 3142">
     <span class='ocr_line' id='line_1_59' title="bbox 2240 3066 3835 3142; baseline -0.003 -18"><span class='ocrx_word' id='word_1_423' title='bbox 2240 3070 2306 3125; x_wconf 91' lang='lat' dir='ltr'>lis</span> <span class='ocrx_word' id='word_1_424' title='bbox 2336 3072 2636 3142; x_wconf 74' lang='lat' dir='ltr'>sapientiae,</span> <span class='ocrx_word' id='word_1_425' title='bbox 2678 3078 2797 3125; x_wconf 91' lang='lat' dir='ltr'>tum</span> <span class='ocrx_word' id='word_1_426' title='bbox 2826 3086 2891 3124; x_wconf 81' lang='lat' dir='ltr'>ex</span> <span class='ocrx_word' id='word_1_427' title='bbox 2925 3069 3301 3125; x_wconf 84' lang='lat' dir='ltr'>benevolentia</span> <span class='ocrx_word' id='word_1_428' title='bbox 3330 3075 3383 3122; x_wconf 90' lang='lat' dir='ltr'>et</span> <span class='ocrx_word' id='word_1_429' title='bbox 3413 3066 3690 3122; x_wconf 86' lang='lat' dir='ltr'>hilaritate</span> <span class='ocrx_word' id='word_1_430' title='bbox 3722 3075 3835 3121; x_wconf 90' lang='lat' dir='ltr'>tam</span> 
     </span>
    </p>
   </div>
   <div class='ocr_carea' id='block_1_60' title="bbox 531 3161 2931 3270">
    <p class='ocr_par' dir='ltr' id='par_1_60' title="bbox 531 3161 2931 3270">
     <span class='ocr_line' id='line_1_60' title="bbox 531 3161 2931 3270; baseline -0.001 -50"><span class='ocrx_word' id='word_1_431' title='bbox 531 3166 900 3220; x_wconf 87' lang='lat' dir='ltr'>conﬁrmaret.</span> <span class='ocrx_word' id='word_1_432' title='bbox 932 3167 1071 3219; x_wconf 87' lang='lat' dir='ltr'>Nam</span> <span class='ocrx_word' id='word_1_433' title='bbox 1091 3180 1193 3220; x_wconf 91' lang='lat' dir='ltr'>nec</span> <span class='ocrx_word' id='word_1_434' title='bbox 1211 3164 1437 3220; x_wconf 90' lang='lat' dir='ltr'>omnino</span> <span class='ocrx_word' id='word_1_435' title='bbox 1466 3180 1669 3220; x_wconf 92' lang='lat' dir='ltr'>novum</span> <span class='ocrx_word' id='word_1_436' title='bbox 1697 3170 1780 3220; x_wconf 91' lang='lat' dir='ltr'>est</span> <span class='ocrx_word' id='word_1_437' title='bbox 1808 3166 2127 3236; x_wconf 89' lang='lat' dir='ltr'>aucupium,</span> <span class='ocrx_word' id='word_1_438' title='bbox 2168 3206 2212 3270; x_wconf 67' lang='grc' dir='ltr'>Ο</span> <span class='ocrx_word' id='word_1_439' title='bbox 2240 3161 2615 3219; x_wconf 87' lang='lat' dir='ltr'>desiderabilis</span> <span class='ocrx_word' id='word_1_440' title='bbox 2644 3172 2931 3219; x_wconf 81' lang='lat' dir='ltr'>matronae.</span> 
     </span>
    </p>
   </div>
   <div class='ocr_carea' id='block_1_61' title="bbox 531 3257 1882 3331">
    <p class='ocr_par' dir='ltr' id='par_1_61' title="bbox 531 3257 1882 3331">
     <span class='ocr_line' id='line_1_61' title="bbox 531 3257 1882 3331; baseline 0 -19"><span class='ocrx_word' id='word_1_441' title='bbox 531 3258 682 3331; x_wconf 90' lang='lat' dir='ltr'>quod</span> <span class='ocrx_word' id='word_1_442' title='bbox 710 3258 820 3329; x_wconf 87' lang='lat' dir='ltr'>agit</span> <span class='ocrx_word' id='word_1_443' title='bbox 844 3278 859 3325; x_wconf 92' lang='lat'>;</span> <span class='ocrx_word' id='word_1_444' title='bbox 892 3273 922 3313; x_wconf 92' lang='lat' dir='ltr'>a</span> <span class='ocrx_word' id='word_1_445' title='bbox 951 3257 1186 3329; x_wconf 90' lang='lat' dir='ltr'>pueritia</span> <span class='ocrx_word' id='word_1_446' title='bbox 1216 3259 1416 3329; x_wconf 88' lang='lat' dir='ltr'>quippe</span> <span class='ocrx_word' id='word_1_447' title='bbox 1445 3273 1541 3312; x_wconf 90' lang='lat' dir='ltr'>sua</span> <span class='ocrx_word' id='word_1_448' title='bbox 1572 3257 1649 3313; x_wconf 91' lang='lat' dir='ltr'>sic</span> <span class='ocrx_word' id='word_1_449' title='bbox 1673 3257 1882 3314; x_wconf 78' lang='lat' dir='ltr'>didicit.</span> 
     </span>
    </p>
   </div>
   <div class='ocr_carea' id='block_1_62' title="bbox 603 3351 2127 3422">
    <p class='ocr_par' dir='ltr' id='par_1_62' title="bbox 603 3351 2127 3422">
     <span class='ocr_line' id='line_1_62' title="bbox 603 3351 2127 3422; baseline 0.001 -16"><span class='ocrx_word' id='word_1_450' title='bbox 603 3352 896 3407; x_wconf 89' lang='lat' dir='ltr'>Enimvero</span> <span class='ocrx_word' id='word_1_451' title='bbox 930 3351 1066 3407; x_wconf 91' lang='lat' dir='ltr'>dum</span> <span class='ocrx_word' id='word_1_452' title='bbox 1100 3351 1425 3406; x_wconf 89' lang='lat' dir='ltr'>venerabilis</span> <span class='ocrx_word' id='word_1_453' title='bbox 1472 3367 1607 3422; x_wconf 91' lang='lat' dir='ltr'>papa</span> <span class='ocrx_word' id='word_1_454' title='bbox 1635 3351 1940 3407; x_wconf 82' lang='lat' dir='ltr'>Alexander</span> <span class='ocrx_word' id='word_1_455' title='bbox 1962 3367 2127 3407; x_wconf 87' lang='lat' dir='ltr'>cano-</span> 
     </span>
    </p>
   </div>
   <div class='ocr_carea' id='block_1_63' title="bbox 531 3444 2130 3515">
    <p class='ocr_par' dir='ltr' id='par_1_63' title="bbox 531 3444 2130 3515">
     <span class='ocr_line' id='line_1_63' title="bbox 531 3444 2130 3515; baseline 0 -15"><span class='ocrx_word' id='word_1_456' title='bbox 531 3446 649 3500; x_wconf 91' lang='lat' dir='ltr'>nice</span> <span class='ocrx_word' id='word_1_457' title='bbox 678 3444 872 3502; x_wconf 89' lang='lat' dir='ltr'>fuisset</span> <span class='ocrx_word' id='word_1_458' title='bbox 909 3444 1042 3500; x_wconf 91' lang='lat' dir='ltr'>olim</span> <span class='ocrx_word' id='word_1_459' title='bbox 1077 3444 1302 3511; x_wconf 91' lang='lat' dir='ltr'>electus,</span> <span class='ocrx_word' id='word_1_460' title='bbox 1336 3445 1449 3515; x_wconf 92' lang='lat' dir='ltr'>ipse</span> <span class='ocrx_word' id='word_1_461' title='bbox 1477 3444 1743 3500; x_wconf 90' lang='lat' dir='ltr'>Cadolum</span> <span class='ocrx_word' id='word_1_462' title='bbox 1781 3445 2130 3514; x_wconf 90' lang='lat' dir='ltr'>[Cadaloum]</span> 
     </span>
    </p>
   </div>
   <div class='ocr_carea' id='block_1_64' title="bbox 532 3538 2128 3609">
    <p class='ocr_par' dir='ltr' id='par_1_64' title="bbox 532 3538 2128 3609">
     <span class='ocr_line' id='line_1_64' title="bbox 532 3538 2128 3609; baseline 0.001 -17"><span class='ocrx_word' id='word_1_463' title='bbox 532 3540 887 3594; x_wconf 88' lang='lat' dir='ltr'>Parmensem</span> <span class='ocrx_word' id='word_1_464' title='bbox 916 3539 1236 3609; x_wconf 90' lang='lat' dir='ltr'>episcopum</span> <span class='ocrx_word' id='word_1_465' title='bbox 1267 3538 1324 3592; x_wconf 93' lang='lat' dir='ltr'>in</span> <span class='ocrx_word' id='word_1_466' title='bbox 1349 3538 1666 3593; x_wconf 90' lang='lat' dir='ltr'>Teutonicis</span> <span class='ocrx_word' id='word_1_467' title='bbox 1697 3540 1941 3609; x_wconf 89' lang='lat' dir='ltr'>partibus</span> <span class='ocrx_word' id='word_1_468' title='bbox 1967 3554 2128 3595; x_wconf 92' lang='lat' dir='ltr'>suum</span> 
     </span>
    </p>
   </div>
   <div class='ocr_carea' id='block_1_65' title="bbox 532 3630 2129 3703">
    <p class='ocr_par' dir='ltr' id='par_1_65' title="bbox 532 3630 2129 3703">
     <span class='ocr_line' id='line_1_65' title="bbox 532 3630 2129 3703; baseline 0.002 -18"><span class='ocrx_word' id='word_1_469' title='bbox 532 3648 734 3703; x_wconf 91' lang='lat' dir='ltr'>papam</span> <span class='ocrx_word' id='word_1_470' title='bbox 781 3632 972 3702; x_wconf 89' lang='lat' dir='ltr'>elegit,</span> <span class='ocrx_word' id='word_1_471' title='bbox 1007 3634 1353 3700; x_wconf 83' lang='lat' dir='ltr'>Romamque</span> <span class='ocrx_word' id='word_1_472' title='bbox 1396 3630 1622 3697; x_wconf 85' lang='lat' dir='ltr'>direxit;</span> <span class='ocrx_word' id='word_1_473' title='bbox 1673 3633 1765 3703; x_wconf 91' lang='lat' dir='ltr'>qui</span> <span class='ocrx_word' id='word_1_474' title='bbox 1808 3631 2129 3688; x_wconf 89' lang='lat' dir='ltr'>diuturnam</span> 
     </span>
    </p>
   </div>
   <div class='ocr_carea' id='block_1_66' title="bbox 533 3722 2131 3794">
    <p class='ocr_par' dir='ltr' id='par_1_66' title="bbox 533 3722 2131 3794">
     <span class='ocr_line' id='line_1_66' title="bbox 533 3722 2131 3794; baseline 0.003 -16"><span class='ocrx_word' id='word_1_475' title='bbox 533 3722 886 3791; x_wconf 91' lang='lat' dir='ltr'>discordiam,</span> <span class='ocrx_word' id='word_1_476' title='bbox 926 3722 1175 3794; x_wconf 90' lang='lat' dir='ltr'>bellaque</span> <span class='ocrx_word' id='word_1_477' title='bbox 1198 3723 1375 3778; x_wconf 91' lang='lat' dir='ltr'>multa</span> <span class='ocrx_word' id='word_1_478' title='bbox 1400 3724 1698 3779; x_wconf 91' lang='lat' dir='ltr'>commisit.</span> <span class='ocrx_word' id='word_1_479' title='bbox 1738 3725 1883 3781; x_wconf 87' lang='lat' dir='ltr'>Huic</span> <span class='ocrx_word' id='word_1_480' title='bbox 1910 3725 2131 3783; x_wconf 84' lang='lat' dir='ltr'>nefariae</span> 
     </span>
    </p>
   </div>
   <div class='ocr_carea' id='block_1_67' title="bbox 534 3813 2132 3888">
    <p class='ocr_par' dir='ltr' id='par_1_67' title="bbox 534 3813 2132 3888">
     <span class='ocr_line' id='line_1_67' title="bbox 534 3813 2132 3888; baseline 0.004 -20"><span class='ocrx_word' id='word_1_481' title='bbox 534 3813 945 3887; x_wconf 62' lang='lat' dir='ltr'>praesumptioni</span> <span class='ocrx_word' id='word_1_482' title='bbox 971 3822 1150 3870; x_wconf 91' lang='lat' dir='ltr'>mater</span> <span class='ocrx_word' id='word_1_483' title='bbox 1177 3815 1345 3885; x_wconf 88' lang='lat' dir='ltr'>ipsius</span> <span class='ocrx_word' id='word_1_484' title='bbox 1378 3818 1561 3887; x_wconf 87' lang='lat' dir='ltr'>Agnes</span> <span class='ocrx_word' id='word_1_485' title='bbox 1601 3815 1923 3888; x_wconf 81' lang='lat' dir='ltr'>imperatrix</span> <span class='ocrx_word' id='word_1_486' title='bbox 1960 3821 2132 3875; x_wconf 84' lang='lat' dir='ltr'>inter-</span> 
     </span>
    </p>
   </div>
   <div class='ocr_carea' id='block_1_68' title="bbox 536 3906 2129 3981">
    <p class='ocr_par' dir='ltr' id='par_1_68' title="bbox 536 3906 2129 3981">
     <span class='ocr_line' id='line_1_68' title="bbox 536 3906 2129 3981; baseline 0.003 -20"><span class='ocrx_word' id='word_1_487' title='bbox 536 3907 664 3973; x_wconf 84' lang='lat' dir='ltr'>fuit;</span> <span class='ocrx_word' id='word_1_488' title='bbox 707 3922 850 3979; x_wconf 70' lang='lat' dir='ltr'>quaa,</span> <span class='ocrx_word' id='word_1_489' title='bbox 900 3906 1075 3961; x_wconf 88' lang='lat' dir='ltr'>sancti</span> <span class='ocrx_word' id='word_1_490' title='bbox 1118 3906 1350 3977; x_wconf 87' lang='lat' dir='ltr'>Spiritus</span> <span class='ocrx_word' id='word_1_491' title='bbox 1378 3906 1742 3963; x_wconf 89' lang='lat' dir='ltr'>illustratione</span> <span class='ocrx_word' id='word_1_492' title='bbox 1775 3921 2129 3981; x_wconf 90' lang='lat' dir='ltr'>compuncta,</span> 
     </span>
    </p>
   </div>
   <div class='ocr_carea' id='block_1_69' title="bbox 535 3999 2133 4074">
    <p class='ocr_par' dir='ltr' id='par_1_69' title="bbox 535 3999 2133 4074">
     <span class='ocr_line' id='line_1_69' title="bbox 535 3999 2133 4074; baseline 0.003 -19"><span class='ocrx_word' id='word_1_493' title='bbox 535 3999 681 4071; x_wconf 92' lang='lat' dir='ltr'>apud</span> <span class='ocrx_word' id='word_1_494' title='bbox 716 4000 900 4070; x_wconf 92' lang='lat' dir='ltr'>ipsum</span> <span class='ocrx_word' id='word_1_495' title='bbox 929 4013 1129 4070; x_wconf 92' lang='lat' dir='ltr'>papam</span> <span class='ocrx_word' id='word_1_496' title='bbox 1154 3999 1527 4055; x_wconf 84' lang='lat' dir='ltr'>Alexandrum</span> <span class='ocrx_word' id='word_1_497' title='bbox 1553 4001 1958 4057; x_wconf 89' lang='lat' dir='ltr'>confessionem</span> <span class='ocrx_word' id='word_1_498' title='bbox 1988 4013 2133 4074; x_wconf 89' lang='lat' dir='ltr'>post-</span> 
     </span>
    </p>
   </div>
   <div class='ocr_carea' id='block_1_70' title="bbox 535 4091 2129 4166">
    <p class='ocr_par' dir='ltr' id='par_1_70' title="bbox 535 4091 2129 4166">
     <span class='ocr_line' id='line_1_70' title="bbox 535 4091 2129 4166; baseline 0.002 -17"><span class='ocrx_word' id='word_1_499' title='bbox 535 4092 768 4149; x_wconf 92' lang='lat' dir='ltr'>modum</span> <span class='ocrx_word' id='word_1_500' title='bbox 800 4091 948 4162; x_wconf 91' lang='lat' dir='ltr'>fecit,</span> <span class='ocrx_word' id='word_1_501' title='bbox 983 4092 1373 4163; x_wconf 82' lang='lat' dir='ltr'>paenitentiam</span> <span class='ocrx_word' id='word_1_502' title='bbox 1411 4093 1641 4165; x_wconf 87' lang='lat' dir='ltr'>accepit.</span> <span class='ocrx_word' id='word_1_503' title='bbox 1674 4094 1770 4150; x_wconf 90' lang='lat' dir='ltr'>Cui</span> <span class='ocrx_word' id='word_1_504' title='bbox 1797 4095 1850 4150; x_wconf 91' lang='lat' dir='ltr'>id</span> <span class='ocrx_word' id='word_1_505' title='bbox 1882 4112 1993 4166; x_wconf 68' lang='lat' dir='ltr'>prae</span> <span class='ocrx_word' id='word_1_506' title='bbox 2026 4112 2129 4153; x_wconf 83' lang='lat' dir='ltr'>cae-</span> 
     </span>
    </p>
   </div>
   <div class='ocr_carea' id='block_1_71' title="bbox 534 4185 2128 4257">
    <p class='ocr_par' dir='ltr' id='par_1_71' title="bbox 534 4185 2128 4257">
     <span class='ocr_line' id='line_1_71' title="bbox 534 4185 2128 4257; baseline 0.003 -17"><span class='ocrx_word' id='word_1_507' title='bbox 534 4186 669 4240; x_wconf 90' lang='lat' dir='ltr'>teris</span> <span class='ocrx_word' id='word_1_508' title='bbox 704 4185 1021 4257; x_wconf 89' lang='lat' dir='ltr'>injunctum</span> <span class='ocrx_word' id='word_1_509' title='bbox 1069 4193 1181 4253; x_wconf 89' lang='lat' dir='ltr'>est,</span> <span class='ocrx_word' id='word_1_510' title='bbox 1229 4194 1498 4256; x_wconf 91' lang='lat' dir='ltr'>quatenus</span> <span class='ocrx_word' id='word_1_511' title='bbox 1545 4189 1741 4243; x_wconf 74' lang='lat' dir='ltr'>Romae</span> <span class='ocrx_word' id='word_1_512' title='bbox 1788 4195 2128 4256; x_wconf 91' lang='lat' dir='ltr'>moraretur,</span> 
     </span>
    </p>
   </div>
   <div class='ocr_carea' id='block_1_72' title="bbox 535 4277 2137 4353">
    <p class='ocr_par' dir='ltr' id='par_1_72' title="bbox 535 4277 2137 4353">
     <span class='ocr_line' id='line_1_72' title="bbox 535 4277 2137 4353; baseline 0.003 -20"><span class='ocrx_word' id='word_1_513' title='bbox 535 4277 717 4350; x_wconf 92' lang='lat' dir='ltr'>ibique</span> <span class='ocrx_word' id='word_1_514' title='bbox 757 4285 949 4334; x_wconf 88' lang='lat' dir='ltr'>sancto</span> <span class='ocrx_word' id='word_1_515' title='bbox 993 4280 1157 4334; x_wconf 89' lang='lat' dir='ltr'>Petro</span> <span class='ocrx_word' id='word_1_516' title='bbox 1206 4278 1422 4350; x_wconf 89' lang='lat' dir='ltr'>vigiliis,</span> <span class='ocrx_word' id='word_1_517' title='bbox 1474 4280 1812 4337; x_wconf 89' lang='lat' dir='ltr'>orationibus</span> <span class='ocrx_word' id='word_1_518' title='bbox 1842 4290 1895 4337; x_wconf 89' lang='lat' dir='ltr'>et</span> <span class='ocrx_word' id='word_1_519' title='bbox 1914 4281 2137 4353; x_wconf 89' lang='lat' dir='ltr'>jejuniis</span> 
     </span>
    </p>
   </div>
   <div class='ocr_carea' id='block_1_73' title="bbox 535 4370 2137 4444">
    <p class='ocr_par' dir='ltr' id='par_1_73' title="bbox 535 4370 2137 4444">
     <span class='ocr_line' id='line_1_73' title="bbox 535 4370 2137 4444; baseline 0.002 -15"><span class='ocrx_word' id='word_1_520' title='bbox 535 4370 891 4441; x_wconf 85' lang='lat' dir='ltr'>satisfaceret,</span> <span class='ocrx_word' id='word_1_521' title='bbox 928 4388 993 4428; x_wconf 92' lang='lat' dir='ltr'>ac</span> <span class='ocrx_word' id='word_1_522' title='bbox 1031 4371 1316 4444; x_wconf 89' lang='lat' dir='ltr'>prodesset</span> <span class='ocrx_word' id='word_1_523' title='bbox 1344 4373 1597 4429; x_wconf 70' lang='lat' dir='ltr'>Ecclesia:</span> <span class='ocrx_word' id='word_1_524' title='bbox 1636 4375 1873 4430; x_wconf 90' lang='lat' dir='ltr'>consiliis</span> <span class='ocrx_word' id='word_1_525' title='bbox 1904 4385 1957 4431; x_wconf 89' lang='lat' dir='ltr'>et</span> <span class='ocrx_word' id='word_1_526' title='bbox 1981 4378 2137 4432; x_wconf 79' lang='lat' dir='ltr'>auxi-</span> 
     </span>
    </p>
   </div>
   <div class='ocr_carea' id='block_1_74' title="bbox 534 4466 2135 4538">
    <p class='ocr_par' dir='ltr' id='par_1_74' title="bbox 534 4466 2135 4538">
     <span class='ocr_line' id='line_1_74' title="bbox 534 4466 2135 4538; baseline 0.002 -17"><span class='ocrx_word' id='word_1_527' title='bbox 534 4466 641 4531; x_wconf 90' lang='lat' dir='ltr'>liis,</span> <span class='ocrx_word' id='word_1_528' title='bbox 670 4472 837 4538; x_wconf 91' lang='lat' dir='ltr'>prout</span> <span class='ocrx_word' id='word_1_529' title='bbox 862 4466 1085 4522; x_wconf 88' lang='lat' dir='ltr'>valeret.</span> <span class='ocrx_word' id='word_1_530' title='bbox 1117 4466 1213 4521; x_wconf 91' lang='lat' dir='ltr'>Ille</span> <span class='ocrx_word' id='word_1_531' title='bbox 1242 4473 1429 4521; x_wconf 89' lang='lat' dir='ltr'>autem</span> <span class='ocrx_word' id='word_1_532' title='bbox 1458 4468 1515 4521; x_wconf 89' lang='lat' dir='ltr'>in</span> <span class='ocrx_word' id='word_1_533' title='bbox 1546 4483 1641 4522; x_wconf 91' lang='lat' dir='ltr'>sua</span> <span class='ocrx_word' id='word_1_534' title='bbox 1684 4484 2014 4537; x_wconf 88' lang='lat' dir='ltr'>permanens</span> <span class='ocrx_word' id='word_1_535' title='bbox 2043 4470 2135 4525; x_wconf 88' lang='lat' dir='ltr'>de-</span> 
     </span>
    </p>
   </div>
   <div class='ocr_carea' id='block_1_75' title="bbox 2311 3255 3837 3329">
    <p class='ocr_par' dir='ltr' id='par_1_75' title="bbox 2311 3255 3837 3329">
     <span class='ocr_line' id='line_1_75' title="bbox 2311 3255 3837 3329; baseline -0.001 -18"><span class='ocrx_word' id='word_1_536' title='bbox 2311 3260 2453 3313; x_wconf 85' lang='lat' dir='ltr'>Nam</span> <span class='ocrx_word' id='word_1_537' title='bbox 2486 3258 2734 3329; x_wconf 89' lang='lat' dir='ltr'>egregius</span> <span class='ocrx_word' id='word_1_538' title='bbox 2780 3257 2869 3312; x_wconf 91' lang='lat' dir='ltr'>ille</span> <span class='ocrx_word' id='word_1_539' title='bbox 2915 3265 3101 3328; x_wconf 88' lang='lat' dir='ltr'>pastor</span> <span class='ocrx_word' id='word_1_540' title='bbox 3139 3263 3194 3312; x_wconf 92' lang='lat' dir='ltr'>et</span> <span class='ocrx_word' id='word_1_541' title='bbox 3222 3255 3414 3312; x_wconf 85' lang='lat' dir='ltr'>docter</span> <span class='ocrx_word' id='word_1_542' title='bbox 3441 3255 3529 3310; x_wconf 92' lang='lat' dir='ltr'>die</span> <span class='ocrx_word' id='word_1_543' title='bbox 3558 3263 3837 3326; x_wconf 89' lang='lat' dir='ltr'>noctuque</span> 
     </span>
    </p>
   </div>
   <div class='ocr_carea' id='block_1_76' title="bbox 2238 3347 3831 3422">
    <p class='ocr_par' dir='ltr' id='par_1_76' title="bbox 2238 3347 3831 3422">
     <span class='ocr_line' id='line_1_76' title="bbox 2238 3347 3831 3422; baseline -0.001 -17"><span class='ocrx_word' id='word_1_544' title='bbox 2238 3348 2415 3405; x_wconf 88' lang='lat' dir='ltr'>adfuit</span> <span class='ocrx_word' id='word_1_545' title='bbox 2430 3350 2554 3417; x_wconf 92' lang='lat' dir='ltr'>illis,</span> <span class='ocrx_word' id='word_1_546' title='bbox 2580 3350 2958 3422; x_wconf 89' lang='lat' dir='ltr'>spiritualibus</span> <span class='ocrx_word' id='word_1_547' title='bbox 2973 3349 3235 3405; x_wconf 89' lang='lat' dir='ltr'>doctrinis</span> <span class='ocrx_word' id='word_1_548' title='bbox 3255 3357 3309 3405; x_wconf 89' lang='lat' dir='ltr'>et</span> <span class='ocrx_word' id='word_1_549' title='bbox 3327 3347 3831 3410; x_wconf 84' lang='lat' dir='ltr'>admonitionibus;</span> 
     </span>
    </p>
   </div>
   <div class='ocr_carea' id='block_1_77' title="bbox 2236 3443 3834 3514">
    <p class='ocr_par' dir='ltr' id='par_1_77' title="bbox 2236 3443 3834 3514">
     <span class='ocr_line' id='line_1_77' title="bbox 2236 3443 3834 3514; baseline -0.003 -14"><span class='ocrx_word' id='word_1_550' title='bbox 2236 3444 2365 3500; x_wconf 90' lang='lat' dir='ltr'>illud</span> <span class='ocrx_word' id='word_1_551' title='bbox 2382 3444 2621 3499; x_wconf 81' lang='lat' dir='ltr'>maxime</span> <span class='ocrx_word' id='word_1_552' title='bbox 2644 3445 2783 3499; x_wconf 90' lang='lat' dir='ltr'>inter</span> <span class='ocrx_word' id='word_1_553' title='bbox 2803 3453 2993 3500; x_wconf 53' lang='lat' dir='ltr'>caetera</span> <span class='ocrx_word' id='word_1_554' title='bbox 3018 3444 3306 3514; x_wconf 88' lang='lat' dir='ltr'>replicans,</span> <span class='ocrx_word' id='word_1_555' title='bbox 3331 3451 3392 3498; x_wconf 92' lang='lat' dir='ltr'>ut</span> <span class='ocrx_word' id='word_1_556' title='bbox 3412 3443 3480 3498; x_wconf 89' lang='lat' dir='ltr'>ab</span> <span class='ocrx_word' id='word_1_557' title='bbox 3504 3458 3834 3498; x_wconf 89' lang='lat' dir='ltr'>excommu-</span> 
     </span>
    </p>
   </div>
   <div class='ocr_carea' id='block_1_78' title="bbox 2237 3536 3835 3611">
    <p class='ocr_par' dir='ltr' id='par_1_78' title="bbox 2237 3536 3835 3611">
     <span class='ocr_line' id='line_1_78' title="bbox 2237 3536 3835 3611; baseline -0.002 -18"><span class='ocrx_word' id='word_1_558' title='bbox 2237 3538 2431 3594; x_wconf 90' lang='lat' dir='ltr'>nicatis</span> <span class='ocrx_word' id='word_1_559' title='bbox 2459 3554 2517 3594; x_wconf 88' lang='lat' dir='ltr'>se</span> <span class='ocrx_word' id='word_1_560' title='bbox 2541 3539 2910 3604; x_wconf 88' lang='lat' dir='ltr'>observarent,</span> <span class='ocrx_word' id='word_1_561' title='bbox 2942 3538 3202 3611; x_wconf 91' lang='lat' dir='ltr'>quoniam</span> <span class='ocrx_word' id='word_1_562' title='bbox 3231 3537 3273 3592; x_wconf 92' lang='lat' dir='ltr'>si</span> <span class='ocrx_word' id='word_1_563' title='bbox 3304 3536 3426 3608; x_wconf 91' lang='lat' dir='ltr'>quis</span> <span class='ocrx_word' id='word_1_564' title='bbox 3450 3552 3579 3591; x_wconf 91' lang='lat' dir='ltr'>cum</span> <span class='ocrx_word' id='word_1_565' title='bbox 3614 3552 3835 3591; x_wconf 80' lang='lat' dir='ltr'>excom-</span> 
     </span>
    </p>
   </div>
   <div class='ocr_carea' id='block_1_79' title="bbox 2240 3630 3835 3703">
    <p class='ocr_par' dir='ltr' id='par_1_79' title="bbox 2240 3630 3835 3703">
     <span class='ocr_line' id='line_1_79' title="bbox 2240 3630 3835 3703; baseline -0.001 -16"><span class='ocrx_word' id='word_1_566' title='bbox 2240 3632 2534 3689; x_wconf 91' lang='lat' dir='ltr'>municatis</span> <span class='ocrx_word' id='word_1_567' title='bbox 2579 3633 2988 3703; x_wconf 89' lang='lat' dir='ltr'>participasset,</span> <span class='ocrx_word' id='word_1_568' title='bbox 3033 3631 3169 3699; x_wconf 90' lang='lat' dir='ltr'>nisi,</span> <span class='ocrx_word' id='word_1_569' title='bbox 3217 3638 3436 3701; x_wconf 90' lang='lat' dir='ltr'>accepta</span> <span class='ocrx_word' id='word_1_570' title='bbox 3480 3630 3835 3701; x_wconf 68' lang='lat' dir='ltr'>paenitentia,</span> 
     </span>
    </p>
   </div>
   <div class='ocr_carea' id='block_1_80' title="bbox 2242 3724 3835 3797">
    <p class='ocr_par' dir='ltr' id='par_1_80' title="bbox 2242 3724 3835 3797">
     <span class='ocr_line' id='line_1_80' title="bbox 2242 3724 3835 3797; baseline -0.002 -18"><span class='ocrx_word' id='word_1_571' title='bbox 2242 3726 2483 3797; x_wconf 91' lang='lat' dir='ltr'>primum</span> <span class='ocrx_word' id='word_1_572' title='bbox 2511 3725 2901 3792; x_wconf 90' lang='lat' dir='ltr'>absolveretur,</span> <span class='ocrx_word' id='word_1_573' title='bbox 2924 3726 3129 3781; x_wconf 93' lang='lat' dir='ltr'>nullam</span> <span class='ocrx_word' id='word_1_574' title='bbox 3168 3740 3295 3780; x_wconf 89' lang='lat' dir='ltr'>cum</span> <span class='ocrx_word' id='word_1_575' title='bbox 3323 3724 3544 3796; x_wconf 91' lang='lat' dir='ltr'>reliquis</span> <span class='ocrx_word' id='word_1_576' title='bbox 3572 3740 3835 3779; x_wconf 87' lang='lat' dir='ltr'>commu—</span> 
     </span>
    </p>
   </div>
   <div class='ocr_carea' id='block_1_81' title="bbox 2240 3817 3837 3889">
    <p class='ocr_par' dir='ltr' id='par_1_81' title="bbox 2240 3817 3837 3889">
     <span class='ocr_line' id='line_1_81' title="bbox 2240 3817 3837 3889; baseline -0.002 -17"><span class='ocrx_word' id='word_1_577' title='bbox 2240 3819 2461 3873; x_wconf 90' lang='lat' dir='ltr'>nionem</span> <span class='ocrx_word' id='word_1_578' title='bbox 2499 3818 2700 3874; x_wconf 92' lang='lat' dir='ltr'>habere</span> <span class='ocrx_word' id='word_1_579' title='bbox 2730 3820 2927 3889; x_wconf 90' lang='lat' dir='ltr'>potuit.</span> <span class='ocrx_word' id='word_1_580' title='bbox 2969 3819 3214 3875; x_wconf 89' lang='lat' dir='ltr'>Perfecto</span> <span class='ocrx_word' id='word_1_581' title='bbox 3252 3817 3452 3889; x_wconf 88' lang='lat' dir='ltr'>ubique</span> <span class='ocrx_word' id='word_1_582' title='bbox 3488 3817 3617 3873; x_wconf 90' lang='lat' dir='ltr'>odio</span> <span class='ocrx_word' id='word_1_583' title='bbox 3649 3818 3837 3872; x_wconf 86' lang='lat' dir='ltr'>oderat</span> 
     </span>
    </p>
   </div>
   <div class='ocr_carea' id='block_1_82' title="bbox 2240 3910 3836 3979">
    <p class='ocr_par' dir='ltr' id='par_1_82' title="bbox 2240 3910 3836 3979">
     <span class='ocr_line' id='line_1_82' title="bbox 2240 3910 3836 3979; baseline -0.001 -12"><span class='ocrx_word' id='word_1_584' title='bbox 2240 3911 2797 3979; x_wconf 87' lang='lat' dir='ltr'>excommunicatos,;</span> <span class='ocrx_word' id='word_1_585' title='bbox 2828 3911 2970 3967; x_wconf 92' lang='lat' dir='ltr'>unde</span> <span class='ocrx_word' id='word_1_586' title='bbox 2996 3919 3049 3967; x_wconf 85' lang='lat' dir='ltr'>et</span> <span class='ocrx_word' id='word_1_587' title='bbox 3082 3912 3347 3967; x_wconf 89' lang='lat' dir='ltr'>sollicitos</span> <span class='ocrx_word' id='word_1_588' title='bbox 3372 3911 3576 3965; x_wconf 90' lang='lat' dir='ltr'>multos</span> <span class='ocrx_word' id='word_1_589' title='bbox 3605 3926 3703 3965; x_wconf 88' lang='lat' dir='ltr'>sua</span> <span class='ocrx_word' id='word_1_590' title='bbox 3731 3910 3836 3965; x_wconf 89' lang='lat' dir='ltr'>do-</span> 
     </span>
    </p>
   </div>
   <div class='ocr_carea' id='block_1_83' title="bbox 2239 4002 3839 4078">
    <p class='ocr_par' dir='ltr' id='par_1_83' title="bbox 2239 4002 3839 4078">
     <span class='ocr_line' id='line_1_83' title="bbox 2239 4002 3839 4078; baseline -0.002 -18"><span class='ocrx_word' id='word_1_591' title='bbox 2239 4005 2411 4060; x_wconf 91' lang='lat' dir='ltr'>ctrina</span> <span class='ocrx_word' id='word_1_592' title='bbox 2441 4004 2717 4072; x_wconf 90' lang='lat' dir='ltr'>reddidit;</span> <span class='ocrx_word' id='word_1_593' title='bbox 2763 4005 3024 4078; x_wconf 92' lang='lat' dir='ltr'>plurimos</span> <span class='ocrx_word' id='word_1_594' title='bbox 3053 4021 3083 4060; x_wconf 92' lang='lat' dir='ltr'>a</span> <span class='ocrx_word' id='word_1_595' title='bbox 3120 4003 3407 4076; x_wconf 83' lang='lat' dir='ltr'>tyrannide</span> <span class='ocrx_word' id='word_1_596' title='bbox 3449 4011 3600 4058; x_wconf 83' lang='lat' dir='ltr'>tanta</span> <span class='ocrx_word' id='word_1_597' title='bbox 3640 4002 3839 4073; x_wconf 85' lang='lat' dir='ltr'>probi-</span> 
     </span>
    </p>
   </div>
   <div class='ocr_carea' id='block_1_84' title="bbox 2243 4095 3835 4169">
    <p class='ocr_par' dir='ltr' id='par_1_84' title="bbox 2243 4095 3835 4169">
     <span class='ocr_line' id='line_1_84' title="bbox 2243 4095 3835 4169; baseline -0.003 -17"><span class='ocrx_word' id='word_1_598' title='bbox 2243 4097 2380 4166; x_wconf 91' lang='lat' dir='ltr'>buit,</span> <span class='ocrx_word' id='word_1_599' title='bbox 2411 4098 2675 4169; x_wconf 87' lang='lat' dir='ltr'>quosdam</span> <span class='ocrx_word' id='word_1_600' title='bbox 2700 4099 2866 4153; x_wconf 89' lang='lat' dir='ltr'>etiam</span> <span class='ocrx_word' id='word_1_601' title='bbox 2901 4098 3116 4168; x_wconf 92' lang='lat' dir='ltr'>penitus</span> <span class='ocrx_word' id='word_1_602' title='bbox 3141 4097 3430 4153; x_wconf 90' lang='lat' dir='ltr'>convertit.</span> <span class='ocrx_word' id='word_1_603' title='bbox 3460 4097 3561 4167; x_wconf 89' lang='lat' dir='ltr'>Ipsi</span> <span class='ocrx_word' id='word_1_604' title='bbox 3590 4095 3835 4164; x_wconf 83' lang='lat' dir='ltr'>denique</span> 
     </span>
    </p>
   </div>
   <div class='ocr_carea' id='block_1_85' title="bbox 2241 4186 3838 4263">
    <p class='ocr_par' dir='ltr' id='par_1_85' title="bbox 2241 4186 3838 4263">
     <span class='ocr_line' id='line_1_85' title="bbox 2241 4186 3838 4263; baseline -0.001 -18"><span class='ocrx_word' id='word_1_605' title='bbox 2241 4191 2522 4263; x_wconf 88' lang='lat' dir='ltr'>quondam</span> <span class='ocrx_word' id='word_1_606' title='bbox 2548 4191 2693 4247; x_wconf 91' lang='lat' dir='ltr'>dicto</span> <span class='ocrx_word' id='word_1_607' title='bbox 2715 4192 2828 4263; x_wconf 87' lang='lat' dir='ltr'>regi</span> <span class='ocrx_word' id='word_1_608' title='bbox 2854 4192 3348 4247; x_wconf 90' lang='lat' dir='ltr'>commonitorium</span> <span class='ocrx_word' id='word_1_609' title='bbox 3369 4190 3609 4255; x_wconf 87' lang='lat' dir='ltr'>dictavit;</span> <span class='ocrx_word' id='word_1_610' title='bbox 3632 4196 3683 4242; x_wconf 90' lang='lat' dir='ltr'>et</span> <span class='ocrx_word' id='word_1_611' title='bbox 3704 4186 3838 4243; x_wconf 65' lang='lat' dir='ltr'>han-</span> 
     </span>
    </p>
   </div>
   <div class='ocr_carea' id='block_1_86' title="bbox 2247 4285 3839 4356">
    <p class='ocr_par' dir='ltr' id='par_1_86' title="bbox 2247 4285 3839 4356">
     <span class='ocr_line' id='line_1_86' title="bbox 2247 4285 3839 4356; baseline 0 -17"><span class='ocrx_word' id='word_1_612' title='bbox 2247 4285 2572 4340; x_wconf 88' lang='lat' dir='ltr'>resiarcham</span> <span class='ocrx_word' id='word_1_613' title='bbox 2599 4285 2794 4356; x_wconf 91' lang='lat' dir='ltr'>ipsum,</span> <span class='ocrx_word' id='word_1_614' title='bbox 2825 4294 3026 4341; x_wconf 70' lang='lat' dir='ltr'>sancta:</span> <span class='ocrx_word' id='word_1_615' title='bbox 3048 4285 3189 4341; x_wconf 91' lang='lat' dir='ltr'>sedis</span> <span class='ocrx_word' id='word_1_616' title='bbox 3207 4288 3475 4341; x_wconf 68' lang='lat' dir='ltr'>Romanae</span> <span class='ocrx_word' id='word_1_617' title='bbox 3499 4285 3839 4351; x_wconf 83' lang='lat' dir='ltr'>invasorem,</span> 
     </span>
    </p>
   </div>
   <div class='ocr_carea' id='block_1_87' title="bbox 2246 4378 3551 4447">
    <p class='ocr_par' dir='ltr' id='par_1_87' title="bbox 2246 4378 3551 4447">
     <span class='ocr_line' id='line_1_87' title="bbox 2246 4378 3551 4447; baseline -0.001 -14"><span class='ocrx_word' id='word_1_618' title='bbox 2246 4379 2557 4433; x_wconf 88' lang='lat' dir='ltr'>Wibertum</span> <span class='ocrx_word' id='word_1_619' title='bbox 2587 4378 2805 4447; x_wconf 89' lang='lat' dir='ltr'>scriptis</span> <span class='ocrx_word' id='word_1_620' title='bbox 2832 4379 3155 4435; x_wconf 87' lang='lat' dir='ltr'>salutaribus</span> <span class='ocrx_word' id='word_1_621' title='bbox 3183 4378 3551 4435; x_wconf 91' lang='lat' dir='ltr'>commonuit.</span> 
     </span>
    </p>
   </div>
   <div class='ocr_carea' id='block_1_88' title="bbox 2316 4470 3844 4543">
    <p class='ocr_par' dir='ltr' id='par_1_88' title="bbox 2316 4470 3844 4543">
     <span class='ocr_line' id='line_1_88' title="bbox 2316 4470 3844 4543; baseline 0.001 -20"><span class='ocrx_word' id='word_1_622' title='bbox 2316 4470 2460 4539; x_wconf 87' lang='lat' dir='ltr'>Quid</span> <span class='ocrx_word' id='word_1_623' title='bbox 2505 4470 2775 4527; x_wconf 84' lang='lat' dir='ltr'>tandem?</span> <span class='ocrx_word' id='word_1_624' title='bbox 2803 4474 3044 4527; x_wconf 86' lang='lat' dir='ltr'>Romam</span> <span class='ocrx_word' id='word_1_625' title='bbox 3093 4474 3237 4528; x_wconf 89' lang='lat' dir='ltr'>sicut</span> <span class='ocrx_word' id='word_1_626' title='bbox 3265 4472 3517 4542; x_wconf 87' lang='lat' dir='ltr'>incoepit,</span> <span class='ocrx_word' id='word_1_627' title='bbox 3568 4480 3844 4543; x_wconf 82' lang='lat' dir='ltr'>tyrannus</span> 
     </span>
    </p>
   </div>
   <div class='ocr_carea' id='block_1_89' title="bbox 535 4559 3847 4639">
    <p class='ocr_par' dir='ltr' id='par_1_89' title="bbox 535 4559 3847 4639">
     <span class='ocr_line' id='line_1_89' title="bbox 535 4559 3847 4639; baseline 0.002 -27"><span class='ocrx_word' id='word_1_628' title='bbox 535 4559 766 4614; x_wconf 83' lang='lat' dir='ltr'>testabili</span> <span class='ocrx_word' id='word_1_629' title='bbox 790 4559 1109 4631; x_wconf 88' lang='lat' dir='ltr'>pertinacia,</span> <span class='ocrx_word' id='word_1_630' title='bbox 1132 4559 1497 4615; x_wconf 89' lang='lat' dir='ltr'>Wiberticum</span> <span class='ocrx_word' id='word_1_631' title='bbox 1519 4560 1753 4615; x_wconf 88' lang='lat' dir='ltr'>adorans</span> <span class='ocrx_word' id='word_1_632' title='bbox 1775 4562 2131 4630; x_wconf 78' lang='lat' dir='ltr'>daemonium,</span> <span class='ocrx_word' id='word_1_633' title='bbox 2167 4578 2215 4639; x_wconf 74' lang='grc' dir='ltr'>Ι)</span> <span class='ocrx_word' id='word_1_634' title='bbox 2246 4562 2332 4617; x_wconf 90' lang='lat' dir='ltr'>ille</span> <span class='ocrx_word' id='word_1_635' title='bbox 2374 4562 2606 4631; x_wconf 91' lang='lat' dir='ltr'>invadit,</span> <span class='ocrx_word' id='word_1_636' title='bbox 2638 4563 2815 4618; x_wconf 89' lang='lat' dir='ltr'>tribus</span> <span class='ocrx_word' id='word_1_637' title='bbox 2842 4564 2993 4619; x_wconf 87' lang='lat' dir='ltr'>illam</span> <span class='ocrx_word' id='word_1_638' title='bbox 3023 4565 3177 4620; x_wconf 89' lang='lat' dir='ltr'>annis</span> <span class='ocrx_word' id='word_1_639' title='bbox 3207 4567 3491 4637; x_wconf 87' lang='lat' dir='ltr'>impugnat</span> <span class='ocrx_word' id='word_1_640' title='bbox 3522 4583 3536 4619; x_wconf 89' lang='lat'><strong>:</strong></span> <span class='ocrx_word' id='word_1_641' title='bbox 3581 4565 3847 4635; x_wconf 81' lang='lat' dir='ltr'>quamvis</span> 
     </span>
    </p>
   </div>
   <div class='ocr_carea' id='block_1_90' title="bbox 536 4650 2132 4726">
    <p class='ocr_par' dir='ltr' id='par_1_90' title="bbox 536 4650 2132 4726">
     <span class='ocr_line' id='line_1_90' title="bbox 536 4650 2132 4726; baseline 0.005 -23"><span class='ocrx_word' id='word_1_642' title='bbox 536 4650 867 4707; x_wconf 90' lang='lat' dir='ltr'>admonetur</span> <span class='ocrx_word' id='word_1_643' title='bbox 911 4668 1103 4707; x_wconf 90' lang='lat' dir='ltr'>rursus</span> <span class='ocrx_word' id='word_1_644' title='bbox 1156 4652 1222 4707; x_wconf 91' lang='lat' dir='ltr'>ab</span> <span class='ocrx_word' id='word_1_645' title='bbox 1289 4653 1586 4723; x_wconf 90' lang='lat' dir='ltr'>apostolico</span> <span class='ocrx_word' id='word_1_646' title='bbox 1653 4652 1855 4709; x_wconf 88' lang='lat' dir='ltr'>affectu</span> <span class='ocrx_word' id='word_1_647' title='bbox 1906 4663 2132 4726; x_wconf 88' lang='lat' dir='ltr'>paterno</span> 
     </span>
    </p>
   </div>
   <div class='ocr_carea' id='block_1_91' title="bbox 539 4742 2143 4815">
    <p class='ocr_par' dir='ltr' id='par_1_91' title="bbox 539 4742 2143 4815">
     <span class='ocr_line' id='line_1_91' title="bbox 539 4742 2143 4815; baseline 0.005 -19"><span class='ocrx_word' id='word_1_648' title='bbox 539 4742 718 4797; x_wconf 90' lang='lat' dir='ltr'>missis</span> <span class='ocrx_word' id='word_1_649' title='bbox 745 4742 816 4797; x_wconf 89' lang='lat' dir='ltr'>ad</span> <span class='ocrx_word' id='word_1_650' title='bbox 852 4758 982 4799; x_wconf 91' lang='lat' dir='ltr'>eum</span> <span class='ocrx_word' id='word_1_651' title='bbox 1012 4743 1278 4815; x_wconf 90' lang='lat' dir='ltr'>episcopis</span> <span class='ocrx_word' id='word_1_652' title='bbox 1308 4744 1607 4801; x_wconf 88' lang='lat' dir='ltr'>Albanensi</span> <span class='ocrx_word' id='word_1_653' title='bbox 1640 4756 1693 4802; x_wconf 90' lang='lat' dir='ltr'>et</span> <span class='ocrx_word' id='word_1_654' title='bbox 1722 4746 1996 4803; x_wconf 88' lang='lat' dir='ltr'>Paduano.</span> <span class='ocrx_word' id='word_1_655' title='bbox 2032 4753 2143 4804; x_wconf 60' lang='grc' dir='ltr'>Διί</span> 
     </span>
    </p>
   </div>
   <div class='ocr_carea' id='block_1_92' title="bbox 539 4835 2132 4912">
    <p class='ocr_par' dir='ltr' id='par_1_92' title="bbox 539 4835 2132 4912">
     <span class='ocr_line' id='line_1_92' title="bbox 539 4835 2132 4912; baseline 0.004 -22"><span class='ocrx_word' id='word_1_656' title='bbox 539 4835 660 4906; x_wconf 91' lang='lat' dir='ltr'>qui,</span> <span class='ocrx_word' id='word_1_657' title='bbox 703 4835 839 4891; x_wconf 90' lang='lat' dir='ltr'>dum</span> <span class='ocrx_word' id='word_1_658' title='bbox 883 4852 997 4892; x_wconf 90' lang='lat' dir='ltr'>non</span> <span class='ocrx_word' id='word_1_659' title='bbox 1040 4838 1382 4906; x_wconf 88' lang='lat' dir='ltr'>emendatur,</span> <span class='ocrx_word' id='word_1_660' title='bbox 1418 4855 1638 4896; x_wconf 91' lang='lat' dir='ltr'>rursum</span> <span class='ocrx_word' id='word_1_661' title='bbox 1672 4840 2132 4912; x_wconf 88' lang='lat' dir='ltr'>periculosissime</span> 
     </span>
    </p>
   </div>
   <div class='ocr_carea' id='block_1_93' title="bbox 538 4929 1067 4985">
    <p class='ocr_par' dir='ltr' id='par_1_93' title="bbox 538 4929 1067 4985">
     <span class='ocr_line' id='line_1_93' title="bbox 538 4929 1067 4985; baseline 0 -2"><span class='ocrx_word' id='word_1_662' title='bbox 538 4929 1067 4985; x_wconf 82' lang='lat' dir='ltr'>excommunicatur.</span> 
     </span>
    </p>
   </div>
   <div class='ocr_carea' id='block_1_94' title="bbox 608 5021 2135 5099">
    <p class='ocr_par' dir='ltr' id='par_1_94' title="bbox 608 5021 2135 5099">
     <span class='ocr_line' id='line_1_94' title="bbox 608 5021 2135 5099; baseline 0.006 -23"><span class='ocrx_word' id='word_1_663' title='bbox 608 5021 708 5077; x_wconf 88' lang='lat' dir='ltr'>Ille</span> <span class='ocrx_word' id='word_1_664' title='bbox 742 5037 875 5094; x_wconf 88' lang='lat' dir='ltr'>ergo</span> <span class='ocrx_word' id='word_1_665' title='bbox 902 5023 1056 5093; x_wconf 91' lang='lat' dir='ltr'>quasi</span> <span class='ocrx_word' id='word_1_666' title='bbox 1082 5038 1227 5079; x_wconf 93' lang='lat' dir='ltr'>novo</span> <span class='ocrx_word' id='word_1_667' title='bbox 1252 5025 1557 5096; x_wconf 86' lang='lat' dir='ltr'>tyrannidis</span> <span class='ocrx_word' id='word_1_668' title='bbox 1594 5028 1847 5099; x_wconf 90' lang='lat' dir='ltr'>aucupio,</span> <span class='ocrx_word' id='word_1_669' title='bbox 1884 5037 2017 5084; x_wconf 91' lang='lat' dir='ltr'>tunc</span> <span class='ocrx_word' id='word_1_670' title='bbox 2058 5030 2135 5085; x_wconf 89' lang='lat' dir='ltr'>in-</span> 
     </span>
    </p>
   </div>
   <div class='ocr_carea' id='block_1_95' title="bbox 541 5114 2132 5193">
    <p class='ocr_par' dir='ltr' id='par_1_95' title="bbox 541 5114 2132 5193">
     <span class='ocr_line' id='line_1_95' title="bbox 541 5114 2132 5193; baseline 0.005 -24"><span class='ocrx_word' id='word_1_671' title='bbox 541 5114 687 5185; x_wconf 89' lang='lat' dir='ltr'>cepit</span> <span class='ocrx_word' id='word_1_672' title='bbox 727 5114 1110 5171; x_wconf 88' lang='lat' dir='ltr'>universarum</span> <span class='ocrx_word' id='word_1_673' title='bbox 1168 5116 1525 5173; x_wconf 90' lang='lat' dir='ltr'>ecclesiarum</span> <span class='ocrx_word' id='word_1_674' title='bbox 1564 5126 1679 5174; x_wconf 89' lang='lat' dir='ltr'>tam</span> <span class='ocrx_word' id='word_1_675' title='bbox 1725 5120 1930 5190; x_wconf 63' lang='lat' dir='ltr'>praedia</span> <span class='ocrx_word' id='word_1_676' title='bbox 1972 5138 2132 5193; x_wconf 90' lang='lat' dir='ltr'>quam</span> 
     </span>
    </p>
   </div>
   <div class='ocr_carea' id='block_1_96' title="bbox 541 5206 2134 5284">
    <p class='ocr_par' dir='ltr' id='par_1_96' title="bbox 541 5206 2134 5284">
     <span class='ocr_line' id='line_1_96' title="bbox 541 5206 2134 5284; baseline 0.005 -22"><span class='ocrx_word' id='word_1_677' title='bbox 541 5221 734 5263; x_wconf 88' lang='lat' dir='ltr'>omnes</span> <span class='ocrx_word' id='word_1_678' title='bbox 781 5223 920 5279; x_wconf 90' lang='lat' dir='ltr'>pene</span> <span class='ocrx_word' id='word_1_679' title='bbox 964 5206 1245 5264; x_wconf 90' lang='lat' dir='ltr'>thesauros</span> <span class='ocrx_word' id='word_1_680' title='bbox 1291 5224 1480 5265; x_wconf 89' lang='lat' dir='ltr'>earum</span> <span class='ocrx_word' id='word_1_681' title='bbox 1522 5211 1783 5267; x_wconf 90' lang='lat' dir='ltr'>militibus</span> <span class='ocrx_word' id='word_1_682' title='bbox 1827 5212 2134 5284; x_wconf 88' lang='lat' dir='ltr'>dispertiri;</span> 
     </span>
    </p>
   </div>
   <div class='ocr_carea' id='block_1_97' title="bbox 541 5302 2135 5375">
    <p class='ocr_par' dir='ltr' id='par_1_97' title="bbox 541 5302 2135 5375">
     <span class='ocr_line' id='line_1_97' title="bbox 541 5302 2135 5375; baseline 0.006 -20"><span class='ocrx_word' id='word_1_683' title='bbox 541 5314 702 5371; x_wconf 87' lang='lat' dir='ltr'>quos,</span> <span class='ocrx_word' id='word_1_684' title='bbox 736 5308 793 5356; x_wconf 92' lang='lat' dir='ltr'>et</span> <span class='ocrx_word' id='word_1_685' title='bbox 820 5316 1010 5357; x_wconf 90' lang='lat' dir='ltr'>omnes</span> <span class='ocrx_word' id='word_1_686' title='bbox 1043 5302 1184 5373; x_wconf 90' lang='lat' dir='ltr'>parti</span> <span class='ocrx_word' id='word_1_687' title='bbox 1220 5316 1336 5358; x_wconf 70' lang='lat' dir='ltr'>sure</span> <span class='ocrx_word' id='word_1_688' title='bbox 1364 5303 1682 5375; x_wconf 85' lang='lat' dir='ltr'>agglutinat,</span> <span class='ocrx_word' id='word_1_689' title='bbox 1717 5314 1913 5375; x_wconf 69' lang='lat' dir='ltr'>praeter</span> <span class='ocrx_word' id='word_1_690' title='bbox 1946 5307 2135 5364; x_wconf 90' lang='lat' dir='ltr'>admo-</span> 
     </span>
    </p>
   </div>
   <div class='ocr_carea' id='block_1_98' title="bbox 538 5391 2133 5468">
    <p class='ocr_par' dir='ltr' id='par_1_98' title="bbox 538 5391 2133 5468">
     <span class='ocr_line' id='line_1_98' title="bbox 538 5391 2133 5468; baseline 0.006 -21"><span class='ocrx_word' id='word_1_691' title='bbox 538 5391 673 5447; x_wconf 88' lang='lat' dir='ltr'>dum</span> <span class='ocrx_word' id='word_1_692' title='bbox 700 5408 925 5464; x_wconf 89' lang='lat' dir='ltr'>paucos,</span> <span class='ocrx_word' id='word_1_693' title='bbox 963 5409 1102 5465; x_wconf 87' lang='lat' dir='ltr'>quos</span> <span class='ocrx_word' id='word_1_694' title='bbox 1136 5396 1427 5451; x_wconf 89' lang='lat' dir='ltr'>reservavit</span> <span class='ocrx_word' id='word_1_695' title='bbox 1460 5396 1563 5452; x_wconf 93' lang='lat' dir='ltr'>sibi</span> <span class='ocrx_word' id='word_1_696' title='bbox 1601 5398 1898 5468; x_wconf 92' lang='lat' dir='ltr'>Dominus,</span> <span class='ocrx_word' id='word_1_697' title='bbox 1939 5409 1999 5456; x_wconf 92' lang='lat' dir='ltr'>ut</span> <span class='ocrx_word' id='word_1_698' title='bbox 2022 5417 2133 5456; x_wconf 92' lang='lat' dir='ltr'>non</span> 
     </span>
    </p>
   </div>
   <div class='ocr_carea' id='block_1_99' title="bbox 538 5488 1418 5559">
    <p class='ocr_par' dir='ltr' id='par_1_99' title="bbox 538 5488 1418 5559">
     <span class='ocr_line' id='line_1_99' title="bbox 538 5488 1418 5559; baseline 0.002 -19"><span class='ocrx_word' id='word_1_699' title='bbox 538 5494 831 5541; x_wconf 85' lang='lat' dir='ltr'>curvarent</span> <span class='ocrx_word' id='word_1_700' title='bbox 858 5502 1029 5559; x_wconf 91' lang='lat' dir='ltr'>genua</span> <span class='ocrx_word' id='word_1_701' title='bbox 1048 5502 1236 5544; x_wconf 89' lang='lat' dir='ltr'>coram</span> <span class='ocrx_word' id='word_1_702' title='bbox 1256 5488 1418 5544; x_wconf 87' lang='lat' dir='ltr'>Baal.</span> 
     </span>
    </p>
   </div>
   <div class='ocr_carea' id='block_1_100' title="bbox 610 5577 2133 5660">
    <p class='ocr_par' dir='ltr' id='par_1_100' title="bbox 610 5577 2133 5660">
     <span class='ocr_line' id='line_1_100' title="bbox 610 5577 2133 5660; baseline 0.008 -28"><span class='ocrx_word' id='word_1_703' title='bbox 610 5577 853 5634; x_wconf 90' lang='lat' dir='ltr'>Collecto</span> <span class='ocrx_word' id='word_1_704' title='bbox 867 5579 1032 5651; x_wconf 84' lang='lat' dir='ltr'>igitur</span> <span class='ocrx_word' id='word_1_705' title='bbox 1047 5581 1292 5637; x_wconf 87' lang='lat' dir='ltr'>exercitu</span> <span class='ocrx_word' id='word_1_706' title='bbox 1310 5585 1551 5639; x_wconf 83' lang='lat' dir='ltr'>Romam</span> <span class='ocrx_word' id='word_1_707' title='bbox 1568 5584 1761 5653; x_wconf 89' lang='lat' dir='ltr'>tendit,</span> <span class='ocrx_word' id='word_1_708' title='bbox 1779 5594 1941 5659; x_wconf 92' lang='lat' dir='ltr'>atque</span> <span class='ocrx_word' id='word_1_709' title='bbox 1955 5588 2133 5660; x_wconf 92' lang='lat' dir='ltr'>primo</span> 
     </span>
    </p>
   </div>
   <div class='ocr_carea' id='block_1_101' title="bbox 540 5669 2131 5751">
    <p class='ocr_par' dir='ltr' id='par_1_101' title="bbox 540 5669 2131 5751">
     <span class='ocr_line' id='line_1_101' title="bbox 540 5669 2131 5751; baseline 0.008 -27"><span class='ocrx_word' id='word_1_710' title='bbox 540 5684 671 5725; x_wconf 84' lang='lat' dir='ltr'>mox</span> <span class='ocrx_word' id='word_1_711' title='bbox 699 5669 942 5743; x_wconf 86' lang='lat' dir='ltr'>ingressu</span> <span class='ocrx_word' id='word_1_712' title='bbox 969 5688 1191 5728; x_wconf 91' lang='lat' dir='ltr'>omnem</span> <span class='ocrx_word' id='word_1_713' title='bbox 1218 5672 1461 5731; x_wconf 88' lang='lat' dir='ltr'>furorem</span> <span class='ocrx_word' id='word_1_714' title='bbox 1486 5691 1648 5733; x_wconf 90' lang='lat' dir='ltr'>suum</span> <span class='ocrx_word' id='word_1_715' title='bbox 1676 5678 1732 5733; x_wconf 92' lang='lat' dir='ltr'>in</span> <span class='ocrx_word' id='word_1_716' title='bbox 1761 5680 2131 5751; x_wconf 88' lang='lat' dir='ltr'>supradictam</span> 
     </span>
    </p>
   </div>
   <div class='ocr_carea' id='block_1_102' title="bbox 538 5762 2134 5839">
    <p class='ocr_par' dir='ltr' id='par_1_102' title="bbox 538 5762 2134 5839">
     <span class='ocr_line' id='line_1_102' title="bbox 538 5762 2134 5839; baseline 0.008 -22"><span class='ocrx_word' id='word_1_717' title='bbox 538 5762 826 5821; x_wconf 88' lang='lat' dir='ltr'>dominam</span> <span class='ocrx_word' id='word_1_718' title='bbox 854 5764 1176 5822; x_wconf 88' lang='lat' dir='ltr'>Mathildam</span> <span class='ocrx_word' id='word_1_719' title='bbox 1213 5770 1517 5837; x_wconf 87' lang='lat' dir='ltr'>convertit;</span> <span class='ocrx_word' id='word_1_720' title='bbox 1558 5770 1715 5826; x_wconf 90' lang='lat' dir='ltr'>villas</span> <span class='ocrx_word' id='word_1_721' title='bbox 1745 5771 2004 5839; x_wconf 89' lang='lat' dir='ltr'>incendit,</span> <span class='ocrx_word' id='word_1_722' title='bbox 2045 5790 2134 5829; x_wconf 90' lang='lat' dir='ltr'>ca-</span> 
     </span>
    </p>
   </div>
   <div class='ocr_carea' id='block_1_103' title="bbox 543 5856 2129 5936">
    <p class='ocr_par' dir='ltr' id='par_1_103' title="bbox 543 5856 2129 5936">
     <span class='ocr_line' id='line_1_103' title="bbox 543 5856 2129 5936; baseline 0.01 -30"><span class='ocrx_word' id='word_1_723' title='bbox 543 5856 699 5912; x_wconf 88' lang='lat' dir='ltr'>stella</span> <span class='ocrx_word' id='word_1_724' title='bbox 733 5857 899 5917; x_wconf 91' lang='lat' dir='ltr'>diruit</span> <span class='ocrx_word' id='word_1_725' title='bbox 931 5879 942 5916; x_wconf 86' lang='lat'><strong>:</strong></span> <span class='ocrx_word' id='word_1_726' title='bbox 972 5875 1096 5932; x_wconf 71' lang='lat' dir='ltr'>quae</span> <span class='ocrx_word' id='word_1_727' title='bbox 1127 5867 1330 5928; x_wconf 90' lang='lat' dir='ltr'>tamen,</span> <span class='ocrx_word' id='word_1_728' title='bbox 1370 5861 1550 5918; x_wconf 89' lang='lat' dir='ltr'>divina</span> <span class='ocrx_word' id='word_1_729' title='bbox 1587 5878 1646 5919; x_wconf 88' lang='lat' dir='ltr'>se</span> <span class='ocrx_word' id='word_1_730' title='bbox 1683 5870 1998 5936; x_wconf 88' lang='lat' dir='ltr'>protegente</span> <span class='ocrx_word' id='word_1_731' title='bbox 2028 5867 2129 5922; x_wconf 92' lang='lat' dir='ltr'>mi-</span> 
     </span>
    </p>
   </div>
   <div class='ocr_carea' id='block_1_104' title="bbox 2242 4656 3849 4730">
    <p class='ocr_par' dir='ltr' id='par_1_104' title="bbox 2242 4656 3849 4730">
     <span class='ocr_line' id='line_1_104' title="bbox 2242 4656 3849 4730; baseline 0 -18"><span class='ocrx_word' id='word_1_732' title='bbox 2242 4656 2465 4712; x_wconf 91' lang='lat' dir='ltr'>demum</span> <span class='ocrx_word' id='word_1_733' title='bbox 2496 4656 2763 4728; x_wconf 89' lang='lat' dir='ltr'>perjurus,</span> <span class='ocrx_word' id='word_1_734' title='bbox 2795 4666 2849 4713; x_wconf 89' lang='lat' dir='ltr'>et</span> <span class='ocrx_word' id='word_1_735' title='bbox 2890 4658 3113 4729; x_wconf 88' lang='lat' dir='ltr'>pecunia</span> <span class='ocrx_word' id='word_1_736' title='bbox 3144 4659 3264 4729; x_wconf 91' lang='lat' dir='ltr'>plus</span> <span class='ocrx_word' id='word_1_737' title='bbox 3303 4674 3470 4730; x_wconf 87' lang='lat' dir='ltr'>quam</span> <span class='ocrx_word' id='word_1_738' title='bbox 3499 4657 3698 4711; x_wconf 88' lang='lat' dir='ltr'>viribus</span> <span class='ocrx_word' id='word_1_739' title='bbox 3743 4666 3849 4712; x_wconf 90' lang='lat' dir='ltr'>aut</span> 
     </span>
    </p>
   </div>
   <div class='ocr_carea' id='block_1_105' title="bbox 2238 4749 3846 4823">
    <p class='ocr_par' dir='ltr' id='par_1_105' title="bbox 2238 4749 3846 4823">
     <span class='ocr_line' id='line_1_105' title="bbox 2238 4749 3846 4823; baseline 0 -18"><span class='ocrx_word' id='word_1_740' title='bbox 2238 4749 2503 4821; x_wconf 89' lang='lat' dir='ltr'>sapientia</span> <span class='ocrx_word' id='word_1_741' title='bbox 2533 4760 2831 4823; x_wconf 76' lang='lat' dir='ltr'>expugnat.</span> <span class='ocrx_word' id='word_1_742' title='bbox 2878 4751 3070 4823; x_wconf 88' lang='lat' dir='ltr'>Fitque</span> <span class='ocrx_word' id='word_1_743' title='bbox 3123 4751 3263 4806; x_wconf 88' lang='lat' dir='ltr'>beati</span> <span class='ocrx_word' id='word_1_744' title='bbox 3295 4753 3438 4806; x_wconf 86' lang='lat' dir='ltr'>Petri</span> <span class='ocrx_word' id='word_1_745' title='bbox 3484 4758 3671 4806; x_wconf 88' lang='lat' dir='ltr'>sancta</span> <span class='ocrx_word' id='word_1_746' title='bbox 3726 4752 3846 4805; x_wconf 78' lang='lat' dir='ltr'>Ec-</span> 
     </span>
    </p>
   </div>
   <div class='ocr_carea' id='block_1_106' title="bbox 2239 4844 3839 4915">
    <p class='ocr_par' dir='ltr' id='par_1_106' title="bbox 2239 4844 3839 4915">
     <span class='ocr_line' id='line_1_106' title="bbox 2239 4844 3839 4915; baseline -0.001 -18"><span class='ocrx_word' id='word_1_747' title='bbox 2239 4844 2398 4897; x_wconf 87' lang='lat' dir='ltr'>clesia</span> <span class='ocrx_word' id='word_1_748' title='bbox 2452 4844 2745 4914; x_wconf 90' lang='lat' dir='ltr'>impiorum</span> <span class='ocrx_word' id='word_1_749' title='bbox 2788 4845 3064 4900; x_wconf 89' lang='lat' dir='ltr'>latronum</span> <span class='ocrx_word' id='word_1_750' title='bbox 3112 4846 3367 4915; x_wconf 86' lang='lat' dir='ltr'>spelunca</span> <span class='ocrx_word' id='word_1_751' title='bbox 3418 4846 3633 4899; x_wconf 81' lang='lat' dir='ltr'>(Matth.</span> <span class='ocrx_word' id='word_1_752' title='bbox 3684 4852 3839 4907; x_wconf 65' lang='lat' dir='ltr'><strong>xxx).</strong></span> 
     </span>
    </p>
   </div>
   <div class='ocr_carea' id='block_1_107' title="bbox 2241 4936 3849 5008">
    <p class='ocr_par' dir='ltr' id='par_1_107' title="bbox 2241 4936 3849 5008">
     <span class='ocr_line' id='line_1_107' title="bbox 2241 4936 3849 5008; baseline 0 -15"><span class='ocrx_word' id='word_1_753' title='bbox 2241 4936 2348 4993; x_wconf 93' lang='lat' dir='ltr'>Sed</span> <span class='ocrx_word' id='word_1_754' title='bbox 2366 4937 2600 4993; x_wconf 88' lang='lat' dir='ltr'>necdum</span> <span class='ocrx_word' id='word_1_755' title='bbox 2617 4946 2792 4993; x_wconf 88' lang='lat' dir='ltr'>totam</span> <span class='ocrx_word' id='word_1_756' title='bbox 2812 4936 3030 5008; x_wconf 90' lang='lat' dir='ltr'>quidem</span> <span class='ocrx_word' id='word_1_757' title='bbox 3051 4941 3287 4993; x_wconf 87' lang='lat' dir='ltr'>Romam</span> <span class='ocrx_word' id='word_1_758' title='bbox 3311 4937 3531 4993; x_wconf 87' lang='lat' dir='ltr'>devicit.</span> <span class='ocrx_word' id='word_1_759' title='bbox 3556 4936 3849 5008; x_wconf 89' lang='lat' dir='ltr'>Quoniam</span> 
     </span>
    </p>
   </div>
   <div class='ocr_carea' id='block_1_108' title="bbox 2242 5029 3851 5102">
    <p class='ocr_par' dir='ltr' id='par_1_108' title="bbox 2242 5029 3851 5102">
     <span class='ocr_line' id='line_1_108' title="bbox 2242 5029 3851 5102; baseline 0.001 -18"><span class='ocrx_word' id='word_1_760' title='bbox 2242 5030 2294 5084; x_wconf 90' lang='lat' dir='ltr'>in</span> <span class='ocrx_word' id='word_1_761' title='bbox 2319 5031 2559 5097; x_wconf 88' lang='lat' dir='ltr'>castello,</span> <span class='ocrx_word' id='word_1_762' title='bbox 2592 5030 2738 5102; x_wconf 91' lang='lat' dir='ltr'>quod</span> <span class='ocrx_word' id='word_1_763' title='bbox 2769 5032 3057 5086; x_wconf 77' lang='lat' dir='ltr'>Crescentii</span> <span class='ocrx_word' id='word_1_764' title='bbox 3082 5030 3304 5098; x_wconf 91' lang='lat' dir='ltr'>dicitur,</span> <span class='ocrx_word' id='word_1_765' title='bbox 3337 5029 3851 5086; x_wconf 87' lang='lat' dir='ltr'>reverendissimus</span> 
     </span>
    </p>
   </div>
   <div class='ocr_carea' id='block_1_109' title="bbox 2240 5124 3851 5195">
    <p class='ocr_par' dir='ltr' id='par_1_109' title="bbox 2240 5124 3851 5195">
     <span class='ocr_line' id='line_1_109' title="bbox 2240 5124 3851 5195; baseline 0 -16"><span class='ocrx_word' id='word_1_766' title='bbox 2240 5140 2376 5195; x_wconf 89' lang='lat' dir='ltr'>papa</span> <span class='ocrx_word' id='word_1_767' title='bbox 2421 5124 2714 5195; x_wconf 88' lang='lat' dir='ltr'>Gregorius</span> <span class='ocrx_word' id='word_1_768' title='bbox 2769 5125 3090 5195; x_wconf 90' lang='lat' dir='ltr'>permansit.</span> <span class='ocrx_word' id='word_1_769' title='bbox 3145 5126 3572 5179; x_wconf 90' lang='lat' dir='ltr'>Permanserunt</span> <span class='ocrx_word' id='word_1_770' title='bbox 3614 5137 3851 5195; x_wconf 88' lang='lat' dir='ltr'>quoque</span> 
     </span>
    </p>
   </div>
   <div class='ocr_carea' id='block_1_110' title="bbox 2242 5216 3848 5288">
    <p class='ocr_par' dir='ltr' id='par_1_110' title="bbox 2242 5216 3848 5288">
     <span class='ocr_line' id='line_1_110' title="bbox 2242 5216 3848 5288; baseline 0 -17"><span class='ocrx_word' id='word_1_771' title='bbox 2242 5233 2341 5273; x_wconf 89' lang='lat' dir='ltr'>nec</span> <span class='ocrx_word' id='word_1_772' title='bbox 2364 5218 2607 5287; x_wconf 89' lang='lat' dir='ltr'>corrupti</span> <span class='ocrx_word' id='word_1_773' title='bbox 2638 5231 2736 5271; x_wconf 90' lang='lat' dir='ltr'>nec</span> <span class='ocrx_word' id='word_1_774' title='bbox 2765 5216 3003 5288; x_wconf 91' lang='lat' dir='ltr'>decepti,</span> <span class='ocrx_word' id='word_1_775' title='bbox 3033 5226 3125 5273; x_wconf 90' lang='lat' dir='ltr'>aut</span> <span class='ocrx_word' id='word_1_776' title='bbox 3150 5217 3348 5273; x_wconf 88' lang='lat' dir='ltr'>devicti</span> <span class='ocrx_word' id='word_1_777' title='bbox 3381 5217 3677 5272; x_wconf 90' lang='lat' dir='ltr'>nobiliores</span> <span class='ocrx_word' id='word_1_778' title='bbox 3706 5218 3848 5287; x_wconf 90' lang='lat' dir='ltr'>qui-</span> 
     </span>
    </p>
   </div>
   <div class='ocr_carea' id='block_1_111' title="bbox 2242 5308 3848 5382">
    <p class='ocr_par' dir='ltr' id='par_1_111' title="bbox 2242 5308 3848 5382">
     <span class='ocr_line' id='line_1_111' title="bbox 2242 5308 3848 5382; baseline 0.002 -18"><span class='ocrx_word' id='word_1_779' title='bbox 2242 5309 2371 5365; x_wconf 91' lang='lat' dir='ltr'>dam</span> <span class='ocrx_word' id='word_1_780' title='bbox 2418 5311 2683 5376; x_wconf 87' lang='lat' dir='ltr'>Romani,</span> <span class='ocrx_word' id='word_1_781' title='bbox 2741 5311 2917 5381; x_wconf 89' lang='lat' dir='ltr'>magis</span> <span class='ocrx_word' id='word_1_782' title='bbox 2962 5310 3187 5367; x_wconf 88' lang='lat' dir='ltr'>obedire</span> <span class='ocrx_word' id='word_1_783' title='bbox 3238 5316 3355 5367; x_wconf 90' lang='lat' dir='ltr'>Deo</span> <span class='ocrx_word' id='word_1_784' title='bbox 3402 5326 3567 5382; x_wconf 90' lang='lat' dir='ltr'>quam</span> <span class='ocrx_word' id='word_1_785' title='bbox 3623 5308 3848 5367; x_wconf 85' lang='lat' dir='ltr'>homini</span> 
     </span>
    </p>
   </div>
   <div class='ocr_carea' id='block_1_112' title="bbox 2243 5403 3049 5473">
    <p class='ocr_par' dir='ltr' id='par_1_112' title="bbox 2243 5403 3049 5473">
     <span class='ocr_line' id='line_1_112' title="bbox 2243 5403 3049 5473; baseline 0.001 -16"><span class='ocrx_word' id='word_1_786' title='bbox 2243 5405 2385 5467; x_wconf 82' lang='lat' dir='ltr'>(Act.</span> <span class='ocrx_word' id='word_1_787' title='bbox 2405 5408 2456 5469; x_wconf 91' lang='lat' dir='ltr'>v)</span> <span class='ocrx_word' id='word_1_788' title='bbox 2476 5403 2753 5473; x_wconf 90' lang='lat' dir='ltr'>cupientes</span> <span class='ocrx_word' id='word_1_789' title='bbox 2773 5403 3049 5460; x_wconf 77' lang='lat' dir='ltr'>haeretica.</span> 
     </span>
    </p>
   </div>
   <div class='ocr_carea' id='block_1_113' title="bbox 2310 5496 3849 5570">
    <p class='ocr_par' dir='ltr' id='par_1_113' title="bbox 2310 5496 3849 5570">
     <span class='ocr_line' id='line_1_113' title="bbox 2310 5496 3849 5570; baseline 0.006 -22"><span class='ocrx_word' id='word_1_790' title='bbox 2310 5496 2479 5566; x_wconf 88' lang='lat' dir='ltr'>Igitur</span> <span class='ocrx_word' id='word_1_791' title='bbox 2508 5506 2845 5553; x_wconf 88' lang='lat' dir='ltr'>accrescente</span> <span class='ocrx_word' id='word_1_792' title='bbox 2888 5505 3002 5553; x_wconf 88' lang='lat' dir='ltr'>tam</span> <span class='ocrx_word' id='word_1_793' title='bbox 3026 5498 3195 5569; x_wconf 90' lang='lat' dir='ltr'>impia</span> <span class='ocrx_word' id='word_1_794' title='bbox 3222 5497 3614 5555; x_wconf 77' lang='lat' dir='ltr'>haereticorum</span> <span class='ocrx_word' id='word_1_795' title='bbox 3648 5513 3849 5570; x_wconf 81' lang='lat' dir='ltr'>perse-</span> 
     </span>
    </p>
   </div>
   <div class='ocr_carea' id='block_1_114' title="bbox 2239 5588 3849 5663">
    <p class='ocr_par' dir='ltr' id='par_1_114' title="bbox 2239 5588 3849 5663">
     <span class='ocr_line' id='line_1_114' title="bbox 2239 5588 3849 5663; baseline 0.004 -20"><span class='ocrx_word' id='word_1_796' title='bbox 2239 5588 2472 5655; x_wconf 89' lang='lat' dir='ltr'>cutione,</span> <span class='ocrx_word' id='word_1_797' title='bbox 2504 5589 2756 5645; x_wconf 90' lang='lat' dir='ltr'>invitatus</span> <span class='ocrx_word' id='word_1_798' title='bbox 2785 5589 2853 5644; x_wconf 91' lang='lat' dir='ltr'>ab</span> <span class='ocrx_word' id='word_1_799' title='bbox 2879 5592 3180 5662; x_wconf 90' lang='lat' dir='ltr'>apostolico</span> <span class='ocrx_word' id='word_1_800' title='bbox 3230 5592 3348 5647; x_wconf 92' lang='lat' dir='ltr'>viro</span> <span class='ocrx_word' id='word_1_801' title='bbox 3394 5591 3506 5648; x_wconf 87' lang='lat' dir='ltr'>dux</span> <span class='ocrx_word' id='word_1_802' title='bbox 3538 5592 3760 5663; x_wconf 59' lang='lat' dir='ltr'>Apulia</span> <span class='ocrx_word' id='word_1_803' title='bbox 3790 5602 3849 5649; x_wconf 87' lang='lat' dir='ltr'>et</span> 
     </span>
    </p>
   </div>
   <div class='ocr_carea' id='block_1_115' title="bbox 2241 5681 3847 5757">
    <p class='ocr_par' dir='ltr' id='par_1_115' title="bbox 2241 5681 3847 5757">
     <span class='ocr_line' id='line_1_115' title="bbox 2241 5681 3847 5757; baseline 0.003 -20"><span class='ocrx_word' id='word_1_804' title='bbox 2241 5681 2503 5737; x_wconf 86' lang='lat' dir='ltr'>Calabriae</span> <span class='ocrx_word' id='word_1_805' title='bbox 2552 5681 2849 5751; x_wconf 90' lang='lat' dir='ltr'>Robertus,</span> <span class='ocrx_word' id='word_1_806' title='bbox 2877 5685 3121 5740; x_wconf 90' lang='lat' dir='ltr'>Romam</span> <span class='ocrx_word' id='word_1_807' title='bbox 3172 5684 3473 5753; x_wconf 84' lang='lat' dir='ltr'>festinavit;</span> <span class='ocrx_word' id='word_1_808' title='bbox 3504 5694 3631 5741; x_wconf 89' lang='lat' dir='ltr'>ante</span> <span class='ocrx_word' id='word_1_809' title='bbox 3679 5687 3847 5757; x_wconf 88' lang='lat' dir='ltr'>cujus</span> 
     </span>
    </p>
   </div>
   <div class='ocr_carea' id='block_1_116' title="bbox 2240 5774 3844 5851">
    <p class='ocr_par' dir='ltr' id='par_1_116' title="bbox 2240 5774 3844 5851">
     <span class='ocr_line' id='line_1_116' title="bbox 2240 5774 3844 5851; baseline 0.002 -22"><span class='ocrx_word' id='word_1_810' title='bbox 2240 5774 2537 5830; x_wconf 89' lang='lat' dir='ltr'>adventum</span> <span class='ocrx_word' id='word_1_811' title='bbox 2581 5776 2883 5844; x_wconf 84' lang='lat' dir='ltr'>Heinricus,</span> <span class='ocrx_word' id='word_1_812' title='bbox 2915 5777 3055 5833; x_wconf 90' lang='lat' dir='ltr'>Urbe</span> <span class='ocrx_word' id='word_1_813' title='bbox 3080 5779 3291 5843; x_wconf 89' lang='lat' dir='ltr'>relicta,</span> <span class='ocrx_word' id='word_1_814' title='bbox 3323 5777 3500 5850; x_wconf 87' lang='lat' dir='ltr'>fugit;</span> <span class='ocrx_word' id='word_1_815' title='bbox 3530 5794 3697 5851; x_wconf 89' lang='lat' dir='ltr'>quam</span> <span class='ocrx_word' id='word_1_816' title='bbox 3724 5795 3844 5833; x_wconf 86' lang='lat' dir='ltr'>una</span> 
     </span>
    </p>
   </div>
   <div class='ocr_carea' id='block_1_117' title="bbox 2238 5858 3843 5942">
    <p class='ocr_par' dir='ltr' id='par_1_117' title="bbox 2238 5858 3843 5942">
     <span class='ocr_line' id='line_1_117' title="bbox 2238 5858 3843 5942; baseline 0.001 -19"><span class='ocrx_word' id='word_1_817' title='bbox 2238 5864 2323 5924; x_wconf 91' lang='lat' dir='ltr'>die</span> <span class='ocrx_word' id='word_1_818' title='bbox 2338 5883 2505 5924; x_wconf 92' lang='lat' dir='ltr'>manu</span> <span class='ocrx_word' id='word_1_819' title='bbox 2524 5877 2729 5924; x_wconf 90' lang='lat' dir='ltr'>armata</span> <span class='ocrx_word' id='word_1_820' title='bbox 2755 5868 2865 5923; x_wconf 81' lang='lat' dir='ltr'>dux</span> <span class='ocrx_word' id='word_1_821' title='bbox 2893 5869 3122 5926; x_wconf 77' lang='lat' dir='ltr'>fidenter</span> <span class='ocrx_word' id='word_1_822' title='bbox 3140 5871 3492 5942; x_wconf 83' lang='lat' dir='ltr'>expugnavit,</span> <span class='ocrx_word' id='word_1_823' title='bbox 3516 5858 3843 5927; x_wconf 77' lang='lat' dir='ltr'>dominum-</span> 
     </span>
    </p>
   </div>
  </div>
