4048 6174
242 319 344 373 917

1160 316 1446 370 APPEND.
1491 317 1576 370 Ill.
1618 345 1690 357 —
1724 317 2143 374 MONUMENTA
2180 320 2637 375 GREGORIANA.

3441 327 3542 379 9l8

239 457 346 513 que
374 455 571 513 papam
609 440 679 497 de
718 440 967 513 angustia
996 439 1165 495 turris
1214 439 1268 494 in
1313 439 1655 496 latitudinem
1704 442 1837 497 sacri
1870 446 1923 508 Α
1957 460 2220 515 pauperes
2257 454 2530 501 venerunt
2573 460 2635 500 ac
2662 442 2884 510 divites;
2917 446 3029 516 qui,
3058 445 3191 502 dum
3222 463 3251 502 a
3286 448 3543 519 praedicta

236 536 424 607 palatii
449 534 832 591 Lateranensis
877 550 1006 589 cum
1045 549 1255 606 magno
1275 534 1555 605 triumpho
1583 542 1636 589 et
1667 535 1835 606 gloria

236 630 471 687 reduxit.
501 630 705 700 Itaque,
756 628 989 699 peractis
1028 628 1103 683 ibi
1145 628 1353 700 aliquot
1388 626 1603 696 diebus,
1661 629 1833 685 Saler-

235 740 372 779 num
410 724 614 795 pariter
643 732 1017 794 perrexerunt,
1062 723 1157 779 ubi
1180 731 1237 779 et
1282 724 1662 779 sanctissimus
1697 741 1835 796 papa

238 818 526 890 emigravit
568 816 639 873 ad
680 816 980 873 Christum.
1041 820 1182 873 Nam
1221 817 1505 885 miracula,
1557 832 1681 888 qua:
1738 834 1835 890 per

236 927 367 967 eum
412 919 668 982 operatus
706 918 786 966 est
834 911 1126 978 Dominus,
1168 911 1275 966 alia
1311 911 1533 982 quidem
1574 912 1828 982 vidimus,

236 1005 343 1061 alia
378 1004 447 1061 ab
477 1003 692 1060 idoneis
719 1004 947 1060 testibus
979 1004 1316 1071 audivimus,
1342 1020 1584 1075 quorum
1608 1020 1723 1060 non
1751 1014 1835 1061 est

234 1094 406 1154 modo
434 1097 650 1154 dicendi
681 1098 850 1153 locus.
882 1098 1094 1169 Fugato
1137 1112 1270 1169 ergo
1292 1098 1361 1152 ab
1387 1098 1544 1153 Urbe
1568 1098 1832 1155 Heinrico

234 1193 291 1246 in
319 1191 653 1248 Teutonicas
686 1199 868 1263 partes
895 1190 1082 1245 statim
1108 1191 1225 1263 ipse
1263 1191 1508 1260 revertit,
1553 1192 1832 1248 concitatis

231 1285 479 1355 primum
508 1285 765 1342 omnibus
790 1300 930 1357 pene
948 1283 1338 1356 Longobardis
1382 1284 1672 1340 adversum
1704 1301 1832 1356 pra:-

230 1376 411 1434 fatam
438 1376 759 1447 dominam,
799 1386 854 1433 et
886 1377 1145 1434 adversus
1199 1385 1447 1433 sanctum
1480 1378 1833 1449 .provisorem

230 1473 373 1543 ejus,
421 1471 517 1527 sed
541 1480 594 1527 et
632 1471 895 1527 adversus
926 1486 1145 1526 omnem
1177 1470 1498 1526 catholicam
1538 1472 1830 1527 unitatem.

308 1568 446 1632 Nec,
477 1565 655 1620 multo
686 1572 812 1636 post
851 1579 980 1620 ecce
1007 1564 1305 1620 coadunati
1347 1572 1477 1619 sunt
1505 1565 1746 1637 episcopi
1779 1574 1834 1621 et

231 1658 591 1714 marchiones
626 1674 751 1713 cum
778 1658 899 1714 aliis
925 1658 1133 1725 multis,
1166 1658 1263 1730 qui
1302 1673 1501 1731 magno
1550 1658 1759 1729 impetu
1780 1667 1835 1714 et

1940 539 2220 594 comitissa
2250 539 2452 594 vellent
2479 538 2681 611 aliquid
2721 547 2819 593 aut
2843 540 3123 610 acquirere
3141 582 3155 609 ,
3187 549 3284 596 aut
3311 542 3541 614 acquisi-

1940 639 2062 686 tum
2086 633 2328 689 securius
2356 632 2617 699 obtinere,
2645 648 2877 688 munera
2920 633 3025 688 sibi
3067 634 3341 689 interdum
3376 651 3539 707 gran-

1944 724 2052 791 dia,
2084 725 2362 781 interdum
2402 727 2773 795 promiserunt
2796 726 2881 781 alii
2916 728 3161 799 majora;
3187 728 3387 798 quibus
3416 729 3535 797 ille,

1943 819 2191 888 quamvis
2240 834 2443 889 pauper
2515 820 2661 889 ipse,
2732 829 2897 891 atque
2953 829 3171 893 egentes
3213 823 3295 878 sui
3359 831 3543 878 essent

1942 926 2156 979 omnes,
2186 911 2362 967 iratus
2400 912 2705 982 respondit,
2745 912 2889 969 dona
2925 914 3154 984 reSpuit,
3205 914 3539 987 adjutorium

1936 1005 2272 1061 contradixit
2314 1005 2484 1076 quod,
2516 1005 2562 1061 si
2590 1006 2761 1077 gratis
2787 1006 3179 1077 postulassent,
3212 1008 3376 1064 citius
3392 1017 3543 1064 certe

1892 1107 1905 1113 ·
1941 1099 2350 1170 impetrassent.
2382 1099 2478 1156 Ait
2505 1099 2692 1155 enim:
2728 1122 2753 1147 α
2774 1099 2839 1160 ,δί
2863 1108 2947 1154 est
2970 1099 3241 1171 injustum
3270 1102 3420 1173 quod
3449 1118 3542 1157 ex-

1942 1199 2162 1263 petunt,
2193 1208 2288 1248 ero
2313 1192 2607 1264 particeps,
2638 1193 2752 1247 imo
2788 1200 2978 1247 auctor
3004 1208 3197 1249 eorum
3228 1194 3540 1265 injustitiaa;

1940 1286 2020 1342 sin
2056 1295 2240 1342 autem
2279 1286 2494 1358 justum
2522 1294 2633 1355 est,
2666 1302 2794 1341 reus
2822 1302 2950 1354 ero,
2982 1286 3026 1341 si
3055 1286 3323 1357 iustitiam
3349 1287 3541 1343 vendi-

1941 1379 2094 1436 dero.
2140 1403 2163 1429 ιο
2196 1379 2355 1451 Quod
2385 1379 2429 1435 si
2456 1388 2642 1435 mente
2671 1380 2835 1450 aliqui
2868 1395 3115 1449 perversa
3144 1378 3398 1435 divinitus
3433 1378 3543 1435 for—

1941 1488 2043 1529 san
2087 1474 2364 1540 excaecati,
2412 1482 2507 1529 aut
2531 1474 2757 1529 avaritia
2811 1473 2993 1529 saeculi
3040 1473 3341 1544 perniciose
3364 1472 3546 1543 impli-

1940 1568 2063 1632 cati,
2112 1566 2397 1623 catholicae
2432 1575 2487 1622 et
2515 1567 2831 1638 apostolicae
2876 1566 3193 1622 restiterunt
3221 1566 3538 1632 sententiae,

1941 1660 2076 1716 dum
2106 1676 2297 1716 secum
2329 1660 2637 1716 ratiocinari
2668 1669 2982 1731 cmperunt,
3043 1660 3227 1715 subito
3274 1660 3411 1715 satis
3440 1660 3538 1715 ob-

228 1751 427 1807 furore
456 1751 636 1807 subito
651 1760 889 1806 terrram
910 1751 1221 1806 invaserunt
1240 1750 1487 1822 ejusdem
1505 1752 1825 1819 comitissae,
1856 1792 1904 1852 Β
1936 1761 2290 1820 mutueruut,
2345 1755 2475 1826 quia
2505 1754 2785 1825 sapientiai
2828 1754 2970 1809 illius
3006 1754 3260 1809 resistere
3304 1769 3415 1808 non
3437 1768 3541 1824 po-

232 1853 493 1916 putantes
519 1853 695 1900 totam
722 1844 867 1900 illico
900 1860 1013 1901 sua:
1052 1844 1248 1899 ditioni
1307 1845 1620 1916 subjugare.
1673 1848 1830 1900 Tunc

242 1952 380 2010 ergo
446 1938 764 2009 congregati
820 1946 949 1994 sunt
990 1946 1047 1993 et
1096 1937 1271 1994 nostri
1332 1937 1603 2009 siquidem
1656 1939 1837 2008 pauci,

231 2032 504 2103 quoniam
548 2048 661 2087 una
703 2031 789 2086 vix
841 2031 929 2087 die
975 2031 1187 2103 praescii
1228 2030 1356 2087 facti
1415 2039 1571 2100 sunt;
1618 2048 1841 2087 verum-

229 2134 424 2180 tamen
452 2125 617 2181 nimis
658 2124 956 2181 confortati
996 2133 1153 2194 sunt,
1204 2125 1335 2195 quia
1361 2124 1617 2181 dominus
1656 2133 1841 2180 noster

228 2226 461 2274 sanctus
506 2219 806 2275 Anselmus
869 2219 1162 2290 episcopus
1221 2234 1379 2274 suam
1438 2218 1514 2274 eis
1579 2218 1835 2274 benedic-

228 2312 449 2367 tionem
496 2326 592 2382 per
634 2320 885 2367 nostram
932 2312 1131 2368 direxit
1160 2312 1486 2383 parvitatem
1542 2332 1553 2367 :
1611 2311 1718 2367 hoc
1782 2312 1837 2367 in

230 2404 520 2461 mandatis
570 2406 839 2477 prmeipue
892 2405 1294 2461 commendans
1344 2406 1510 2461 nobis
1547 2413 1609 2460 ut
1659 2406 1705 2460 si
1744 2405 1835 2477 qui

225 2515 358 2555 cum
373 2499 863 2555 excommunicatis
883 2499 1413 2566 communicassent,
1438 2498 1696 2569 primitus
1717 2500 1838 2554 illos

228 2594 682 2659 absolveremus,
734 2600 789 2649 et
822 2600 956 2649 tunc
999 2593 1201 2663 pariter
1255 2608 1453 2648 omnes
1510 2593 1837 2647 auctoritate

224 2686 533 2759 apostolica
578 2694 631 2742 et
695 2702 791 2741 sua
842 2685 1321 2751 benediceremus,
1365 2685 1700 2740 instruentes
1742 2701 1837 2739 eos

227 2797 343 2853 quo
383 2788 549 2851 pacto
587 2795 758 2850 quave
787 2778 1086 2835 intentione
1137 2778 1399 2834 deberent
1428 2793 1703 2849 pugnare,
1735 2777 1838 2833 εἰο-

225 2890 333 2945 que
360 2874 419 2928 in
448 2873 837 2928 remissionem
862 2873 1116 2927 omnium
1160 2881 1514 2943 peccatorum
1544 2887 1739 2928 eorum
1765 2871 1839 2926 in-

226 2966 434 3022 stantis
468 2965 598 3021 belli
628 2967 1103 3021 committeremus
1132 2966 1459 3037 periculum.

305 3063 479 3116 Facto
512 3060 696 3131 itaque
725 3075 1022 3129 congressu
1060 3058 1323 3114 citissime
1352 3059 1511 3114 dorsa
1544 3058 1728 3113 hostes
1752 3058 1846 3116 de-

1936 1856 2192 1916 tuerunt,
2230 1849 2345 1903 imo
2377 1848 2754 1919 eloquentiam
2793 1846 3035 1902 hominis
3074 1854 3286 1902 tantam
3315 1855 3542 1917 tamque

1948 1941 2328 1997 rationabilem
2348 1941 2532 1997 mirati
2550 1949 2693 1996 sunt.
2720 1943 2962 1996 Omnem
2978 1940 3125 1995 enim
3144 1955 3358 1996 sacram
3375 1940 3548 2011 Scrip-

1948 2043 2128 2089 turam
2164 2034 2278 2089 fere
2293 2036 2617 2089 memoriter
2634 2033 2789 2088 novit
2808 2033 2900 2103 (ita
2916 2034 2997 2104 ut)
3019 2032 3146 2105 quid
3164 2032 3364 2103 singuli
3393 2031 3545 2103 ,quid

1944 2143 2142 2183 omnes
2182 2127 2251 2183 de
2280 2127 2465 2199 quavis
2492 2142 2655 2182 causa
2680 2126 2849 2181 sancti
2879 2125 3215 2197 expositores
3241 2125 3541 2189 sentirent,

1944 2237 2095 2290 mox,
2126 2229 2189 2275 ut
2216 2220 2600 2292 interrogares,
2630 2218 3005 2290 responderet.
3031 2220 3205 2274 Multa
3237 2217 3342 2273 sibi
3380 2217 3548 2273 sacris

1944 2331 2006 2371 ex
2032 2314 2327 2384 Scripturis
2382 2314 2644 2369 divinitus
2686 2314 2932 2385 exposita
2982 2311 3373 2383 cognovimus,
3405 2325 3542 2381 quo-

1944 2424 2072 2463 rum
2101 2408 2284 2479 aliqua
2307 2406 2375 2462 ab
2408 2408 2527 2477 ipso
2558 2406 2825 2462 habemus
2850 2406 3050 2477 scripta
3070 2447 3085 2469 ,
3129 2405 3308 2475 aliqua
3336 2404 3544 2460 retine-

1946 2516 2068 2555 mus
2103 2499 2159 2554 in
2191 2500 2484 2555 memoria.
2515 2500 2725 2555 Multos
2754 2499 2970 2554 libellos
2996 2497 3233 2569 propriis
3290 2496 3546 2552 manibus

1946 2593 2291 2663 conscripsit.
2327 2598 2469 2659 (482)
2524 2593 2944 2663 Apologeticum
2993 2607 3166 2647 unum
3203 2590 3435 2647 diversis
3480 2606 3546 2645 ex

1945 2694 2263 2744 sanctorum
2301 2688 2529 2741 Patrum
2572 2685 2950 2740 voluminibus
2978 2684 3322 2755 compilavit,
3349 2684 3547 2754 quibus

1945 2779 2139 2836 domui
2161 2794 2315 2850 papa:
2334 2778 2684 2843 sententiam,
2708 2786 2765 2833 et
2787 2776 3038 2833 universa
3060 2777 3180 2847 ejus
3200 2774 3341 2831 facta
3381 2784 3545 2846 atque

1948 2881 2213 2945 praecepta
2255 2871 2530 2927 canonicis
2579 2870 2899 2925 defenderet
2938 2868 3243 2925 rationibus
3269 2877 3322 2923 et
3352 2884 3546 2939 appro-

1947 2967 2101 3022 baret
2149 2963 2468 3021 orthodoxis
2495 2963 2926 3019 auctoritatibus.
2977 2966 3041 3017 In
3087 2962 3542 3017 Lamentationes

1954 3059 2207 3115 Jeremite
2236 3058 2680 3114 dilucidissimam
2708 3055 2837 3112 fecit
2871 3056 3293 3126 expositionem;
3333 3055 3545 3110 Psalte-

224 3156 464 3221 derunt;
514 3162 567 3209 et
616 3162 809 3225 captus
855 3161 939 3209 est
986 3169 1116 3207 mox
1160 3153 1468 3208 Parmensis
1522 3152 1827 3224 episcopus,
1862 3149 1905 3212 C
1937 3154 2081 3209 rium
2108 3168 2327 3225 quoque
2346 3160 2541 3223 rogatu
2561 3150 3024 3206 benedictissimze
3049 3149 3150 3204 Dei
3180 3148 3391 3204 ancillae
3429 3151 3543 3203 Ma-

224 3256 279 3301 et
318 3247 533 3301 nobiles
560 3246 738 3313 multi,
771 3247 1015 3301 minores
1036 3261 1162 3301 vero
1198 3246 1405 3317 absque
1426 3261 1695 3311 numero;
1736 3244 1831 3300 sed

226 3349 276 3397 et
316 3350 672 3395 mortuorum
700 3356 813 3395 non
839 3348 925 3395 est
942 3339 1197 3394 inventus
1215 3354 1492 3394 numerus.
1516 3343 1602 3394 De
1629 3337 1834 3393 nostris

223 3442 425 3490 autem
463 3444 573 3490 tres
613 3433 816 3490 mortui
847 3440 995 3500 sunt,
1025 3441 1081 3488 et
1122 3432 1393 3487 vulnerati
1420 3432 1601 3502 pauci;
1647 3447 1752 3501 qua
1778 3431 1832 3485 in

223 3545 282 3584 re
322 3528 552 3599 gloriam
580 3528 701 3595 Dei,
733 3535 787 3582 et
822 3526 1083 3581 virtutem
1135 3525 1529 3580 benedictionis
1573 3540 1833 3580 reveren-

224 3621 450 3676 dissimi
478 3622 725 3692 prazsulis
771 3619 955 3676 ﬁdeles
999 3634 1193 3674 omnes
1236 3633 1533 3689 agnoscere
1580 3617 1832 3689 potestis.

226 3714 457 3769 Abhinc
482 3715 629 3769 enim
651 3714 876 3769 confusa
899 3722 1026 3768 sunt
1046 3711 1427 3769 haereticorum
1448 3710 1833 3778 conciliabula,

224 3816 281 3863 et
309 3807 581 3862 declinata
610 3816 695 3862 est
722 3806 887 3862 nimis
921 3807 1057 3861 elata
1084 3823 1278 3862 eorum
1305 3804 1616 3862 insolentia.
1648 3804 1835 3861 Gavisi

223 3909 424 3955 autem
453 3910 508 3956 et
536 3900 829 3956 confortati
852 3909 982 3955 sunt
1002 3916 1197 3956 omnes
1216 3900 1503 3967 Catholici,
1527 3898 1835 3971 praesertim

223 3994 440 4051 domus
464 3995 579 4058 illa,
610 4011 775 4066 quam
807 3996 862 4051 S.
901 3996 1063 4049 Pater
1090 4002 1274 4049 noster
1304 3993 1601 4048 Anselmus
1624 3994 1834 4063 episco-

226 4106 333 4161 pus
387 4090 837 4158 inexsuperatam
865 4096 1051 4160 postea
1084 4086 1398 4152 custodivit,
1430 4103 1493 4142 ac
1534 4087 1584 4140 in
1613 4086 1715 4140 ﬁde
1756 4101 1835 4140 ca-

225 4183 442 4239 tholica
483 4193 894 4252 permanentem
936 4179 1247 4235 reservavit.
1292 4181 1364 4233 Et
1411 4177 1590 4233 factus
1634 4188 1715 4233 est
1746 4178 1835 4233 ille

227 4278 398 4332 unius
428 4275 565 4329 olim
593 4275 833 4328 civitatis
878 4273 1203 4344 episcopus,
1257 4272 1580 4326 innocenter
1612 4271 1832 4343 quidem

225 4370 528 4441 expulsus,
561 4368 861 4422 multarum
913 4366 1195 4422 civitatum
1238 4366 1437 4437 praesul
1482 4364 1831 4437 magniﬁcus.

225 4466 378 4519 Nam
432 4469 761 4532 potestatem
792 4461 840 4516 ei
885 4468 941 4515 et
984 4461 1158 4515 vicem
1191 4475 1349 4513 suam
1403 4458 1647 4514 domnus
1700 4475 1831 4529 papa

1938 3245 2127 3301 thildae
2163 3245 2414 3316 exposuit
2432 3243 2859 3299 luculentissime
2877 3283 2893 3311 ,
2915 3243 3149 3298 breviter
3171 3241 3421 3313 quidem,
3447 3241 3542 3296 sed

1942 3339 2139 3393 utiliter
2164 3353 2336 3409 usque
2370 3338 2524 3392 illum
2553 3338 2611 3391 in
2651 3338 2861 3404 locum,
2899 3336 2990 3391 ubi
3011 3335 3086 3390 ait
3112 3354 3124 3390 :
3148 3336 3538 3390 Benedim'mus

1940 3432 2090 3487 vobis
2113 3434 2174 3486 in
2203 3434 2411 3486 nomine
2435 3433 2654 3487 Domini
2678 3431 2842 3497 (Psal.
2876 3432 3133 3493 CXXVII).
3160 3428 3239 3483 lbi
3272 3427 3542 3499 siquidem

1941 3526 2107 3580 vitam
2155 3533 2210 3580 et
2265 3524 2661 3595 expositionem
2719 3523 2915 3591 ﬁnivit,
2952 3522 3226 3593 nobisque
3280 3521 3541 3576 omnibus

1941 3620 2080 3675 alter
2102 3617 2412 3689 patriarcha
2440 3617 2605 3672 Jacob
2656 3617 2960 3681 benedixit;
2987 3616 3163 3687 cujus,
3195 3623 3257 3669 ut
3286 3614 3541 3669 omnibus

1940 3721 2137 3768 notum
2174 3720 2275 3779 est,
2303 3712 2613 3767 universam
2639 3711 2699 3766 in
2729 3710 2951 3766 Italiam
2974 3708 3287 3765 benedictio
3317 3707 3542 3763 descen-

1940 3805 2039 3862 dit.
2071 3808 2137 3860 ln
2183 3806 2369 3876 ipsum
2417 3805 2619 3861 etenim
2683 3813 2739 3860 et
2782 3820 2878 3875 per
2935 3804 3117 3874 ipsum
3178 3800 3419 3858 haeretici
3478 3816 3540 3855 ac

1943 3898 2275 3955 schismatici
2320 3898 2406 3953 alii
2465 3906 2904 3963 convertuntur,
2956 3895 3047 3950 alii
3106 3894 3538 3961 confunduntur,

1944 4008 2184 4065 quorum
2220 4007 2351 4047 mox
2391 3990 2581 4047 dentes
2626 3990 3048 4062 confringuntur
3077 3989 3357 4060 ipsorum,
3405 3986 3540 4042 dum

1943 4086 2115 4157 ipsius
2150 4084 2377 4141 Domini
2405 4084 2587 4139 verbis
2616 4084 2979 4155 respondetur
3009 4081 3121 4138 eis:
3156 4082 3293 4135 Cazci
3324 4081 3538 4145 vident,

1944 4180 2128 4233 claudi
2188 4179 2493 4241 ambulant,
2541 4179 2698 4231 surdi
2758 4176 3013 4245 audiunt,
3063 4178 3202 4229 muti
3244 4172 3541 4244 loquuntur

1943 4273 2159 4337 (Matth.
2186 4274 2302 4339 x1).

2012 4368 2097 4419 De
2145 4362 2469 4419 abstinentia
2508 4377 2635 4417 vero
2676 4361 2819 4417 illius
2864 4361 2996 4431 quid
3048 4360 3265 4416 dicam?
3331 4360 3539 4417 Omnes

1942 4457 2054 4514 fere
2081 4458 2235 4514 cibos
2271 4456 2463 4513 habuit
2500 4465 2769 4528 tanquam
2798 4470 3014 4521 exosos,
3066 4454 3229 4509 etiam
3258 4452 3535 4508 delicatis-

225 4520 521 4610 commisit
556 4569 651 4624 per
676 4569 902 4609 omnem
931 4552 1399 4623 Longobardiam,
1447 4552 1538 4607 ubi
1568 4520 1832 4609 Catholici
1864 4520 1915 4581 Β
1945 4553 2115 4608 simos
2154 4570 2168 4607 :
2195 4567 2318 4623 quae
2360 4520 2632 4623 praedicta.
2662 4550 2837 4621 ipsius
2866 4549 2922 4602 in
2971 4546 3187 4602 Christo
3241 4546 3346 4601 ﬁlia
3395 4561 3540 4617 saepe

223 4665 347 4704 non
384 4648 725 4702 haberentur
780 4646 1041 4718 episcopi,
1094 4646 1187 4717 qui
1232 4653 1363 4699 tunc
1401 4645 1833 4713 inveniebantur,

226 4751 385 4798 certe
415 4741 705 4796 rarissimi.

304 4839 663 4893 Concurrunt
688 4835 872 4904 itaque
904 4833 971 4889 ad
1001 4833 1182 4902 ipsum
1212 4831 1281 4886 ab
1309 4830 1567 4886 omnibus
1593 4829 1836 4901 partibus

224 4927 648 5000 Longobardize
667 4935 939 4999 quotquot
962 4928 1142 4981 zelum
1163 4925 1364 4980 habent
1382 4923 1507 4979 ﬁdei
1530 4923 1831 4979 catholicae.

227 5024 317 5078 lbi
373 5020 810 5077 benedictionem
840 5018 1142 5090 Catholici,
1182 5018 1583 5073 absolutionem
1613 5033 1832 5072 excom-

226 5115 535 5180 municati,
569 5113 667 5169 sed
697 5113 980 5180 conversi,
1030 5111 1337 5183 accipiunt:
1366 5111 1438 5166 ibi
1476 5110 1736 5177 chrisma,
1762 5110 1832 5165 ibi

224 5224 427 5265 sacros
478 5208 699 5265 ordines
748 5206 1070 5279 exquirunt;
1120 5206 1229 5261 illic
1271 5205 1500 5261 desolati
1547 5204 1831 5270 solatium,

225 5303 536 5358 inconsulti
572 5302 884 5368 consilium,
930 5299 1168 5355 consulti
1219 5297 1482 5370 gaudium
1526 5297 1830 5352 inveniunt.

231 5395 410 5469 Apud
454 5396 638 5467 ipsum
672 5394 943 5467 quidquid
972 5408 1201 5464 usquam
1233 5391 1380 5447 dubii
1421 5400 1523 5459 est,
1558 5392 1835 5462 sapienter

223 5489 535 5547 difﬁnitur.
560 5489 820 5562 Ejusdem
863 5502 1081 5560 semper
1119 5487 1398 5558 gravitatis
1426 5492 1480 5540 et
1518 5484 1835 5540 reverentiae

226 5583 538 5655 reperitur,
595 5598 696 5637 nec
751 5582 925 5655 pretio
982 5589 1078 5637 aut
1133 5580 1379 5651 precibus
1443 5578 1831 5649 corrumpitur.

226 5675 414 5732 Multi
442 5689 584 5747 sepe
606 5675 678 5732 ad
705 5675 861 5731 illum
890 5674 1057 5731 modo
1086 5673 1325 5739 nobiles,
1354 5672 1521 5728 modo
1549 5671 1832 5742 ignobiles,

1942 4648 2043 4703 sibi
2079 4646 2401 4719 exquisivit,
2430 4662 2543 4700 non
2578 4644 2735 4711 dico,
2767 4659 2881 4697 non
2911 4642 3292 4710 manducavit,
3323 4640 3419 4696 sed
3442 4641 3533 4696 vix

1942 4742 2199 4812 gustavit.
2229 4742 2438 4797 Cuncta
2462 4739 2647 4795 saeculi
2676 4736 3053 4793 blandimenta
3085 4744 3139 4790 et
3162 4735 3409 4807 corporis
3444 4736 3533 4791 de-

1942 4834 2118 4899 licias,
2149 4833 2350 4904 quibus
2394 4832 2629 4903 gaudent
2660 4831 2932 4897 homines,
2964 4830 3083 4901 ipse
3121 4829 3222 4885 sibi
3270 4829 3543 4884 convertit

1942 4928 2000 4981 in
2024 4936 2385 4995 tormentum,
2418 4927 2791 4983 abominando
2821 4926 3058 4997 singula,
3096 4918 3363 4996 tanquam
3395 4939 3542 4994 quaa-

1943 5020 2079 5075 libet
2108 5036 2332 5076 venena.
2374 5020 2537 5076 Cibos
2581 5036 2798 5092 quoque
2844 5020 3142 5092 appositos,
3195 5018 3332 5074 dum
3372 5033 3403 5071 a
3436 5017 3539 5072 cir-

1942 5113 2385 5169 cumsedentibus
2412 5114 2688 5169 interdum
2720 5129 2940 5169 sumere
2962 5120 3268 5186 cogeretur,
3316 5109 3522 5164 inﬁrmi

1942 5214 2132 5272 tatem,
2160 5215 2255 5262 aut
2291 5216 2504 5274 votum,
2536 5207 2615 5261 vel
2646 5207 2944 5278 quamlibet
2970 5207 3285 5262 ocasionem
3310 5203 3538 5258 honeste

1942 5297 2129 5366 ﬁnxit;
2176 5308 2257 5367 ut,
2288 5308 2342 5354 et
2363 5300 2728 5355 desideratam
2776 5300 3089 5355 observaret
3130 5297 3534 5363 castimoniam,

1943 5400 1997 5447 et
2015 5393 2431 5450 convivantibus
2458 5411 2571 5450 non
2609 5394 2839 5451 inferret
2862 5393 3163 5449 tristitiam.
3186 5391 3419 5457 Vinum,
3439 5390 3540 5445 sic-

1945 5495 2007 5541 ut
2036 5486 2228 5541 beatus
2279 5487 2357 5541 ait
2384 5487 2779 5559 Hieronymus,
2809 5486 2924 5543 fere
2959 5494 3021 5542 ut
3061 5498 3333 5540 venenum
3380 5481 3533 5553 fugit.

1942 5579 2088 5648 Vidi,
2119 5580 2365 5650 inquam,
2408 5581 2556 5652 quod
2596 5590 2651 5636 et
2696 5582 2894 5636 tacitus
2945 5578 3159 5645 notavi,
3209 5585 3272 5632 ut
3319 5577 3377 5631 in
3438 5589 3531 5627 ore

1942 5679 2219 5742 sumptam
2248 5671 2568 5741 buccellam,
2603 5674 2771 5729 nollet
2787 5672 3063 5739 dentibus,
3095 5671 3239 5727 sicut
3265 5677 3350 5724 est
3375 5679 3532 5721 com-

312 5862 466 5932 (482)
497 5860 677 5919 Edidit
698 5861 846 5918 hunc
873 5861 1076 5919 librum
1106 5860 1510 5931 apologeticum
1540 5861 1611 5914 D.
1644 5856 1921 5914 Henricus
1943 5857 2185 5914 Canisius
2212 5866 2351 5916 tom.
2382 5860 2457 5913 VI
2492 5857 2677 5926 Antiq.
2708 5859 2865 5913 Lecta
