4048 6174
521 288 623 364 919
824 338 825 351 ι
1519 305 1610 358 AD
1650 302 1875 357 orem
1913 301 1968 356 s.
2011 299 2329 354 GREGORII
2370 296 2803 353 APPENDICES.
3394 376 3395 379 γ
3708 298 3802 350 920

519 435 706 490 munis
732 433 1013 488 hominum
1042 428 1403 491 consuetudo,
1433 428 1746 494 masticare,
1771 442 1839 481 ne
1870 426 2109 497 aliquam
2138 430 2190 492 Α
2219 432 2273 479 et
2310 423 2364 478 in
2406 422 2662 489 cameris,
2708 421 2852 476 inter
2891 434 3119 491 quaque
3148 418 3418 491 colloquia
3443 417 3526 474 vel
3552 418 3801 481 consilia,

520 527 868 585 dulcedinem
897 530 1133 594 caperet,
1160 521 1255 577 sed
1286 520 1518 576 molliter
1548 529 1757 576 tactam
1785 529 1839 575 et
1870 519 2110 574 breviter

519 620 815 675 involutam
844 616 1205 687 consumpsit.

588 714 690 767 Per
716 720 893 767 totam
920 725 1065 782 saepe
1097 724 1346 765 mensam
1374 723 1488 762 non
1524 707 1688 772 bibit;
1714 722 1920 772 verum,
1952 706 1997 761 si
2020 721 2110 760 ar-

521 804 737 861 dentius
786 804 1113 876 quandoque
1172 802 1290 857 sitis
1334 801 1611 867 incubuit,
1657 800 1797 855 circa
1862 815 2111 871 vesperas

520 897 750 955 fortasse
804 896 1092 953 modicum
1156 911 1343 968 aqua,
1390 894 1648 966 privatim
1702 892 1902 948 hausit.
1966 896 2110 949 Nam

517 999 574 1046 et
614 992 672 1047 in
714 991 829 1063 ipsa
875 1006 1035 1062 aqua,
1084 997 1248 1062 prout
1294 1003 1513 1043 mecum
1553 1002 1696 1058 saepe
1746 988 1963 1041 locutus
2004 994 2105 1052 est,

514 1085 657 1156 gula
720 1084 1157 1157 gastrimargiam
1196 1081 1519 1149 astimavit,
1566 1082 1824 1152 laqueum
1888 1080 2107 1149 timuit,

515 1179 744 1250 ideoque
765 1178 979 1248 parcius
1000 1175 1279 1232 delibavit.
1311 1174 1471 1245 Quod
1503 1174 1545 1230 si
1576 1183 1789 1229 natura
1815 1173 2108 1229 necessitas

515 1287 633 1327 non
675 1280 924 1342 cogeret,
951 1270 1254 1337 insomnis,
1300 1277 1360 1324 ut
1406 1269 1619 1339 Opinor,
1670 1267 1821 1323 omni
1863 1276 2108 1338 tempore

516 1372 883 1436 permaneret.
928 1366 1102 1419 Nocte
1131 1371 1244 1418 tota
1286 1370 1382 1417 aut
1409 1362 1568 1433 legit,
1596 1370 1692 1417 aut
1716 1360 1961 1432 scripsit,
2015 1367 2109 1415 aut

517 1459 718 1525 oravit;
763 1466 852 1525 et,
892 1458 937 1514 si
971 1456 1170 1512 fortius
1212 1457 1483 1511 insisteret
1510 1470 1765 1522 somnus,
1810 1462 1961 1509 stans
2010 1453 2107 1508 do-

516 1551 755 1616 mitavit;
784 1550 929 1622 quod
948 1551 991 1605 si
1012 1549 1296 1605 delicatius
1317 1549 1627 1617 interdum,
1659 1549 1715 1603 in
1737 1563 1914 1620 genua
1937 1562 2108 1618 usque

516 1644 830 1717 provolutus
874 1643 1155 1700 dormivit.
1192 1646 1256 1699 In
1317 1644 1456 1698 lecto
1523 1641 1744 1713 quidem
1800 1641 2102 1709 rarissime,

512 1738 611 1794 nisi
641 1753 853 1793 summa
882 1745 1107 1809 cogente
1137 1735 1457 1792 verecundia
1500 1736 1580 1790 vel
1621 1736 1971 1802 necessitate;
2009 1750 2109 1790 nec

514 1830 658 1886 idem
696 1829 848 1886 horis
886 1807 1187 1902 productis,
1219 1829 1317 1885 sed
1360 1830 1513 1900 quasi
1554 1828 1869 1884 momentis.
1910 1828 2107 1883 Paulo-
2144 1807 2191 1868 Β

514 1925 696 1980 minus
719 1924 841 1996 jam
871 1924 1047 1995 ipsam
1078 1922 1356 1978 devicerat
1392 1932 1643 1977 naturam
1674 1932 1734 1977 ut
1761 1938 1870 1977 non
1896 1921 2013 1993 jam
2034 1922 2107 1975 vi-

513 2018 731 2074 deretur
775 2033 1005 2088 corpus,
1042 2016 1140 2072 sed
1170 2017 1322 2088 quasi
1375 2017 1601 2087 spiritus
1632 2024 1800 2071 totus.
1838 2018 1978 2070 Vere
2007 2031 2105 2086 po-

513 2111 721 2165 tuimus
765 2110 823 2164 in
850 2109 942 2164 illo
983 2109 1337 2180 Evangelium
1388 2108 1523 2176 hoc,
1579 2125 1641 2163 ac
1667 2112 1789 2179 [pro
1845 2108 2010 2176 velut]
2058 2109 2104 2163 si

516 2202 875 2273 corporaliter
926 2217 1241 2273 agnoscere,
1271 2201 1396 2272 quia
1428 2218 1535 2256 non
1564 2205 1622 2255 in
1657 2204 1765 2256 solo
1802 2218 1945 2271 pane
1971 2204 2109 2255 vivit

517 2297 687 2357 homo,
705 2295 797 2350 sed
813 2298 875 2350 in
899 2298 1047 2348 omni
1072 2295 1228 2348 verbo
1246 2298 1342 2350 Dei
1369 2297 1580 2361 (Matth.
1620 2294 1721 2364 1v).
1753 2297 1927 2362 Nam,
1972 2294 2107 2350 dum

515 2398 742 2443 omnem
778 2388 881 2442 sibi
924 2386 1038 2442 fere
1088 2387 1295 2442 victum
1340 2386 1714 2453 subtraheret,
1768 2388 1886 2458 plus
1922 2395 2108 2442 tamen

514 2462 774 2537 omnibus
802 2480 1086 2536 laboravit.
1117 2480 1317 2535 Venias
1347 2480 1413 2535 de
1440 2489 1623 2549 nocte,
1655 2488 1749 2535 aut
1778 2482 1821 2535 si
1854 2480 2106 2552 privatim

516 2575 718 2646 posuit,
743 2576 798 2629 in
817 2573 905 2629 die
929 2574 1056 2629 fecit
1083 2575 1402 2645 permultas.
1437 2574 1523 2639 Ad
1547 2575 1967 2645 tertiamusque
1990 2583 2103 2629 sta-

514 2667 607 2723 bat
646 2668 1103 2738 frequentissime.
1157 2669 1217 2722 In
1267 2666 1656 2723 consecrandis
1707 2683 1833 2723 vero
1875 2668 2109 2723 ecclesiis

512 2762 596 2817 vel
647 2762 877 2830 altariis,
913 2761 1068 2832 quasi
1114 2761 1306 2831 plenus
1329 2760 1540 2832 spiritu,
1592 2760 1879 2840 infremuit
1916 2769 2102 2816 totus:

512 2854 639 2926 quia
683 2853 911 2909 ferventi
970 2869 1187 2923 semper
1240 2854 1545 2909 devotionis
1587 2869 1795 2920 amore,
1838 2853 2107 2926 quidquid

512 2955 627 3003 erat
657 2947 1089 3003 ecclesiasticum
1130 2948 1359 3017 peregit.
1395 2947 1738 3003 Mirabamur
1761 2963 1951 3003 omnes
1975 2948 2103 3003 sub-

510 3040 721 3095 tilitatis
740 3041 856 3112 ejus
876 3040 1339 3111 inexsuperabiles
1366 3042 1526 3107 vires,
1550 3041 1674 3111 quia
1704 3040 1861 3095 nobis
1887 3041 2103 3111 penitus

510 3134 832 3205 penitusque
872 3134 1045 3199 lassis,
1094 3133 1248 3188 solus
1288 3134 1590 3189 laborabat.

580 3229 661 3283 Ut
687 3236 873 3283 autem
897 3226 1186 3282 missarum
1209 3226 1275 3281 ad
1306 3227 1570 3282 solemnia
1602 3235 1822 3282 ventum
1853 3234 1954 3295 est,
1977 3242 2103 3282 con-

512 3318 697 3375 festim
738 3329 888 3376 totus
914 3318 1165 3392 lacrymis
1197 3320 1471 3375 manabat.
1512 3320 1739 3375 Librum
1766 3320 1938 3375 ubivis
1960 3320 2102 3393 [ubi-

510 3416 740 3485 cunque]
790 3413 1021 3485 reperit,
1075 3413 1258 3468 statim
1304 3413 1627 3485 perscrutari
1692 3413 2105 3485 diligentissime

510 3506 750 3574 studuit;
786 3516 845 3562 ut
899 3507 1162 3578 quidquid
1203 3507 1395 3563 diebus
1427 3516 1701 3580 tanquam
1737 3508 2105 3578 percurrendo

510 3608 775 3670 carperet,
808 3600 864 3655 id
884 3600 1138 3655 noctibus
1166 3600 1394 3671 pleniter
1432 3603 1755 3656 ruminaret.
1798 3603 1853 3657 Si
1883 3602 2102 3673 quando

509 3693 567 3746 in
594 3692 960 3761 expeditione,
984 3693 1129 3747 sicut
1161 3693 1379 3763 sapius,
1413 3702 1508 3748 aut
1533 3694 1589 3748 in
1619 3695 1812 3749 itinere
1836 3694 1957 3761 fuit,
1981 3696 2106 3750 licet

510 3784 747 3838 multum
796 3782 1076 3855 fatigatus,
1124 3800 1238 3840 non
1286 3793 1470 3840 tamen
1532 3796 1625 3841 aut
1662 3787 1844 3842 cibum
1900 3788 2103 3843 idcirco

508 3876 710 3931 lautius
734 3877 996 3946 sumpsit,
1029 3877 1208 3931 autin
1253 3878 1392 3932 lecto
1432 3878 1656 3947 quievit.
1705 3882 1951 3935 Summa
1990 3881 2106 3952 ejus

510 3968 741 4036 delicia,
779 3977 874 4022 aut
904 3967 1111 4023 fructus
1140 3966 1361 4023 fuerunt
1400 3980 1493 4025 aut
1529 3970 1731 4027 herba.
1756 3975 1998 4027 Omnem
2026 3974 2105 4027 vi-

507 4070 622 4117 tam
647 4071 701 4117 et
722 4062 1190 4117 conversationem
1220 4078 1378 4118 suam
1402 4103 1417 4127 ,
1454 4071 1719 4135 quantum
1750 4065 1955 4136 potuit,
1982 4065 2102 4121 abs-

510 4155 726 4222 condit;
757 4155 865 4209 sive
894 4154 998 4209 fuit
1044 4170 1173 4210 cum
1207 4155 1360 4210 hoste
1407 4157 1461 4211 in
1507 4174 1721 4229 campo,
1757 4158 1873 4213 sive
1923 4160 2100 4231 priva-

509 4248 610 4303 tim
649 4248 703 4301 in
750 4248 949 4313 domo,
1004 4247 1207 4304 lectum
1262 4242 1426 4304 suum
1472 4249 1689 4306 modica
1733 4252 2106 4309 circumdabat

509 4341 743 4407 cortina,
772 4341 953 4413 ibique
984 4345 1065 4409 [ut
1092 4341 1185 4410 ibi]
1216 4343 1363 4398 solus
1388 4344 1469 4399 vel
1507 4344 1736 4416 legeret,
1784 4346 1866 4401 vel
1907 4347 2106 4402 scribe-

509 4444 613 4489 ret.
665 4438 715 4489 A
752 4435 929 4491 media
987 4451 1204 4507 semper
1254 4446 1447 4504 nocte,
1496 4438 1638 4493 sicut
1686 4439 1766 4493 ait
1830 4440 2103 4510 Propheta

510 4531 673 4595 (Psal.
710 4532 946 4598 cxvm),
973 4528 1043 4585 ad
1072 4528 1325 4585 ofﬁcium
1350 4530 1604 4602 surgebat
1635 4532 1968 4599 matutinale,
1997 4534 2101 4588 nisi
2130 4540 2180 4601 1)

508 4636 632 4675 raro
660 4631 903 4691 parceret
944 4621 1211 4677 debilitati
1243 4623 1368 4678 ﬁlia
1392 4623 1492 4678 sibi
1523 4625 1863 4693 commissa,
1901 4626 2107 4681 scilicet

510 4713 762 4785 gloriosa
781 4712 1018 4769 domina
1046 4713 1358 4783 Matbilda;
1381 4732 1508 4771 nam
1530 4726 1704 4772 mater
1727 4719 1979 4773 omnium
2001 4721 2105 4774 vir-

510 4814 692 4861 tutum
721 4804 971 4861 discretio
1000 4808 1263 4877 rcgnabat
1301 4808 1355 4863 in
1390 4808 1530 4880 ipso.
1575 4813 1621 4866 Ο
1666 4810 1881 4868 felicem
1925 4812 2101 4878 illam,

518 4898 603 4953 cui
622 4897 747 4952 talis
762 4938 776 4964 ,
800 4905 919 4953 tam
943 4899 1196 4968 providus
1220 4914 1436 4972 semper
1454 4902 1726 4958 assidebat
1747 4905 2073 4977 padagogus
2088 4948 2102 4973 ,

512 5006 628 5046 non
655 4999 916 5062 tanquam
944 4990 1112 5047 homo
1139 4992 1417 5063 providus,
1449 4994 1548 5049 sed
1578 5004 1639 5050 ut
1671 4998 1876 5066 providi
1917 4999 2102 5053 consi-

512 5082 567 5137 lii
598 5083 850 5153 angelus!
882 5085 1205 5152 Nunquam,
1238 5093 1298 5139 ut
1321 5084 1579 5153 arbitror,
1609 5096 1818 5144 astante
1846 5090 1967 5157 illo,
1997 5094 2105 5159 ;aut

515 5174 833 5231 defraudata
878 5182 960 5231 est
1001 5183 1095 5230 aut
1122 5177 1363 5248 decepta.

583 5268 720 5324 Mire
777 5268 1112 5337 mirandum,
1166 5270 1298 5325 dum
1339 5278 1511 5326 totam
1560 5272 1885 5346 quandoque
1934 5283 2105 5331 staret

511 5360 654 5417 diem
680 5378 807 5417 cum
842 5362 1191 5418 sacularibus
1216 5363 1270 5417 in
1298 5364 1535 5420 consiliis
1561 5366 1811 5437 plurimis
1842 5377 1896 5429 et
1923 5368 2097 5426 diver-

511 5455 609 5523 sis,
638 5472 750 5510 non
779 5463 861 5509 est
891 5464 1078 5511 mente
1109 5455 1462 5525 abalienatus,
1494 5460 1587 5515 sed
1618 5459 1859 5517 divinum
1887 5478 2103 5533 semper

510 5547 717 5618 aliquid
747 5548 897 5602 intus
949 5549 1186 5621 agitabat
1221 5558 1278 5604 et
1324 5553 1797 5623 contemplabatur
1839 5557 2098 5612 calestia.

513 5641 710 5696 Milites
753 5640 955 5696 domus
983 5642 1144 5708 illius,
1171 5645 1385 5700 tametsi
1411 5645 1640 5701 nimium
1690 5649 2012 5717 saculares’,
2045 5650 2102 5703 in

512 5734 667 5789 illum
706 5741 891 5789 tamen
917 5745 1270 5806 respexerunt
1299 5753 1519 5807 omnes;
1566 5740 1685 5810 plus
1726 5741 1904 5811 ipsum
1934 5758 2101 5813 quam

512 5827 814 5883 naturalem
856 5826 1143 5885 dominam
1185 5835 1507 5889 metuentes.
1562 5834 1625 5886 In
1667 5832 2099 5903 expeditionibus

2219 525 2317 573 aut
2370 515 2690 588 pradicavit
2735 522 2827 570 aut
2869 513 3123 585 qualibet
3170 514 3311 568 bona
3360 513 3797 584 verba'protulit.

2220 610 2380 681 Quod
2426 625 2587 664 suum
2616 608 2848 665 ﬁdeliter
2876 608 3049 664 secuti
3075 614 3203 662 sunt
3225 606 3535 671 consilium,
3566 606 3711 661 sicut
3737 606 3807 663 eis

2222 703 2499 775 pradixit,
2561 703 2637 758 sic
2675 710 2729 756 et
2756 701 2956 773 sapius
2984 700 3089 756 illis
3122 700 3322 756 evenit.
3374 700 3428 756 Si
3458 715 3572 754 non
3624 715 3810 755 omnes

2222 813 2449 870 prorsus
2473 796 2767 864 convertit,
2814 795 3088 852 ﬁdeliores
3116 803 3306 850 tamen
3352 795 3534 865 plures
3586 796 3711 849 Deo
3754 811 3811 849 ac

2220 892 2463 948 domina
2511 892 2761 962 ipsorum
2812 890 3127 945 reservavit.
3159 890 3366 944 Omnes
3411 902 3539 943 vero
3564 904 3597 943 a
3626 888 3811 943 multis

2218 1001 2363 1056 sape
2407 984 2702 1041 sceleribus
2750 983 3025 1050 coercuit,
3081 990 3274 1038 contra
3336 981 3622 1038 hareticos
3672 991 3815 1038 stare

2221 1078 2368 1147 fecit,
2390 1085 2589 1150 prater
2620 1076 2763 1133 ﬁlios
2781 1076 3139 1132 tenebrarum
3170 1090 3486 1147 perpaucos.

2286 1194 2597 1265 Religiosos
2625 1209 2819 1250 omnes
2856 1192 3216 1248 venerabatur
3235 1200 3298 1246 ut
3323 1194 3534 1259 Patres,
3562 1191 3813 1263 increpa-

2217 1288 2290 1342 vit
2317 1287 2723 1359 delinquentes;
2769 1294 2825 1341 et
2852 1285 3170 1342 hareticum
3225 1284 3507 1339 hominem
3564 1283 3813 1339 secundo

2218 1389 2311 1436 aut
2337 1380 2498 1435 tertio
2528 1388 2864 1451 correptum,
2897 1378 2991 1434 sed
3027 1395 3139 1432 non
3165 1385 3497 1445 correctum,
3520 1376 3811 1433 devitavit.

2219 1479 2317 1530 Per
2344 1474 2583 1546 singulas
2622 1473 2894 1529 Ecclesias
2928 1472 2983 1527 in
3014 1472 3167 1527 omni
3196 1487 3360 1543 supra
3407 1471 3569 1527 dicta
3614 1471 3815 1543 sapius

2172 1600 2175 1601 ν
2217 1568 2456 1624 domina
2505 1576 2649 1623 terra
2678 1566 2983 1638 regularem
3015 1566 3335 1623 clericorum
3386 1565 3471 1621 vel
3504 1565 3813 1620 monacho-

2217 1678 2341 1717 rum
2372 1660 2683 1732 composuit
2714 1660 2914 1729 vitam;
2945 1660 3037 1731 qui
3066 1667 3121 1714 et
3150 1658 3311 1714 malle
3340 1675 3397 1714 se
3445 1659 3723 1730 inquitut
3763 1659 3815 1713 in

2218 1755 2464 1809 Ecclesia
2524 1754 2707 1809 nullus
2754 1761 2898 1809 esset
2939 1752 3020 1808 vel
3065 1752 3300 1808 clericus
3352 1752 3433 1807 vel
3477 1751 3814 1815 monachus,

2220 1864 2385 1920 quam
2432 1847 2748 1919 irregularis
2768 1890 2781 1914 ,
2812 1855 2874 1902 ut
2907 1846 2980 1901 ita
3029 1846 3227 1913 dicam,
3259 1854 3313 1902 et
3344 1845 3704 1917 irreligiosus.
3744 1849 3808 1901 In

2216 1941 2407 1997 divinis
2436 1940 2703 2013 siquidem
2750 1939 2941 1996 ofﬁciis
2970 1955 3080 2011 quo
3127 1937 3326 1994 affectu
3376 1954 3552 2010 quave
3598 1940 3811 1994 contri-

2216 2035 2360 2089 tione
2397 2033 2584 2103 fuerit,
2615 2050 2726 2089 non
2753 2032 2966 2089 sufﬁcio
2995 2032 3266 2104 deponere
3298 2032 3630 2104 [exponere].
3680 2059 3696 2067 -

2288 2147 2429 2203 Nihil
2459 2147 2514 2201 in
2556 2147 2781 2202 ecclesia
2818 2147 2995 2219 legere
3046 2145 3317 2216 permisit,
3371 2154 3567 2215 prater
3612 2146 3811 2201 ortho-

2216 2240 2481 2296 doxorum
2526 2244 2750 2296 Patrum
2780 2240 3098 2311 scripturas,
3143 2240 3282 2294 sicut
3328 2247 3511 2294 sancta
3561 2240 3811 2310 pracipit

2218 2333 2531 2389 auctoritas.
2582 2332 2847 2389 Ordinem
2876 2341 2931 2388 et
2966 2332 3341 2399 concordiam,
3391 2340 3506 2387 tam
3556 2333 3615 2387 in
3645 2341 3811 2387 cantu

2217 2444 2381 2499 quam
2428 2428 2485 2482 in
2527 2426 2868 2489 lectionibus,
2900 2434 3063 2496 prout
3106 2427 3277 2481 sancti
3325 2429 3511 2481 Patres
3543 2434 3805 2490 statuere.

2217 2529 2444 2576 conatus
2468 2529 2549 2575 est
2578 2521 2886 2575 observare.
2933 2519 3259 2591 Apocrypha
3284 2520 3467 2574 omnia
3499 2519 3642 2574 sicut
3686 2520 3808 2573 bea-

2216 2613 2456 2669 tissimus
2486 2629 2621 2685 papa
2654 2615 2766 2668 Leo
2808 2613 3111 2680 constituit,
3146 2613 3201 2667 in
3230 2613 3488 2668 Ecclesia
3518 2628 3625 2667 non
3652 2628 3812 2667 rece-

2218 2706 2291 2776 pit
2313 2706 2529 2775 ofﬁcio;
2558 2723 2657 2777 pro
2682 2706 2914 2762 lectione
2943 2715 3128 2762 tamen
3158 2706 3406 2777 privatim
3428 2707 3483 2761 in
3512 2722 3706 2761 mensa
3727 2707 3811 2761 vel

2215 2800 2500 2856 collatione
2529 2816 2639 2856 non
2670 2801 2878 2871 respuit
2923 2800 3169 2856 omnino.

2286 2912 2531 2967 Psalmos
2573 2912 2797 2983 quidem
2823 2919 2886 2966 ut
2914 2918 3069 2967 caute
3098 2927 3159 2965 ac
3206 2909 3509 2965 meditatim
3557 2918 3808 2965 cantare-

2210 3021 2337 3060 mus
2394 3005 2681 3077 pracepit,
2745 3005 2987 3075 alioquin
3042 3020 3231 3076 aspere
3283 3004 3600 3074 increpavit.
3651 3004 3812 3059 Novit

2210 3102 2358 3153 Deus
2377 3099 2641 3169 quoniam
2681 3098 2901 3153 videbar
2926 3098 3182 3153 mihimet
3221 3097 3509 3169 aliquando
3540 3106 3809 3169 tanquam

2136 3179 2180 3243 C
2213 3191 2403 3263 plenus
2432 3192 2624 3262 spiritu
2666 3206 2727 3245 ex
2762 3191 2929 3262 ipsius
2969 3199 3213 3262 aspectu,
3244 3199 3317 3259 et,
3349 3192 3505 3263 quasi
3532 3191 3644 3246 mei
3672 3191 3814 3245 obli-

2212 3293 2321 3354 tus,
2372 3284 2655 3339 videbatur
2697 3284 2783 3339 ille
2817 3284 2949 3339 mihi
2980 3285 3127 3340 velut
3159 3285 3397 3357 angelus.
3428 3286 3575 3339 Inter
3624 3284 3808 3339 divina

2214 3379 2475 3450 mysteria
2515 3394 2802 3450 nunquam
2838 3379 2921 3433 vel
2957 3394 3085 3434 raro
3112 3379 3357 3434 sedebat.
3386 3379 3689 3433 Missarum
3716 3394 3808 3432 so-

2220 3473 2419 3527 lemnia
2463 3488 2777 3544 nunquam,
2833 3480 2997 3543 prout
3043 3473 3312 3543 percipere
3362 3472 3672 3542 potuimus,
3699 3473 3812 3527 sine

2216 3564 2470 3636 lacrymis
2497 3564 2745 3634 explevit.
2776 3566 2919 3619 Ante
2944 3564 3129 3619 omnia
3159 3580 3286 3619 vero
3319 3563 3373 3619 id
3402 3563 3567 3619 studii
3592 3580 3811 3636 semper

2214 3655 2403 3712 habuit
2449 3666 2715 3728 quatenus
2767 3658 3007 3728 primum
3052 3657 3370 3729 magistrum
3400 3673 3564 3712 suum
3616 3674 3811 3730 papam

2214 3750 2535 3821 Gregorium
2565 3749 2868 3805 imitaretur
2912 3750 2966 3804 in
2995 3751 3275 3817 omnibus,
3334 3750 3470 3805 adeo
3500 3760 3561 3805 ut
3595 3752 3809 3807 discre-

2214 3858 2342 3913 pare
2369 3842 2559 3897 abillo
2611 3858 2835 3911 prorsus
2872 3843 3043 3899 nollet
3089 3844 3251 3899 etiam
3304 3844 3361 3899 in
3402 3844 3609 3915 aliquo.
3662 3845 3810 3900 Illius

2212 3951 2425 4006 semper
2455 3935 2660 3991 meritis
2690 3936 2939 3991 attribuit
2969 3936 3227 4008 quidquid
3254 3937 3307 3991 in
3329 3938 3443 4009 ipso
3465 3936 3588 3993 fuit.

2285 4050 2436 4102 Dum
2457 4047 2621 4102 vitam
2639 4048 3023 4103 rememoravit
3036 4049 3395 4104 monasticam
3411 4058 3465 4104 et
3482 4050 3803 4116 solitariam,

2212 4158 2382 4212 quam
2429 4157 2486 4197 se
2535 4142 2729 4196 crebro
2782 4141 3001 4197 deflevit
3068 4141 3344 4209 amisisse,
3392 4142 3693 4197 consolatus
3748 4143 3805 4195 in

2213 4234 2407 4290 eodem
2441 4235 2698 4304 magistro
2729 4243 2809 4289 est
2838 4235 2963 4306 quia
3008 4235 3268 4290 obediens
3296 4236 3398 4291 sibi
3435 4250 3600 4307 usque
3630 4234 3701 4289 ad
3751 4236 3805 4290 id

2216 4326 2386 4382 factus
2421 4336 2521 4382 est.
2557 4328 2651 4381 Ille
2698 4326 2821 4382 fons
2854 4336 2995 4392 erat;
3029 4328 3117 4383 hic
3159 4329 3314 4398 quasi
3355 4330 3507 4384 rivus
3537 4328 3716 4384 bonus
3740 4330 3811 4383 ab

2212 4420 2303 4473 illo
2332 4419 2553 4487 ﬂuebat,
2602 4428 2655 4474 et
2703 4418 2916 4476 aridam
2946 4420 3222 4493 irrigabat.
3270 4422 3365 4476 Ille
3407 4430 3588 4493 caput,
3628 4430 3811 4477 totum

2212 4528 2409 4582 corpus
2455 4511 2818 4584 gubernabat;
2881 4514 3012 4579 iste,
3075 4515 3227 4585 quasi
3272 4530 3469 4570 manus
3520 4515 3809 4583 15tudiosa,

2216 4604 2366 4676 quod
2390 4605 2701 4676 injunctum
2750 4614 2858 4672 est,
2890 4608 3201 4679 peragebat.
3238 4607 3334 4662 Ille
3371 4608 3511 4663 sicut
3554 4609 3637 4663 sol
3685 4610 3810 4664 illu-

2217 4698 2436 4753 minavit
2506 4700 2725 4768 omnia;
2778 4700 2881 4755 iste
2944 4700 3087 4754 velut
3170 4699 3429 4771 splendor
3510 4701 3814 4757 declaravit

2215 4791 2445 4861 singula.
2523 4792 2619 4847 Ille
2678 4793 2920 4848 moriens
2978 4795 3194 4848 mitram
3237 4794 3428 4866 capitis
3487 4795 3573 4849 sui
3626 4803 3813 4851 trans-

2213 4885 2365 4939 misit
2387 4885 2475 4940 isti
2505 4894 2766 4957 tauquam
2809 4894 3135 4956 potestatem
3173 4902 3327 4941 suam
3380 4888 3585 4959 ligandi
3606 4897 3664 4944 et
3706 4889 3819 4945 sol-

2214 4977 2393 5046 vendi,
2425 4978 2521 5035 sed
2549 4987 2602 5035 et
2631 4979 2912 5046 miracula,
2942 4979 3129 5047 credo,
3162 4978 3410 5037 faciendi.

2286 5093 2426 5144 Nam
2456 5105 2566 5144 non
2593 5089 2768 5145 multo
2789 5098 2931 5160 post,
2954 5091 3411 5161 cognoscentibus
3434 5090 3601 5147 nobis
3633 5094 3820 5148 omni-

2214 5181 2343 5249 bus,
2376 5198 2471 5253 per
2495 5181 2664 5252 ipsius
2689 5182 2979 5238 consilium
3002 5192 3059 5239 et
3078 5183 3243 5240 ﬁdem
3267 5200 3528 5256 magnam
3550 5186 3821 5256 praclara

2212 5274 2467 5345 quadam
2506 5274 2633 5330 fecit
2666 5279 2814 5332 Deus
2842 5292 2938 5347 per
2968 5277 3219 5332 eamdem
3256 5278 3481 5333 mitram
3511 5279 3817 5335 mirabilia.

2214 5372 2364 5425 Inter
2392 5370 2495 5424 alia
2526 5370 2672 5425 enim
2711 5371 3192 5430 reverendissimus
3219 5371 3479 5428 dominus
3522 5373 3788 5429 Ubaldus
3807 5418 3822 5439 ,

2212 5466 2541 5518 Mantuanus
2570 5462 2775 5518 scilicet
2805 5466 3108 5536 episcopus,
3146 5464 3335 5520 multis
3354 5464 3475 5536 jam
3509 5466 3675 5520 annis
3698 5483 3824 5539 gra-

2212 5556 2433 5613 vissime
2457 5554 2812 5625 spleneticus,
2835 5565 2953 5613 toto
2982 5574 3211 5629 corpore
3241 5559 3550 5625 ulceratus,
3583 5575 3823 5630 praser-

2209 5649 2307 5704 tim
2358 5650 2415 5704 in
2472 5648 2754 5718 cruribus,
2813 5650 2893 5705 sic
2937 5659 2998 5705 ut
3045 5653 3131 5706 vix
3200 5652 3619 5723 quomodolibet
3670 5662 3824 5708 stare

2210 5750 2412 5813 posset,
2442 5743 2527 5797 vix
2556 5744 2721 5798 etiam
2743 5743 2923 5814 jacere
2953 5744 3035 5799 vel
3078 5743 3284 5815 sedere,
3320 5746 3415 5816 qui
3452 5752 3507 5801 et
3550 5746 3728 5799 multa
3762 5746 3823 5799 in

2208 5834 2453 5893 medicos
2509 5844 2822 5908 erogaverat
2878 5837 3125 5908 nihilque
3195 5836 3501 5909 profecerat
3559 5837 3817 5911 apposita
