4048 6174
468 282 570 334 923

1469 274 1561 328 AD
1600 272 1829 326 OPERA
1867 270 1923 324 S.
1967 267 2288 331 GREGORII
2326 264 2765 322 APPENDICES.

3661 261 3765 313 924

472 404 767 476 aliquando
797 403 990 473 tetigit,
1020 401 1152 456 dum
1178 399 1410 454 fortasse
1454 395 1759 468 improvida
1787 394 2066 461 dormivit,
2099 396 2153 459 Α
2250 395 2401 457 (484)
2450 391 2618 462 Igitur
2670 405 2815 445 anno
2867 387 3257 444 incarnationis
3318 384 3544 441 Domini
3596 384 3771 438 nostri

468 506 874 573 non‘cooperto
901 495 1187 565 diligenter
1212 492 1389 561 capite
1419 490 1721 546 vehementi
1767 488 2060 545 vexabatur

471 593 683 657 dolore,
714 600 772 645 ut
800 590 953 660 quasi
993 596 1264 643 vertentes
1299 586 1375 640 vel
1422 582 1729 641 exsilientes
1762 584 1950 639 oculos
1989 582 2058 636 ti-

472 692 665 749 meret,
688 692 743 737 et
780 691 1045 752 tanquam
1077 680 1377 736 contractis
1406 679 1531 733 colli
1559 677 1739 733 nervis
1772 685 1938 749 caput
1962 676 2065 730 ﬂe-

472 786 615 830 ctere
642 792 751 830 non
778 784 982 847 posset.
1002 779 1157 843 Haec,
1181 776 1443 845 inquam,
1466 779 1691 827 venerat
1713 770 1805 826 illo
1826 768 2062 842 quadra-

470 870 707 941 gesimali
743 878 990 939 tempore
1025 868 1096 924 ad
1138 868 1409 923 civitatem
1449 868 1733 921 Mantuam
1781 864 1853 920 ad
1893 864 2066 921 comi-

470 964 662 1017 tissam
729 963 1075 1028 Mathildam,
1145 971 1206 1016 ut
1259 970 1375 1016 tam
1448 959 1764 1015 venerabilis
1829 956 2066 1030 episcopi

470 1065 726 1112 sanctum
749 1066 803 1111 et
819 1056 1202 1127 quotidianum
1230 1054 1447 1109 audiret
1467 1052 1729 1108 ofﬁcium.
1754 1052 1918 1108 Unde
1933 1054 2071 1108 acci-

472 1150 553 1205 dit
572 1158 633 1203 ut
662 1152 718 1203 in
742 1150 996 1204 extremis
1016 1150 1131 1221 ejus
1162 1148 1231 1204 ad
1253 1147 1716 1213 benedictionem,
1741 1163 1907 1218 quam
1932 1162 2069 1217 prae-

476 1243 739 1310 diximus,
793 1243 956 1297 citius
1002 1243 1194 1297 multis
1232 1241 1347 1296 aliis
1378 1248 1705 1296 occurreret.
1751 1241 1907 1309 Quae,
1933 1240 2069 1296 dum

475 1336 909 1391 benedictionem
939 1336 1006 1391 ab
1038 1318 1178 1406 (ipso
1219 1334 1571 1390 devotissima
1602 1341 1897 1404 expeteret,
1952 1349 2067 1388 ma-

474 1444 609 1482 num
640 1428 726 1483 ille
758 1429 913 1499 capiti
941 1428 1055 1498 ejus
1085 1428 1363 1499 imposuit,
1412 1436 1469 1482 et
1495 1427 1719 1497 expulso
1752 1443 1879 1482 mox
1928 1428 2070 1482 insa—

476 1522 639 1576 nabili
669 1521 889 1592 frigore,
920 1522 1159 1577 calorem
1190 1522 1276 1575 illa
1306 1520 1729 1577 saluberrimum
1758 1520 1983 1592 recepit,
2019 1530 2074 1576 et

476 1624 707 1669 exeunte
738 1614 935 1670 sudore
965 1624 1126 1686 atque
1143 1614 1474 1685 aliquautula
1502 1614 1654 1669 sanie
1683 1630 1780 1683 per
1801 1615 2075 1669 auriculas

474 1708 611 1779 ejus,
653 1723 824 1779 usque
864 1707 935 1762 ad
979 1716 1195 1762 octavas
1228 1706 1453 1762 Pascha
1506 1706 1719 1763 sublata
1765 1716 1849 1763 est
1893 1710 2076 1763 omnis

473 1802 685 1856 occasio
755 1802 1107 1856 infirmitatis.
1164 1803 1380 1870 Quanta
1441 1801 1699 1871 deinceps
1751 1801 1902 1873 signa
1958 1802 2067 1857 cla-

479 1896 691 1949 rissima
740 1898 887 1949 Deus
916 1911 1013 1966 per
1060 1896 1239 1965 ipsum
1270 1894 1339 1950 sit
1368 1903 1638 1965 operatus,
1672 1893 1805 1965 quid
1844 1912 1963 1950 mea
1994 1912 2080 1949 re-

478 1986 584 2042 fert
609 1988 807 2057 dicere,
848 1988 982 2043 dum
1030 1996 1243 2043 constet
1276 1987 1637 2057 perplurimos
1671 1989 2084 2057 przesentialiter

483 2082 674 2136 omnia
704 2080 941 2135 vidisse?

550 2175 657 2231 XI.
690 2174 928 2244 Rogavit
958 2174 1164 2244 itaque,
1194 2174 1377 2244 quoad
1406 2174 1557 2241 vixit,
1589 2184 1858 2245 quatenus
1888 2176 1944 2230 in
1986 2191 2079 2230 ca-

482 2266 656 2337 pitulo
707 2268 1021 2321 monasterii
1077 2268 1131 2321 S.
1184 2266 1499 2333 Benedicti,
1545 2268 1692 2338 quod
1734 2277 1815 2323 est
1873 2270 1924 2322 in
1968 2270 2081 2340 ripa

480 2359 728 2414 fluminis
758 2358 1004 2425 Eridani,
1050 2360 1149 2413 sub
1180 2358 1495 2414 obedientia
1536 2362 1677 2415 sacri
1719 2361 2084 2418 Cluniacensis

479 2452 738 2517 coenobii,
772 2450 915 2507 unde
945 2451 1115 2507 frater
1143 2452 1257 2522 ipse
1279 2469 1342 2507 ac
1370 2452 1674 2508 monachus
1695 2452 1817 2520 fuit,
1842 2456 2081 2525 sepultu-

481 2562 556 2601 rae
607 2544 1096 2600 commendaretur
1151 2542 1333 2614 (483);
1381 2554 1436 2600 et
1477 2563 1629 2616 cum,
1658 2548 2083 2604 concedentibus

482 2639 732 2709 episcopo
775 2646 943 2709 atque
984 2638 1259 2693 comitissa
1292 2640 1620 2711 caeterisque
1649 2642 1921 2710 omnibus,
1970 2643 2082 2713 jam

482 2730 789 2786 deferretur
825 2732 895 2786 ad
942 2733 1339 2787 monasterium
1387 2749 1615 2804 corpus,
1672 2733 1854 2790 adfuit
1900 2736 2081 2790 subito

481 2825 775 2879 Sutriensis
795 2825 1078 2895 episcopus
1106 2826 1329 2880 nomine
1355 2826 1559 2882 Bonizo
1583 2826 1779 2899 [BAB.,
1810 2828 2076 2884 Sabinen-

483 2919 555 2972 sis
585 2918 870 2988 episcopus
895 2918 1156 2974 dominus
1194 2901 1511 2988 Domnizo],
1545 2937 1708 2991 quem
1750 2930 1807 2976 et
1841 2923 2078 2992 Spiritus

484 3019 707 3066 sanctus
750 3013 1051 3078 suscitavit,
1080 3021 1143 3066 ut
1171 3014 1436 3067 clamaret
1477 3014 1706 3085 dignum
1752 3030 1893 3083 esse,
1923 3026 1984 3071 ut
2031 3019 2085 3072 in

484 3105 759 3176 episcopio
790 3105 1077 3176 episcopus
1105 3106 1442 3175 sepeliretur.
1475 3128 1499 3154 α
1548 3109 1741 3173 Tanta,
1776 3108 1966 3179 inquit,
2001 3111 2089 3166 lu-

2169 488 2299 541 Jesu
2332 484 2529 541 Christi
2565 491 2735 551 1086,
2785 482 3128 554 episcopatus
3169 495 3299 535 vero
3328 479 3409 533 sui
3448 491 3599 533 anno
3629 491 3765 541 xm,

2172 580 2466 636 indictione
2490 595 2658 646 nona,
2706 577 2879 633 ﬁnitis
2893 577 3008 649 jam
3030 575 3187 631 annis
3228 581 3436 645 septem
3461 586 3775 627 excommu-

2173 674 2459 729 nicationis
2504 672 2745 727 Heinrici
2790 670 3070 743 quondam
3120 669 3295 739 regis;
3327 674 3453 739 post
3478 665 3776 720 transitum

2173 776 2361 823 autem
2384 766 2680 822 felicissimi
2708 780 2861 837 papae
2886 762 3138 835 Gregorii
3167 763 3289 828 VII,
3314 775 3529 815 menses
3554 773 3775 825 novem,

2174 864 2294 921 dies
2325 864 2509 935 viginti
2569 872 2701 930 tres,
2733 860 3072 916 obdormivit
3102 860 3157 913 in
3190 855 3427 913 Domino
3457 853 3781 911 venerabilis

2174 957 2432 1014 dominus
2461 964 2513 1011 et
2537 959 2701 1012 Pater
2724 963 2910 1011 noster
2938 952 3249 1019 Anselmus,
3270 950 3542 1005 Lucensis
3569 949 3783 1018 episco-

2177 1069 2297 1125 pus,
2328 1068 2396 1109 XI
2423 1052 2659 1108 Kalend.
2692 1050 2914 1122 Aprilis,
2950 1049 3006 1103 in
3042 1048 3259 1103 civitate
3302 1048 3549 1111 Mantua,
3595 1043 3783 1115 praesi-

2176 1146 2343 1202 dente
2370 1144 2828 1202 reverendissimo
2874 1143 3131 1213 episcopo
3179 1139 3422 1205 Ubaldo,
3474 1146 3642 1208 atque
3680 1135 3755 1190 do

2180 1241 2416 1297 minante
2445 1239 2646 1296 ibidem
2691 1236 3027 1295 nobilissima
3078 1235 3217 1291 duce
3279 1250 3345 1290 ac
3389 1231 3785 1288 marchionissa

2179 1332 2461 1389 Mathilda.

2252 1430 2387 1483 XII.
2419 1426 2597 1481 Tertia
2626 1426 2808 1496 itaque
2858 1431 3019 1479 nocte
3048 1429 3172 1493 post
3222 1420 3551 1476 sanctissimi
3605 1419 3787 1474 Patris

2183 1521 2553 1577 venerandam
2597 1519 3007 1583 dormitionem,
3053 1515 3302 1587 quaedam
3331 1522 3618 1570 contracta
3663 1529 3789 1584 quae

2183 1632 2289 1671 una
2317 1631 2532 1686 semper
2570 1630 2762 1680 manu,
2802 1620 2855 1667 et
2881 1610 3269 1682 posterioribus
3303 1625 3397 1681 per
3425 1617 3639 1663 terram
3671 1623 3787 1662 ser-

2184 1710 2345 1782 pebat
2364 1708 2541 1780 potius
2558 1723 2721 1779 quam
2746 1705 3098 1778 gradiebatur
3119 1706 3288 1771 (48.5);
3307 1718 3428 1773 quae
3442 1702 3613 1757 etiam
3632 1701 3687 1755 in
3698 1700 3790 1754 do-

2187 1819 2279 1858 mo
2306 1803 2518 1873 nepotis
2534 1802 2768 1871 episcopi
2799 1814 3006 1854 annum
3024 1813 3199 1851 unum
3220 1804 3273 1850 et
3291 1795 3433 1850 duos
3454 1810 3697 1861 menses,
3730 1809 3790 1847 ac

2186 1895 2477 1953 dimidium
2507 1901 2789 1949 manserat
2835 1892 2978 1962 apud
3022 1889 3265 1961 praedicti
3296 1888 3475 1944 Patris
3504 1887 3787 1951 tumbam,

2188 1989 2399 2045 meritis
2428 1988 2598 2060 ipsius
2639 2002 2771 2043 sana
2830 1993 3009 2042 erecta
3037 1991 3121 2039 est
3148 1982 3203 2037 in
3259 1982 3431 2053 prima
3481 1981 3665 2036 noctis
3718 1980 3793 2033 vi-

2190 2082 2340 2154 gilia.

2261 2176 2417 2235 XIII.
2452 2173 2712 2245 Sequenti
2757 2187 2886 2228 vero
2915 2171 3023 2239 die,
3067 2172 3209 2227 circa
3245 2169 3485 2236 tertiam,
3518 2176 3580 2223 ut
3611 2167 3790 2221 visum

2188 2276 2290 2336 est,
2323 2268 2536 2333 horam,
2585 2265 2764 2321 fertur
2791 2264 2937 2335 quod
2984 2265 3234 2336 quaedam
3266 2280 3296 2319 a
3324 2262 3609 2317 nativitate
3649 2276 3793 2317 caeca

2188 2360 2396 2416 ibidem
2420 2360 2582 2416 fuerit
2619 2359 2941 2427 illuminata,
2968 2374 3133 2429 quam
3163 2356 3459 2412 Brixiensis
3493 2355 3795 2410 comitatus

2190 2456 2422 2510 incolam
2454 2464 2585 2509 tunc
2610 2453 2930 2509 audivimus.

2261 2549 2417 2603 XIV.
2452 2546 2664 2602 Eodem
2702 2547 2902 2617 quippe
2932 2543 3023 2600 die
3042 2544 3199 2617 quasi
3219 2544 3353 2599 hora
3382 2552 3548 2608 sexta,
3582 2555 3797 2611 pauper

2191 2642 2416 2711 quidam
2462 2641 2518 2695 in
2564 2640 2801 2711 hospitio
2850 2654 3151 2710 pauperum
3221 2636 3465 2710 praedicti
3536 2634 3799 2706 praasulis

2190 2735 2493 2797 Mantuani,
2526 2734 2801 2804 aliquanto
2830 2741 3081 2804 tempore
3110 2732 3474 2804 eleemosyuis
3515 2737 3796 2785 sustenta-

2189 2837 2297 2893 tus,
2332 2844 2361 2882 a
2392 2827 2614 2884 renibus
2651 2842 2824 2897 usque
2850 2842 3067 2891 curvus,
3102 2824 3175 2881 ad
3203 2823 3449 2897 ejusdem
3488 2823 3669 2879 sancti
3697 2825 3800 2877 Pa-

2192 2922 2294 2976 tris
2325 2921 2632 2991 sepulcrum
2661 2934 2844 2987 orans,
2874 2920 3056 2975 subito
3086 2935 3143 2974 se
3166 2933 3362 2973 sanum
3394 2916 3594 2972 erexit.

2272 3014 2730 3085 XV...Divulgatis
2756 3014 2937 3084 itaque
2964 3013 3125 3084 longe
3149 3013 3362 3083 lateque
3397 3010 3601 3065 talibus
3633 3009 3795 3063 mira-

2194 3108 2355 3174 culis,
2386 3122 2511 3162 ecce
2533 3107 2728 3162 mulier
2746 3105 3004 3177 quaedam
3029 3106 3096 3161 de
3115 3104 3358 3174 castello,
3395 3104 3545 3175 quod
3564 3102 3801 3174 Capitel-

485 3214 669 3265 cerua,
692 3214 805 3252 non
830 3198 1005 3267 decet,
1036 3207 1097 3252 ut
1121 3198 1513 3254 abscondatur.
1538 3202 1660 3269 Ipse
1688 3200 1869 3257 adhuc
1897 3204 2083 3259 vivens
2117 3160 2161 3222 C
2194 3202 2310 3255 lum
2361 3199 2584 3270 dicitur,
2614 3215 2742 3271 quae
2768 3200 2945 3254 visum
2976 3200 3194 3272 penitus
3221 3198 3498 3267 amiserat,
3525 3196 3697 3267 coepit
3723 3196 3800 3249 vi-

489 3299 754 3363 tanquam
788 3291 1075 3363 indignum
1123 3306 1182 3346 se
1230 3292 1557 3362 humiliavit,
1608 3309 1713 3350 nos
1770 3304 1974 3363 autem,
2022 3307 2084 3351 ut

489 3401 613 3440 vere
637 3385 866 3457 dignum
891 3386 1127 3440 exaltare
1148 3394 1363 3455 oportet
1381 3386 1685 3456 hominem,
1716 3403 1880 3458 quem
1913 3387 2083 3446 fuisse

487 3479 689 3533 scimus
710 3479 1136 3534 sanctissimum.
1161 3499 1187 3529 »
1216 3480 1601 3535 Acclamatum
1627 3488 1711 3535 est
1729 3480 1877 3536 idem
1898 3484 2082 3538 statim

490 3572 559 3626 ab
588 3572 871 3637 universis,
916 3572 1229 3643 rapiturque
1275 3588 1306 3626 a
1335 3573 1732 3628 monachorum
1775 3575 2080 3647 obsequiis};

488 3665 541 3718 in
589 3664 923 3735 episcopium
971 3663 1235 3729 defertur,
1267 3664 1448 3735 ibique
1497 3666 1872 3722 venerabiliter
1899 3669 2086 3739 sepeli-

490 3765 599 3810 tur.
628 3754 967 3810 Mirabamur
996 3755 1100 3810 hoc
1129 3758 1288 3825 quasi
1328 3773 1592 3829 magnum
1630 3761 1807 3830 primo
1838 3762 2085 3817 miracu-

491 3848 625 3915 lum,
680 3848 1065 3915 nescientibus,
1100 3848 1248 3918 quod
1307 3849 1565 3921 abinceps
1602 3851 1736 3911 satis
1785 3854 2087 3909 mirabilius

493 3949 613 3996 erat
642 3940 888 3995 futurum
902 3980 916 3994 .

563 4036 706 4089 Nam
735 4042 790 4088 et
829 4032 881 4087 id
908 4048 1124 4104 quoque
1148 4041 1279 4087 tunc
1308 4034 1634 4101 notavimus,
1677 4036 1824 4106 quod
1856 4046 1908 4092 et
1932 4038 2089 4093 multi

493 4127 730 4197 episcopi
762 4135 818 4181 et
843 4126 1167 4193 cardinales,
1198 4143 1391 4198 magna
1422 4128 1587 4183 etiam
1615 4130 1909 4185 multitudo
1944 4132 2089 4186 mili-

493 4228 636 4285 tum,
670 4220 757 4274 die
782 4220 964 4273 obitus
1002 4220 1085 4274 sui
1117 4220 1368 4275 eamdem
1399 4221 1455 4275 in
1484 4222 1765 4278 civitatem
1796 4234 2083 4280 venerant.

494 4313 703 4368 Aderat
732 4312 997 4383 siquidem
1041 4314 1453 4384 Magalonensis
1506 4317 1819 4387 episcopus,
1869 4318 2090 4373 nomine

494 4405 850 4473 Godefridus,
903 4414 957 4461 et
1021 4408 1350 4463 Benedictus
1403 4409 1723 4464 Mutinensis
1782 4411 2087 4481 episcopus,

2192 3310 2317 3349 rum
2346 3309 2508 3349 suum
2558 3293 2806 3365 ﬂagitare
2847 3302 2909 3347 ut
2951 3294 3020 3349 ad
3066 3293 3238 3348 sancti
3280 3290 3379 3346 viri
3426 3306 3630 3361 corpus
3672 3304 3797 3345 eam

2193 3390 2525 3462 perduceret.
2559 3389 2656 3444 Illo
2680 3404 2805 3444 vero
2836 3396 3086 3460 negante,
3119 3386 3287 3443 frater
3328 3385 3447 3457 ejus
3476 3385 3797 3440 misericor-

2194 3485 2279 3541 dia
2324 3492 2529 3552 motus,
2570 3483 2885 3555 iunctisque
2934 3482 3110 3538 bobus
3141 3481 3406 3553 plaustro,
3458 3479 3633 3549 cmpit
3678 3493 3799 3533 eam

2197 3577 2433 3633 deferre.
2464 3580 2612 3631 Dum
2640 3585 2828 3631 autem
2858 3575 3073 3631 duobus
3118 3573 3394 3629 milliariis
3439 3571 3798 3643 perrexisset,

2198 3671 2419 3741 ineoepit
2464 3670 2687 3725 arbores
2717 3677 2773 3724 et
2814 3670 3139 3741 plaustrum,
3186 3675 3241 3722 et
3280 3667 3445 3722 boves
3490 3674 3801 3736 caeteraque

2191 3765 2304 3836 jam
2337 3763 2521 3817 omnia
2547 3762 2764 3830 videre;
2799 3778 2920 3835 quae
2945 3762 3149 3834 gratias
3182 3764 3320 3829 Deo,
3353 3760 3581 3831 ejusque
3607 3766 3800 3813 sancto

2197 3855 2498 3911 confessori
2526 3872 2711 3929 agens,
2742 3864 2935 3911 votum
2980 3859 3049 3911 de
3076 3861 3389 3927 paupertate
3424 3868 3521 3908 sua
3570 3852 3800 3916 faciens,

2197 3950 2426 4005 domum
2452 3965 2668 4005 reversa
2691 3956 2793 4005 est.

2270 4045 2421 4099 XVI.
2454 4044 2559 4099 Die
2583 4059 2727 4099 nona
2756 4051 2874 4099 erat
2902 4044 2962 4097 in
2988 4040 3181 4098 eodem
3205 4049 3384 4096 castro
3405 4040 3509 4094 alia
3537 4037 3794 4111 quaedam

2200 4138 2452 4192 cruribus
2494 4154 2555 4193 ac
2606 4137 2831 4192 renibus
2872 4144 3173 4201 contracta,
3223 4150 3345 4205 quae
3386 4134 3533 4189 nulla
3590 4146 3655 4185 ex
3694 4145 3800 4184 ne-

2200 4232 2471 4298 cessitate,
2500 4231 2703 4285 lectum
2728 4245 2889 4285 suum
2916 4245 3013 4301 per
3028 4244 3084 4285 se
3100 4227 3463 4299 potuitexire.
3492 4227 3619 4280 Haec
3643 4223 3801 4293 apud

2199 4323 2371 4379 civem
2405 4322 2699 4394 quemdam
2731 4325 3114 4388 Mantuanum,
3146 4321 3237 4393 qui
3266 4327 3487 4375 venerat
3521 4318 3633 4380 illo,
3663 4332 3801 4387 pre-

2197 4416 2350 4471 cibus
2399 4415 2723 4485 impetravit,
2756 4415 2903 4486 quod
2947 4415 3265 4486 impositam
3297 4413 3543 4483 plaustro
3581 4425 3680 4465 suo
3732 4411 3806 4465 ad

494 4510 660 4573 atque
710 4500 996 4557 Ατίδθΐῖυε
1052 4501 1333 4573 Ριθὲίθηείε
1382 4502 1685 4571 θρίεοοριιεν
1736 4510 1789 4557 θῐ
1838 4503 2087 4574 erSdem
2116 4506 2164 4567 D
2195 4509 2391 4564 urbem
2420 4507 2635 4575 detulit,
2659 4518 2715 4563 et
2741 4508 2810 4564 ad
2838 4511 3111 4563 tumulum
3140 4506 3308 4562 sancti
3334 4504 3575 4578 praesulis
3600 4503 3812 4558 hume-

495 4593 722 4648 civitatis
794 4594 1100 4664 episcopus,
1170 4594 1377 4650 scilicet
1432 4597 1784 4662 Mantuanus,
1841 4596 2089 4652 Ubaldus

496 4686 792 4753 vocitatus;
841 4686 936 4742 sed
988 4695 1044 4741 et
1097 4688 1430 4751 Damianus,
1479 4687 1769 4744 cardinalis
1824 4691 2091 4746 Romanae

497 4778 772 4844 Ecclesiae,
804 4780 891 4849 qui
917 4788 972 4833 et
1001 4779 1172 4834 abbas
1195 4780 1628 4836 Nonantulensis
1651 4781 1910 4837 coenobii.

570 4873 641 4924 Hi
671 4886 865 4925 omnes
897 4871 965 4925 ad
990 4871 1321 4927 audiendam
1368 4873 1485 4943 ejus
1522 4874 1866 4945 sapientiam,
1905 4874 1974 4931 ad
2002 4892 2088 4931 ca-

498 4963 759 5034 piendum
802 4963 967 5034 ipsius
994 4965 1307 5031 consilium,
1339 4965 1479 5020 sicut
1507 4981 1650 5035 saepe
1681 4968 1781 5037 ipsi
1813 4983 1877 5022 ac
1907 4969 2090 5024 caeteri

496 5057 763 5112 Catholici
795 5066 1209 5124 consueverant,
1248 5058 1599 5113 advenerunt.
1627 5061 1922 5115 Sutriensis
1952 5078 2088 5132 quo-

496 5166 601 5221 que
629 5151 799 5222 pridie
820 5159 1036 5207 tantum
1081 5160 1410 5220 recesserat;
1443 5151 1540 5207 sed
1576 5168 1703 5207 mox
1746 5163 1870 5225 post
1910 5164 2093 5223 trans-

500 5244 886 5315 migrationem
915 5245 1102 5315 ipsius,
1147 5244 1341 5300 eodem
1380 5244 1468 5300 die
1507 5244 1680 5300 adfuit
1713 5256 2085 5318 opportunus.

500 5337 619 5404 Isti,
655 5337 905 5407 inquam,
932 5346 987 5394 et
1030 5339 1121 5393 alii
1153 5337 1487 5410 perplurimi,
1520 5339 1761 5409 majores
1804 5355 1867 5395 ac
1910 5343 2091 5398 mino-

496 5446 583 5485 res
611 5430 929 5498 interfuere,
958 5432 1048 5503 qui
1094 5440 1151 5487 et
1190 5432 1357 5502 ipsius
1385 5432 1679 5488 transitum
1712 5432 1983 5504 viderunt,
2041 5445 2096 5490 et

495 5518 640 5574 clara
665 5520 927 5575 miracula
968 5528 1091 5593 post
1130 5520 1345 5577 obitum
1389 5520 1505 5591 ejus
1552 5530 1849 5593 praesentes
1892 5540 2093 5595 cogno-

498 5618 710 5665 verunt.

570 5738 718 5801 (483)
757 5734 1049 5807 Sequentia
1093 5736 1288 5791 recitat
1328 5738 1482 5804 Bar.,
1527 5752 1670 5792 anno
1725 5742 1886 5806 1086,
1920 5753 1977 5792 n.
2015 5743 2099 5793 10.

575 5807 717 5875 (484)
756 5808 974 5864 Recitat
1001 5808 1119 5864 haec
1147 5811 1299 5875 Bar.,
1324 5823 1469 5865 anno
1496 5814 1653 5874 1086,
1676 5824 1729 5864 n.
1760 5815 1813 5863 9.
1938 5813 1959 5826 ·

2198 4602 2272 4656 ris
2302 4601 2412 4657 suis
2472 4602 2704 4672 portavit
2749 4618 2938 4674 :quae,
2994 4600 3138 4656 facta
3204 4601 3481 4671 aliquanta
3527 4595 3810 4662 oratione,

2199 4695 2359 4766 paulo
2391 4703 2515 4766 post
2542 4711 2673 4751 sana
2695 4696 2941 4751 surrexit.

2270 4790 2446 4844 XVII.
2478 4788 2581 4843 Die
2610 4790 2918 4856 undecima,
2948 4787 3200 4860 quaedam
3239 4787 3401 4843 etiam
3451 4785 3521 4841 de
3549 4782 3809 4851 castello,

2196 4882 2343 4955 quod
2386 4883 2663 4939 Goudium
2690 4883 2912 4951 dicitur,
2959 4881 3244 4937 mensibus
3269 4890 3403 4937 tunc
3449 4878 3639 4952 viginti
3680 4881 3813 4947 pri-

2199 4986 2322 5031 vata
2356 4976 2680 5045 luminibus,
2723 4976 2887 5032 biduo
2910 4976 3094 5048 jejuna
3118 4977 3275 5047 juxta
3316 4988 3513 5045 corpus
3538 4978 3813 5027 sanctum

2199 5068 2511 5135 demorans,
2541 5069 2823 5139 pristinam
2843 5070 3117 5123 luminum
3139 5068 3440 5123 claritatem
3461 5064 3678 5135 recepit.

2274 5164 2485 5217 XVIII.
2521 5162 2621 5216 Die
2655 5163 2845 5232 quinta
2871 5162 3105 5228 decima,
3132 5161 3300 5216 altera
3333 5158 3584 5231 quaedam
3614 5156 3679 5211 de
3716 5173 3815 5212 ca-

2202 5256 2379 5321 stello,
2420 5259 2483 5311 ut
2522 5253 2743 5321 dicitur,
2775 5257 3000 5320 Lazese,
3045 5270 3215 5309 manu
3244 5261 3299 5308 et
3347 5251 3484 5323 pede
3511 5258 3814 5305 contracta

2202 5363 2295 5402 ore
2323 5354 2597 5417 contorto,
2622 5347 2818 5402 morbo
2847 5347 3053 5403 caduco
3083 5346 3404 5417 gravissime
3445 5351 3654 5407 vexata,
3695 5342 3815 5399 ibi-

2203 5438 2329 5495 dem
2360 5428 2681 5509 aliquandiu
2710 5439 2936 5510 patiens,
2969 5439 3183 5510 plenam
3224 5437 3564 5509 recuperavit
3596 5434 3813 5491 sanita-

2203 5534 2337 5582 tem.
2602 5542 2645 5597 ρ

2275 5615 2436 5669 XIX.
2469 5613 2569 5670 Die
2613 5624 2767 5671 sexta
2796 5613 3009 5670 decima
3050 5612 3242 5669 deinde
3291 5610 3594 5669 astantibus
3638 5609 3810 5667 nobis

2286 5742 2431 5807 (485)
2462 5739 2679 5795 Recitat
2708 5739 2826 5795 haec
2846 5742 2997 5806 Bar.,
3028 5753 3170 5794 anno
3204 5741 3364 5829 1088,
3395 5752 3450 5825 n.
3490 5743 3573 5835 If.
