4048 6174
267 290 371 342 925

1182 292 1468 345 ΑΡΡΕΝῘ).
1512 293 1595 345 lll.
1637 320 1707 332 -—
1744 292 2163 351 MONUMENTA
2202 296 2658 355 GREGORlANA.

3461 310 3564 362 926

266 412 465 482 pariter
526 426 655 466 cum
717 411 1108 481 gloriosissima
1170 413 1391 469 domina
1448 415 1734 482 Mathilda,
1806 426 1860 472 et
1887 422 1939 482 Α
1970 419 2190 476 vitatem
2236 424 2525 478 Mantuam
2569 435 2941 493 concurreret,
2973 428 3195 498 quidam
3225 430 3293 485 de
3321 432 3441 487 villa
3468 448 3567 488 no-

268 504 620 577 psallentibus
680 505 735 560 in
791 506 879 561 die
942 516 1130 563 sancto
1192 511 1519 578 Parasceve,
1570 510 1861 567 adveniens

268 598 518 669 quaedam
552 598 618 654 de
641 599 780 667 loco,
807 600 898 671 qui
928 601 1235 669 Coloniole,
1264 619 1387 674 qua}
1408 603 1584 659 visum
1612 605 1858 675 perdide-

267 700 370 757 rat,
401 691 541 746 flens
571 701 625 747 et
654 693 896 765 ejulans,
939 693 1295 751 devotissime
1325 695 1526 753 faciens
1554 699 1763 765 venias,
1805 708 1862 754 et

269 793 391 855 post
417 786 596 857 aliqua
621 802 867 858 surgens.
900 789 1087 843 oculos
1113 788 1182 845 ad
1212 798 1465 860 tapetum
1485 792 1716 862 sepulcri
1746 801 1857 847 ter-

266 880 358 945 sit,
393 880 680 950 visumque
708 881 931 952 recepit.

338 974 471 1027 XX.
498 973 600 1028 Die
620 972 836 1029 decima
853 984 1044 1030 octava
1056 1017 1071 1044 ,
1088 976 1285 1033 mulier
1302 977 1466 1033 etiam
1483 995 1591 1035 una
1609 978 1857 1051 ejusdem

263 1067 496 1121 civitatis
524 1082 639 1122 non
688 1068 895 1139 ignota,
945 1069 1197 1126 dentium
1240 1071 1433 1127 dolore
1479 1088 1541 1128 ac
1587 1074 1857 1130 viscerum

264 1160 625 1230 torquebatur
657 1182 668 1216 :
696 1176 818 1232 quae
844 1162 1170 1234 confugiens
1200 1164 1270 1220 ad
1301 1165 1546 1236 praedicti
1575 1165 1856 1223 confesso-

260 1255 337 1309 ris
369 1254 709 1324 sepulcrum,
737 1271 868 1310 sana
897 1272 1027 1311 mox
1048 1257 1191 1314 facta
1221 1267 1321 1313 est.

329 1355 500 1408 XXI.
528 1353 714 1408 Altera
742 1356 952 1426 quaevis
976 1355 1043 1410 de
1072 1356 1296 1427 oppido,
1320 1357 1467 1429 quod
1498 1360 1857 1417 Castellucule

254 1448 581 1517 appellatur,
608 1447 742 1503 adeo
764 1448 1037 1503 infirmata
1072 1459 1154 1505 est
1174 1458 1236 1504 ut
1263 1467 1292 1505 a
1320 1452 1460 1507 lecto
1486 1468 1711 1525 surgere
1740 1471 1854 1510 non

256 1549 445 1611 posset
481 1540 593 1595 ullo
635 1541 821 1596 modo.
855 1544 1011 1608 Haec,
1063 1542 1264 1598 auditis
1299 1552 1383 1600 tot
1419 1545 1715 1613 miraculis,
1752 1564 1853 1604 vo-

252 1642 381 1688 tum
431 1632 581 1701 fecit,
628 1635 900 1705 pauloque
932 1643 1057 1707 post
1084 1638 1273 1705 evasit,
1328 1646 1496 1711 atque
1526 1649 1717 1696 octava
1764 1641 1853 1697 die

252 1725 489 1797 pedibus
520 1728 633 1782 suis
661 1727 731 1783 ad
761 1730 935 1784 sancti
974 1729 1075 1784 viri
1112 1731 1361 1787 tumbam
1388 1734 1630 1801 veniens,
1663 1744 1850 1791 votum

254 1821 496 1891 ipsamet
536 1822 816 1892 persolvit.

320 1916 513 1969 XXII.
536 1916 640 1970 Die
665 1917 921 1987 vigesima
948 1920 1150 1989 prima,
1178 1928 1295 1975 erat
1310 1920 1533 1992 insuper
1547 1922 1678 1978 civis
1699 1926 1849 1979 Man-

251 2017 482 2075 tuanus,
509 2010 633 2080 qui,
660 2011 1075 2081 superveniente
1103 2013 1377 2084 albugine,
1410 2016 1572 2070 unius
1600 2017 1746 2071 oculi
1774 2018 1851 2072 vi-

248 2118 379 2158 sum
422 2103 699 2159 amiserat.
745 2106 916 2161 Multa
948 2106 1135 2180 itaque
1166 2108 1223 2162 in
1256 2107 1499 2164 medicos
1529 2111 1850 2181 expendcns

247 2197 497 2268 nihilque
534 2197 852 2269 proﬁciens,
882 2199 951 2255 ad
982 2216 1168 2256 verum
1197 2201 1483 2257 medicum
1508 2203 1718 2268 salutis,
1752 2222 1847 2276 per

246 2290 449 2345 merita
481 2291 779 2361 supradicti
807 2294 1058 2363 praesulis
1082 2295 1417 2351 sanctissimi
1448 2295 1717 2368 confugit,
1762 2299 1846 2351 vi-

245 2398 487 2453 sumque
516 2387 884 2455 recuperavit.

312 2479 541 2535 XXIII.
583 2479 682 2533 Die
710 2480 976 2551 vigesima
1003 2482 1184 2547 tertia,
1217 2490 1343 2553 post
1379 2483 1495 2539 haec
1533 2500 1667 2555 puer
1704 2502 1846 2541 unus

242 2570 306 2625 de
364 2570 490 2625 villa
537 2571 1022 2630 Vadumferratum
1068 2575 1356 2646 appellata,
1388 2593 1553 2648 quem
1582 2578 1845 2634 arthetica

243 2662 539 2735 [artritica,
576 2669 781 2735 opinor]
814 2666 996 2723 ofﬁcio
1020 2668 1377 2725 brachiorum
1410 2671 1739 2740 privaverat,
1771 2672 1870 2728 ad

243 2756 401 2813 idem
440 2761 747 2815 oratorium
789 2759 1021 2828 delatus,
1068 2762 1360 2817 sanitatem
1404 2764 1628 2835 recepit.

304 2858 528 2912 XXIV.
558 2857 659 2912 Die
704 2859 965 2927 vigesima
995 2867 1217 2929 quarta,
1245 2860 1383 2915 alius
1414 2862 1583 2916 etiam
1612 2877 1746 2932 puer
1775 2862 1845 2918 de

240 2950 561 3018 Burbassic,
594 2952 800 3007 lumine
828 2953 1075 3023 privatus
1116 2953 1427 3020 oculorum,
1461 2962 1517 3009 et
1552 2956 1708 3025 quasi
1742 2955 1841 3027 hy-

242 3044 520 3115 dropisim
584 3060 905 3116 perpessus,
960 3046 1280 3102 admonitus
1334 3062 1477 3118 saepe
1530 3048 1586 3101 in
1637 3048 1845 3103 somnis

240 3137 471 3193 tandem
501 3136 570 3194 ad
606 3139 939 3194 sanctissimi
968 3140 1149 3195 Patris
1176 3141 1483 3212 patrocinia
1508 3139 1759 3212 confugit
1790 3149 1843 3197 et

241 3231 440 3287 evasit.

304 3327 500 3381 XXV.
527 3325 633 3381 Die
654 3326 939 3397 trigesima
970 3327 1173 3397 prima,
1200 3326 1305 3383 fuit
1324 3327 1609 3401 presbyter
1632 3328 1702 3384 de
1722 3328 1838 3401 epi-

236 3427 471 3491 Scopatu
500 3419 767 3474 Brixiensi
800 3419 865 3474 de
893 3428 1072 3476 castro
1114 3422 1336 3477 nomine
1379 3422 1713 3494 Gorelengo,
1754 3423 1839 3478 cui

236 3514 457 3567 malum
500 3512 572 3579 id,
626 3513 775 3585 quod
819 3529 913 3584 per
957 3514 1305 3585 antiphrasin
1352 3514 1606 3571 homines
1650 3518 1841 3571 bonum

236 3606 541 3678 appellant,
570 3607 736 3661 unius
766 3607 906 3662 oculi
942 3607 1129 3663 lumen
1158 3607 1483 3675 abstulerat,
1506 3611 1622 3680 qui,
1647 3609 1837 3664 audita

234 3708 527 3755 tantorum
558 3700 844 3771 signorum
876 3699 1043 3766 fama,
1094 3701 1163 3757 ad
1211 3711 1468 3757 sanctum
1518 3703 1837 3773 sepulcrum

236 3795 575 3866 praperavit,
604 3793 748 3850 facta
775 3811 904 3850 vero
932 3794 1139 3851 ibidem
1180 3796 1426 3852 oratione
1454 3812 1702 3853 reversus
1732 3805 1837 3863 est,

239 3897 291 3943 et
320 3889 520 3961 quavis
549 3890 844 3960 prurigine,
888 3890 1021 3944 dum
1050 3899 1168 3945 erat
1199 3892 1254 3945 in
1296 3892 1376 3947 via
1406 3892 1680 3958 incitatus,
1710 3907 1841 3947 ocu-

239 3980 353 4038 lum
386 3981 563 4053 digito
608 3982 846 4051 fricavit,
877 3983 1186 4055 apertisque
1219 4000 1343 4039 mox
1389 3984 1658 4055 palpebris
1698 3985 1840 4039 clare

239 4076 392 4131 vidit.
439 4078 741 4147 Regressus
800 4093 931 4148 ergo
969 4077 1037 4132 ad
1064 4077 1365 4145 civitatem,
1396 4079 1603 4149 gratias
1649 4093 1838 4133 coram

241 4168 503 4223 omnibus
532 4177 646 4223 tam
678 4170 770 4239 pio
795 4169 983 4225 retulit
1009 4171 1336 4239 patrocinio.

308 4268 532 4322 XXVI.
560 4266 730 4322 Nocte
758 4267 1007 4338 sequenti
1031 4267 1378 4340 trigesimum
1407 4267 1646 4338 primum
1666 4266 1836 4335 diem,

240 4360 500 4430 quaedam
532 4368 715 4415 autem
746 4360 816 4416 de
844 4361 1069 4417 castello
1101 4362 1328 4416 nomine
1370 4361 1656 4429 Maratica,
1689 4361 1839 4431 iuxta

239 4464 471 4524 portum
518 4454 823 4525 Lignacum
870 4455 927 4509 in
957 4454 1227 4510 comitatu
1257 4455 1585 4522 Veronensi,
1630 4454 1839 4509 habens

1968 514 2117 568 mine
2148 517 2458 583 Fornicata,
2503 526 2557 572 et
2587 518 2714 585 alia,
2748 535 2870 589 quae
2906 521 3133 577 Blittolo
3161 522 3390 589 dicitur,
3432 543 3560 583 cum

1970 608 2177 663 vexillis
2223 618 2279 663 et
2323 611 2643 666 sanctuariis
2672 613 2957 683 reliquiis],
3007 616 3151 670 sicut
3201 626 3283 671 est
3329 634 3560 675 consue-

1966 699 2127 766 tudo,
2160 702 2457 769 venientes,
2511 712 2565 758 et
2613 720 2766 760 secus
2810 707 2957 762 viam
3000 709 3400 781 conspicientes
3442 728 3559 767 cer-

1969 808 2095 847 vam
2124 809 2293 848 unam
2336 810 2614 867 magnam,
2645 798 2914 854 admoniti
2962 817 2991 855 a
3024 801 3267 872 quodam
3314 805 3559 874 ipsorum

1969 886 2309 957 presbytero,
2343 898 2628 959 cmperunt
2652 893 3109 961 omnipotentiam
3145 897 3251 950 Dei
3278 896 3564 964 invocare,

1968 988 2236 1052 quatenus
2264 981 2474 1036 meritis
2493 983 2817 1039 sanctissimi
2837 986 2920 1041 sui
2946 988 3270 1056 sacerdotis,
3298 991 3366 1045 ad
3392 1006 3559 1061 quem

1966 1072 2159 1128 devote
2187 1073 2507 1143 pergebant,
2532 1074 2869 1147 illaesamque
2898 1078 2979 1132 eis
3010 1080 3183 1149 ipsam
3212 1083 3559 1151 concederet,

1967 1166 2115 1237 quod
2143 1174 2197 1221 et
2220 1168 2299 1222 sic
2322 1167 2535 1224 factum
2560 1177 2663 1223 est.
2705 1172 2863 1234 Nam,
2891 1172 3049 1243 quasi
3088 1173 3192 1228 ﬁxa
3228 1175 3372 1242 loco,
3413 1178 3564 1231 stetit

1966 1260 2169 1331 quieta.
2212 1263 2286 1314 At
2326 1260 2432 1330 illi,
2463 1262 2636 1317 misso
2665 1264 2723 1317 in
2752 1264 2955 1319 collum
2986 1265 3105 1337 ejus
3141 1267 3386 1337 quodam
3418 1267 3561 1324 funi-

1965 1353 2111 1418 culo,
2174 1353 2242 1409 ad
2290 1370 2464 1425 usque
2514 1356 2825 1425 sepulcrum
2875 1359 3173 1414 venerandi
3227 1359 3562 1416 confessoris

1963 1448 2408 1502 mansuetissime
2438 1448 2831 1519 perduxerunt.
2864 1452 3064 1507 Factus
3102 1459 3185 1507 est
3214 1454 3401 1524 itaque
3431 1454 3566 1510 inae-

1962 1540 2253 1595 stimabilis
2288 1542 2467 1598 turbae
2495 1558 2819 1599 concursus.
2860 1544 2969 1599 Alii
3016 1545 3155 1615 pilos
3188 1546 3379 1617 ipsius,
3424 1555 3547 1602 tan-

1959 1649 2127 1704 quam
2174 1634 2418 1689 veritatis
2466 1635 2759 1704 indicium,
2802 1647 3119 1708 rapuerunt.
3174 1638 3285 1693 Alii
3338 1644 3555 1695 tantum

1962 1726 2141 1783 videre
2172 1729 2488 1798 cupierunt;
2526 1745 2716 1785 omnes
2746 1739 2931 1786 autem
2958 1732 3341 1802 aequanimiter
3371 1734 3554 1788 mirati

1884 1817 2102 1878 Bsunt.
2164 1820 2299 1886 Sed,
2353 1823 2476 1893 quia
2535 1832 2654 1879 erat
2705 1824 2959 1895 gravida,
3015 1834 3228 1881 tantam
3281 1828 3553 1882 sustinere

1961 1930 2273 1984 pressuram
2318 1932 2429 1971 non
2462 1917 2669 1987 potuit,
2714 1916 2784 1972 ad
2815 1920 3124 1988 sepulcrum
3154 1927 3343 1975 tamen
3373 1936 3559 1991 perve-

1957 2008 2063 2075 nit,
2110 2008 2297 2079 ibique
2341 2009 2666 2077 succubuit;
2716 2019 2770 2065 et
2800 2011 2962 2081 paulo
2994 2020 3152 2082 post,
3198 2013 3333 2068 dum
3374 2015 3555 2069 vivere

1960 2118 2073 2156 non
2102 2110 2308 2172 posset,
2341 2103 2523 2157 occisa
2552 2112 2672 2170 est;
2706 2103 2864 2175 cujus
2887 2119 3014 2158 caro
3036 2105 3089 2158 in
3113 2105 3554 2160 benedictionem

1955 2193 2195 2250 diversas
2224 2211 2318 2265 per
2360 2204 2542 2266 partes
2579 2195 2749 2251 divisa
2780 2206 2882 2264 est,
2916 2212 3042 2269 qua:
3071 2198 3259 2253 multis
3298 2207 3445 2253 certe
3474 2199 3551 2252 in-

1957 2286 2129 2342 firmis
2159 2288 2450 2358 pristinam
2486 2287 2723 2343 reddidit
2750 2289 3068 2345 sanitatem.
3103 2290 3209 2345 Sed
3234 2306 3345 2346 non
3370 2291 3552 2346 minus

1956 2380 2225 2437 laudabile
2254 2398 2317 2438 ac
2348 2382 2650 2454 gloriosum
2680 2392 2784 2451 est,
2815 2382 2967 2454 quod
3000 2385 3254 2456 sequitur
3286 2403 3300 2439 :

2027 2485 2448 2540 Revertentibus
2477 2486 2621 2540 enim
2652 2484 2858 2541 eisdem
2891 2494 3017 2556 post
3057 2487 3389 2557 completam
3430 2502 3552 2542 ora-

1957 2579 2185 2646 tionem,
2226 2578 2524 2648 quamdam
2552 2578 2619 2633 ad
2651 2594 2847 2649 aquam
2876 2588 3161 2644 venerunt,
3214 2595 3399 2649 quam,
3445 2581 3551 2635 nisi

1954 2671 2185 2742 navigio,
2215 2671 2450 2725 transire
2493 2686 2603 2725 non
2635 2679 2948 2742 potuerunt.
2975 2673 3056 2727 Ut
3097 2680 3282 2727 autem
3320 2673 3552 2729 manife-

1951 2773 2229 2819 starentur
2256 2779 2419 2834 opera
2454 2764 2569 2831 Dei,
2618 2764 2772 2819 navis
2800 2764 3028 2820 alteram
3072 2767 3129 2820 in
3174 2775 3385 2835 partem
3438 2774 3550 2822 tra-

1954 2857 2119 2913 ducta
2158 2864 2257 2913 est.
2303 2857 2411 2912 Diu
2463 2872 2593 2927 ergo
2634 2863 3012 2927 exspectantes
3060 2865 3114 2913 et
3160 2858 3555 2929 aliquantulum

1952 2951 2154 3018 tristes,
2185 2966 2251 3005 eo
2290 2949 2435 3020 quod
2458 2949 2631 3021 jejuni
2661 2958 2815 3004 erant
2838 2966 2901 3005 ac
2928 2949 3161 3022 fatigati,
3194 2950 3551 3007 recordantes

1954 3044 2155 3115 prioris
2182 3043 2456 3110 miraculi,
2498 3044 2700 3097 iterum
2739 3043 3133 3099 invocaverunt
3163 3047 3339 3100 Deum
3372 3053 3431 3099 ut
3456 3060 3551 3113 per

1952 3138 2149 3192 merita
2195 3139 2280 3192 sui
2323 3138 2497 3193 sancti
2552 3134 2884 3192 confessoris
2928 3138 3174 3192 Anselmi
3226 3137 3551 3193 transeundi

1878 3212 1922 3274 Ο
1950 3230 2107 3287 daret
2156 3231 2465 3286 consilium.
2512 3231 2620 3285 Vix
2671 3230 2922 3301 precibus
2978 3231 3265 3302 completis
3321 3239 3378 3285 et
3427 3246 3551 3286 ecce

1946 3325 2103 3380 navis
2130 3324 2395 3379 dissoluta
2428 3323 2634 3394 absque
2678 3325 2829 3378 omni
2873 3324 3079 3397 remige
3125 3328 3275 3380 venit
3329 3323 3399 3379 ad
3430 3339 3543 3379 eos.

1946 3420 2169 3476 Gratias
2208 3417 2389 3488 itaque
2429 3416 2729 3472 referentes
2776 3421 2903 3472 Deo
2958 3418 3193 3489 ejusque
3244 3416 3546 3473 confessori

1947 3511 2311 3577 sanctissimo,
2375 3526 2570 3565 omnes
2622 3511 2957 3566 transierunt
3009 3511 3338 3577 incolumes,
3393 3511 3567 3585 cujus

1948 3619 2011 3660 ex
2049 3605 2199 3659 navis
2230 3604 2373 3674 ligno
2403 3602 2632 3659 diversis
2661 3603 2729 3659 de
2759 3603 3047 3660 doloribus
3094 3604 3419 3676 perplurimi
3455 3619 3546 3658 sa-

1950 3698 2064 3755 nati
2109 3706 2260 3753 sunt.

2019 3797 2242 3852 XXIX.
2266 3798 2438 3852 Nosse
2458 3796 2626 3851 etiam
2654 3796 2908 3851 volumus
2930 3803 3179 3852 sanctum
3208 3795 3547 3852 desiderium

1950 3899 2212 3959 vestrum,
2260 3890 2409 3962 quod
2436 3907 2550 3946 non
2592 3890 2813 3945 aliunde
2859 3890 3188 3959 didicimus,
3218 3906 3414 3946 verum
3445 3890 3544 3961 ipsi

1951 3984 2180 4040 vidimus
2210 3992 2266 4039 et
2299 3984 2547 4040 fecimus.
2582 3986 2717 4040 Erat
2746 3985 2800 4039 in
2831 3984 3118 4040 obsidione
3142 3982 3434 4054 cujusdam
3460 3998 3546 4038 ca-

1949 4078 2087 4132 stelli
2119 4078 2451 4144 veneranda,
2497 4093 2663 4148 quam
2698 4076 3089 4147 praediximus,
3121 4076 3425 4144 comitissa,
3457 4076 3548 4130 ubi

1950 4170 2289 4225 Teutonicus
2318 4171 2540 4240 quidam
2569 4171 2677 4225 ictu
2706 4178 2875 4241 petra;
2899 4169 3217 4225 vulneratus
3245 4179 3330 4225 est
3360 4170 3418 4223 in
3448 4184 3542 4224 ca-

1950 4264 2095 4333 pite;
2123 4264 2215 4334 qui
2237 4263 2420 4318 triduo
2452 4271 2575 4332 post
2603 4262 2872 4317 deductus
2902 4271 2984 4317 est
3010 4271 3262 4319 nostrum
3291 4264 3349 4316 in
3372 4262 3549 4333 hospi-

1950 4358 2111 4423 tium,
2144 4363 2412 4427 quatenus
2440 4355 2514 4409 ibi
2556 4355 2843 4410 meliorem
2882 4371 3050 4425 quam
3076 4355 3221 4425 apud
3250 4356 3417 4409 laicos
3448 4355 3547 4410 ha-

1948 4449 2099 4505 beret
2125 4448 2605 4521 tranquillitatem.
2630 4451 2794 4502 Hunc
2824 4447 3022 4502 deinde
3053 4456 3235 4518 gutta,
3267 4461 3429 4516 quam
3463 4464 3549 4518 pa-

239 4548 531 4603 sinistram
582 4563 813 4603 manum
858 4548 1123 4614 clausam,
1156 4547 1251 4603 sed
1295 4557 1351 4603 et
1403 4552 1839 4619 totam'partem
1872 4578 1921 4639 Β
1951 4544 2158 4615 ralysin
2196 4542 2393 4598 medici
2437 4550 2652 4609 vocant,
2683 4550 2801 4596 tam
2831 4540 3126 4596 crudeliter
3168 4540 3369 4594 invasit
3397 4539 3546 4611 quod

237 4640 393 4696 illam
427 4648 578 4711 gutta
608 4640 905 4712 paralytica
932 4640 1230 4711 perditam.
1259 4644 1415 4709 Haec,
1446 4642 1726 4713 trigesimo
1756 4640 1841 4696 die

240 4733 431 4790 obitus
455 4733 704 4804 ejusdem
724 4738 781 4791 S.
809 4735 1078 4805 praesulis,
1107 4736 1277 4805 ipsius
1301 4735 1365 4790 ad
1386 4735 1638 4790 tumbam
1656 4751 1838 4801 orans,

242 4843 376 4883 sana
407 4828 667 4883 surrexit.

310 4923 557 4976 XXVII.
590 4924 678 4976 De
722 4922 989 4976 comitatu
1034 4936 1252 4993 quoque
1306 4920 1722 4987 Mediolanensi,
1771 4920 1840 4976 de

242 5013 401 5083 plebe
450 5012 671 5069 Rosade
716 5013 945 5085 quidam
995 5013 1219 5069 claudus
1272 5012 1592 5081 advenerat,
1649 5014 1742 5084 qui
1789 5022 1842 5069 et

242 5108 420 5162 multa
446 5107 561 5178 jam
591 5116 911 5163 sanctorum
956 5106 1145 5162 limina
1189 5106 1263 5161 sic
1291 5114 1606 5161 contractus
1635 5107 1840 5162 sanita-

244 5208 364 5256 tem
406 5209 666 5273 expetens
709 5200 988 5257 circuibat.
1037 5201 1135 5255 Hic
1174 5199 1242 5254 ad
1284 5207 1534 5255 sanctum
1564 5200 1842 5255 tumulum

245 5310 533 5364 proruens,
566 5296 872 5351 orationem
902 5292 1127 5361 faciens,
1159 5308 1329 5349 sanus
1358 5292 1621 5348 continuo
1662 5290 1840 5347 factus

242 5397 349 5443 est.

322 5484 585 5538 XXVIII.
614 5482 718 5538 Die
736 5482 1021 5555 trigesimo
1050 5496 1219 5549 nono,
1245 5479 1446 5536 accidit
1468 5477 1669 5536 deinde
1693 5480 1841 5550 quod

244 5574 303 5629 in
334 5575 632 5631 multorum
662 5577 835 5632 oculis
846 5576 1157 5648 jucundum
1188 5574 1292 5631 fuit
1316 5584 1369 5630 et
1396 5574 1666 5629 mirabile.
1694 5576 1839 5629 Nam

247 5668 308 5720 in
336 5669 553 5736 litaniis,
590 5685 714 5741 qua;
743 5670 1103 5742 Gregoriana:
1130 5668 1491 5740 appellantur,
1517 5667 1651 5723 dum
1682 5666 1843 5721 innu-

244 5760 527 5819 merabilis
565 5762 860 5819 hominum
884 5762 1181 5819 multitudo
1223 5761 1294 5818 ad
1322 5777 1486 5832 supra
1526 5760 1732 5816 dictam
1763 5760 1839 5813 ci-

1952 4653 2143 4692 amens
2164 4636 2381 4707 penitus
2404 4634 2581 4691 factus
2605 4643 2709 4705 est,
2741 4634 2877 4690 adeo
2910 4642 2969 4689 ut
2992 4633 3121 4687 nihil
3145 4648 3278 4688 sane
3299 4633 3544 4701 sentiret,

1949 4731 2228 4786 neminem
2253 4738 2621 4800 cognosceret.
2646 4728 2834 4783 Vocati
2856 4742 3049 4782 sumus
3076 4726 3311 4797 denique
3338 4734 3393 4781 et
3421 4742 3547 4794 nos,

1950 4832 2217 4896 quatenus
2248 4823 2492 4894 injuncta
2530 4824 2579 4877 ei
2616 4822 2939 4892 pmnitentia
2972 4821 3428 4876 communionem
3461 4819 3550 4874 da-

1952 4932 2153 4972 remus.
2206 4916 2313 4972 Sed
2342 4931 2516 4986 neque
2556 4915 2876 4986 pmnitentia
2906 4914 3039 4986 quid
3082 4921 3223 4970 esset
3262 4914 3546 4986 potuimus

1951 5011 1997 5066 ei
2030 5011 2390 5066 innotescere.
2423 5012 2732 5076 Postremo,
2760 5024 2863 5064 nec
2884 5007 3013 5080 quid
3038 5012 3187 5064 Deus
3216 5015 3360 5062 esset
3381 5006 3548 5076 potui-

1950 5120 2077 5160 mus
2116 5121 2241 5160 eum
2272 5102 2455 5158 facere
2486 5118 2801 5173 agnoscere,
2837 5110 2933 5157 aut
2962 5106 3143 5157 Deum
3180 5100 3263 5155 vel
3303 5099 3543 5170 aliquem

1949 5205 2264 5253 sanctorum
2299 5196 2573 5252 invocare.
2625 5196 3057 5251 Aistimabamus
3097 5194 3399 5249 certissime
3426 5191 3544 5247 dae-

1948 5292 2205 5346 monium
2232 5290 2383 5345 illum
2410 5289 2627 5345 habere.
2656 5288 3071 5345 Vociferabatur
3099 5287 3264 5353 enim,
3301 5293 3363 5340 ut
3394 5300 3545 5341 asso-

1950 5384 2059 5439 lent
2083 5384 2281 5451 insani,
2308 5385 2548 5440 clamore
2577 5383 2757 5439 valido
2782 5379 3220 5437 inconvenientia
3252 5380 3459 5444 multa;
3488 5387 3543 5433 et

1949 5478 2059 5534 nisi
2095 5483 2373 5533 teneretur
2407 5477 2690 5546 violenter,
2722 5492 2832 5532 non
2862 5475 3041 5530 solum
3070 5473 3418 5539 vestimenta,
3449 5487 3539 5525 ve-

1949 5587 2077 5626 rum
2114 5570 2279 5626 etiam
2312 5570 2686 5641 discerpsisset
2712 5568 2982 5623 membra.
3034 5565 3270 5621 Auditur
3298 5564 3543 5633 undique

1950 5665 2177 5732 clamor,
2210 5672 2506 5720 accurrunt
2543 5662 2790 5734 plurimi,
2821 5661 2905 5715 alii
2951 5660 3289 5730 plangentes,
3320 5656 3409 5711 alii
3440 5656 3539 5709 ad-

1950 5758 2228 5813 mirantes.
2273 5757 2596 5813 Audivimus
2624 5768 2841 5826 quoque
2879 5769 2981 5808 nos
3020 5754 3076 5807 in
3116 5765 3335 5806 camera
3362 5748 3532 5818 ipsius
