4048 6174
514 318 618 369 9'27

1514 317 1604 369 AD
1643 316 1866 371 OPERA
1907 316 1961 372 S.
2005 315 2327 371 GREGORII
2363 314 2800 370 APPENDICES.

3704 318 3799 371 928

510 438 769 506 dominre,
787 438 1191 494 lamentabilcm
1214 438 1356 494 illius
1376 454 1588 506 vocem,
1608 455 1729 510 quae
1748 439 1932 496 divino
1953 456 2103 496 com-
2133 446 2184 507 Α
2215 439 2425 494 meritis
2454 438 2749 494 beatissimi
2778 438 3023 494 Anselmi
3050 439 3294 510 pristinae
3316 440 3609 497 restitntu
3629 448 3712 496 est
3734 457 3803 495 sa-

511 543 711 603 puncta
740 533 1021 599 instinctu,
1050 532 1126 586 ait
1148 532 1218 587 ad
1245 548 1332 588 me
1357 543 1421 588 ut
1447 533 1734 599 annulum,
1777 535 1868 605 qui
1899 538 1958 590 S.
1991 539 2101 588 An-

509 626 664 680 selmi
715 624 914 689 fuerat,
964 640 1127 695 quem
1175 625 1346 680 etiam
1384 625 1577 681 beatus
1618 643 1754 698 papa
1803 628 2100 698 Gregorius

506 715 819 788 aliquandiu
852 716 1109 783 habebat,
1142 717 1196 773 in
1227 735 1369 790 aqua
1410 720 1670 789 lavarem,
1702 736 1868 790 quam
1911 721 2101 776 biben-

507 811 656 877 dam,
678 809 782 864 sibi
803 813 972 880 [azgro
998 811 1282 879 nimirum]
1306 813 1662 884 porrigerem,
1685 829 1916 884 sperans
1943 814 2098 886 quod

507 902 716 958 meritis
763 903 1008 974 ipsorum
1057 905 1398 960 liberaretur.
1431 907 1670 978 Surgens
1719 922 1870 980 ergo,
1911 917 1966 964 et
2006 923 2100 963 ac-

505 1005 664 1067 cepto
711 999 936 1064 annulo,
977 997 1190 1068 perrexi
1231 997 1301 1054 ad
1342 1015 1491 1067 eum,
1523 1016 1686 1070 quem
1731 1001 1907 1056 inveni
1960 1003 2100 1057 miro

503 1090 673 1145 modo
705 1090 1118 1156 vociferantem,
1152 1107 1217 1146 ac
1241 1092 1486 1162 seipsum
1525 1092 1950 1166 discerpentem.

576 1185 718 1239 Nam
759 1184 880 1239 licet
906 1199 1032 1239 eum
1075 1186 1315 1256 quinque
1349 1186 1451 1241 viri
1481 1185 1650 1243 fortes
1683 1196 1958 1256 tenerent,
1991 1189 2099 1246 duo

507 1292 602 1347 per
629 1292 808 1342 crura,
840 1277 1060 1347 duoque
1103 1293 1198 1349 per
1238 1279 1478 1347 brachia,
1522 1288 1577 1336 et
1617 1297 1761 1337 unus
1805 1283 1864 1336 in
1893 1283 2097 1354 capite,

505 1369 813 1425 luctabatur
842 1377 1023 1424 tamen
1046 1380 1266 1440 pectore
1294 1388 1357 1427 ac
1376 1382 1564 1428 ventre
1585 1375 1758 1445 magis
1787 1391 1952 1445 quam
1983 1392 2098 1432 cre-

505 1461 718 1527 derem,
749 1463 856 1517 nisi
887 1478 1122 1533 praesens
1150 1464 1422 1522 vidissem.
1457 1473 1692 1538 Accepta
1721 1469 1906 1539 itaque
1939 1485 2097 1540 aqua,

505 1555 770 1611 annulum
795 1556 943 1611 intus
958 1556 1011 1610 in
1032 1558 1259 1612 nomine
1282 1561 1504 1614 Domini
1528 1562 1831 1631 posuimus,
1851 1571 2098 1634 etaperto

507 1649 622 1720 ejus
650 1664 745 1703 ore
769 1649 828 1703 in
858 1664 1054 1718 magna
1078 1650 1334 1707 violentia
1362 1668 1488 1708 cum
1515 1655 1784 1711 cocleario
1810 1672 2100 1728 parumper

506 1756 631 1796 eum
665 1742 749 1796 vix
783 1741 959 1812 primo
987 1743 1333 1813 potavimus;
1365 1747 1456 1817 qui
1498 1763 1609 1802 non
1637 1749 1810 1803 multo
1841 1759 1964 1820 post
2003 1766 2096 1805 vo-

503 1834 642 1889 cavit
681 1850 772 1889 me
821 1849 890 1890 ex
936 1836 1186 1903 nomine,
1231 1846 1394 1910 atque
1435 1839 1655 1911 incmpit
1683 1857 1872 1898 vocem
1915 1859 2098 1899 meam

503 1942 819 1999 agnoscere,
856 1936 908 1983 et
936 1928 1251 1987 admonitus
1289 1931 1554 1988 continuo
1586 1934 1858 1991 invocavit
1885 1937 1940 1992 S.
1987 1940 2101 1991 An-

502 2021 772 2088 selmum;
801 2028 876 2086 et,
913 2030 975 2076 ut
1002 2022 1238 2078 breviter
1267 2024 1466 2091 dicam,
1500 2035 1627 2096 post
1650 2043 1840 2094 unam,
1872 2036 1936 2083 ut
1954 2030 2102 2085 aesti-

505 2128 618 2179 mo,
655 2113 853 2168 horam
883 2115 1093 2170 meritis
1121 2125 1442 2172 sanctorum
1475 2119 1859 2176 confessorum
1888 2123 1981 2192 qui
2005 2139 2100 2178 eo-

504 2205 632 2260 dem
671 2205 876 2261 annulo
924 2207 984 2260 in
1030 2207 1218 2263 divino
1262 2210 1554 2265 utebantur
1582 2212 1788 2281 ofﬁcio,
1836 2215 2104 2286 requievit

437 2287 442 2291 ’
507 2299 945 2354 mansuetissime
971 2308 1026 2354 et
1050 2300 1374 2372 loquebatur
1402 2311 1565 2358 recte.
1600 2305 1739 2360 Huic
1769 2322 1962 2378 nempe
1991 2310 2099 2362 mi-

437 2393 441 2400 ‘
501 2391 685 2446 raculo
738 2392 897 2448 multi
927 2393 1256 2461 intererant,
1289 2395 1381 2466 qui
1423 2406 1722 2467 prasentes
1749 2399 2001 2456 viderunt
2047 2403 2137 2457 et‘

501 2483 814 2552 audierunt,
845 2495 1012 2558 atque
1042 2487 1475 2546 misericordiam
1517 2490 1617 2546 Dei
1649 2491 1704 2546 in
1745 2493 1859 2548 suis
1899 2495 2098 2550 sanctis

501 2576 904 2634 confessoribus
925 2579 1379 2650 gloriﬁcaverunt.

572 2674 704 2726 Haec
731 2671 800 2726 de
828 2670 1151 2729 beatissimo
1182 2676 1340 2730 Patre
1368 2692 1432 2732 ac
1471 2685 1705 2748 patrono
1749 2688 1942 2735 nostro
1971 2697 2098 2737 san-

499 2769 588 2817 cto
640 2764 908 2819 Anselmo
961 2767 1201 2821 Lucensi
1248 2767 1503 2840 episc0po
1549 2785 1815 2841 perpauca
1845 2773 2095 2844 quidem,

499 2863 768 2926 quantum
806 2855 875 2911 ad
918 2856 1086 2927 ipsius
1128 2860 1338 2926 merita,
1383 2861 1479 2917 sed
1520 2864 1726 2932 vestris,
1776 2880 1960 2936 spero,
1997 2868 2097 2938 piis

499 2946 780 3004 desideriis
837 2950 1198 3021 proﬁcientia,
1244 2969 1346 3024 ego
1396 2957 1459 3008 B.
1511 2965 1770 3026 peccator
1815 2959 2094 3031 presbyter

495 3055 626 3095 suus
654 3041 707 3096 in
737 3044 1077 3112 paenitentia,
1120 3061 1236 3100 non
1273 3046 1395 3102 dico
1424 3047 1588 3116 ﬁlius,
1633 3050 1729 3106 sed
1771 3067 1991 3118 servus,
2025 3053 2094 3108 ab

495 3133 613 3204 ipso
644 3135 832 3190 multis
861 3151 989 3191 cum
1014 3138 1267 3209 lacrymis
1298 3138 1369 3194 ad
1397 3141 1656 3197 eumdem
1689 3142 1946 3198 ordinem
1975 3160 2094 3216 pro-
2122 3151 2166 3213 ο

497 3235 712 3295 motus,
764 3230 1146 3285 venerabiliter
1190 3231 1344 3287 vobis
1401 3236 1782 3304 expetentibus
1831 3239 2094 3309 explicavi

495 3319 744 3376 devotus.
789 3325 994 3378 Precor
1017 3340 1137 3392 vos,
1179 3334 1329 3381 orate
1357 3343 1455 3398 pro
1485 3343 1594 3384 me.

569 3437 696 3503 Qum
723 3445 1024 3508 sequuntur
1071 3456 1106 3493 α
1147 3445 1534 3499 recentioribus
1579 3450 1881 3516 conscripta
1949 3455 2091 3512 sunt,

495 3531 633 3584 sicut
664 3534 774 3601 ipsi
800 3538 896 3587 aut
924 3535 1198 3601 viderunt,
1226 3541 1323 3590 aut
1358 3553 1392 3590 a
1419 3538 1662 3606 ﬁdelibus
1690 3541 2090 3598 intellcmeru-nt.

563 3641 756 3695 XXX.
783 3643 1211 3714 Quadragesimo
1237 3663 1384 3701 nono
1409 3647 1497 3702 die
1527 3665 1558 3703 a
1589 3653 1762 3706 sancti
1792 3653 1891 3707 viri
1921 3661 2092 3708 trans-

494 3731 596 3799 itu,
625 3732 740 3786 sole
755 3733 874 3804 jam
899 3735 1201 3805 occidente,
1236 3754 1329 3808 per
1357 3737 1627 3796 famulum
1653 3758 1812 3799 suum
1840 3745 2094 3817 dignatus

495 3833 579 3878 est
607 3825 878 3880 Dominus
909 3829 1201 3885 ostendere
1231 3839 1285 3885 ct
1313 3831 1420 3886 hoc
1450 3833 1796 3891 miraculum.
1831 3839 1995 3894 Venit
2021 3839 2090 3895 ad

496 3917 775 3972 tumulum
805 3919 1127 3975 sanctissimi
1157 3924 1333 3978 Patris
1374 3926 1545 3979 nostri
1580 3928 1833 3997 quaedam
1872 3930 1939 3985 de
1977 3933 2089 4002 epi-

493 4015 718 4080 scopatu
744 4011 1121 4083 Cremonensi,
1152 4013 1219 4068 de
1245 4031 1337 4070 ora
1370 4015 1462 4072 illa
1484 4033 1604 4087 quae
1635 4018 1837 4075 dicitur
1861 4022 2088 4093 Cancer,

492 4101 578 4156 cui
610 4101 854 4158 albulum
884 4104 1042 4160 unius
1087 4107 1228 4161 oculi
1270 4108 1456 4163 lumen
1487 4109 1699 4181 penitus
1755 4113 2086 4184 abstulerat;

491 4194 642 4248 alteri
666 4211 792 4250 vero
825 4196 911 4250 vix
939 4196 993 4252 in
1023 4198 1111 4255 die
1134 4199 1349 4256 videndi
1381 4201 1606 4260 facultas
1635 4211 1772 4261 erat.
1805 4208 1938 4275 Qum
1971 4225 2090 4265 ora-

493 4287 734 4343 tionibus
772 4288 1087 4360 aliquandiu
1127 4293 1403 4363 insistens,
1431 4298 1645 4353 meritis
1672 4301 1843 4355 sancti
1888 4318 2089 4372 pracsu-

493 4380 554 4436 lis
592 4383 776 4438 caecati
807 4385 952 4439 oculi
982 4386 1280 4442 claritatem
1311 4391 1532 4461 recepit.
1562 4391 1734 4447 Alteri
1763 4403 1970 4463 autem,
1998 4399 2084 4452 cui

2210 533 2373 588 nitati
2397 532 2489 588 die
2513 533 2966 604 quinquagesimo
3010 533 3182 603 ipsius
3209 533 3412 589 obitus.

2279 631 2522 699 XXXII.
2553 631 2813 685 Dominae
2855 629 3161 699 Mathildae,
3193 631 3440 687 Ubaldus
3480 631 3806 686 Mantuanus

2208 721 2514 794 episcopus,
2538 723 2801 794 gaudium
2823 732 2878 778 et
2899 724 3142 778 laetitiam
3173 727 3340 792 (486).

2283 825 2562 876 Immenso
2591 819 2858 877 desiderio
2887 829 3068 877 vestro
3105 821 3476 878 desideratam
3514 822 3807 877 scribimus

2212 914 2474 970 laetitiam.
2507 914 2632 970 Fuit
2657 912 2913 986 quaedam
2933 913 2999 969 de
3025 915 3311 986 Capriana,
3334 930 3483 986 quae,
3510 915 3663 970 velut
3691 916 3804 970 ani-

2211 1009 2338 1076 mal,
2366 1007 2622 1063 manibus
2641 1015 2697 1062 et
2715 1007 2945 1079 pedibus
2974 1007 3277 1071 incedebat,
3309 1024 3476 1080 quam
3509 1012 3664 1063 Deus
3692 1025 3806 1064 om-

2211 1103 2464 1172 nipotens
2499 1117 2594 1172 per
2620 1101 2815 1156 merita
2843 1101 3168 1158 sanctissimi
3195 1102 3374 1158 Patris
3408 1102 3582 1157 nostri
3615 1103 3802 1168 erexit,

2213 1204 2267 1250 et
2286 1194 2354 1251 ad
2381 1195 2486 1250 iter
2504 1202 2718 1250 tantum
2743 1193 2930 1250 ofﬁcio
2950 1194 3174 1267 pedum,
3195 1195 3334 1250 sicut
3355 1195 3598 1252 hominis
3614 1205 3804 1252 natura

2211 1289 2445 1359 expetit,
2476 1287 2586 1343 frui
2617 1289 2908 1344 concessit.

2275 1390 2552 1444 XXXIII.
2581 1389 2772 1444 Simile
2793 1389 2958 1444 etiam
2980 1388 3282 1444 remedium
3309 1388 3525 1445 cuidam
3542 1388 3613 1444 de
3633 1389 3803 1444 insula

2208 1482 2504 1550 Parmensi,
2547 1498 2673 1552 qua:
2713 1491 2795 1537 est
2814 1481 2972 1553 juxta
2999 1491 3164 1552 caput
3205 1482 3501 1548 Parmulae,
3552 1482 3804 1538 similiter

2211 1577 2492 1632 incurvato
2520 1575 2770 1632 conferre
2807 1575 3060 1647 dignatus
3091 1584 3193 1631 est.

2278 1676 2552 1730 XXXIV.
2582 1677 2852 1731 Praeterea
2898 1689 3031 1745 puer
3057 1673 3284 1745 quidam
3314 1673 3380 1729 de
3424 1675 3618 1730 Monte
3645 1674 3802 1730 Claro

2137 1803 2180 1864 Β
2211 1784 2440 1824 manum
2485 1775 2539 1824 et
2586 1767 2784 1838 pedem
2827 1775 3178 1823 contractum
3220 1767 3486 1836 habebat,
3527 1768 3618 1823 cui
3660 1771 3806 1823 Deus

2209 1872 2508 1933 utrumque
2551 1861 2802 1932 precibus
2851 1861 3152 1917 beatissimi
3201 1861 3448 1932 praesulis
3479 1860 3548 1917 ad
3591 1870 3802 1916 certum

2208 1971 2374 2010 usum
2399 1954 2661 2010 restituit.

2279 2055 2522 2109 XXXV.
2551 2055 2664 2109 Nec
2689 2068 2798 2108 non
2829 2053 3046 2108 muneri
3076 2052 3298 2109 cuidam
3323 2052 3392 2108 de
3425 2053 3568 2119 loco,
3600 2052 3692 2124 qui
3719 2050 3798 2106 di-

2209 2149 2353 2204 citur
2379 2148 2561 2202 Insula
2589 2149 2771 2219 Ogeru
2800 2149 2996 2216 [BAB.,
3036 2147 3248 2219 Egerii],
3281 2162 3404 2219 quae
3431 2163 3666 2202 manum
3693 2146 3799 2200 ari-

2207 2241 2333 2298 dam
2372 2241 2628 2310 habebat,
2661 2257 2757 2313 per
2803 2240 3052 2313 ejusdem
3080 2242 3298 2313 patroni
3327 2241 3500 2296 nostri
3538 2241 3795 2296 interces-

2208 2337 2418 2392 sionem
2462 2343 2644 2406 optata
2675 2336 2822 2391 salus
2850 2335 3084 2391 advenit.

2278 2435 2542 2489 XXXVI.
2577 2433 2807 2488 Cuidam
2837 2449 3053 2506 quoque
3082 2449 3252 2505 puero
3277 2433 3345 2489 de
3373 2432 3586 2505 Ripalta
3619 2431 3793 2505 [BAB.,

2207 2526 2447 2599 Rivalta]
2480 2527 2654 2582 visum
2682 2525 2939 2582 reddidit.

2277 2625 2575 2680 XXXVII.
2614 2623 2883 2694 Quadam
2907 2622 3162 2679 similiter
3190 2623 3258 2680 de
3278 2623 3590 2695 episcopatu
3626 2623 3806 2676 Vero--

2204 2718 2378 2785 nensi,
2406 2733 2532 2772 cum
2553 2718 2671 2790 jam
2692 2718 2899 2773 civitati
2932 2725 3137 2774 nostra:
3164 2718 3646 2789 appropinquaret,
3676 2731 3797 2771 ocu-

2206 2813 2386 2867 lorum
2415 2811 2724 2866 claritatem
2752 2811 2979 2882 recepit.

2274 2915 2600 2968 XXXVIII.
2619 2911 2855 2983 Quidam
2880 2912 3045 2968 etiam
3070 2910 3137 2967 de
3154 2911 3454 2967 Plevazano
3471 2915 3667 2979 [BAB.,
3686 2913 3798 2966 Plo-

2204 3006 2452 3074 vizano],
2483 3007 2642 3078 cujus
2680 3006 2916 3061 calcanei
2954 3005 3179 3060 natibus
3221 3004 3675 3061 indissolubiliter
3701 3003 3794 3060 ad-

2205 3099 2506 3166 haarebant,
2534 3099 2776 3170 pristinae
2799 3100 3085 3155 restitutus
3115 3107 3197 3154 est
3223 3099 3466 3166 sanitati,
3497 3114 3666 3169 quem
3697 3096 3790 3152 do-

2206 3193 2354 3247 mino
2405 3199 2460 3247 et
2510 3191 2763 3262 religioso
2813 3192 2934 3248 viro
2991 3192 3342 3264 Lugdunensi
3389 3191 3794 3262 archiepiscopo

2205 3284 2568 3353 ostendimus,
2595 3293 2650 3340 et
2673 3285 2856 3340 locum
2885 3285 3266 3341 denotavimus
3286 3285 3376 3340 ubi
3405 3286 3650 3340 calcanei
3674 3285 3796 3356 jun-

2205 3379 2276 3434 cti
2309 3376 2547 3433 fuerant.
2579 3379 2715 3447 Quae
2745 3380 2903 3434 multi
2939 3395 3004 3434 ex
3040 3379 3352 3450 episcopatu
3387 3377 3582 3433 Brixia:
3613 3387 3668 3433 et
3698 3381 3792 3432 Ve-

2203 3487 2378 3540 ronae,
2426 3472 2763 3544 diversisque
2807 3473 2928 3528 aliis
2974 3472 3250 3543 partibus,
3293 3471 3384 3544 qui
3428 3479 3793 3527 convenerant

2205 3583 2306 3638 pro
2347 3566 2697 3621 veneratione
2728 3565 2826 3620 viri
2872 3566 2927 3620 in
2957 3565 3132 3637 vigilia
3179 3565 3527 3621 Ascensionis
3567 3564 3792 3619 Domini

2203 3658 2445 3714 videntes
2473 3659 2610 3726 ﬁeri,
2645 3659 2892 3718 conversi
2921 3667 3050 3714 sunt
3074 3658 3142 3714 ad
3171 3659 3492 3724 Dominum,
3517 3658 3790 3713 abrenun-

2203 3752 2400 3806 tiantes
2455 3752 2674 3807 diabolo
2722 3760 2777 3806 et
2820 3752 3161 3824 scquacibus,
3209 3761 3264 3808 et
3310 3752 3700 3827 promittentes
3738 3767 3793 3806 se

2202 3844 2351 3915 prius
2388 3844 2457 3900 ad
2485 3843 2810 3900 effusionem
2843 3845 3126 3918 sanguinis
3153 3853 3532 3916 perventuros,
3573 3845 3619 3900 si
3646 3844 3713 3900 ad
3740 3843 3791 3899 id

2202 3937 2420 4008 periculi
2442 3937 2761 3994 devenirent
2787 3955 2955 4010 quam
2977 3939 3045 3995 ab
3071 3939 3176 3994 hac
3197 3938 3301 3994 ﬁde
3323 3938 3636 3994 deﬁcerent.
3663 3942 3792 3994 Haec

2201 4031 2384 4086 omnia
2411 4030 2464 4085 in
2492 4031 2675 4103 vigilia
2707 4033 3051 4089 Ascensionis
3079 4033 3336 4100 Domini,
3363 4040 3419 4087 et
3445 4031 3500 4086 in
3541 4031 3791 4103 sequenti

2199 4133 2361 4179 nocte
2388 4123 2528 4180 facta
2556 4134 2715 4192 sunt,
2743 4135 2797 4181 et
2811 4126 2984 4181 multa
3005 4125 3127 4191 alia,
3150 4141 3275 4196 qua:
3295 4141 3412 4197 prae
3438 4123 3785 4180 multitudine

2196 4217 2442 4272 invenire
2472 4234 2583 4273 non
2614 4219 2930 4290 potuimus;
2969 4234 3112 4291 quae,
3146 4219 3189 4273 si
3220 4218 3600 4285 invenerimus,
3627 4216 3791 4271 vobis

2196 4311 2502 4366 scribemus
2544 4312 2689 4380 (487)

2267 4411 2548 4465 XXXIX.
2590 4415 2720 4466 Erat
2749 4421 3016 4481 praeterea
3045 4413 3296 4485 quaedam
3324 4411 3393 4469 de
3421 4413 3666 4480 castello,
3697 4413 3793 4468 cui

490 4474 748 4577 meridies
777 4477 846 4532 ad
876 4477 1179 4577 νίᾷθηίξυῐη
1208 4490 1366 4538 antea
1399 4483 1483 4537 Vix
1514 4482 1748 4553 δυῙΤΘείῑ,
1780 4504 1925 4544 nunc
1960 4506 2082 4546 cre-
2116 4490 2166 4552 D
2194 4518 2394 4557 nomen
2416 4511 2497 4557 est
2517 4503 2825 4572 Gudiciole,
2853 4521 2974 4576 quae
3004 4474 3135 4577 pede
3157 4522 3229 4563 ex
3249 4507 3621 4562 contractione
3643 4522 3792 4577 genu

492 4569 779 4638 pusculum
812 4573 991 4627 noctis
1020 4573 1224 4630 obedit.

560 4662 782 4716 XXXI.
811 4666 1154 4722 Convenerat
1172 4667 1240 4722 ad
1266 4670 1462 4726 urbem
1483 4673 1842 4730 Mantuanam
1873 4692 1971 4747 pro
2005 4694 2086 4733 ve-

485 4752 760 4809 neratione
786 4757 959 4811 sancti
987 4759 1083 4813 viri
1109 4761 1406 4818 multitudo
1435 4779 1656 4837 magna,
1688 4766 1756 4824 de
1786 4768 2005 4825 civitate
2031 4779 2086 4826 et

487 4843 796 4915 episcopatu
827 4848 1046 4904 Brixiae.
1072 4852 1222 4905 Inter
1250 4868 1390 4922 quos
1421 4865 1577 4910 erant
1600 4858 1822 4929 quidam
1856 4861 1955 4917 sub
1985 4863 2081 4919 ob-

489 4942 640 4989 tentu
667 4936 965 5007 religionis,
990 4941 1104 4996 imo
1132 4957 1293 4998 causa
1314 4944 1698 5005 simulationis.
1728 4951 1818 5008 Ad
1842 4969 2082 5024 quorum

488 5027 930 5086 incredulitatem
965 5032 1382 5106 confutandam,
1420 5046 1474 5093 et
1519 5040 1586 5095 ad
1627 5043 1963 5100 credentium
1990 5049 2080 5118 qui

488 5119 560 5175 ibi
596 5121 826 5177 aderant
852 5122 1020 5180 ﬁdem
1049 5128 1546 5198 corroborandam,
1577 5135 1857 5192 Dominus
1899 5141 2080 5194 omni-

486 5221 679 5284 potens
707 5231 863 5271 suam
904 5218 1144 5274 ostendit
1171 5221 1636 5293 misericordiam;
1673 5227 1892 5298 quidam
1934 5234 2080 5290 enim

487 5321 650 5361 senex
681 5307 748 5364 de
781 5308 981 5365 familia
1026 5312 1335 5380 Manifredi,
1384 5315 1452 5372 de
1495 5317 1614 5374 loco
1642 5321 1733 5390 qui
1765 5322 1958 5380 dicitur
1987 5327 2077 5382 Pi-

483 5409 741 5471 gognata,
777 5403 848 5458 ob
875 5403 1195 5461 incisionem
1223 5407 1382 5464 unius
1415 5425 1577 5481 genu,
1623 5415 1911 5474 accedente
1940 5437 2077 5492 quo-

485 5509 590 5565 que
622 5493 778 5548 alteri
804 5505 955 5566 gutta
977 5499 1329 5571 [apoplexia],
1360 5505 1642 5562 occasione
1672 5507 1834 5582 hujus
1859 5512 2079 5571 incisio-

483 5586 596 5652 nis,
646 5585 826 5644 ofﬁcio
872 5590 1073 5660 pedum
1119 5593 1297 5649 tribus
1347 5598 1626 5655 mensibus
1657 5614 1948 5674 caruerat;
1982 5609 2076 5678 qui

554 5750 698 5815 (486)
712 5750 929 5808 Recitat
941 5750 1081 5809 hanc
1095 5754 1255 5826 epist.
1274 5759 1443 5827 Bas,
1460 5774 1605 5818 anno
1628 5768 1787 5832 1086,
1803 5781 1961 5823 num.
1988 5775 2072 5824 12.

2191 4603 2393 4650 terram
2436 4596 2700 4668 attingere
2735 4614 2847 4652 non
2886 4599 3092 4667 valens,
3145 4599 3449 4655 incedendo
3493 4615 3656 4655 curva
3697 4599 3794 4656 vix

2193 4688 2409 4744 duobus
2433 4689 2641 4745 baculis
2667 4691 2917 4748 inﬁrmos
2945 4694 3288 4748 sustentabat
3319 4701 3487 4749 artus.
3518 4695 3642 4748 Haec
3681 4692 3794 4747 ali-

2194 4791 2329 4853 quot
2357 4781 2551 4839 diebus
2597 4788 2771 4841 sancti
2821 4785 3096 4858 pontiﬁcis
3138 4787 3422 4858 postulans
3467 4787 3794 4842 misericor-

2191 4873 2358 4943 diam,
2391 4885 2683 4932 consecuta
2727 4887 2811 4933 est
2841 4893 2953 4934 sua
2984 4878 3320 4935 inﬁrmitatis
3349 4878 3623 4935 salubrem
3661 4893 3794 4933 me-

2193 4965 2392 5023 delam.

2263 5061 2390 5115 XL.
2421 5061 2547 5116 Fuit
2576 5062 2780 5133 pariter
2803 5063 2884 5118 vir
2911 5063 3136 5136 quidam
3169 5065 3368 5122 nobilis
3400 5080 3618 5138 genere,
3646 5065 3802 5123 Ade-

2189 5151 2406 5208 cherius
2427 5155 2648 5210 nomine
2665 5196 2678 5221 ,
2710 5156 2798 5211 cui
2826 5156 2994 5213 biduo
3017 5158 3278 5231 sanguine
3298 5174 3328 5214 e
3358 5158 3577 5214 naribus
3603 5174 3802 5216 erum—

2191 5255 2374 5316 pente,
2402 5248 2549 5302 velut
2580 5247 2647 5302 de
2686 5263 2819 5303 vena
2851 5248 2999 5306 ferro
3030 5267 3310 5323 percussa,
3339 5251 3408 5307 de
3445 5252 3556 5307 sola
3586 5255 3804 5311 mortis

2189 5338 2588 5409 exspectatione
2613 5339 2733 5412 jam
2787 5343 3092 5420 cogitabat.
3133 5345 3238 5400 Sed
3293 5361 3421 5400 cum
3472 5345 3584 5418 jam
3631 5346 3798 5403 nulla

2189 5431 2532 5487 medicorum
2557 5431 2799 5490 adhibita
2829 5452 2963 5493 cura
2987 5446 3434 5510 perrumpentem
3459 5439 3803 5511 sanguinem
3885 5461 3888 5463 ·

2150 5524 2398 5578 valebat
2455 5526 2806 5598 restringere,
2865 5528 3215 5601 interpellans
3261 5541 3512 5588 sanctum
3561 5533 3799 5604 pontiﬁ-

2187 5631 2329 5682 cem,
2357 5624 2520 5687 atque
2556 5618 2626 5674 ad
2652 5620 2822 5691 ipsius
2865 5638 3064 5695 corpus
3089 5639 3148 5680 se
3171 5632 3468 5682 venturum
3495 5626 3798 5696 devotans,

2241 5780 2382 5841 (487)
2413 5778 2709 5851 [Inousque
2733 5782 2962 5854 epistola
2994 5783 3214 5840 Ubaldi.
