  <div class='ocr_page' id='page_1' title='image "/cluster/home/n/w/nwhite01/storage/ocr_20150623/148/hvd.32044054760061/470.png"; bbox 0 0 4010 6164; ppageno 0'>
   <div class='ocr_carea' id='block_1_1' title="bbox 210 248 316 298">
    <p class='ocr_par' dir='ltr' id='par_1_1' title="bbox 210 248 316 298">
     <span class='ocr_line' id='line_1_1' title="bbox 210 248 316 298; baseline 0 -1"><span class='ocrx_word' id='word_1_1' title='bbox 210 248 316 298; x_wconf 78' lang='lat'><strong>929</strong></span> 
     </span>
    </p>
   </div>
   <div class='ocr_carea' id='block_1_2' title="bbox 1125 243 2603 305">
    <p class='ocr_par' dir='ltr' id='par_1_2' title="bbox 1125 243 2603 305">
     <span class='ocr_line' id='line_1_2' title="bbox 1125 243 2603 305; baseline 0.004 -8"><span class='ocrx_word' id='word_1_2' title='bbox 1125 246 1408 298; x_wconf 73' lang='lat' dir='ltr'><strong>APPEND.</strong></span> <span class='ocrx_word' id='word_1_3' title='bbox 1453 246 1534 299; x_wconf 92' lang='lat' dir='ltr'><strong>III.</strong></span> <span class='ocrx_word' id='word_1_4' title='bbox 1580 275 1650 283; x_wconf 90' lang='lat'>—</span> <span class='ocrx_word' id='word_1_5' title='bbox 1687 243 2103 302; x_wconf 82' lang='lat' dir='ltr'><strong>MONUMENTA</strong></span> <span class='ocrx_word' id='word_1_6' title='bbox 2142 250 2603 305; x_wconf 75' lang='lat' dir='ltr'><strong>GREGORIANA.</strong></span> 
     </span>
    </p>
   </div>
   <div class='ocr_carea' id='block_1_3' title="bbox 3376 240 3509 313">
    <p class='ocr_par' dir='ltr' id='par_1_3' title="bbox 3376 240 3509 313">
     <span class='ocr_line' id='line_1_3' title="bbox 3376 240 3509 313; baseline 0.03 -3"><span class='ocrx_word' id='word_1_7' title='bbox 3376 240 3377 243; x_wconf 55' lang='grc'><em>“</em></span> <span class='ocrx_word' id='word_1_8' title='bbox 3407 261 3509 313; x_wconf 84' lang='lat'><strong>930</strong></span> 
     </span>
    </p>
   </div>
   <div class='ocr_carea' id='block_1_4' title="bbox 210 367 3506 446">
    <p class='ocr_par' dir='ltr' id='par_1_4' title="bbox 210 367 3506 446">
     <span class='ocr_line' id='line_1_4' title="bbox 210 367 3506 446; baseline 0.004 -24"><span class='ocrx_word' id='word_1_9' title='bbox 210 367 469 422; x_wconf 91' lang='lat' dir='ltr'><strong>instantis</strong></span> <span class='ocrx_word' id='word_1_10' title='bbox 510 367 711 423; x_wconf 90' lang='lat' dir='ltr'><strong>mortis</strong></span> <span class='ocrx_word' id='word_1_11' title='bbox 738 367 900 422; x_wconf 82' lang='lat' dir='ltr'><strong>evasit</strong></span> <span class='ocrx_word' id='word_1_12' title='bbox 928 367 1227 436; x_wconf 87' lang='lat' dir='ltr'><strong>periculum</strong></span> <span class='ocrx_word' id='word_1_13' title='bbox 1250 368 1460 423; x_wconf 91' lang='lat' dir='ltr'><strong>meritis</strong></span> <span class='ocrx_word' id='word_1_14' title='bbox 1488 377 1541 423; x_wconf 92' lang='lat' dir='ltr'><strong>et</strong></span> <span class='ocrx_word' id='word_1_15' title='bbox 1562 368 1809 439; x_wconf 79' lang='lat' dir='ltr'><strong>precibus</strong></span> <span class='ocrx_word' id='word_1_16' title='bbox 1840 373 1891 435; x_wconf 88' lang='grc' dir='ltr'><strong>Α</strong></span> <span class='ocrx_word' id='word_1_17' title='bbox 1922 372 2105 429; x_wconf 91' lang='lat' dir='ltr'><strong>nimus</strong></span> <span class='ocrx_word' id='word_1_18' title='bbox 2168 374 2481 446; x_wconf 91' lang='lat' dir='ltr'><strong>speculum,</strong></span> <span class='ocrx_word' id='word_1_19' title='bbox 2535 390 2565 429; x_wconf 90' lang='lat' dir='ltr'><strong>a</strong></span> <span class='ocrx_word' id='word_1_20' title='bbox 2612 390 2723 446; x_wconf 90' lang='lat' dir='ltr'><strong>quo</strong></span> <span class='ocrx_word' id='word_1_21' title='bbox 2778 376 3117 446; x_wconf 86' lang='lat' dir='ltr'><strong>postulamus</strong></span> <span class='ocrx_word' id='word_1_22' title='bbox 3162 378 3442 435; x_wconf 85' lang='lat' dir='ltr'><strong>auxilium.</strong></span> <span class='ocrx_word' id='word_1_23' title='bbox 3483 405 3506 427; x_wconf 75' lang='grc' dir='ltr'><strong>υ</strong></span> 
     </span>
    </p>
   </div>
   <div class='ocr_carea' id='block_1_5' title="bbox 210 460 693 517">
    <p class='ocr_par' dir='ltr' id='par_1_5' title="bbox 210 460 693 517">
     <span class='ocr_line' id='line_1_5' title="bbox 210 460 693 517; baseline -0.006 -1"><span class='ocrx_word' id='word_1_24' title='bbox 210 460 544 517; x_wconf 81' lang='lat' dir='ltr'><strong>sanctissimi</strong></span> <span class='ocrx_word' id='word_1_25' title='bbox 576 461 693 515; x_wconf 87' lang='lat' dir='ltr'><strong>viri.</strong></span> 
     </span>
    </p>
   </div>
   <div class='ocr_carea' id='block_1_6' title="bbox 280 555 1804 627">
    <p class='ocr_par' dir='ltr' id='par_1_6' title="bbox 280 555 1804 627">
     <span class='ocr_line' id='line_1_6' title="bbox 280 555 1804 627; baseline 0.001 -17"><span class='ocrx_word' id='word_1_26' title='bbox 280 557 431 611; x_wconf 85' lang='lat' dir='ltr'><strong>XLI.</strong></span> <span class='ocrx_word' id='word_1_27' title='bbox 467 556 612 625; x_wconf 80' lang='lat'><strong>(488)</strong></span> <span class='ocrx_word' id='word_1_28' title='bbox 653 555 1049 611; x_wconf 88' lang='lat' dir='ltr'><strong>Miraculorum</strong></span> <span class='ocrx_word' id='word_1_29' title='bbox 1102 556 1354 627; x_wconf 80' lang='lat' dir='ltr'><strong>quaedam</strong></span> <span class='ocrx_word' id='word_1_30' title='bbox 1402 557 1488 612; x_wconf 91' lang='lat' dir='ltr'><strong>vel</strong></span> <span class='ocrx_word' id='word_1_31' title='bbox 1544 556 1804 611; x_wconf 88' lang='lat' dir='ltr'><strong>oblivioni</strong></span> 
     </span>
    </p>
   </div>
   <div class='ocr_carea' id='block_1_7' title="bbox 206 648 1803 721">
    <p class='ocr_par' dir='ltr' id='par_1_7' title="bbox 206 648 1803 721">
     <span class='ocr_line' id='line_1_7' title="bbox 206 648 1803 721; baseline 0 -17"><span class='ocrx_word' id='word_1_32' title='bbox 206 648 410 704; x_wconf 88' lang='lat' dir='ltr'><strong>tradita</strong></span> <span class='ocrx_word' id='word_1_33' title='bbox 456 648 541 703; x_wconf 89' lang='lat' dir='ltr'><strong>vel</strong></span> <span class='ocrx_word' id='word_1_34' title='bbox 570 656 726 703; x_wconf 83' lang='lat' dir='ltr'><strong>antea</strong></span> <span class='ocrx_word' id='word_1_35' title='bbox 769 648 1077 719; x_wconf 89' lang='lat' dir='ltr'><strong>incognita,</strong></span> <span class='ocrx_word' id='word_1_36' title='bbox 1126 665 1271 704; x_wconf 90' lang='lat' dir='ltr'><strong>nunc</strong></span> <span class='ocrx_word' id='word_1_37' title='bbox 1317 666 1444 705; x_wconf 91' lang='lat' dir='ltr'><strong>vero</strong></span> <span class='ocrx_word' id='word_1_38' title='bbox 1489 658 1803 721; x_wconf 88' lang='lat' dir='ltr'><strong>comperta,</strong></span> 
     </span>
    </p>
   </div>
   <div class='ocr_carea' id='block_1_8' title="bbox 208 742 1804 814">
    <p class='ocr_par' dir='ltr' id='par_1_8' title="bbox 208 742 1804 814">
     <span class='ocr_line' id='line_1_8' title="bbox 208 742 1804 814; baseline 0.001 -18"><span class='ocrx_word' id='word_1_39' title='bbox 208 742 420 799; x_wconf 60' lang='lat' dir='ltr'><strong>notitiae</strong></span> <span class='ocrx_word' id='word_1_40' title='bbox 463 750 656 797; x_wconf 84' lang='lat' dir='ltr'><strong>vestrae</strong></span> <span class='ocrx_word' id='word_1_41' title='bbox 702 750 1032 813; x_wconf 71' lang='lat' dir='ltr'><strong>praesentare</strong></span> <span class='ocrx_word' id='word_1_42' title='bbox 1076 742 1257 814; x_wconf 87' lang='lat' dir='ltr'><strong>cupio.</strong></span> <span class='ocrx_word' id='word_1_43' title='bbox 1306 746 1639 798; x_wconf 83' lang='lat' dir='ltr'><strong>Remeantes</strong></span> <span class='ocrx_word' id='word_1_44' title='bbox 1677 759 1804 799; x_wconf 90' lang='lat' dir='ltr'><strong>cum</strong></span> 
     </span>
    </p>
   </div>
   <div class='ocr_carea' id='block_1_9' title="bbox 209 835 1803 908">
    <p class='ocr_par' dir='ltr' id='par_1_9' title="bbox 209 835 1803 908">
     <span class='ocr_line' id='line_1_9' title="bbox 209 835 1803 908; baseline 0.001 -18"><span class='ocrx_word' id='word_1_45' title='bbox 209 835 415 906; x_wconf 89' lang='lat' dir='ltr'><strong>gaudio</strong></span> <span class='ocrx_word' id='word_1_46' title='bbox 465 836 803 901; x_wconf 88' lang='lat' dir='ltr'><strong>Brixienses,</strong></span> <span class='ocrx_word' id='word_1_47' title='bbox 833 835 901 891; x_wconf 89' lang='lat' dir='ltr'><strong>de</strong></span> <span class='ocrx_word' id='word_1_48' title='bbox 924 836 1121 906; x_wconf 88' lang='lat' dir='ltr'><strong>quibus</strong></span> <span class='ocrx_word' id='word_1_49' title='bbox 1170 852 1344 907; x_wconf 84' lang='lat' dir='ltr'><strong>nuper</strong></span> <span class='ocrx_word' id='word_1_50' title='bbox 1384 837 1574 908; x_wconf 85' lang='lat' dir='ltr'><strong>scripsi</strong></span> <span class='ocrx_word' id='word_1_51' title='bbox 1621 836 1803 903; x_wconf 83' lang='lat' dir='ltr'><strong>vobis,</strong></span> 
     </span>
    </p>
   </div>
   <div class='ocr_carea' id='block_1_10' title="bbox 207 928 1804 1001">
    <p class='ocr_par' dir='ltr' id='par_1_10' title="bbox 207 928 1804 1001">
     <span class='ocr_line' id='line_1_10' title="bbox 207 928 1804 1001; baseline 0.001 -18"><span class='ocrx_word' id='word_1_52' title='bbox 207 945 335 983; x_wconf 91' lang='lat' dir='ltr'><strong>cum</strong></span> <span class='ocrx_word' id='word_1_53' title='bbox 351 928 469 1000; x_wconf 89' lang='lat' dir='ltr'><strong>jam</strong></span> <span class='ocrx_word' id='word_1_54' title='bbox 493 937 811 1000; x_wconf 81' lang='lat' dir='ltr'><strong>perventum</strong></span> <span class='ocrx_word' id='word_1_55' title='bbox 837 937 982 984; x_wconf 88' lang='lat' dir='ltr'><strong>esset</strong></span> <span class='ocrx_word' id='word_1_56' title='bbox 1010 928 1080 985; x_wconf 89' lang='lat' dir='ltr'><strong>ad</strong></span> <span class='ocrx_word' id='word_1_57' title='bbox 1119 928 1321 984; x_wconf 90' lang='lat' dir='ltr'><strong>vadum</strong></span> <span class='ocrx_word' id='word_1_58' title='bbox 1349 930 1497 1001; x_wconf 89' lang='lat' dir='ltr'><strong>quod</strong></span> <span class='ocrx_word' id='word_1_59' title='bbox 1526 929 1804 1001; x_wconf 85' lang='lat' dir='ltr'><strong>paululum</strong></span> 
     </span>
    </p>
   </div>
   <div class='ocr_carea' id='block_1_11' title="bbox 208 1021 1807 1094">
    <p class='ocr_par' dir='ltr' id='par_1_11' title="bbox 208 1021 1807 1094">
     <span class='ocr_line' id='line_1_11' title="bbox 208 1021 1807 1094; baseline 0.001 -17"><span class='ocrx_word' id='word_1_60' title='bbox 208 1031 295 1077; x_wconf 89' lang='lat' dir='ltr'><strong>est</strong></span> <span class='ocrx_word' id='word_1_61' title='bbox 322 1037 491 1093; x_wconf 85' lang='lat' dir='ltr'><strong>supra</strong></span> <span class='ocrx_word' id='word_1_62' title='bbox 515 1021 787 1089; x_wconf 90' lang='lat' dir='ltr'><strong>Godium,</strong></span> <span class='ocrx_word' id='word_1_63' title='bbox 814 1037 928 1077; x_wconf 91' lang='lat' dir='ltr'><strong>non</strong></span> <span class='ocrx_word' id='word_1_64' title='bbox 956 1029 1173 1094; x_wconf 87' lang='lat' dir='ltr'><strong>reperta</strong></span> <span class='ocrx_word' id='word_1_65' title='bbox 1200 1023 1309 1078; x_wconf 92' lang='lat' dir='ltr'><strong>ulla</strong></span> <span class='ocrx_word' id='word_1_66' title='bbox 1335 1022 1481 1090; x_wconf 91' lang='lat' dir='ltr'><strong>navi,</strong></span> <span class='ocrx_word' id='word_1_67' title='bbox 1512 1023 1721 1079; x_wconf 89' lang='lat' dir='ltr'><strong>nullam</strong></span> <span class='ocrx_word' id='word_1_68' title='bbox 1751 1024 1807 1078; x_wconf 89' lang='lat' dir='ltr'><strong>in</strong></span> 
     </span>
    </p>
   </div>
   <div class='ocr_carea' id='block_1_12' title="bbox 205 1117 1803 1187">
    <p class='ocr_par' dir='ltr' id='par_1_12' title="bbox 205 1117 1803 1187">
     <span class='ocr_line' id='line_1_12' title="bbox 205 1117 1803 1187; baseline -0.001 -14"><span class='ocrx_word' id='word_1_69' title='bbox 205 1117 375 1173; x_wconf 90' lang='lat' dir='ltr'><strong>corde</strong></span> <span class='ocrx_word' id='word_1_70' title='bbox 402 1133 503 1172; x_wconf 90' lang='lat' dir='ltr'><strong>suo</strong></span> <span class='ocrx_word' id='word_1_71' title='bbox 546 1117 788 1172; x_wconf 89' lang='lat' dir='ltr'><strong>tulerunt</strong></span> <span class='ocrx_word' id='word_1_72' title='bbox 816 1118 1151 1187; x_wconf 86' lang='lat' dir='ltr'><strong>molestiam,</strong></span> <span class='ocrx_word' id='word_1_73' title='bbox 1182 1133 1406 1172; x_wconf 91' lang='lat' dir='ltr'><strong>omnem</strong></span> <span class='ocrx_word' id='word_1_74' title='bbox 1432 1117 1487 1171; x_wconf 91' lang='lat' dir='ltr'><strong>in</strong></span> <span class='ocrx_word' id='word_1_75' title='bbox 1516 1120 1635 1173; x_wconf 91' lang='lat' dir='ltr'><strong>Deo</strong></span> <span class='ocrx_word' id='word_1_76' title='bbox 1664 1126 1719 1172; x_wconf 88' lang='lat' dir='ltr'><strong>et</strong></span> <span class='ocrx_word' id='word_1_77' title='bbox 1746 1120 1803 1174; x_wconf 91' lang='lat' dir='ltr'><strong>S.</strong></span> 
     </span>
    </p>
   </div>
   <div class='ocr_carea' id='block_1_13' title="bbox 205 1208 1804 1281">
    <p class='ocr_par' dir='ltr' id='par_1_13' title="bbox 205 1208 1804 1281">
     <span class='ocr_line' id='line_1_13' title="bbox 205 1208 1804 1281; baseline -0.001 -14"><span class='ocrx_word' id='word_1_78' title='bbox 205 1211 476 1267; x_wconf 82' lang='lat' dir='ltr'><strong>Anselmo</strong></span> <span class='ocrx_word' id='word_1_79' title='bbox 506 1218 773 1280; x_wconf 90' lang='lat' dir='ltr'><strong>ponentes</strong></span> <span class='ocrx_word' id='word_1_80' title='bbox 797 1209 1075 1267; x_wconf 91' lang='lat' dir='ltr'><strong>ﬁduciam.</strong></span> <span class='ocrx_word' id='word_1_81' title='bbox 1106 1213 1327 1266; x_wconf 88' lang='lat' dir='ltr'><strong>Moram</strong></span> <span class='ocrx_word' id='word_1_82' title='bbox 1357 1210 1537 1281; x_wconf 87' lang='lat' dir='ltr'><strong>itaque</strong></span> <span class='ocrx_word' id='word_1_83' title='bbox 1559 1208 1804 1266; x_wconf 88' lang='lat' dir='ltr'><strong>facienti-</strong></span> 
     </span>
    </p>
   </div>
   <div class='ocr_carea' id='block_1_14' title="bbox 203 1303 1805 1375">
    <p class='ocr_par' dir='ltr' id='par_1_14' title="bbox 203 1303 1805 1375">
     <span class='ocr_line' id='line_1_14' title="bbox 203 1303 1805 1375; baseline -0.001 -16"><span class='ocrx_word' id='word_1_84' title='bbox 203 1304 329 1367; x_wconf 89' lang='lat' dir='ltr'><strong>bus,</strong></span> <span class='ocrx_word' id='word_1_85' title='bbox 361 1303 606 1375; x_wconf 91' lang='lat' dir='ltr'><strong>quodam</strong></span> <span class='ocrx_word' id='word_1_86' title='bbox 647 1318 792 1374; x_wconf 89' lang='lat' dir='ltr'><strong>equo</strong></span> <span class='ocrx_word' id='word_1_87' title='bbox 818 1319 885 1358; x_wconf 85' lang='lat' dir='ltr'><strong>ex</strong></span> <span class='ocrx_word' id='word_1_88' title='bbox 923 1303 1025 1359; x_wconf 87' lang='lat' dir='ltr'><strong>alia</strong></span> <span class='ocrx_word' id='word_1_89' title='bbox 1074 1312 1229 1375; x_wconf 86' lang='lat' dir='ltr'><strong>parte</strong></span> <span class='ocrx_word' id='word_1_90' title='bbox 1266 1303 1511 1358; x_wconf 84' lang='lat' dir='ltr'><strong>fluminis</strong></span> <span class='ocrx_word' id='word_1_91' title='bbox 1549 1304 1664 1359; x_wconf 92' lang='lat' dir='ltr'><strong>viso</strong></span> <span class='ocrx_word' id='word_1_92' title='bbox 1714 1304 1805 1375; x_wconf 91' lang='lat' dir='ltr'><strong>qui</strong></span> 
     </span>
    </p>
   </div>
   <div class='ocr_carea' id='block_1_15' title="bbox 207 1395 1805 1468">
    <p class='ocr_par' dir='ltr' id='par_1_15' title="bbox 207 1395 1805 1468">
     <span class='ocr_line' id='line_1_15' title="bbox 207 1395 1805 1468; baseline -0.001 -15"><span class='ocrx_word' id='word_1_93' title='bbox 207 1398 457 1454; x_wconf 89' lang='lat' dir='ltr'><strong>moriens</strong></span> <span class='ocrx_word' id='word_1_94' title='bbox 494 1406 549 1452; x_wconf 93' lang='lat' dir='ltr'><strong>et</strong></span> <span class='ocrx_word' id='word_1_95' title='bbox 580 1395 837 1452; x_wconf 77' lang='lat' dir='ltr'><strong>exhalans</strong></span> <span class='ocrx_word' id='word_1_96' title='bbox 865 1397 1069 1467; x_wconf 87' lang='lat' dir='ltr'><strong>absque</strong></span> <span class='ocrx_word' id='word_1_97' title='bbox 1120 1398 1241 1452; x_wconf 95' lang='lat' dir='ltr'><strong>cibo</strong></span> <span class='ocrx_word' id='word_1_98' title='bbox 1291 1406 1346 1452; x_wconf 87' lang='lat' dir='ltr'><strong>et</strong></span> <span class='ocrx_word' id='word_1_99' title='bbox 1383 1405 1516 1468; x_wconf 92' lang='lat' dir='ltr'><strong>potu</strong></span> <span class='ocrx_word' id='word_1_100' title='bbox 1566 1413 1659 1467; x_wconf 92' lang='lat' dir='ltr'><strong>per</strong></span> <span class='ocrx_word' id='word_1_101' title='bbox 1713 1397 1805 1451; x_wconf 82' lang='lat' dir='ltr'><strong>tri-</strong></span> 
     </span>
    </p>
   </div>
   <div class='ocr_carea' id='block_1_16' title="bbox 204 1489 1807 1561">
    <p class='ocr_par' dir='ltr' id='par_1_16' title="bbox 204 1489 1807 1561">
     <span class='ocr_line' id='line_1_16' title="bbox 204 1489 1807 1561; baseline -0.001 -15"><span class='ocrx_word' id='word_1_102' title='bbox 204 1491 383 1546; x_wconf 88' lang='lat' dir='ltr'><strong>duum</strong></span> <span class='ocrx_word' id='word_1_103' title='bbox 413 1490 486 1545; x_wconf 89' lang='lat' dir='ltr'><strong>ibi</strong></span> <span class='ocrx_word' id='word_1_104' title='bbox 513 1490 785 1561; x_wconf 85' lang='lat' dir='ltr'><strong>iacuerat,</strong></span> <span class='ocrx_word' id='word_1_105' title='bbox 818 1490 1042 1561; x_wconf 91' lang='lat' dir='ltr'><strong>quidam</strong></span> <span class='ocrx_word' id='word_1_106' title='bbox 1082 1506 1146 1546; x_wconf 90' lang='lat' dir='ltr'><strong>ex</strong></span> <span class='ocrx_word' id='word_1_107' title='bbox 1194 1490 1272 1545; x_wconf 89' lang='lat' dir='ltr'><strong>eis</strong></span> <span class='ocrx_word' id='word_1_108' title='bbox 1310 1489 1682 1546; x_wconf 87' lang='lat' dir='ltr'><strong>indubitanter</strong></span> <span class='ocrx_word' id='word_1_109' title='bbox 1718 1506 1807 1545; x_wconf 89' lang='lat' dir='ltr'><strong>ro-</strong></span> 
     </span>
    </p>
   </div>
   <div class='ocr_carea' id='block_1_17' title="bbox 207 1583 1807 1656">
    <p class='ocr_par' dir='ltr' id='par_1_17' title="bbox 207 1583 1807 1656">
     <span class='ocr_line' id='line_1_17' title="bbox 207 1583 1807 1656; baseline -0.001 -16"><span class='ocrx_word' id='word_1_110' title='bbox 207 1586 361 1656; x_wconf 83' lang='lat' dir='ltr'><strong>gavit</strong></span> <span class='ocrx_word' id='word_1_111' title='bbox 391 1588 563 1639; x_wconf 86' lang='lat' dir='ltr'><strong>Deum</strong></span> <span class='ocrx_word' id='word_1_112' title='bbox 593 1593 649 1639; x_wconf 89' lang='lat' dir='ltr'><strong>et</strong></span> <span class='ocrx_word' id='word_1_113' title='bbox 688 1586 744 1639; x_wconf 93' lang='lat' dir='ltr'><strong>S.</strong></span> <span class='ocrx_word' id='word_1_114' title='bbox 776 1583 1097 1639; x_wconf 82' lang='lat' dir='ltr'><strong>Anselmum</strong></span> <span class='ocrx_word' id='word_1_115' title='bbox 1126 1592 1187 1638; x_wconf 90' lang='lat' dir='ltr'><strong>ut</strong></span> <span class='ocrx_word' id='word_1_116' title='bbox 1223 1593 1469 1655; x_wconf 83' lang='lat' dir='ltr'><strong>surgeret</strong></span> <span class='ocrx_word' id='word_1_117' title='bbox 1515 1589 1571 1639; x_wconf 85' lang='lat' dir='ltr'><strong>et</strong></span> <span class='ocrx_word' id='word_1_118' title='bbox 1610 1600 1807 1639; x_wconf 90' lang='lat' dir='ltr'><strong>omnes</strong></span> 
     </span>
    </p>
   </div>
   <div class='ocr_carea' id='block_1_18' title="bbox 206 1675 1807 1743">
    <p class='ocr_par' dir='ltr' id='par_1_18' title="bbox 206 1675 1807 1743">
     <span class='ocr_line' id='line_1_18' title="bbox 206 1675 1807 1743; baseline -0.001 -11"><span class='ocrx_word' id='word_1_119' title='bbox 206 1677 597 1733; x_wconf 84' lang='lat' dir='ltr'><strong>transveheret.</strong></span> <span class='ocrx_word' id='word_1_120' title='bbox 642 1676 746 1743; x_wconf 88' lang='lat' dir='ltr'><strong>Qui</strong></span> <span class='ocrx_word' id='word_1_121' title='bbox 778 1692 907 1732; x_wconf 87' lang='lat' dir='ltr'><strong>mox</strong></span> <span class='ocrx_word' id='word_1_122' title='bbox 949 1677 1209 1743; x_wconf 82' lang='lat' dir='ltr'><strong>surrexit,</strong></span> <span class='ocrx_word' id='word_1_123' title='bbox 1265 1684 1321 1732; x_wconf 90' lang='lat' dir='ltr'><strong>et</strong></span> <span class='ocrx_word' id='word_1_124' title='bbox 1358 1676 1428 1733; x_wconf 86' lang='lat' dir='ltr'><strong>ad</strong></span> <span class='ocrx_word' id='word_1_125' title='bbox 1474 1675 1807 1733; x_wconf 87' lang='lat' dir='ltr'><strong>transferen-</strong></span> 
     </span>
    </p>
   </div>
   <div class='ocr_carea' id='block_1_19' title="bbox 212 1770 803 1827">
    <p class='ocr_par' dir='ltr' id='par_1_19' title="bbox 212 1770 803 1827">
     <span class='ocr_line' id='line_1_19' title="bbox 212 1770 803 1827; baseline 0 -2"><span class='ocrx_word' id='word_1_126' title='bbox 212 1770 351 1826; x_wconf 90' lang='lat' dir='ltr'><strong>dum</strong></span> <span class='ocrx_word' id='word_1_127' title='bbox 371 1786 466 1827; x_wconf 90' lang='lat' dir='ltr'><strong>eos</strong></span> <span class='ocrx_word' id='word_1_128' title='bbox 499 1785 556 1825; x_wconf 90' lang='lat' dir='ltr'><strong>se</strong></span> <span class='ocrx_word' id='word_1_129' title='bbox 584 1770 803 1825; x_wconf 89' lang='lat' dir='ltr'><strong>obtulit.</strong></span> 
     </span>
    </p>
   </div>
   <div class='ocr_carea' id='block_1_20' title="bbox 282 1864 1804 1937">
    <p class='ocr_par' dir='ltr' id='par_1_20' title="bbox 282 1864 1804 1937">
     <span class='ocr_line' id='line_1_20' title="bbox 282 1864 1804 1937; baseline -0.001 -15"><span class='ocrx_word' id='word_1_130' title='bbox 282 1870 451 1933; x_wconf 83' lang='lat' dir='ltr'><strong>Ecce,</strong></span> <span class='ocrx_word' id='word_1_131' title='bbox 474 1881 642 1936; x_wconf 90' lang='lat' dir='ltr'><strong>quam</strong></span> <span class='ocrx_word' id='word_1_132' title='bbox 672 1864 955 1937; x_wconf 91' lang='lat' dir='ltr'><strong>magniﬁca</strong></span> <span class='ocrx_word' id='word_1_133' title='bbox 991 1866 1166 1921; x_wconf 87' lang='lat' dir='ltr'><strong>Patris</strong></span> <span class='ocrx_word' id='word_1_134' title='bbox 1191 1866 1365 1922; x_wconf 88' lang='lat' dir='ltr'><strong>nostri</strong></span> <span class='ocrx_word' id='word_1_135' title='bbox 1394 1866 1618 1922; x_wconf 86' lang='lat' dir='ltr'><strong>merita!</strong></span> <span class='ocrx_word' id='word_1_136' title='bbox 1650 1870 1804 1933; x_wconf 90' lang='lat' dir='ltr'><strong>Ecce,</strong></span> 
     </span>
    </p>
   </div>
   <div class='ocr_carea' id='block_1_21' title="bbox 208 1958 1807 2031">
    <p class='ocr_par' dir='ltr' id='par_1_21' title="bbox 208 1958 1807 2031">
     <span class='ocr_line' id='line_1_21' title="bbox 208 1958 1807 2031; baseline -0.001 -16"><span class='ocrx_word' id='word_1_137' title='bbox 208 1976 379 2031; x_wconf 90' lang='lat' dir='ltr'><strong>quam</strong></span> <span class='ocrx_word' id='word_1_138' title='bbox 417 1958 705 2031; x_wconf 91' lang='lat' dir='ltr'><strong>imperiosa</strong></span> <span class='ocrx_word' id='word_1_139' title='bbox 752 1958 1015 2029; x_wconf 79' lang='lat' dir='ltr'><strong>potentia!</strong></span> <span class='ocrx_word' id='word_1_140' title='bbox 1052 1960 1244 2013; x_wconf 86' lang='lat' dir='ltr'><strong>Mortis</strong></span> <span class='ocrx_word' id='word_1_141' title='bbox 1288 1960 1367 2014; x_wconf 85' lang='lat' dir='ltr'><strong>lex</strong></span> <span class='ocrx_word' id='word_1_142' title='bbox 1403 1959 1684 2030; x_wconf 83' lang='lat' dir='ltr'><strong>frangitur,</strong></span> <span class='ocrx_word' id='word_1_143' title='bbox 1712 1977 1807 2014; x_wconf 89' lang='lat' dir='ltr'><strong>sua</strong></span> 
     </span>
    </p>
   </div>
   <div class='ocr_carea' id='block_1_22' title="bbox 199 2052 1809 2124">
    <p class='ocr_par' dir='ltr' id='par_1_22' title="bbox 199 2052 1809 2124">
     <span class='ocr_line' id='line_1_22' title="bbox 199 2052 1809 2124; baseline -0.001 -16"><span class='ocrx_word' id='word_1_144' title='bbox 199 2055 325 2124; x_wconf 86' lang='lat' dir='ltr'><strong>jura</strong></span> <span class='ocrx_word' id='word_1_145' title='bbox 354 2054 554 2108; x_wconf 87' lang='lat' dir='ltr'><strong>mutari</strong></span> <span class='ocrx_word' id='word_1_146' title='bbox 581 2052 848 2124; x_wconf 88' lang='lat' dir='ltr'><strong>queritur,</strong></span> <span class='ocrx_word' id='word_1_147' title='bbox 880 2052 1146 2107; x_wconf 79' lang='lat' dir='ltr'><strong>obnoxius</strong></span> <span class='ocrx_word' id='word_1_148' title='bbox 1193 2053 1358 2107; x_wconf 88' lang='lat' dir='ltr'><strong>morti</strong></span> <span class='ocrx_word' id='word_1_149' title='bbox 1385 2053 1633 2123; x_wconf 87' lang='lat' dir='ltr'><strong>eripitur,</strong></span> <span class='ocrx_word' id='word_1_150' title='bbox 1682 2053 1809 2109; x_wconf 77' lang='lat' dir='ltr'><strong>vitae</strong></span> 
     </span>
    </p>
   </div>
   <div class='ocr_carea' id='block_1_23' title="bbox 212 2145 1805 2221">
    <p class='ocr_par' dir='ltr' id='par_1_23' title="bbox 212 2145 1805 2221">
     <span class='ocr_line' id='line_1_23' title="bbox 212 2145 1805 2221; baseline -0.002 -19"><span class='ocrx_word' id='word_1_151' title='bbox 212 2146 549 2212; x_wconf 88' lang='lat' dir='ltr'><strong>conceditur,</strong></span> <span class='ocrx_word' id='word_1_152' title='bbox 574 2146 700 2201; x_wconf 81' lang='lat' dir='ltr'><strong>vitae</strong></span> <span class='ocrx_word' id='word_1_153' title='bbox 718 2152 1018 2216; x_wconf 86' lang='lat' dir='ltr'><strong>reparatur,</strong></span> <span class='ocrx_word' id='word_1_154' title='bbox 1042 2153 1103 2200; x_wconf 93' lang='lat' dir='ltr'><strong>ut</strong></span> <span class='ocrx_word' id='word_1_155' title='bbox 1121 2146 1290 2201; x_wconf 89' lang='lat' dir='ltr'><strong>servis</strong></span> <span class='ocrx_word' id='word_1_156' title='bbox 1313 2146 1415 2221; x_wconf 93' lang='lat' dir='ltr'><strong>Dei</strong></span> <span class='ocrx_word' id='word_1_157' title='bbox 1441 2145 1805 2217; x_wconf 87' lang='lat' dir='ltr'><strong>obsequatur;</strong></span> 
     </span>
    </p>
   </div>
   <div class='ocr_carea' id='block_1_24' title="bbox 214 2237 1807 2311">
    <p class='ocr_par' dir='ltr' id='par_1_24' title="bbox 214 2237 1807 2311">
     <span class='ocr_line' id='line_1_24' title="bbox 214 2237 1807 2311; baseline -0.002 -15"><span class='ocrx_word' id='word_1_158' title='bbox 214 2250 271 2296; x_wconf 86' lang='lat' dir='ltr'><strong>et</strong></span> <span class='ocrx_word' id='word_1_159' title='bbox 300 2240 395 2311; x_wconf 90' lang='lat' dir='ltr'><strong>qui</strong></span> <span class='ocrx_word' id='word_1_160' title='bbox 426 2256 485 2295; x_wconf 92' lang='lat' dir='ltr'><strong>se</strong></span> <span class='ocrx_word' id='word_1_161' title='bbox 509 2238 652 2294; x_wconf 87' lang='lat' dir='ltr'><strong>ferre</strong></span> <span class='ocrx_word' id='word_1_162' title='bbox 682 2254 792 2293; x_wconf 91' lang='lat' dir='ltr'><strong>non</strong></span> <span class='ocrx_word' id='word_1_163' title='bbox 824 2247 1065 2310; x_wconf 89' lang='lat' dir='ltr'><strong>poterat,</strong></span> <span class='ocrx_word' id='word_1_164' title='bbox 1093 2237 1164 2293; x_wconf 89' lang='lat' dir='ltr'><strong>ad</strong></span> <span class='ocrx_word' id='word_1_165' title='bbox 1191 2238 1480 2294; x_wconf 86' lang='lat' dir='ltr'><strong>ferendum</strong></span> <span class='ocrx_word' id='word_1_166' title='bbox 1506 2254 1641 2293; x_wconf 91' lang='lat' dir='ltr'><strong>onus</strong></span> <span class='ocrx_word' id='word_1_167' title='bbox 1676 2254 1807 2309; x_wconf 77' lang='lat' dir='ltr'><strong>pra:-</strong></span> 
     </span>
    </p>
   </div>
   <div class='ocr_carea' id='block_1_25' title="bbox 218 2330 1808 2406">
    <p class='ocr_par' dir='ltr' id='par_1_25' title="bbox 218 2330 1808 2406">
     <span class='ocr_line' id='line_1_25' title="bbox 218 2330 1808 2406; baseline -0.003 -15"><span class='ocrx_word' id='word_1_168' title='bbox 218 2334 451 2406; x_wconf 90' lang='lat' dir='ltr'><strong>paravit,</strong></span> <span class='ocrx_word' id='word_1_169' title='bbox 493 2342 547 2389; x_wconf 89' lang='lat' dir='ltr'><strong>et</strong></span> <span class='ocrx_word' id='word_1_170' title='bbox 574 2341 691 2388; x_wconf 86' lang='lat' dir='ltr'><strong>tam</strong></span> <span class='ocrx_word' id='word_1_171' title='bbox 722 2331 1045 2388; x_wconf 85' lang='lat' dir='ltr'><strong>famulanter</strong></span> <span class='ocrx_word' id='word_1_172' title='bbox 1071 2331 1138 2386; x_wconf 92' lang='lat' dir='ltr'><strong>ad</strong></span> <span class='ocrx_word' id='word_1_173' title='bbox 1186 2332 1491 2404; x_wconf 88' lang='lat' dir='ltr'><strong>parendum</strong></span> <span class='ocrx_word' id='word_1_174' title='bbox 1541 2348 1601 2388; x_wconf 89' lang='lat' dir='ltr'><strong>se</strong></span> <span class='ocrx_word' id='word_1_175' title='bbox 1646 2330 1808 2388; x_wconf 88' lang='lat' dir='ltr'><strong>offert</strong></span> 
     </span>
    </p>
   </div>
   <div class='ocr_carea' id='block_1_26' title="bbox 210 2425 1804 2499">
    <p class='ocr_par' dir='ltr' id='par_1_26' title="bbox 210 2425 1804 2499">
     <span class='ocr_line' id='line_1_26' title="bbox 210 2425 1804 2499; baseline -0.002 -15"><span class='ocrx_word' id='word_1_176' title='bbox 210 2428 367 2499; x_wconf 90' lang='lat' dir='ltr'><strong>quasi</strong></span> <span class='ocrx_word' id='word_1_177' title='bbox 409 2427 617 2482; x_wconf 87' lang='lat' dir='ltr'><strong>ratione</strong></span> <span class='ocrx_word' id='word_1_178' title='bbox 645 2442 755 2481; x_wconf 90' lang='lat' dir='ltr'><strong>non</strong></span> <span class='ocrx_word' id='word_1_179' title='bbox 780 2434 1006 2481; x_wconf 87' lang='lat' dir='ltr'><strong>careret.</strong></span> <span class='ocrx_word' id='word_1_180' title='bbox 1060 2425 1218 2481; x_wconf 86' lang='lat' dir='ltr'><strong>Velle</strong></span> <span class='ocrx_word' id='word_1_181' title='bbox 1254 2426 1435 2482; x_wconf 90' lang='lat' dir='ltr'><strong>dicere</strong></span> <span class='ocrx_word' id='word_1_182' title='bbox 1464 2425 1679 2481; x_wconf 88' lang='lat' dir='ltr'><strong>videtur</strong></span> <span class='ocrx_word' id='word_1_183' title='bbox 1712 2446 1722 2480; x_wconf 95' lang='lat'>:</span> <span class='ocrx_word' id='word_1_184' title='bbox 1752 2427 1804 2482; x_wconf 90' lang='lat' dir='ltr'><strong>Si</strong></span> 
     </span>
    </p>
   </div>
   <div class='ocr_carea' id='block_1_27' title="bbox 206 2518 1807 2592">
    <p class='ocr_par' dir='ltr' id='par_1_27' title="bbox 206 2518 1807 2592">
     <span class='ocr_line' id='line_1_27' title="bbox 206 2518 1807 2592; baseline -0.001 -15"><span class='ocrx_word' id='word_1_185' title='bbox 206 2530 410 2577; x_wconf 89' lang='lat' dir='ltr'><strong>natura</strong></span> <span class='ocrx_word' id='word_1_186' title='bbox 458 2529 753 2592; x_wconf 88' lang='lat' dir='ltr'><strong>pateretur,</strong></span> <span class='ocrx_word' id='word_1_187' title='bbox 784 2536 879 2575; x_wconf 92' lang='lat' dir='ltr'><strong>cur</strong></span> <span class='ocrx_word' id='word_1_188' title='bbox 920 2536 1009 2574; x_wconf 90' lang='lat' dir='ltr'><strong>me</strong></span> <span class='ocrx_word' id='word_1_189' title='bbox 1056 2535 1167 2574; x_wconf 89' lang='lat' dir='ltr'><strong>non</strong></span> <span class='ocrx_word' id='word_1_190' title='bbox 1207 2518 1525 2575; x_wconf 84' lang='lat' dir='ltr'><strong>ascenditis?</strong></span> <span class='ocrx_word' id='word_1_191' title='bbox 1564 2522 1671 2575; x_wconf 92' lang='lat' dir='ltr'><strong>Cur</strong></span> <span class='ocrx_word' id='word_1_192' title='bbox 1718 2536 1807 2575; x_wconf 91' lang='lat' dir='ltr'><strong>me</strong></span> 
     </span>
    </p>
   </div>
   <div class='ocr_carea' id='block_1_28' title="bbox 203 2612 1806 2671">
    <p class='ocr_par' dir='ltr' id='par_1_28' title="bbox 203 2612 1806 2671">
     <span class='ocr_line' id='line_1_28' title="bbox 203 2612 1806 2671; baseline -0.002 0"><span class='ocrx_word' id='word_1_193' title='bbox 203 2616 275 2671; x_wconf 92' lang='lat' dir='ltr'><strong>ad</strong></span> <span class='ocrx_word' id='word_1_194' title='bbox 306 2614 594 2670; x_wconf 88' lang='lat' dir='ltr'><strong>servitium</strong></span> <span class='ocrx_word' id='word_1_195' title='bbox 642 2621 883 2669; x_wconf 89' lang='lat' dir='ltr'><strong>vestrum</strong></span> <span class='ocrx_word' id='word_1_196' title='bbox 931 2628 1045 2667; x_wconf 89' lang='lat' dir='ltr'><strong>non</strong></span> <span class='ocrx_word' id='word_1_197' title='bbox 1076 2612 1369 2667; x_wconf 80' lang='lat' dir='ltr'><strong>exercetis?</strong></span> <span class='ocrx_word' id='word_1_198' title='bbox 1406 2614 1531 2667; x_wconf 88' lang='lat' dir='ltr'><strong>Non</strong></span> <span class='ocrx_word' id='word_1_199' title='bbox 1573 2628 1696 2667; x_wconf 92' lang='lat' dir='ltr'><strong>sum</strong></span> <span class='ocrx_word' id='word_1_200' title='bbox 1736 2612 1806 2667; x_wconf 93' lang='lat' dir='ltr'><strong>ob</strong></span> 
     </span>
    </p>
   </div>
   <div class='ocr_carea' id='block_1_29' title="bbox 202 2704 1807 2776">
    <p class='ocr_par' dir='ltr' id='par_1_29' title="bbox 202 2704 1807 2776">
     <span class='ocr_line' id='line_1_29' title="bbox 202 2704 1807 2776; baseline -0.003 -12"><span class='ocrx_word' id='word_1_201' title='bbox 202 2707 363 2764; x_wconf 86' lang='lat' dir='ltr'><strong>aliud</strong></span> <span class='ocrx_word' id='word_1_202' title='bbox 392 2707 513 2763; x_wconf 62' lang='lat' dir='ltr'><strong>vitae</strong></span> <span class='ocrx_word' id='word_1_203' title='bbox 537 2721 829 2762; x_wconf 90' lang='lat' dir='ltr'><strong>concessus</strong></span> <span class='ocrx_word' id='word_1_204' title='bbox 854 2706 1154 2776; x_wconf 89' lang='lat' dir='ltr'><strong>mortisque</strong></span> <span class='ocrx_word' id='word_1_205' title='bbox 1190 2704 1435 2760; x_wconf 81' lang='lat' dir='ltr'><strong>faucibus</strong></span> <span class='ocrx_word' id='word_1_206' title='bbox 1460 2714 1698 2775; x_wconf 90' lang='lat' dir='ltr'><strong>ereptus.</strong></span> <span class='ocrx_word' id='word_1_207' title='bbox 1723 2708 1807 2759; x_wconf 90' lang='lat' dir='ltr'><strong>In-</strong></span> 
     </span>
    </p>
   </div>
   <div class='ocr_carea' id='block_1_30' title="bbox 203 2797 1805 2872">
    <p class='ocr_par' dir='ltr' id='par_1_30' title="bbox 203 2797 1805 2872">
     <span class='ocr_line' id='line_1_30' title="bbox 203 2797 1805 2872; baseline -0.003 -15"><span class='ocrx_word' id='word_1_208' title='bbox 203 2812 360 2857; x_wconf 88' lang='lat' dir='ltr'><strong>terea</strong></span> <span class='ocrx_word' id='word_1_209' title='bbox 400 2800 627 2872; x_wconf 87' lang='lat' dir='ltr'><strong>quidam</strong></span> <span class='ocrx_word' id='word_1_210' title='bbox 657 2809 835 2855; x_wconf 59' lang='lat' dir='ltr'><strong>nauta</strong></span> <span class='ocrx_word' id='word_1_211' title='bbox 864 2799 1115 2854; x_wconf 88' lang='lat' dir='ltr'><strong>videntes</strong></span> <span class='ocrx_word' id='word_1_212' title='bbox 1151 2799 1271 2852; x_wconf 93' lang='lat' dir='ltr'><strong>illos</strong></span> <span class='ocrx_word' id='word_1_213' title='bbox 1300 2798 1443 2870; x_wconf 92' lang='lat' dir='ltr'><strong>apud</strong></span> <span class='ocrx_word' id='word_1_214' title='bbox 1490 2797 1662 2868; x_wconf 84' lang='lat' dir='ltr'><strong>ripam</strong></span> <span class='ocrx_word' id='word_1_215' title='bbox 1695 2814 1805 2852; x_wconf 92' lang='lat' dir='ltr'><strong>ma-</strong></span> 
     </span>
    </p>
   </div>
   <div class='ocr_carea' id='block_1_31' title="bbox 200 2891 1804 2965">
    <p class='ocr_par' dir='ltr' id='par_1_31' title="bbox 200 2891 1804 2965">
     <span class='ocr_line' id='line_1_31' title="bbox 200 2891 1804 2965; baseline -0.002 -14"><span class='ocrx_word' id='word_1_216' title='bbox 200 2904 433 2961; x_wconf 87' lang='lat' dir='ltr'><strong>nentes,</strong></span> <span class='ocrx_word' id='word_1_217' title='bbox 486 2894 703 2965; x_wconf 90' lang='lat' dir='ltr'><strong>navigio</strong></span> <span class='ocrx_word' id='word_1_218' title='bbox 731 2893 800 2948; x_wconf 90' lang='lat' dir='ltr'><strong>ad</strong></span> <span class='ocrx_word' id='word_1_219' title='bbox 841 2892 1302 2948; x_wconf 87' lang='lat' dir='ltr'><strong>transvehendum</strong></span> <span class='ocrx_word' id='word_1_220' title='bbox 1355 2892 1474 2947; x_wconf 92' lang='lat' dir='ltr'><strong>illos</strong></span> <span class='ocrx_word' id='word_1_221' title='bbox 1520 2891 1804 2959; x_wconf 83' lang='lat' dir='ltr'><strong>advenere,</strong></span> 
     </span>
    </p>
   </div>
   <div class='ocr_carea' id='block_1_32' title="bbox 197 2985 1807 3060">
    <p class='ocr_par' dir='ltr' id='par_1_32' title="bbox 197 2985 1807 3060">
     <span class='ocr_line' id='line_1_32' title="bbox 197 2985 1807 3060; baseline -0.004 -15"><span class='ocrx_word' id='word_1_222' title='bbox 197 2996 491 3060; x_wconf 87' lang='lat' dir='ltr'><strong>sperantes</strong></span> <span class='ocrx_word' id='word_1_223' title='bbox 534 3003 593 3043; x_wconf 90' lang='lat' dir='ltr'><strong>se</strong></span> <span class='ocrx_word' id='word_1_224' title='bbox 623 2987 690 3043; x_wconf 91' lang='lat' dir='ltr'><strong>ab</strong></span> <span class='ocrx_word' id='word_1_225' title='bbox 736 2985 812 3041; x_wconf 91' lang='lat' dir='ltr'><strong>eis</strong></span> <span class='ocrx_word' id='word_1_226' title='bbox 859 2986 1096 3057; x_wconf 88' lang='lat' dir='ltr'><strong>pretium</strong></span> <span class='ocrx_word' id='word_1_227' title='bbox 1140 2985 1337 3041; x_wconf 89' lang='lat' dir='ltr'><strong>habere</strong></span> <span class='ocrx_word' id='word_1_228' title='bbox 1389 3001 1566 3055; x_wconf 84' lang='lat' dir='ltr'><strong>posse.</strong></span> <span class='ocrx_word' id='word_1_229' title='bbox 1626 2988 1807 3056; x_wconf 89' lang='lat' dir='ltr'><strong>Quam</strong></span> 
     </span>
    </p>
   </div>
   <div class='ocr_carea' id='block_1_33' title="bbox 1914 466 3511 539">
    <p class='ocr_par' dir='ltr' id='par_1_33' title="bbox 1914 466 3511 539">
     <span class='ocr_line' id='line_1_33' title="bbox 1914 466 3511 539; baseline 0.004 -18"><span class='ocrx_word' id='word_1_230' title='bbox 1914 468 2023 523; x_wconf 91' lang='lat' dir='ltr'><strong>Illis</strong></span> <span class='ocrx_word' id='word_1_231' title='bbox 2043 483 2173 539; x_wconf 90' lang='lat' dir='ltr'><strong>ergo</strong></span> <span class='ocrx_word' id='word_1_232' title='bbox 2199 476 2313 523; x_wconf 90' lang='lat' dir='ltr'><strong>tam</strong></span> <span class='ocrx_word' id='word_1_233' title='bbox 2344 466 2539 523; x_wconf 88' lang='lat' dir='ltr'><strong>devote</strong></span> <span class='ocrx_word' id='word_1_234' title='bbox 2564 468 2868 535; x_wconf 88' lang='lat' dir='ltr'><strong>orantibus,</strong></span> <span class='ocrx_word' id='word_1_235' title='bbox 2898 484 3060 538; x_wconf 91' lang='lat' dir='ltr'><strong>quam</strong></span> <span class='ocrx_word' id='word_1_236' title='bbox 3083 472 3347 539; x_wconf 81' lang='lat' dir='ltr'><strong>rogabant</strong></span> <span class='ocrx_word' id='word_1_237' title='bbox 3375 474 3511 527; x_wconf 90' lang='lat' dir='ltr'><strong>salu-</strong></span> 
     </span>
    </p>
   </div>
   <div class='ocr_carea' id='block_1_34' title="bbox 1916 561 3507 637">
    <p class='ocr_par' dir='ltr' id='par_1_34' title="bbox 1916 561 3507 637">
     <span class='ocr_line' id='line_1_34' title="bbox 1916 561 3507 637; baseline 0.003 -22"><span class='ocrx_word' id='word_1_238' title='bbox 1916 570 2031 615; x_wconf 90' lang='lat' dir='ltr'><strong>tem</strong></span> <span class='ocrx_word' id='word_1_239' title='bbox 2063 577 2254 617; x_wconf 88' lang='lat' dir='ltr'><strong>eorum</strong></span> <span class='ocrx_word' id='word_1_240' title='bbox 2282 561 2536 632; x_wconf 86' lang='lat' dir='ltr'><strong>precibus</strong></span> <span class='ocrx_word' id='word_1_241' title='bbox 2565 570 2647 616; x_wconf 90' lang='lat' dir='ltr'><strong>est</strong></span> <span class='ocrx_word' id='word_1_242' title='bbox 2671 571 3015 617; x_wconf 89' lang='lat' dir='ltr'><strong>consecutus.</strong></span> <span class='ocrx_word' id='word_1_243' title='bbox 3056 567 3235 633; x_wconf 88' lang='lat' dir='ltr'><strong>Quam</strong></span> <span class='ocrx_word' id='word_1_244' title='bbox 3284 565 3507 637; x_wconf 90' lang='lat' dir='ltr'><strong>quidam</strong></span> 
     </span>
    </p>
   </div>
   <div class='ocr_carea' id='block_1_35' title="bbox 1917 654 3511 727">
    <p class='ocr_par' dir='ltr' id='par_1_35' title="bbox 1917 654 3511 727">
     <span class='ocr_line' id='line_1_35' title="bbox 1917 654 3511 727; baseline 0.004 -19"><span class='ocrx_word' id='word_1_245' title='bbox 1917 657 2271 710; x_wconf 84' lang='lat' dir='ltr'><strong>Hermannus</strong></span> <span class='ocrx_word' id='word_1_246' title='bbox 2322 654 2391 709; x_wconf 92' lang='lat' dir='ltr'><strong>de</strong></span> <span class='ocrx_word' id='word_1_247' title='bbox 2439 655 2798 721; x_wconf 89' lang='lat' dir='ltr'><strong>Scorzariolo,</strong></span> <span class='ocrx_word' id='word_1_248' title='bbox 2849 657 2939 727; x_wconf 90' lang='lat' dir='ltr'><strong>qui</strong></span> <span class='ocrx_word' id='word_1_249' title='bbox 3002 673 3233 713; x_wconf 88' lang='lat' dir='ltr'><strong>manum</strong></span> <span class='ocrx_word' id='word_1_250' title='bbox 3262 658 3511 715; x_wconf 88' lang='lat' dir='ltr'><strong>similiter</strong></span> 
     </span>
    </p>
   </div>
   <div class='ocr_carea' id='block_1_36' title="bbox 1915 747 2995 820">
    <p class='ocr_par' dir='ltr' id='par_1_36' title="bbox 1915 747 2995 820">
     <span class='ocr_line' id='line_1_36' title="bbox 1915 747 2995 820; baseline 0 -17"><span class='ocrx_word' id='word_1_251' title='bbox 1915 756 2258 803; x_wconf 88' lang='lat' dir='ltr'><strong>contractam</strong></span> <span class='ocrx_word' id='word_1_252' title='bbox 2301 747 2559 814; x_wconf 90' lang='lat' dir='ltr'><strong>habebat,</strong></span> <span class='ocrx_word' id='word_1_253' title='bbox 2602 758 2685 804; x_wconf 90' lang='lat' dir='ltr'><strong>est</strong></span> <span class='ocrx_word' id='word_1_254' title='bbox 2744 749 2995 820; x_wconf 89' lang='lat' dir='ltr'><strong>adeptus.</strong></span> 
     </span>
    </p>
   </div>
   <div class='ocr_carea' id='block_1_37' title="bbox 1986 843 3510 915">
    <p class='ocr_par' dir='ltr' id='par_1_37' title="bbox 1986 843 3510 915">
     <span class='ocr_line' id='line_1_37' title="bbox 1986 843 3510 915; baseline 0.002 -19"><span class='ocrx_word' id='word_1_255' title='bbox 1986 843 2129 913; x_wconf 76' lang='lat'><strong>(489)</strong></span> <span class='ocrx_word' id='word_1_256' title='bbox 2209 846 2476 898; x_wconf 79' lang='lat' dir='ltr'><strong>Praeterea</strong></span> <span class='ocrx_word' id='word_1_257' title='bbox 2526 843 2723 897; x_wconf 86' lang='lat' dir='ltr'><strong>mulier</strong></span> <span class='ocrx_word' id='word_1_258' title='bbox 2767 843 3057 914; x_wconf 71' lang='lat' dir='ltr'><strong>quaedam,</strong></span> <span class='ocrx_word' id='word_1_259' title='bbox 3098 860 3221 915; x_wconf 66' lang='lat' dir='ltr'><strong>quae</strong></span> <span class='ocrx_word' id='word_1_260' title='bbox 3278 844 3510 900; x_wconf 90' lang='lat' dir='ltr'><strong>humum</strong></span> 
     </span>
    </p>
   </div>
   <div class='ocr_carea' id='block_1_38' title="bbox 1915 935 3509 1007">
    <p class='ocr_par' dir='ltr' id='par_1_38' title="bbox 1915 935 3509 1007">
     <span class='ocr_line' id='line_1_38' title="bbox 1915 935 3509 1007; baseline 0.001 -16"><span class='ocrx_word' id='word_1_261' title='bbox 1915 952 2113 991; x_wconf 88' lang='lat' dir='ltr'><strong>cernua</strong></span> <span class='ocrx_word' id='word_1_262' title='bbox 2152 951 2369 1006; x_wconf 88' lang='lat' dir='ltr'><strong>semper</strong></span> <span class='ocrx_word' id='word_1_263' title='bbox 2398 937 2698 1007; x_wconf 87' lang='lat' dir='ltr'><strong>spectabat,</strong></span> <span class='ocrx_word' id='word_1_264' title='bbox 2728 952 2852 1007; x_wconf 64' lang='lat' dir='ltr'><strong>quae</strong></span> <span class='ocrx_word' id='word_1_265' title='bbox 2883 936 2988 990; x_wconf 90' lang='lat' dir='ltr'><strong>nisi</strong></span> <span class='ocrx_word' id='word_1_266' title='bbox 3029 935 3174 992; x_wconf 87' lang='lat' dir='ltr'><strong>fuste</strong></span> <span class='ocrx_word' id='word_1_267' title='bbox 3206 945 3509 993; x_wconf 87' lang='lat' dir='ltr'><strong>sustentata</strong></span> 
     </span>
    </p>
   </div>
   <div class='ocr_carea' id='block_1_39' title="bbox 1916 1028 3508 1100">
    <p class='ocr_par' dir='ltr' id='par_1_39' title="bbox 1916 1028 3508 1100">
     <span class='ocr_line' id='line_1_39' title="bbox 1916 1028 3508 1100; baseline 0.003 -18"><span class='ocrx_word' id='word_1_268' title='bbox 1916 1029 1994 1083; x_wconf 88' lang='lat' dir='ltr'><strong>ire</strong></span> <span class='ocrx_word' id='word_1_269' title='bbox 2036 1045 2149 1084; x_wconf 90' lang='lat' dir='ltr'><strong>non</strong></span> <span class='ocrx_word' id='word_1_270' title='bbox 2179 1029 2424 1095; x_wconf 85' lang='lat' dir='ltr'><strong>valebat,</strong></span> <span class='ocrx_word' id='word_1_271' title='bbox 2456 1028 2601 1100; x_wconf 88' lang='lat' dir='ltr'><strong>apud</strong></span> <span class='ocrx_word' id='word_1_272' title='bbox 2645 1030 2919 1084; x_wconf 91' lang='lat' dir='ltr'><strong>tumulum</strong></span> <span class='ocrx_word' id='word_1_273' title='bbox 2976 1031 3261 1085; x_wconf 88' lang='lat' dir='ltr'><strong>memorati</strong></span> <span class='ocrx_word' id='word_1_274' title='bbox 3308 1032 3508 1098; x_wconf 88' lang='lat' dir='ltr'><strong>Patris,</strong></span> 
     </span>
    </p>
   </div>
   <div class='ocr_carea' id='block_1_40' title="bbox 1917 1122 3511 1195">
    <p class='ocr_par' dir='ltr' id='par_1_40' title="bbox 1917 1122 3511 1195">
     <span class='ocr_line' id='line_1_40' title="bbox 1917 1122 3511 1195; baseline 0.003 -19"><span class='ocrx_word' id='word_1_275' title='bbox 1917 1124 2107 1178; x_wconf 90' lang='lat' dir='ltr'><strong>multis</strong></span> <span class='ocrx_word' id='word_1_276' title='bbox 2148 1122 2460 1178; x_wconf 87' lang='lat' dir='ltr'><strong>videntibus</strong></span> <span class='ocrx_word' id='word_1_277' title='bbox 2490 1132 2571 1177; x_wconf 90' lang='lat' dir='ltr'><strong>est</strong></span> <span class='ocrx_word' id='word_1_278' title='bbox 2599 1131 2798 1177; x_wconf 87' lang='lat' dir='ltr'><strong>erecta.</strong></span> <span class='ocrx_word' id='word_1_279' title='bbox 2844 1123 3013 1195; x_wconf 88' lang='lat' dir='ltr'><strong>Cujus</strong></span> <span class='ocrx_word' id='word_1_280' title='bbox 3052 1124 3240 1179; x_wconf 90' lang='lat' dir='ltr'><strong>locum</strong></span> <span class='ocrx_word' id='word_1_281' title='bbox 3266 1140 3381 1179; x_wconf 90' lang='lat' dir='ltr'><strong>non</strong></span> <span class='ocrx_word' id='word_1_282' title='bbox 3406 1140 3511 1181; x_wconf 89' lang='lat' dir='ltr'><strong>no—</strong></span> 
     </span>
    </p>
   </div>
   <div class='ocr_carea' id='block_1_41' title="bbox 1918 1216 3398 1288">
    <p class='ocr_par' dir='ltr' id='par_1_41' title="bbox 1918 1216 3398 1288">
     <span class='ocr_line' id='line_1_41' title="bbox 1918 1216 3398 1288; baseline 0.001 -18"><span class='ocrx_word' id='word_1_283' title='bbox 1918 1216 2021 1271; x_wconf 91' lang='lat' dir='ltr'><strong>tavi</strong></span> <span class='ocrx_word' id='word_1_284' title='bbox 2042 1259 2055 1282; x_wconf 97' lang='lat'><strong>,</strong></span> <span class='ocrx_word' id='word_1_285' title='bbox 2088 1216 2218 1288; x_wconf 87' lang='lat' dir='ltr'><strong>quia</strong></span> <span class='ocrx_word' id='word_1_286' title='bbox 2250 1232 2365 1288; x_wconf 76' lang='lat' dir='ltr'><strong>pra:</strong></span> <span class='ocrx_word' id='word_1_287' title='bbox 2416 1216 2766 1272; x_wconf 88' lang='lat' dir='ltr'><strong>multitudine</strong></span> <span class='ocrx_word' id='word_1_288' title='bbox 2798 1216 3027 1272; x_wconf 89' lang='lat' dir='ltr'><strong>inveniri</strong></span> <span class='ocrx_word' id='word_1_289' title='bbox 3055 1234 3166 1273; x_wconf 92' lang='lat' dir='ltr'><strong>non</strong></span> <span class='ocrx_word' id='word_1_290' title='bbox 3198 1218 3398 1288; x_wconf 88' lang='lat' dir='ltr'><strong>potuit.</strong></span> 
     </span>
    </p>
   </div>
   <div class='ocr_carea' id='block_1_42' title="bbox 1986 1309 3517 1383">
    <p class='ocr_par' dir='ltr' id='par_1_42' title="bbox 1986 1309 3517 1383">
     <span class='ocr_line' id='line_1_42' title="bbox 1986 1309 3517 1383; baseline 0.001 -19"><span class='ocrx_word' id='word_1_291' title='bbox 1986 1310 2172 1365; x_wconf 88' lang='lat' dir='ltr'><strong>Tertia</strong></span> <span class='ocrx_word' id='word_1_292' title='bbox 2199 1326 2329 1364; x_wconf 90' lang='lat' dir='ltr'><strong>vero</strong></span> <span class='ocrx_word' id='word_1_293' title='bbox 2348 1309 2435 1364; x_wconf 90' lang='lat' dir='ltr'><strong>dic</strong></span> <span class='ocrx_word' id='word_1_294' title='bbox 2457 1310 2852 1365; x_wconf 87' lang='lat' dir='ltr'><strong>Ascensionem</strong></span> <span class='ocrx_word' id='word_1_295' title='bbox 2883 1310 3107 1365; x_wconf 88' lang='lat' dir='ltr'><strong>Domini</strong></span> <span class='ocrx_word' id='word_1_296' title='bbox 3135 1311 3517 1383; x_wconf 82' lang='lat' dir='ltr'><strong>antecedente,</strong></span> 
     </span>
    </p>
   </div>
   <div class='ocr_carea' id='block_1_43' title="bbox 1915 1402 3515 1473">
    <p class='ocr_par' dir='ltr' id='par_1_43' title="bbox 1915 1402 3515 1473">
     <span class='ocr_line' id='line_1_43' title="bbox 1915 1402 3515 1473; baseline 0 -14"><span class='ocrx_word' id='word_1_297' title='bbox 1915 1403 2025 1459; x_wconf 90' lang='lat' dir='ltr'><strong>duo</strong></span> <span class='ocrx_word' id='word_1_298' title='bbox 2073 1402 2218 1458; x_wconf 84' lang='lat' dir='ltr'><strong>facta</strong></span> <span class='ocrx_word' id='word_1_299' title='bbox 2250 1412 2382 1458; x_wconf 88' lang='lat' dir='ltr'><strong>sunt</strong></span> <span class='ocrx_word' id='word_1_300' title='bbox 2416 1402 2708 1458; x_wconf 90' lang='lat' dir='ltr'><strong>mirabilia.</strong></span> <span class='ocrx_word' id='word_1_301' title='bbox 2734 1402 3005 1471; x_wconf 80' lang='lat' dir='ltr'><strong>Quaedam</strong></span> <span class='ocrx_word' id='word_1_302' title='bbox 3035 1404 3183 1459; x_wconf 90' lang='lat' dir='ltr'><strong>enim</strong></span> <span class='ocrx_word' id='word_1_303' title='bbox 3213 1404 3279 1460; x_wconf 90' lang='lat' dir='ltr'><strong>de</strong></span> <span class='ocrx_word' id='word_1_304' title='bbox 3309 1405 3515 1473; x_wconf 89' lang='lat' dir='ltr'><strong>episco-</strong></span> 
     </span>
    </p>
   </div>
   <div class='ocr_carea' id='block_1_44' title="bbox 1917 1492 3509 1568">
    <p class='ocr_par' dir='ltr' id='par_1_44' title="bbox 1917 1492 3509 1568">
     <span class='ocr_line' id='line_1_44' title="bbox 1917 1492 3509 1568; baseline 0.001 -17"><span class='ocrx_word' id='word_1_305' title='bbox 1917 1492 2046 1567; x_wconf 88' lang='lat' dir='ltr'><strong>patu</strong></span> <span class='ocrx_word' id='word_1_306' title='bbox 2092 1499 2405 1563; x_wconf 83' lang='lat' dir='ltr'><strong>Cremonae,</strong></span> <span class='ocrx_word' id='word_1_307' title='bbox 2448 1495 2516 1551; x_wconf 92' lang='lat' dir='ltr'><strong>de</strong></span> <span class='ocrx_word' id='word_1_308' title='bbox 2562 1497 2680 1552; x_wconf 89' lang='lat' dir='ltr'><strong>loco</strong></span> <span class='ocrx_word' id='word_1_309' title='bbox 2713 1497 2804 1568; x_wconf 89' lang='lat' dir='ltr'><strong>qui</strong></span> <span class='ocrx_word' id='word_1_310' title='bbox 2834 1497 3034 1552; x_wconf 91' lang='lat' dir='ltr'><strong>dicitur</strong></span> <span class='ocrx_word' id='word_1_311' title='bbox 3075 1498 3212 1553; x_wconf 88' lang='lat' dir='ltr'><strong>Casa</strong></span> <span class='ocrx_word' id='word_1_312' title='bbox 3264 1498 3509 1565; x_wconf 85' lang='lat' dir='ltr'><strong>Anserii,</strong></span> 
     </span>
    </p>
   </div>
   <div class='ocr_carea' id='block_1_45' title="bbox 1915 1590 3511 1662">
    <p class='ocr_par' dir='ltr' id='par_1_45' title="bbox 1915 1590 3511 1662">
     <span class='ocr_line' id='line_1_45' title="bbox 1915 1590 3511 1662; baseline 0.002 -19"><span class='ocrx_word' id='word_1_313' title='bbox 1915 1590 2062 1662; x_wconf 88' lang='lat' dir='ltr'><strong>quod</strong></span> <span class='ocrx_word' id='word_1_314' title='bbox 2092 1606 2186 1661; x_wconf 91' lang='lat' dir='ltr'><strong>per</strong></span> <span class='ocrx_word' id='word_1_315' title='bbox 2216 1599 2341 1645; x_wconf 92' lang='lat' dir='ltr'><strong>octo</strong></span> <span class='ocrx_word' id='word_1_316' title='bbox 2362 1606 2533 1646; x_wconf 90' lang='lat' dir='ltr'><strong>annos</strong></span> <span class='ocrx_word' id='word_1_317' title='bbox 2562 1590 2847 1658; x_wconf 89' lang='lat' dir='ltr'><strong>amiserat,</strong></span> <span class='ocrx_word' id='word_1_318' title='bbox 2884 1590 3251 1647; x_wconf 89' lang='lat' dir='ltr'><strong>intercedente</strong></span> <span class='ocrx_word' id='word_1_319' title='bbox 3285 1592 3511 1647; x_wconf 88' lang='lat' dir='ltr'><strong>sanctis-</strong></span> 
     </span>
    </p>
   </div>
   <div class='ocr_carea' id='block_1_46' title="bbox 1914 1683 2838 1755">
    <p class='ocr_par' dir='ltr' id='par_1_46' title="bbox 1914 1683 2838 1755">
     <span class='ocr_line' id='line_1_46' title="bbox 1914 1683 2838 1755; baseline -0.002 -16"><span class='ocrx_word' id='word_1_320' title='bbox 1914 1686 2059 1740; x_wconf 91' lang='lat' dir='ltr'><strong>simo</strong></span> <span class='ocrx_word' id='word_1_321' title='bbox 2103 1692 2360 1755; x_wconf 87' lang='lat' dir='ltr'><strong>patrono,</strong></span> <span class='ocrx_word' id='word_1_322' title='bbox 2402 1683 2590 1740; x_wconf 88' lang='lat' dir='ltr'><strong>lumen</strong></span> <span class='ocrx_word' id='word_1_323' title='bbox 2616 1684 2838 1755; x_wconf 89' lang='lat' dir='ltr'><strong>recepit.</strong></span> 
     </span>
    </p>
   </div>
   <div class='ocr_carea' id='block_1_47' title="bbox 1987 1775 3511 1849">
    <p class='ocr_par' dir='ltr' id='par_1_47' title="bbox 1987 1775 3511 1849">
     <span class='ocr_line' id='line_1_47' title="bbox 1987 1775 3511 1849; baseline 0.001 -18"><span class='ocrx_word' id='word_1_324' title='bbox 1987 1780 2109 1848; x_wconf 90' lang='lat' dir='ltr'><strong>Ipsa</strong></span> <span class='ocrx_word' id='word_1_325' title='bbox 2138 1792 2356 1849; x_wconf 91' lang='lat' dir='ltr'><strong>quoque</strong></span> <span class='ocrx_word' id='word_1_326' title='bbox 2383 1776 2499 1844; x_wconf 91' lang='lat' dir='ltr'><strong>die,</strong></span> <span class='ocrx_word' id='word_1_327' title='bbox 2528 1777 2725 1832; x_wconf 90' lang='lat' dir='ltr'><strong>mulier</strong></span> <span class='ocrx_word' id='word_1_328' title='bbox 2753 1775 3011 1847; x_wconf 60' lang='lat' dir='ltr'><strong>quaedam</strong></span> <span class='ocrx_word' id='word_1_329' title='bbox 3036 1776 3102 1831; x_wconf 92' lang='lat' dir='ltr'><strong>de</strong></span> <span class='ocrx_word' id='word_1_330' title='bbox 3133 1776 3351 1832; x_wconf 89' lang='lat' dir='ltr'><strong>abbatia</strong></span> <span class='ocrx_word' id='word_1_331' title='bbox 3376 1779 3511 1832; x_wconf 88' lang='lat' dir='ltr'><strong>Leo-</strong></span> 
     </span>
    </p>
   </div>
   <div class='ocr_carea' id='block_1_48' title="bbox 1918 1869 3514 1939">
    <p class='ocr_par' dir='ltr' id='par_1_48' title="bbox 1918 1869 3514 1939">
     <span class='ocr_line' id='line_1_48' title="bbox 1918 1869 3514 1939; baseline 0 -15"><span class='ocrx_word' id='word_1_332' title='bbox 1918 1870 2105 1937; x_wconf 90' lang='lat' dir='ltr'><strong>nensi,</strong></span> <span class='ocrx_word' id='word_1_333' title='bbox 2135 1870 2416 1925; x_wconf 87' lang='lat' dir='ltr'><strong>dexteram</strong></span> <span class='ocrx_word' id='word_1_334' title='bbox 2465 1869 2670 1925; x_wconf 88' lang='lat' dir='ltr'><strong>habens</strong></span> <span class='ocrx_word' id='word_1_335' title='bbox 2721 1869 2964 1934; x_wconf 86' lang='lat' dir='ltr'><strong>aridam,</strong></span> <span class='ocrx_word' id='word_1_336' title='bbox 3016 1885 3180 1939; x_wconf 89' lang='lat' dir='ltr'><strong>quam</strong></span> <span class='ocrx_word' id='word_1_337' title='bbox 3224 1870 3514 1925; x_wconf 89' lang='lat' dir='ltr'><strong>contractis</strong></span> 
     </span>
    </p>
   </div>
   <div class='ocr_carea' id='block_1_49' title="bbox 1918 1961 3510 2033">
    <p class='ocr_par' dir='ltr' id='par_1_49' title="bbox 1918 1961 3510 2033">
     <span class='ocr_line' id='line_1_49' title="bbox 1918 1961 3510 2033; baseline 0.001 -17"><span class='ocrx_word' id='word_1_338' title='bbox 1918 1964 2099 2018; x_wconf 88' lang='lat' dir='ltr'><strong>nervis</strong></span> <span class='ocrx_word' id='word_1_339' title='bbox 2123 1963 2355 2028; x_wconf 88' lang='lat' dir='ltr'><strong>brachii,</strong></span> <span class='ocrx_word' id='word_1_340' title='bbox 2384 1961 2498 2018; x_wconf 89' lang='lat' dir='ltr'><strong>fere</strong></span> <span class='ocrx_word' id='word_1_341' title='bbox 2521 1963 2675 2033; x_wconf 82' lang='lat' dir='ltr'><strong>juxta</strong></span> <span class='ocrx_word' id='word_1_342' title='bbox 2706 1962 2999 2017; x_wconf 90' lang='lat' dir='ltr'><strong>humerum</strong></span> <span class='ocrx_word' id='word_1_343' title='bbox 3028 1978 3243 2032; x_wconf 89' lang='lat' dir='ltr'><strong>semper</strong></span> <span class='ocrx_word' id='word_1_344' title='bbox 3271 1962 3510 2030; x_wconf 90' lang='lat' dir='ltr'><strong>tenebat,</strong></span> 
     </span>
    </p>
   </div>
   <div class='ocr_carea' id='block_1_50' title="bbox 1915 2054 3514 2127">
    <p class='ocr_par' dir='ltr' id='par_1_50' title="bbox 1915 2054 3514 2127">
     <span class='ocr_line' id='line_1_50' title="bbox 1915 2054 3514 2127; baseline -0.001 -16"><span class='ocrx_word' id='word_1_345' title='bbox 1915 2065 2307 2126; x_wconf 90' lang='lat' dir='ltr'><strong>contractoque</strong></span> <span class='ocrx_word' id='word_1_346' title='bbox 2332 2073 2473 2127; x_wconf 90' lang='lat' dir='ltr'><strong>genu</strong></span> <span class='ocrx_word' id='word_1_347' title='bbox 2492 2054 2737 2127; x_wconf 90' lang='lat' dir='ltr'><strong>ejusdem</strong></span> <span class='ocrx_word' id='word_1_348' title='bbox 2758 2056 2942 2109; x_wconf 87' lang='lat' dir='ltr'><strong>lateris</strong></span> <span class='ocrx_word' id='word_1_349' title='bbox 2965 2055 3199 2109; x_wconf 85' lang='lat' dir='ltr'><strong>luunum</strong></span> <span class='ocrx_word' id='word_1_350' title='bbox 3217 2055 3405 2126; x_wconf 85' lang='lat' dir='ltr'><strong>digitis</strong></span> <span class='ocrx_word' id='word_1_351' title='bbox 3426 2072 3514 2126; x_wconf 90' lang='lat' dir='ltr'><strong>pe-</strong></span> 
     </span>
    </p>
   </div>
   <div class='ocr_carea' id='block_1_51' title="bbox 1916 2148 3513 2221">
    <p class='ocr_par' dir='ltr' id='par_1_51' title="bbox 1916 2148 3513 2221">
     <span class='ocr_line' id='line_1_51' title="bbox 1916 2148 3513 2221; baseline -0.002 -16"><span class='ocrx_word' id='word_1_352' title='bbox 1916 2150 2001 2205; x_wconf 92' lang='lat' dir='ltr'><strong>dis</strong></span> <span class='ocrx_word' id='word_1_353' title='bbox 2030 2166 2251 2205; x_wconf 89' lang='lat' dir='ltr'><strong>summo</strong></span> <span class='ocrx_word' id='word_1_354' title='bbox 2270 2158 2435 2204; x_wconf 89' lang='lat' dir='ltr'><strong>tenus</strong></span> <span class='ocrx_word' id='word_1_355' title='bbox 2464 2150 2547 2203; x_wconf 86' lang='lat' dir='ltr'><strong>vix</strong></span> <span class='ocrx_word' id='word_1_356' title='bbox 2569 2148 2843 2221; x_wconf 87' lang='lat' dir='ltr'><strong>tangebat,</strong></span> <span class='ocrx_word' id='word_1_357' title='bbox 2868 2148 3014 2219; x_wconf 91' lang='lat' dir='ltr'><strong>apud</strong></span> <span class='ocrx_word' id='word_1_358' title='bbox 3035 2148 3316 2203; x_wconf 89' lang='lat' dir='ltr'><strong>tumulum</strong></span> <span class='ocrx_word' id='word_1_359' title='bbox 3341 2150 3513 2203; x_wconf 90' lang='lat' dir='ltr'><strong>sancti</strong></span> 
     </span>
    </p>
   </div>
   <div class='ocr_carea' id='block_1_52' title="bbox 1917 2242 3366 2315">
    <p class='ocr_par' dir='ltr' id='par_1_52' title="bbox 1917 2242 3366 2315">
     <span class='ocr_line' id='line_1_52' title="bbox 1917 2242 3366 2315; baseline -0.002 -17"><span class='ocrx_word' id='word_1_360' title='bbox 1917 2243 2087 2298; x_wconf 87' lang='lat' dir='ltr'><strong>Patris</strong></span> <span class='ocrx_word' id='word_1_361' title='bbox 2123 2243 2296 2299; x_wconf 88' lang='lat' dir='ltr'><strong>nostri</strong></span> <span class='ocrx_word' id='word_1_362' title='bbox 2326 2243 2611 2315; x_wconf 89' lang='lat' dir='ltr'><strong>utriusque</strong></span> <span class='ocrx_word' id='word_1_363' title='bbox 2641 2243 2773 2297; x_wconf 90' lang='lat' dir='ltr'><strong>mali</strong></span> <span class='ocrx_word' id='word_1_364' title='bbox 2806 2244 3125 2312; x_wconf 90' lang='lat' dir='ltr'><strong>sospitatem</strong></span> <span class='ocrx_word' id='word_1_365' title='bbox 3144 2242 3366 2296; x_wconf 89' lang='lat' dir='ltr'><strong>invenit.</strong></span> 
     </span>
    </p>
   </div>
   <div class='ocr_carea' id='block_1_53' title="bbox 1988 2333 3514 2408">
    <p class='ocr_par' dir='ltr' id='par_1_53' title="bbox 1988 2333 3514 2408">
     <span class='ocr_line' id='line_1_53' title="bbox 1988 2333 3514 2408; baseline -0.001 -17"><span class='ocrx_word' id='word_1_366' title='bbox 1988 2340 2139 2391; x_wconf 89' lang='lat' dir='ltr'><strong>Inter</strong></span> <span class='ocrx_word' id='word_1_367' title='bbox 2162 2336 2250 2391; x_wconf 90' lang='lat' dir='ltr'><strong>illa</strong></span> <span class='ocrx_word' id='word_1_368' title='bbox 2280 2352 2404 2408; x_wconf 72' lang='lat' dir='ltr'><strong>qua:</strong></span> <span class='ocrx_word' id='word_1_369' title='bbox 2430 2336 2485 2390; x_wconf 91' lang='lat' dir='ltr'><strong>in</strong></span> <span class='ocrx_word' id='word_1_370' title='bbox 2520 2336 2841 2391; x_wconf 89' lang='lat' dir='ltr'><strong>ascensione</strong></span> <span class='ocrx_word' id='word_1_371' title='bbox 2870 2333 2991 2388; x_wconf 88' lang='lat' dir='ltr'><strong>Filii</strong></span> <span class='ocrx_word' id='word_1_372' title='bbox 3012 2334 3092 2389; x_wconf 90' lang='lat' dir='ltr'><strong>sui</strong></span> <span class='ocrx_word' id='word_1_373' title='bbox 3126 2338 3276 2389; x_wconf 90' lang='lat' dir='ltr'><strong>Deus</strong></span> <span class='ocrx_word' id='word_1_374' title='bbox 3309 2349 3403 2403; x_wconf 92' lang='lat' dir='ltr'><strong>per</strong></span> <span class='ocrx_word' id='word_1_375' title='bbox 3432 2334 3514 2390; x_wconf 88' lang='lat' dir='ltr'><strong>fa-</strong></span> 
     </span>
    </p>
   </div>
   <div class='ocr_carea' id='block_1_54' title="bbox 1916 2427 3515 2501">
    <p class='ocr_par' dir='ltr' id='par_1_54' title="bbox 1916 2427 3515 2501">
     <span class='ocr_line' id='line_1_54' title="bbox 1916 2427 3515 2501; baseline -0.001 -17"><span class='ocrx_word' id='word_1_376' title='bbox 1916 2430 2130 2485; x_wconf 92' lang='lat' dir='ltr'><strong>mulum</strong></span> <span class='ocrx_word' id='word_1_377' title='bbox 2167 2446 2331 2485; x_wconf 91' lang='lat' dir='ltr'><strong>suum</strong></span> <span class='ocrx_word' id='word_1_378' title='bbox 2371 2430 2662 2501; x_wconf 88' lang='lat' dir='ltr'><strong>magniﬁce</strong></span> <span class='ocrx_word' id='word_1_379' title='bbox 2713 2436 2971 2499; x_wconf 89' lang='lat' dir='ltr'><strong>operatus</strong></span> <span class='ocrx_word' id='word_1_380' title='bbox 3039 2436 3138 2495; x_wconf 86' lang='lat' dir='ltr'><strong>est,</strong></span> <span class='ocrx_word' id='word_1_381' title='bbox 3198 2427 3515 2483; x_wconf 90' lang='lat' dir='ltr'><strong>mirabiliter</strong></span> 
     </span>
    </p>
   </div>
   <div class='ocr_carea' id='block_1_55' title="bbox 1915 2520 3512 2593">
    <p class='ocr_par' dir='ltr' id='par_1_55' title="bbox 1915 2520 3512 2593">
     <span class='ocr_line' id='line_1_55' title="bbox 1915 2520 3512 2593; baseline -0.001 -15"><span class='ocrx_word' id='word_1_382' title='bbox 1915 2524 2299 2579; x_wconf 87' lang='lat' dir='ltr'><strong>admirandam</strong></span> <span class='ocrx_word' id='word_1_383' title='bbox 2329 2523 2445 2593; x_wconf 85' lang='lat' dir='ltr'><strong>ejus</strong></span> <span class='ocrx_word' id='word_1_384' title='bbox 2470 2524 2734 2577; x_wconf 88' lang='lat' dir='ltr'><strong>virtutem</strong></span> <span class='ocrx_word' id='word_1_385' title='bbox 2777 2530 2964 2592; x_wconf 90' lang='lat' dir='ltr'><strong>postea</strong></span> <span class='ocrx_word' id='word_1_386' title='bbox 3010 2521 3147 2576; x_wconf 88' lang='lat' dir='ltr'><strong>mihi</strong></span> <span class='ocrx_word' id='word_1_387' title='bbox 3177 2520 3512 2576; x_wconf 89' lang='lat' dir='ltr'><strong>declaratam</strong></span> 
     </span>
    </p>
   </div>
   <div class='ocr_carea' id='block_1_56' title="bbox 1914 2615 3515 2672">
    <p class='ocr_par' dir='ltr' id='par_1_56' title="bbox 1914 2615 3515 2672">
     <span class='ocr_line' id='line_1_56' title="bbox 1914 2615 3515 2672; baseline -0.001 -1"><span class='ocrx_word' id='word_1_388' title='bbox 1914 2617 1983 2672; x_wconf 91' lang='lat' dir='ltr'><strong>ab</strong></span> <span class='ocrx_word' id='word_1_389' title='bbox 2009 2616 2203 2670; x_wconf 91' lang='lat' dir='ltr'><strong>eodem</strong></span> <span class='ocrx_word' id='word_1_390' title='bbox 2234 2616 2319 2670; x_wconf 89' lang='lat' dir='ltr'><strong>cui</strong></span> <span class='ocrx_word' id='word_1_391' title='bbox 2362 2616 2551 2669; x_wconf 90' lang='lat' dir='ltr'><strong>salutis</strong></span> <span class='ocrx_word' id='word_1_392' title='bbox 2578 2624 2782 2670; x_wconf 74' lang='lat' dir='ltr'><strong>nostra:</strong></span> <span class='ocrx_word' id='word_1_393' title='bbox 2823 2619 3030 2669; x_wconf 84' lang='lat' dir='ltr'><strong>Auctor</strong></span> <span class='ocrx_word' id='word_1_394' title='bbox 3084 2630 3240 2669; x_wconf 90' lang='lat' dir='ltr'><strong>suam</strong></span> <span class='ocrx_word' id='word_1_395' title='bbox 3278 2615 3515 2671; x_wconf 91' lang='lat' dir='ltr'><strong>contulit</strong></span> 
     </span>
    </p>
   </div>
   <div class='ocr_carea' id='block_1_57' title="bbox 1916 2707 3507 2765">
    <p class='ocr_par' dir='ltr' id='par_1_57' title="bbox 1916 2707 3507 2765">
     <span class='ocr_line' id='line_1_57' title="bbox 1916 2707 3507 2765; baseline -0.001 0"><span class='ocrx_word' id='word_1_396' title='bbox 1916 2709 2253 2765; x_wconf 89' lang='lat' dir='ltr'><strong>medicinam</strong></span> <span class='ocrx_word' id='word_1_397' title='bbox 2292 2708 2563 2763; x_wconf 90' lang='lat' dir='ltr'><strong>desiderio</strong></span> <span class='ocrx_word' id='word_1_398' title='bbox 2606 2716 2787 2761; x_wconf 87' lang='lat' dir='ltr'><strong>vestro</strong></span> <span class='ocrx_word' id='word_1_399' title='bbox 2847 2707 3222 2762; x_wconf 90' lang='lat' dir='ltr'><strong>desideranter</strong></span> <span class='ocrx_word' id='word_1_400' title='bbox 3266 2709 3507 2763; x_wconf 91' lang='lat' dir='ltr'><strong>notiﬁco.</strong></span> 
     </span>
    </p>
   </div>
   <div class='ocr_carea' id='block_1_58' title="bbox 1917 2800 3512 2872">
    <p class='ocr_par' dir='ltr' id='par_1_58' title="bbox 1917 2800 3512 2872">
     <span class='ocr_line' id='line_1_58' title="bbox 1917 2800 3512 2872; baseline -0.002 -15"><span class='ocrx_word' id='word_1_401' title='bbox 1917 2803 2149 2872; x_wconf 85' lang='lat' dir='ltr'><strong>Quidam</strong></span> <span class='ocrx_word' id='word_1_402' title='bbox 2193 2802 2341 2856; x_wconf 89' lang='lat' dir='ltr'><strong>enim</strong></span> <span class='ocrx_word' id='word_1_403' title='bbox 2374 2800 2473 2854; x_wconf 85' lang='lat' dir='ltr'><strong>fuit</strong></span> <span class='ocrx_word' id='word_1_404' title='bbox 2518 2800 2585 2855; x_wconf 88' lang='lat' dir='ltr'><strong>de</strong></span> <span class='ocrx_word' id='word_1_405' title='bbox 2636 2800 2760 2853; x_wconf 91' lang='lat' dir='ltr'><strong>villa</strong></span> <span class='ocrx_word' id='word_1_406' title='bbox 2808 2809 2985 2854; x_wconf 83' lang='lat' dir='ltr'><strong>vestra</strong></span> <span class='ocrx_word' id='word_1_407' title='bbox 3049 2815 3173 2869; x_wconf 83' lang='lat' dir='ltr'><strong>quae</strong></span> <span class='ocrx_word' id='word_1_408' title='bbox 3211 2808 3295 2854; x_wconf 93' lang='lat' dir='ltr'><strong>est</strong></span> <span class='ocrx_word' id='word_1_409' title='bbox 3349 2816 3512 2871; x_wconf 90' lang='lat' dir='ltr'><strong>prope</strong></span> 
     </span>
    </p>
   </div>
   <div class='ocr_carea' id='block_1_59' title="bbox 1917 2893 3511 2962">
    <p class='ocr_par' dir='ltr' id='par_1_59' title="bbox 1917 2893 3511 2962">
     <span class='ocr_line' id='line_1_59' title="bbox 1917 2893 3511 2962; baseline -0.003 -12"><span class='ocrx_word' id='word_1_410' title='bbox 1917 2896 2217 2961; x_wconf 84' lang='lat' dir='ltr'><strong>Rosinam,</strong></span> <span class='ocrx_word' id='word_1_411' title='bbox 2258 2893 2479 2949; x_wconf 89' lang='lat' dir='ltr'><strong>nomine</strong></span> <span class='ocrx_word' id='word_1_412' title='bbox 2506 2894 2741 2959; x_wconf 90' lang='lat' dir='ltr'><strong>Ciliano,</strong></span> <span class='ocrx_word' id='word_1_413' title='bbox 2771 2893 2862 2962; x_wconf 90' lang='lat' dir='ltr'><strong>qui</strong></span> <span class='ocrx_word' id='word_1_414' title='bbox 2892 2908 3001 2946; x_wconf 93' lang='lat' dir='ltr'><strong>non</strong></span> <span class='ocrx_word' id='word_1_415' title='bbox 3032 2900 3146 2946; x_wconf 92' lang='lat' dir='ltr'><strong>tam</strong></span> <span class='ocrx_word' id='word_1_416' title='bbox 3176 2908 3374 2946; x_wconf 90' lang='lat' dir='ltr'><strong>renum</strong></span> <span class='ocrx_word' id='word_1_417' title='bbox 3397 2896 3511 2962; x_wconf 87' lang='lat' dir='ltr'><strong>[ge-</strong></span> 
     </span>
    </p>
   </div>
   <div class='ocr_carea' id='block_1_60' title="bbox 1916 2984 3510 3060">
    <p class='ocr_par' dir='ltr' id='par_1_60' title="bbox 1916 2984 3510 3060">
     <span class='ocr_line' id='line_1_60' title="bbox 1916 2984 3510 3060; baseline -0.003 -16"><span class='ocrx_word' id='word_1_418' title='bbox 1916 2988 2110 3060; x_wconf 87' lang='lat' dir='ltr'><strong>nuum]</strong></span> <span class='ocrx_word' id='word_1_419' title='bbox 2158 2987 2545 3043; x_wconf 89' lang='lat' dir='ltr'><strong>rectitudinem</strong></span> <span class='ocrx_word' id='word_1_420' title='bbox 2607 2985 2825 3042; x_wconf 87' lang='lat' dir='ltr'><strong>dolebat</strong></span> <span class='ocrx_word' id='word_1_421' title='bbox 2880 2985 2981 3039; x_wconf 91' lang='lat' dir='ltr'><strong>sibi</strong></span> <span class='ocrx_word' id='word_1_422' title='bbox 3030 2984 3197 3040; x_wconf 90' lang='lat' dir='ltr'><strong>fuisse</strong></span> <span class='ocrx_word' id='word_1_423' title='bbox 3255 2994 3510 3057; x_wconf 87' lang='lat' dir='ltr'><strong>negatam</strong></span> 
     </span>
    </p>
   </div>
   <div class='ocr_carea' id='block_1_61' title="bbox 197 3078 3509 3167">
    <p class='ocr_par' dir='ltr' id='par_1_61' title="bbox 197 3078 3509 3167">
     <span class='ocr_line' id='line_1_61' title="bbox 197 3078 3509 3167; baseline -0.001 -30"><span class='ocrx_word' id='word_1_424' title='bbox 197 3098 404 3138; x_wconf 88' lang='lat' dir='ltr'><strong>navem</strong></span> <span class='ocrx_word' id='word_1_425' title='bbox 447 3082 817 3147; x_wconf 87' lang='lat' dir='ltr'><strong>intraverunt,</strong></span> <span class='ocrx_word' id='word_1_426' title='bbox 886 3087 941 3134; x_wconf 87' lang='lat' dir='ltr'><strong>et</strong></span> <span class='ocrx_word' id='word_1_427' title='bbox 974 3079 1207 3135; x_wconf 85' lang='lat' dir='ltr'><strong>feliciter</strong></span> <span class='ocrx_word' id='word_1_428' title='bbox 1262 3080 1611 3134; x_wconf 89' lang='lat' dir='ltr'><strong>transierunt.</strong></span> <span class='ocrx_word' id='word_1_429' title='bbox 1666 3082 1803 3134; x_wconf 86' lang='lat' dir='ltr'><strong>Ecce</strong></span> <span class='ocrx_word' id='word_1_430' title='bbox 1842 3105 1884 3167; x_wconf 80' lang='lat' dir='ltr'><strong>C</strong></span> <span class='ocrx_word' id='word_1_431' title='bbox 1916 3099 2079 3155; x_wconf 88' lang='lat' dir='ltr'><strong>quam</strong></span> <span class='ocrx_word' id='word_1_432' title='bbox 2134 3098 2400 3137; x_wconf 90' lang='lat' dir='ltr'><strong>manuum</strong></span> <span class='ocrx_word' id='word_1_433' title='bbox 2446 3080 2703 3134; x_wconf 90' lang='lat' dir='ltr'><strong>virtutem</strong></span> <span class='ocrx_word' id='word_1_434' title='bbox 2755 3079 2984 3134; x_wconf 89' lang='lat' dir='ltr'><strong>omnino</strong></span> <span class='ocrx_word' id='word_1_435' title='bbox 3032 3086 3297 3148; x_wconf 87' lang='lat' dir='ltr'><strong>ereptam.</strong></span> <span class='ocrx_word' id='word_1_436' title='bbox 3352 3078 3509 3134; x_wconf 80' lang='lat' dir='ltr'><strong>Adeo</strong></span> 
     </span>
    </p>
   </div>
   <div class='ocr_carea' id='block_1_62' title="bbox 198 3172 1800 3247">
    <p class='ocr_par' dir='ltr' id='par_1_62' title="bbox 198 3172 1800 3247">
     <span class='ocr_line' id='line_1_62' title="bbox 198 3172 1800 3247; baseline -0.002 -17"><span class='ocrx_word' id='word_1_437' title='bbox 198 3184 478 3247; x_wconf 91' lang='lat' dir='ltr'><strong>quantum</strong></span> <span class='ocrx_word' id='word_1_438' title='bbox 530 3190 703 3245; x_wconf 90' lang='lat' dir='ltr'><strong>equus</strong></span> <span class='ocrx_word' id='word_1_439' title='bbox 756 3173 1068 3241; x_wconf 89' lang='lat' dir='ltr'><strong>laborabat,</strong></span> <span class='ocrx_word' id='word_1_440' title='bbox 1118 3180 1179 3227; x_wconf 90' lang='lat' dir='ltr'><strong>ut</strong></span> <span class='ocrx_word' id='word_1_441' title='bbox 1200 3188 1257 3227; x_wconf 90' lang='lat' dir='ltr'><strong>se</strong></span> <span class='ocrx_word' id='word_1_442' title='bbox 1283 3172 1627 3227; x_wconf 91' lang='lat' dir='ltr'><strong>obedientem</strong></span> <span class='ocrx_word' id='word_1_443' title='bbox 1655 3172 1800 3227; x_wconf 86' lang='lat' dir='ltr'><strong>exhi-</strong></span> 
     </span>
    </p>
   </div>
   <div class='ocr_carea' id='block_1_63' title="bbox 198 3266 1805 3338">
    <p class='ocr_par' dir='ltr' id='par_1_63' title="bbox 198 3266 1805 3338">
     <span class='ocr_line' id='line_1_63' title="bbox 198 3266 1805 3338; baseline -0.004 -13"><span class='ocrx_word' id='word_1_444' title='bbox 198 3270 364 3334; x_wconf 90' lang='lat' dir='ltr'><strong>beat,</strong></span> <span class='ocrx_word' id='word_1_445' title='bbox 404 3276 458 3323; x_wconf 90' lang='lat' dir='ltr'><strong>et</strong></span> <span class='ocrx_word' id='word_1_446' title='bbox 502 3276 767 3338; x_wconf 89' lang='lat' dir='ltr'><strong>quantum</strong></span> <span class='ocrx_word' id='word_1_447' title='bbox 801 3268 1014 3332; x_wconf 91' lang='lat' dir='ltr'><strong>nititur,</strong></span> <span class='ocrx_word' id='word_1_448' title='bbox 1066 3275 1125 3321; x_wconf 95' lang='lat' dir='ltr'><strong>ut</strong></span> <span class='ocrx_word' id='word_1_449' title='bbox 1166 3266 1502 3337; x_wconf 90' lang='lat' dir='ltr'><strong>obsequendi</strong></span> <span class='ocrx_word' id='word_1_450' title='bbox 1548 3266 1805 3322; x_wconf 90' lang='lat' dir='ltr'><strong>voluntas</strong></span> 
     </span>
    </p>
   </div>
   <div class='ocr_carea' id='block_1_64' title="bbox 200 3358 1800 3430">
    <p class='ocr_par' dir='ltr' id='par_1_64' title="bbox 200 3358 1800 3430">
     <span class='ocr_line' id='line_1_64' title="bbox 200 3358 1800 3430; baseline -0.004 -13"><span class='ocrx_word' id='word_1_451' title='bbox 200 3359 617 3417; x_wconf 82' lang='lat' dir='ltr'><strong>manifestetur!</strong></span> <span class='ocrx_word' id='word_1_452' title='bbox 649 3360 753 3415; x_wconf 88' lang='lat' dir='ltr'><strong>Sed</strong></span> <span class='ocrx_word' id='word_1_453' title='bbox 778 3359 925 3430; x_wconf 94' lang='lat' dir='ltr'><strong>quod</strong></span> <span class='ocrx_word' id='word_1_454' title='bbox 957 3376 1051 3414; x_wconf 90' lang='lat' dir='ltr'><strong>ore</strong></span> <span class='ocrx_word' id='word_1_455' title='bbox 1074 3374 1184 3413; x_wconf 91' lang='lat' dir='ltr'><strong>non</strong></span> <span class='ocrx_word' id='word_1_456' title='bbox 1206 3358 1468 3429; x_wconf 89' lang='lat' dir='ltr'><strong>loquitur,</strong></span> <span class='ocrx_word' id='word_1_457' title='bbox 1497 3359 1603 3414; x_wconf 90' lang='lat' dir='ltr'><strong>hoc</strong></span> <span class='ocrx_word' id='word_1_458' title='bbox 1648 3366 1800 3430; x_wconf 89' lang='lat' dir='ltr'><strong>gestu</strong></span> 
     </span>
    </p>
   </div>
   <div class='ocr_carea' id='block_1_65' title="bbox 199 3451 1805 3526">
    <p class='ocr_par' dir='ltr' id='par_1_65' title="bbox 199 3451 1805 3526">
     <span class='ocr_line' id='line_1_65' title="bbox 199 3451 1805 3526; baseline -0.004 -15"><span class='ocrx_word' id='word_1_459' title='bbox 199 3454 458 3526; x_wconf 91' lang='lat' dir='ltr'><strong>corporis</strong></span> <span class='ocrx_word' id='word_1_460' title='bbox 524 3453 831 3524; x_wconf 88' lang='lat' dir='ltr'><strong>proﬁtetur.</strong></span> <span class='ocrx_word' id='word_1_461' title='bbox 897 3451 1356 3524; x_wconf 88' lang='lat' dir='ltr'><strong>Transgrediente</strong></span> <span class='ocrx_word' id='word_1_462' title='bbox 1422 3452 1627 3523; x_wconf 90' lang='lat' dir='ltr'><strong>quippe</strong></span> <span class='ocrx_word' id='word_1_463' title='bbox 1678 3451 1805 3506; x_wconf 87' lang='lat' dir='ltr'><strong>navi</strong></span> 
     </span>
    </p>
   </div>
   <div class='ocr_carea' id='block_1_66' title="bbox 196 3544 1803 3618">
    <p class='ocr_par' dir='ltr' id='par_1_66' title="bbox 196 3544 1803 3618">
     <span class='ocr_line' id='line_1_66' title="bbox 196 3544 1803 3618; baseline -0.003 -15"><span class='ocrx_word' id='word_1_464' title='bbox 196 3545 629 3618; x_wconf 86' lang='lat' dir='ltr'><strong>transgreditur,</strong></span> <span class='ocrx_word' id='word_1_465' title='bbox 668 3554 975 3601; x_wconf 88' lang='lat' dir='ltr'><strong>revertente</strong></span> <span class='ocrx_word' id='word_1_466' title='bbox 1030 3560 1247 3616; x_wconf 92' lang='lat' dir='ltr'><strong>quoque</strong></span> <span class='ocrx_word' id='word_1_467' title='bbox 1315 3544 1435 3613; x_wconf 91' lang='lat' dir='ltr'><strong>illa,</strong></span> <span class='ocrx_word' id='word_1_468' title='bbox 1495 3544 1803 3599; x_wconf 85' lang='lat' dir='ltr'><strong>revertitur.</strong></span> 
     </span>
    </p>
   </div>
   <div class='ocr_carea' id='block_1_67' title="bbox 199 3636 1807 3703">
    <p class='ocr_par' dir='ltr' id='par_1_67' title="bbox 199 3636 1807 3703">
     <span class='ocr_line' id='line_1_67' title="bbox 199 3636 1807 3703; baseline -0.003 -6"><span class='ocrx_word' id='word_1_469' title='bbox 199 3646 561 3697; x_wconf 89' lang='lat' dir='ltr'><strong>Postremum</strong></span> <span class='ocrx_word' id='word_1_470' title='bbox 611 3639 933 3694; x_wconf 88' lang='lat' dir='ltr'><strong>transvectis</strong></span> <span class='ocrx_word' id='word_1_471' title='bbox 977 3638 1262 3703; x_wconf 89' lang='lat' dir='ltr'><strong>omnibus,</strong></span> <span class='ocrx_word' id='word_1_472' title='bbox 1323 3636 1390 3693; x_wconf 92' lang='lat' dir='ltr'><strong>ad</strong></span> <span class='ocrx_word' id='word_1_473' title='bbox 1440 3638 1625 3692; x_wconf 91' lang='lat' dir='ltr'><strong>locum</strong></span> <span class='ocrx_word' id='word_1_474' title='bbox 1664 3637 1807 3692; x_wconf 90' lang='lat' dir='ltr'><strong>unde</strong></span> 
     </span>
    </p>
   </div>
   <div class='ocr_carea' id='block_1_68' title="bbox 199 3730 1698 3804">
    <p class='ocr_par' dir='ltr' id='par_1_68' title="bbox 199 3730 1698 3804">
     <span class='ocr_line' id='line_1_68' title="bbox 199 3730 1698 3804; baseline -0.005 -14"><span class='ocrx_word' id='word_1_475' title='bbox 199 3742 439 3791; x_wconf 83' lang='lat' dir='ltr'><strong>venerat</strong></span> <span class='ocrx_word' id='word_1_476' title='bbox 463 3733 720 3804; x_wconf 85' lang='lat' dir='ltr'><strong>perrexit,</strong></span> <span class='ocrx_word' id='word_1_477' title='bbox 748 3731 935 3803; x_wconf 90' lang='lat' dir='ltr'><strong>ibique</strong></span> <span class='ocrx_word' id='word_1_478' title='bbox 966 3731 1123 3803; x_wconf 90' lang='lat' dir='ltr'><strong>paulo</strong></span> <span class='ocrx_word' id='word_1_479' title='bbox 1160 3739 1282 3802; x_wconf 91' lang='lat' dir='ltr'><strong>post</strong></span> <span class='ocrx_word' id='word_1_480' title='bbox 1304 3730 1473 3785; x_wconf 89' lang='lat' dir='ltr'><strong>vitam</strong></span> <span class='ocrx_word' id='word_1_481' title='bbox 1505 3730 1698 3785; x_wconf 90' lang='lat' dir='ltr'><strong>ﬁnivit.</strong></span> 
     </span>
    </p>
   </div>
   <div class='ocr_carea' id='block_1_69' title="bbox 277 3824 1804 3897">
    <p class='ocr_par' dir='ltr' id='par_1_69' title="bbox 277 3824 1804 3897">
     <span class='ocr_line' id='line_1_69' title="bbox 277 3824 1804 3897; baseline -0.004 -14"><span class='ocrx_word' id='word_1_482' title='bbox 277 3829 462 3883; x_wconf 82' lang='lat' dir='ltr'><strong>XLII.</strong></span> <span class='ocrx_word' id='word_1_483' title='bbox 508 3827 631 3881; x_wconf 84' lang='lat' dir='ltr'><strong>Fuit</strong></span> <span class='ocrx_word' id='word_1_484' title='bbox 681 3842 775 3897; x_wconf 88' lang='lat' dir='ltr'><strong>per</strong></span> <span class='ocrx_word' id='word_1_485' title='bbox 805 3824 1035 3897; x_wconf 89' lang='lat' dir='ltr'><strong>quidam</strong></span> <span class='ocrx_word' id='word_1_486' title='bbox 1077 3824 1466 3880; x_wconf 88' lang='lat' dir='ltr'><strong>Cremonensis</strong></span> <span class='ocrx_word' id='word_1_487' title='bbox 1493 3841 1523 3879; x_wconf 91' lang='lat' dir='ltr'><strong>a</strong></span> <span class='ocrx_word' id='word_1_488' title='bbox 1554 3824 1804 3893; x_wconf 90' lang='lat' dir='ltr'><strong>complu-</strong></span> 
     </span>
    </p>
   </div>
   <div class='ocr_carea' id='block_1_70' title="bbox 199 3918 1807 3989">
    <p class='ocr_par' dir='ltr' id='par_1_70' title="bbox 199 3918 1807 3989">
     <span class='ocr_line' id='line_1_70' title="bbox 199 3918 1807 3989; baseline -0.004 -11"><span class='ocrx_word' id='word_1_489' title='bbox 199 3923 363 3978; x_wconf 88' lang='lat' dir='ltr'><strong>ribus</strong></span> <span class='ocrx_word' id='word_1_490' title='bbox 395 3921 579 3976; x_wconf 91' lang='lat' dir='ltr'><strong>vicinis</strong></span> <span class='ocrx_word' id='word_1_491' title='bbox 609 3919 721 3975; x_wconf 92' lang='lat' dir='ltr'><strong>suis</strong></span> <span class='ocrx_word' id='word_1_492' title='bbox 750 3918 817 3974; x_wconf 90' lang='lat' dir='ltr'><strong>ad</strong></span> <span class='ocrx_word' id='word_1_493' title='bbox 856 3919 1109 3974; x_wconf 88' lang='lat' dir='ltr'><strong>tumbam</strong></span> <span class='ocrx_word' id='word_1_494' title='bbox 1139 3919 1313 3973; x_wconf 89' lang='lat' dir='ltr'><strong>sancti</strong></span> <span class='ocrx_word' id='word_1_495' title='bbox 1352 3918 1450 3973; x_wconf 90' lang='lat' dir='ltr'><strong>viri</strong></span> <span class='ocrx_word' id='word_1_496' title='bbox 1478 3918 1695 3986; x_wconf 87' lang='lat' dir='ltr'><strong>allatus,</strong></span> <span class='ocrx_word' id='word_1_497' title='bbox 1717 3918 1807 3989; x_wconf 92' lang='lat' dir='ltr'><strong>qui</strong></span> 
     </span>
    </p>
   </div>
   <div class='ocr_carea' id='block_1_71' title="bbox 198 4011 1811 4082">
    <p class='ocr_par' dir='ltr' id='par_1_71' title="bbox 198 4011 1811 4082">
     <span class='ocr_line' id='line_1_71' title="bbox 198 4011 1811 4082; baseline -0.004 -11"><span class='ocrx_word' id='word_1_498' title='bbox 198 4030 442 4071; x_wconf 87' lang='lat' dir='ltr'><strong>manum</strong></span> <span class='ocrx_word' id='word_1_499' title='bbox 470 4013 677 4069; x_wconf 87' lang='lat' dir='ltr'><strong>aridam</strong></span> <span class='ocrx_word' id='word_1_500' title='bbox 707 4012 958 4067; x_wconf 88' lang='lat' dir='ltr'><strong>habebat.</strong></span> <span class='ocrx_word' id='word_1_501' title='bbox 991 4011 1123 4082; x_wconf 84' lang='lat' dir='ltr'><strong>Ejus</strong></span> <span class='ocrx_word' id='word_1_502' title='bbox 1148 4012 1383 4067; x_wconf 91' lang='lat' dir='ltr'><strong>salutem</strong></span> <span class='ocrx_word' id='word_1_503' title='bbox 1412 4020 1722 4066; x_wconf 89' lang='lat' dir='ltr'><strong>reverenter</strong></span> <span class='ocrx_word' id='word_1_504' title='bbox 1754 4019 1811 4067; x_wconf 92' lang='lat' dir='ltr'><strong>et</strong></span> 
     </span>
    </p>
   </div>
   <div class='ocr_carea' id='block_1_72' title="bbox 194 4103 1810 4178">
    <p class='ocr_par' dir='ltr' id='par_1_72' title="bbox 194 4103 1810 4178">
     <span class='ocr_line' id='line_1_72' title="bbox 194 4103 1810 4178; baseline -0.004 -14"><span class='ocrx_word' id='word_1_505' title='bbox 194 4106 550 4164; x_wconf 90' lang='lat' dir='ltr'><strong>conﬁdenter</strong></span> <span class='ocrx_word' id='word_1_506' title='bbox 574 4115 627 4161; x_wconf 92' lang='lat' dir='ltr'><strong>et</strong></span> <span class='ocrx_word' id='word_1_507' title='bbox 644 4121 755 4178; x_wconf 67' lang='lat' dir='ltr'><strong>pra:</strong></span> <span class='ocrx_word' id='word_1_508' title='bbox 776 4120 974 4176; x_wconf 90' lang='lat' dir='ltr'><strong>magna</strong></span> <span class='ocrx_word' id='word_1_509' title='bbox 999 4103 1352 4171; x_wconf 88' lang='lat' dir='ltr'><strong>conﬁdentia,</strong></span> <span class='ocrx_word' id='word_1_510' title='bbox 1371 4104 1525 4175; x_wconf 91' lang='lat' dir='ltr'><strong>quasi</strong></span> <span class='ocrx_word' id='word_1_511' title='bbox 1555 4104 1810 4159; x_wconf 87' lang='lat' dir='ltr'><strong>minitan-</strong></span> 
     </span>
    </p>
   </div>
   <div class='ocr_carea' id='block_1_73' title="bbox 197 4197 1812 4272">
    <p class='ocr_par' dir='ltr' id='par_1_73' title="bbox 197 4197 1812 4272">
     <span class='ocr_line' id='line_1_73' title="bbox 197 4197 1812 4272; baseline -0.002 -15"><span class='ocrx_word' id='word_1_512' title='bbox 197 4211 310 4266; x_wconf 87' lang='lat' dir='ltr'><strong>ter,</strong></span> <span class='ocrx_word' id='word_1_513' title='bbox 339 4199 706 4272; x_wconf 88' lang='lat' dir='ltr'><strong>postulabant,</strong></span> <span class='ocrx_word' id='word_1_514' title='bbox 730 4199 971 4255; x_wconf 82' lang='lat' dir='ltr'><strong>dicentes</strong></span> <span class='ocrx_word' id='word_1_515' title='bbox 1007 4217 1019 4253; x_wconf 90' lang='lat'><strong>:</strong></span> <span class='ocrx_word' id='word_1_516' title='bbox 1048 4222 1073 4245; x_wconf 82' lang='grc' dir='ltr'><strong>‹ι</strong></span> <span class='ocrx_word' id='word_1_517' title='bbox 1103 4197 1356 4253; x_wconf 89' lang='lat' dir='ltr'><strong>Piissime</strong></span> <span class='ocrx_word' id='word_1_518' title='bbox 1378 4199 1598 4268; x_wconf 58' lang='lat' dir='ltr'><strong>praesul,</strong></span> <span class='ocrx_word' id='word_1_519' title='bbox 1621 4205 1812 4253; x_wconf 89' lang='lat' dir='ltr'><strong>sancte</strong></span> 
     </span>
    </p>
   </div>
   <div class='ocr_carea' id='block_1_74' title="bbox 203 4289 1810 4361">
    <p class='ocr_par' dir='ltr' id='par_1_74' title="bbox 203 4289 1810 4361">
     <span class='ocr_line' id='line_1_74' title="bbox 203 4289 1810 4361; baseline -0.004 -10"><span class='ocrx_word' id='word_1_520' title='bbox 203 4294 496 4361; x_wconf 84' lang='lat' dir='ltr'><strong>Anselme,</strong></span> <span class='ocrx_word' id='word_1_521' title='bbox 520 4292 801 4349; x_wconf 86' lang='lat' dir='ltr'><strong>confessor</strong></span> <span class='ocrx_word' id='word_1_522' title='bbox 835 4292 972 4360; x_wconf 92' lang='lat' dir='ltr'><strong>Dei,</strong></span> <span class='ocrx_word' id='word_1_523' title='bbox 1001 4290 1197 4347; x_wconf 84' lang='lat' dir='ltr'><strong>exaudi</strong></span> <span class='ocrx_word' id='word_1_524' title='bbox 1220 4306 1321 4346; x_wconf 90' lang='lat' dir='ltr'><strong>nos</strong></span> <span class='ocrx_word' id='word_1_525' title='bbox 1349 4305 1447 4361; x_wconf 92' lang='lat' dir='ltr'><strong>pro</strong></span> <span class='ocrx_word' id='word_1_526' title='bbox 1478 4289 1686 4345; x_wconf 90' lang='lat' dir='ltr'><strong>famulo</strong></span> <span class='ocrx_word' id='word_1_527' title='bbox 1716 4299 1810 4345; x_wconf 93' lang='lat' dir='ltr'><strong>tuo</strong></span> 
     </span>
    </p>
   </div>
   <div class='ocr_carea' id='block_1_75' title="bbox 203 4383 1807 4458">
    <p class='ocr_par' dir='ltr' id='par_1_75' title="bbox 203 4383 1807 4458">
     <span class='ocr_line' id='line_1_75' title="bbox 203 4383 1807 4458; baseline -0.005 -13"><span class='ocrx_word' id='word_1_528' title='bbox 203 4398 466 4455; x_wconf 82' lang='lat' dir='ltr'><strong>orantes;</strong></span> <span class='ocrx_word' id='word_1_529' title='bbox 493 4388 536 4441; x_wconf 89' lang='lat' dir='ltr'><strong>si</strong></span> <span class='ocrx_word' id='word_1_530' title='bbox 574 4387 706 4458; x_wconf 90' lang='lat' dir='ltr'><strong>quid</strong></span> <span class='ocrx_word' id='word_1_531' title='bbox 734 4387 790 4441; x_wconf 92' lang='lat' dir='ltr'><strong>in</strong></span> <span class='ocrx_word' id='word_1_532' title='bbox 837 4386 945 4440; x_wconf 91' lang='lat' dir='ltr'><strong>vita</strong></span> <span class='ocrx_word' id='word_1_533' title='bbox 976 4393 1083 4441; x_wconf 89' lang='lat' dir='ltr'><strong>ate</strong></span> <span class='ocrx_word' id='word_1_534' title='bbox 1112 4383 1435 4449; x_wconf 90' lang='lat' dir='ltr'><strong>meruimus,</strong></span> <span class='ocrx_word' id='word_1_535' title='bbox 1478 4384 1519 4439; x_wconf 92' lang='lat' dir='ltr'><strong>si</strong></span> <span class='ocrx_word' id='word_1_536' title='bbox 1551 4383 1807 4455; x_wconf 69' lang='lat' dir='ltr'><strong>praedica-</strong></span> 
     </span>
    </p>
   </div>
   <div class='ocr_carea' id='block_1_76' title="bbox 1912 3172 3510 3247">
    <p class='ocr_par' dir='ltr' id='par_1_76' title="bbox 1912 3172 3510 3247">
     <span class='ocr_line' id='line_1_76' title="bbox 1912 3172 3510 3247; baseline -0.003 -17"><span class='ocrx_word' id='word_1_537' title='bbox 1912 3178 2058 3231; x_wconf 87' lang='lat' dir='ltr'><strong>enim</strong></span> <span class='ocrx_word' id='word_1_538' title='bbox 2079 3218 2091 3241; x_wconf 90' lang='lat'><strong>,</strong></span> <span class='ocrx_word' id='word_1_539' title='bbox 2119 3184 2268 3247; x_wconf 88' lang='lat' dir='ltr'><strong>gutta</strong></span> <span class='ocrx_word' id='word_1_540' title='bbox 2291 3174 2609 3229; x_wconf 89' lang='lat' dir='ltr'><strong>immaniter</strong></span> <span class='ocrx_word' id='word_1_541' title='bbox 2631 3182 2975 3245; x_wconf 87' lang='lat' dir='ltr'><strong>perurgente,</strong></span> <span class='ocrx_word' id='word_1_542' title='bbox 3004 3173 3342 3238; x_wconf 89' lang='lat' dir='ltr'><strong>tremebant,</strong></span> <span class='ocrx_word' id='word_1_543' title='bbox 3365 3172 3510 3242; x_wconf 90' lang='lat' dir='ltr'><strong>quod</strong></span> 
     </span>
    </p>
   </div>
   <div class='ocr_carea' id='block_1_77' title="bbox 1915 3265 3513 3341">
    <p class='ocr_par' dir='ltr' id='par_1_77' title="bbox 1915 3265 3513 3341">
     <span class='ocr_line' id='line_1_77' title="bbox 1915 3265 3513 3341; baseline -0.003 -17"><span class='ocrx_word' id='word_1_544' title='bbox 1915 3270 2051 3324; x_wconf 90' lang='lat' dir='ltr'><strong>nihil</strong></span> <span class='ocrx_word' id='word_1_545' title='bbox 2080 3285 2240 3341; x_wconf 88' lang='lat' dir='ltr'><strong>agere</strong></span> <span class='ocrx_word' id='word_1_546' title='bbox 2270 3268 2514 3339; x_wconf 86' lang='lat' dir='ltr'><strong>nihilque</strong></span> <span class='ocrx_word' id='word_1_547' title='bbox 2544 3277 2729 3322; x_wconf 87' lang='lat' dir='ltr'><strong>tenere</strong></span> <span class='ocrx_word' id='word_1_548' title='bbox 2754 3267 2983 3323; x_wconf 90' lang='lat' dir='ltr'><strong>valebat.</strong></span> <span class='ocrx_word' id='word_1_549' title='bbox 3028 3266 3169 3321; x_wconf 85' lang='lat' dir='ltr'><strong>Huic</strong></span> <span class='ocrx_word' id='word_1_550' title='bbox 3206 3265 3391 3337; x_wconf 90' lang='lat' dir='ltr'><strong>itaque</strong></span> <span class='ocrx_word' id='word_1_551' title='bbox 3418 3282 3513 3335; x_wconf 90' lang='lat' dir='ltr'><strong>per</strong></span> 
     </span>
    </p>
   </div>
   <div class='ocr_carea' id='block_1_78' title="bbox 1915 3359 3511 3431">
    <p class='ocr_par' dir='ltr' id='par_1_78' title="bbox 1915 3359 3511 3431">
     <span class='ocr_line' id='line_1_78' title="bbox 1915 3359 3511 3431; baseline -0.002 -15"><span class='ocrx_word' id='word_1_552' title='bbox 1915 3362 2181 3417; x_wconf 91' lang='lat' dir='ltr'><strong>visionem</strong></span> <span class='ocrx_word' id='word_1_553' title='bbox 2219 3363 2496 3416; x_wconf 90' lang='lat' dir='ltr'><strong>Dominus</strong></span> <span class='ocrx_word' id='word_1_554' title='bbox 2536 3360 2795 3415; x_wconf 87' lang='lat' dir='ltr'><strong>revelavit</strong></span> <span class='ocrx_word' id='word_1_555' title='bbox 2842 3360 2989 3431; x_wconf 90' lang='lat' dir='ltr'><strong>quod</strong></span> <span class='ocrx_word' id='word_1_556' title='bbox 3035 3360 3081 3414; x_wconf 91' lang='lat' dir='ltr'><strong>si</strong></span> <span class='ocrx_word' id='word_1_557' title='bbox 3128 3360 3195 3415; x_wconf 92' lang='lat' dir='ltr'><strong>ad</strong></span> <span class='ocrx_word' id='word_1_558' title='bbox 3233 3359 3511 3414; x_wconf 88' lang='lat' dir='ltr'><strong>tumulum</strong></span> 
     </span>
    </p>
   </div>
   <div class='ocr_carea' id='block_1_79' title="bbox 1914 3455 3510 3511">
    <p class='ocr_par' dir='ltr' id='par_1_79' title="bbox 1914 3455 3510 3511">
     <span class='ocr_line' id='line_1_79' title="bbox 1914 3455 3510 3511; baseline -0.003 0"><span class='ocrx_word' id='word_1_559' title='bbox 1914 3456 2247 3511; x_wconf 87' lang='lat' dir='ltr'><strong>sanctissimi</strong></span> <span class='ocrx_word' id='word_1_560' title='bbox 2288 3455 2536 3509; x_wconf 79' lang='lat' dir='ltr'><strong>Anselmi</strong></span> <span class='ocrx_word' id='word_1_561' title='bbox 2580 3469 2638 3509; x_wconf 90' lang='lat' dir='ltr'><strong>se</strong></span> <span class='ocrx_word' id='word_1_562' title='bbox 2668 3463 2958 3509; x_wconf 88' lang='lat' dir='ltr'><strong>venturum</strong></span> <span class='ocrx_word' id='word_1_563' title='bbox 3008 3461 3320 3507; x_wconf 88' lang='lat' dir='ltr'><strong>reverenter</strong></span> <span class='ocrx_word' id='word_1_564' title='bbox 3348 3468 3510 3507; x_wconf 76' lang='lat' dir='ltr'><strong>vove~</strong></span> 
     </span>
    </p>
   </div>
   <div class='ocr_carea' id='block_1_80' title="bbox 1914 3546 3510 3619">
    <p class='ocr_par' dir='ltr' id='par_1_80' title="bbox 1914 3546 3510 3619">
     <span class='ocr_line' id='line_1_80' title="bbox 1914 3546 3510 3619; baseline -0.003 -14"><span class='ocrx_word' id='word_1_565' title='bbox 1914 3558 2025 3617; x_wconf 87' lang='lat' dir='ltr'><strong>ret,</strong></span> <span class='ocrx_word' id='word_1_566' title='bbox 2052 3548 2336 3619; x_wconf 90' lang='lat' dir='ltr'><strong>utriusque</strong></span> <span class='ocrx_word' id='word_1_567' title='bbox 2368 3547 2705 3603; x_wconf 89' lang='lat' dir='ltr'><strong>inﬁrmitatis</strong></span> <span class='ocrx_word' id='word_1_568' title='bbox 2733 3547 2968 3602; x_wconf 89' lang='lat' dir='ltr'><strong>salutem</strong></span> <span class='ocrx_word' id='word_1_569' title='bbox 2999 3547 3141 3602; x_wconf 90' lang='lat' dir='ltr'><strong>illico</strong></span> <span class='ocrx_word' id='word_1_570' title='bbox 3166 3563 3225 3601; x_wconf 91' lang='lat' dir='ltr'><strong>se</strong></span> <span class='ocrx_word' id='word_1_571' title='bbox 3251 3546 3510 3616; x_wconf 87' lang='lat' dir='ltr'><strong>adeptum</strong></span> 
     </span>
    </p>
   </div>
   <div class='ocr_carea' id='block_1_81' title="bbox 1916 3639 3509 3713">
    <p class='ocr_par' dir='ltr' id='par_1_81' title="bbox 1916 3639 3509 3713">
     <span class='ocr_line' id='line_1_81' title="bbox 1916 3639 3509 3713; baseline -0.004 -15"><span class='ocrx_word' id='word_1_572' title='bbox 1916 3643 2188 3713; x_wconf 89' lang='lat' dir='ltr'><strong>gauderet.</strong></span> <span class='ocrx_word' id='word_1_573' title='bbox 2223 3642 2326 3697; x_wconf 81' lang='lat' dir='ltr'><strong>Hic</strong></span> <span class='ocrx_word' id='word_1_574' title='bbox 2354 3657 2484 3712; x_wconf 91' lang='lat' dir='ltr'><strong>ergo</strong></span> <span class='ocrx_word' id='word_1_575' title='bbox 2538 3640 2820 3711; x_wconf 90' lang='lat' dir='ltr'><strong>evigilans,</strong></span> <span class='ocrx_word' id='word_1_576' title='bbox 2850 3640 3117 3695; x_wconf 90' lang='lat' dir='ltr'><strong>visionem</strong></span> <span class='ocrx_word' id='word_1_577' title='bbox 3148 3655 3339 3695; x_wconf 89' lang='lat' dir='ltr'><strong>secum</strong></span> <span class='ocrx_word' id='word_1_578' title='bbox 3368 3639 3509 3710; x_wconf 88' lang='lat' dir='ltr'><strong>cogi-</strong></span> 
     </span>
    </p>
   </div>
   <div class='ocr_carea' id='block_1_82' title="bbox 1917 3732 3511 3806">
    <p class='ocr_par' dir='ltr' id='par_1_82' title="bbox 1917 3732 3511 3806">
     <span class='ocr_line' id='line_1_82' title="bbox 1917 3732 3511 3806; baseline -0.003 -15"><span class='ocrx_word' id='word_1_579' title='bbox 1917 3744 2067 3803; x_wconf 91' lang='lat' dir='ltr'><strong>tans,</strong></span> <span class='ocrx_word' id='word_1_580' title='bbox 2107 3734 2321 3791; x_wconf 89' lang='lat' dir='ltr'><strong>nescius</strong></span> <span class='ocrx_word' id='word_1_581' title='bbox 2371 3734 2504 3806; x_wconf 91' lang='lat' dir='ltr'><strong>quid</strong></span> <span class='ocrx_word' id='word_1_582' title='bbox 2554 3742 2770 3805; x_wconf 87' lang='lat' dir='ltr'><strong>ageret,</strong></span> <span class='ocrx_word' id='word_1_583' title='bbox 2822 3733 3111 3804; x_wconf 90' lang='lat' dir='ltr'><strong>ambiguus</strong></span> <span class='ocrx_word' id='word_1_584' title='bbox 3148 3732 3277 3802; x_wconf 91' lang='lat' dir='ltr'><strong>quid</strong></span> <span class='ocrx_word' id='word_1_585' title='bbox 3324 3732 3511 3787; x_wconf 87' lang='lat' dir='ltr'><strong>crede-</strong></span> 
     </span>
    </p>
   </div>
   <div class='ocr_carea' id='block_1_83' title="bbox 1918 3825 3516 3895">
    <p class='ocr_par' dir='ltr' id='par_1_83' title="bbox 1918 3825 3516 3895">
     <span class='ocr_line' id='line_1_83' title="bbox 1918 3825 3516 3895; baseline -0.006 -8"><span class='ocrx_word' id='word_1_586' title='bbox 1918 3839 2023 3895; x_wconf 91' lang='lat' dir='ltr'><strong>ret,</strong></span> <span class='ocrx_word' id='word_1_587' title='bbox 2072 3829 2417 3885; x_wconf 90' lang='lat' dir='ltr'><strong>revelationis</strong></span> <span class='ocrx_word' id='word_1_588' title='bbox 2489 3827 2833 3894; x_wconf 88' lang='lat' dir='ltr'><strong>incredulus,</strong></span> <span class='ocrx_word' id='word_1_589' title='bbox 2896 3826 3083 3883; x_wconf 91' lang='lat' dir='ltr'><strong>salutis</strong></span> <span class='ocrx_word' id='word_1_590' title='bbox 3134 3835 3319 3880; x_wconf 89' lang='lat' dir='ltr'><strong>tamen</strong></span> <span class='ocrx_word' id='word_1_591' title='bbox 3363 3825 3516 3895; x_wconf 92' lang='lat' dir='ltr'><strong>cupi-</strong></span> 
     </span>
    </p>
   </div>
   <div class='ocr_carea' id='block_1_84' title="bbox 1918 3917 3516 3995">
    <p class='ocr_par' dir='ltr' id='par_1_84' title="bbox 1918 3917 3516 3995">
     <span class='ocr_line' id='line_1_84' title="bbox 1918 3917 3516 3995; baseline -0.005 -15"><span class='ocrx_word' id='word_1_592' title='bbox 1918 3924 2054 3990; x_wconf 92' lang='lat' dir='ltr'><strong>dus,</strong></span> <span class='ocrx_word' id='word_1_593' title='bbox 2102 3920 2375 3995; x_wconf 89' lang='lat' dir='ltr'><strong>quosdam</strong></span> <span class='ocrx_word' id='word_1_594' title='bbox 2416 3921 2592 3976; x_wconf 89' lang='lat' dir='ltr'><strong>bonos</strong></span> <span class='ocrx_word' id='word_1_595' title='bbox 2638 3920 2892 3975; x_wconf 92' lang='lat' dir='ltr'><strong>homines</strong></span> <span class='ocrx_word' id='word_1_596' title='bbox 2942 3936 3055 3976; x_wconf 60' lang='lat' dir='ltr'><strong>sua:</strong></span> <span class='ocrx_word' id='word_1_597' title='bbox 3098 3918 3313 3974; x_wconf 78' lang='lat' dir='ltr'><strong>viciniae</strong></span> <span class='ocrx_word' id='word_1_598' title='bbox 3358 3917 3429 3974; x_wconf 92' lang='lat' dir='ltr'><strong>ad</strong></span> <span class='ocrx_word' id='word_1_599' title='bbox 3458 3934 3516 3973; x_wconf 91' lang='lat' dir='ltr'><strong>se</strong></span> 
     </span>
    </p>
   </div>
   <div class='ocr_carea' id='block_1_85' title="bbox 1920 4011 3516 4086">
    <p class='ocr_par' dir='ltr' id='par_1_85' title="bbox 1920 4011 3516 4086">
     <span class='ocr_line' id='line_1_85' title="bbox 1920 4011 3516 4086; baseline -0.004 -14"><span class='ocrx_word' id='word_1_600' title='bbox 1920 4018 2081 4073; x_wconf 87' lang='lat' dir='ltr'><strong>acciri</strong></span> <span class='ocrx_word' id='word_1_601' title='bbox 2143 4014 2296 4084; x_wconf 87' lang='lat' dir='ltr'><strong>fecit,</strong></span> <span class='ocrx_word' id='word_1_602' title='bbox 2368 4022 2705 4086; x_wconf 85' lang='lat' dir='ltr'><strong>narrataque</strong></span> <span class='ocrx_word' id='word_1_603' title='bbox 2751 4013 2991 4081; x_wconf 89' lang='lat' dir='ltr'><strong>visione,</strong></span> <span class='ocrx_word' id='word_1_604' title='bbox 3048 4012 3281 4067; x_wconf 90' lang='lat' dir='ltr'><strong>vovendi</strong></span> <span class='ocrx_word' id='word_1_605' title='bbox 3342 4026 3400 4081; x_wconf 67' lang='lat' dir='ltr'><strong>se</strong></span> <span class='ocrx_word' id='word_1_606' title='bbox 3447 4011 3516 4066; x_wconf 89' lang='lat' dir='ltr'><strong>ab</strong></span> 
     </span>
    </p>
   </div>
   <div class='ocr_carea' id='block_1_86' title="bbox 1922 4105 3515 4178">
    <p class='ocr_par' dir='ltr' id='par_1_86' title="bbox 1922 4105 3515 4178">
     <span class='ocr_line' id='line_1_86' title="bbox 1922 4105 3515 4178; baseline -0.004 -13"><span class='ocrx_word' id='word_1_607' title='bbox 1922 4110 2002 4165; x_wconf 90' lang='lat' dir='ltr'><strong>eis</strong></span> <span class='ocrx_word' id='word_1_608' title='bbox 2025 4109 2318 4165; x_wconf 90' lang='lat' dir='ltr'><strong>consilium</strong></span> <span class='ocrx_word' id='word_1_609' title='bbox 2364 4107 2599 4178; x_wconf 91' lang='lat' dir='ltr'><strong>recepit,</strong></span> <span class='ocrx_word' id='word_1_610' title='bbox 2651 4106 2901 4177; x_wconf 85' lang='lat' dir='ltr'><strong>factoque</strong></span> <span class='ocrx_word' id='word_1_611' title='bbox 2947 4114 3104 4172; x_wconf 86' lang='lat' dir='ltr'><strong>voto,</strong></span> <span class='ocrx_word' id='word_1_612' title='bbox 3150 4105 3337 4161; x_wconf 89' lang='lat' dir='ltr'><strong>statim</strong></span> <span class='ocrx_word' id='word_1_613' title='bbox 3380 4120 3515 4159; x_wconf 90' lang='lat' dir='ltr'><strong>con-</strong></span> 
     </span>
    </p>
   </div>
   <div class='ocr_carea' id='block_1_87' title="bbox 1922 4202 2107 4258">
    <p class='ocr_par' dir='ltr' id='par_1_87' title="bbox 1922 4202 2107 4258">
     <span class='ocr_line' id='line_1_87' title="bbox 1922 4202 2107 4258; baseline 0 -2"><span class='ocrx_word' id='word_1_614' title='bbox 1922 4202 2107 4258; x_wconf 88' lang='lat' dir='ltr'><strong>valuit.</strong></span> 
     </span>
    </p>
   </div>
   <div class='ocr_carea' id='block_1_88' title="bbox 1990 4291 3517 4365">
    <p class='ocr_par' dir='ltr' id='par_1_88' title="bbox 1990 4291 3517 4365">
     <span class='ocr_line' id='line_1_88' title="bbox 1990 4291 3517 4365; baseline -0.002 -15"><span class='ocrx_word' id='word_1_615' title='bbox 1990 4300 2127 4351; x_wconf 86' lang='lat' dir='ltr'><strong>Item</strong></span> <span class='ocrx_word' id='word_1_616' title='bbox 2157 4294 2354 4349; x_wconf 88' lang='lat' dir='ltr'><strong>mulier</strong></span> <span class='ocrx_word' id='word_1_617' title='bbox 2383 4293 2638 4365; x_wconf 68' lang='lat' dir='ltr'><strong>qumdam</strong></span> <span class='ocrx_word' id='word_1_618' title='bbox 2671 4292 2736 4347; x_wconf 91' lang='lat' dir='ltr'><strong>de</strong></span> <span class='ocrx_word' id='word_1_619' title='bbox 2774 4296 2944 4349; x_wconf 88' lang='lat' dir='ltr'><strong>Fossa</strong></span> <span class='ocrx_word' id='word_1_620' title='bbox 2977 4293 3257 4364; x_wconf 87' lang='lat' dir='ltr'><strong>Capraria,</strong></span> <span class='ocrx_word' id='word_1_621' title='bbox 3289 4291 3517 4347; x_wconf 89' lang='lat' dir='ltr'><strong>renibus</strong></span> 
     </span>
    </p>
   </div>
   <div class='ocr_carea' id='block_1_89' title="bbox 1923 4382 3543 4461">
    <p class='ocr_par' dir='ltr' id='par_1_89' title="bbox 1923 4382 3543 4461">
     <span class='ocr_line' id='line_1_89' title="bbox 1923 4382 3543 4461; baseline -0.002 -18"><span class='ocrx_word' id='word_1_622' title='bbox 1923 4388 2193 4461; x_wconf 80' lang='lat' dir='ltr'><strong>[genibus]</strong></span> <span class='ocrx_word' id='word_1_623' title='bbox 2218 4388 2524 4448; x_wconf 89' lang='lat' dir='ltr'><strong>incurvata,</strong></span> <span class='ocrx_word' id='word_1_624' title='bbox 2552 4385 2753 4456; x_wconf 91' lang='lat' dir='ltr'><strong>pedum</strong></span> <span class='ocrx_word' id='word_1_625' title='bbox 2784 4386 3007 4441; x_wconf 89' lang='lat' dir='ltr'><strong>servitio</strong></span> <span class='ocrx_word' id='word_1_626' title='bbox 3039 4386 3266 4455; x_wconf 89' lang='lat' dir='ltr'><strong>privata,</strong></span> <span class='ocrx_word' id='word_1_627' title='bbox 3294 4401 3512 4439; x_wconf 88' lang='lat' dir='ltr'><strong>eorum-</strong></span> <span class='ocrx_word' id='word_1_628' title='bbox 3540 4382 3543 4385; x_wconf 65' lang='grc'>’</span> 
     </span>
    </p>
   </div>
   <div class='ocr_carea' id='block_1_90' title="bbox 200 4460 3513 4555">
    <p class='ocr_par' dir='ltr' id='par_1_90' title="bbox 200 4460 3513 4555">
     <span class='ocr_line' id='line_1_90' title="bbox 200 4460 3513 4555; baseline -0.004 -11"><span class='ocrx_word' id='word_1_629' title='bbox 200 4484 426 4536; x_wconf 70' lang='lat' dir='ltr'><strong>tionem</strong></span> <span class='ocrx_word' id='word_1_630' title='bbox 453 4490 602 4535; x_wconf 76' lang='lat' dir='ltr'><strong>tuam</strong></span> <span class='ocrx_word' id='word_1_631' title='bbox 646 4479 882 4535; x_wconf 74' lang='lat' dir='ltr'><strong>ﬁdeliter</strong></span> <span class='ocrx_word' id='word_1_632' title='bbox 910 4478 1242 4549; x_wconf 65' lang='lat' dir='ltr'><strong>accepimus,</strong></span> <span class='ocrx_word' id='word_1_633' title='bbox 1276 4478 1322 4533; x_wconf 91' lang='lat' dir='ltr'><strong>si</strong></span> <span class='ocrx_word' id='word_1_634' title='bbox 1359 4476 1527 4533; x_wconf 90' lang='lat' dir='ltr'><strong>ﬁdem</strong></span> <span class='ocrx_word' id='word_1_635' title='bbox 1569 4478 1808 4533; x_wconf 85' lang='lat' dir='ltr'><strong>incorru-</strong></span> <span class='ocrx_word' id='word_1_636' title='bbox 1842 4460 1893 4523; x_wconf 82' lang='lat' dir='ltr'><strong>D</strong></span> <span class='ocrx_word' id='word_1_637' title='bbox 1924 4460 2032 4555; x_wconf 85' lang='lat' dir='ltr'><strong>que</strong></span> <span class='ocrx_word' id='word_1_638' title='bbox 2061 4481 2179 4537; x_wconf 92' lang='lat' dir='ltr'><strong>loco</strong></span> <span class='ocrx_word' id='word_1_639' title='bbox 2227 4479 2453 4535; x_wconf 81' lang='lat' dir='ltr'><strong>fustium</strong></span> <span class='ocrx_word' id='word_1_640' title='bbox 2494 4479 2698 4534; x_wconf 85' lang='lat' dir='ltr'><strong>auxilio</strong></span> <span class='ocrx_word' id='word_1_641' title='bbox 2755 4478 2848 4533; x_wconf 90' lang='lat' dir='ltr'><strong>diu</strong></span> <span class='ocrx_word' id='word_1_642' title='bbox 2884 4477 3074 4546; x_wconf 89' lang='lat' dir='ltr'><strong>potita,</strong></span> <span class='ocrx_word' id='word_1_643' title='bbox 3123 4493 3251 4531; x_wconf 90' lang='lat' dir='ltr'><strong>cum</strong></span> <span class='ocrx_word' id='word_1_644' title='bbox 3274 4477 3390 4547; x_wconf 89' lang='lat' dir='ltr'><strong>jam</strong></span> <span class='ocrx_word' id='word_1_645' title='bbox 3422 4493 3513 4531; x_wconf 88' lang='lat' dir='ltr'><strong>ac-</strong></span> 
     </span>
    </p>
   </div>
   <div class='ocr_carea' id='block_1_91' title="bbox 204 4571 1807 4648">
    <p class='ocr_par' dir='ltr' id='par_1_91' title="bbox 204 4571 1807 4648">
     <span class='ocr_line' id='line_1_91' title="bbox 204 4571 1807 4648; baseline -0.003 -19"><span class='ocrx_word' id='word_1_646' title='bbox 204 4585 367 4648; x_wconf 85' lang='lat' dir='ltr'><strong>ptam</strong></span> <span class='ocrx_word' id='word_1_647' title='bbox 396 4573 752 4639; x_wconf 90' lang='lat' dir='ltr'><strong>servavimus,</strong></span> <span class='ocrx_word' id='word_1_648' title='bbox 794 4573 841 4628; x_wconf 94' lang='lat' dir='ltr'><strong>si</strong></span> <span class='ocrx_word' id='word_1_649' title='bbox 892 4571 1393 4627; x_wconf 86' lang='lat' dir='ltr'><strong>contradicentibus</strong></span> <span class='ocrx_word' id='word_1_650' title='bbox 1421 4571 1519 4626; x_wconf 87' lang='lat' dir='ltr'><strong>tibi</strong></span> <span class='ocrx_word' id='word_1_651' title='bbox 1554 4580 1807 4627; x_wconf 89' lang='lat' dir='ltr'><strong>constan-</strong></span> 
     </span>
    </p>
   </div>
   <div class='ocr_carea' id='block_1_92' title="bbox 206 4663 1806 4735">
    <p class='ocr_par' dir='ltr' id='par_1_92' title="bbox 206 4663 1806 4735">
     <span class='ocr_line' id='line_1_92' title="bbox 206 4663 1806 4735; baseline -0.003 -12"><span class='ocrx_word' id='word_1_652' title='bbox 206 4677 299 4724; x_wconf 87' lang='lat' dir='ltr'><strong>ter</strong></span> <span class='ocrx_word' id='word_1_653' title='bbox 331 4666 664 4734; x_wconf 85' lang='lat' dir='ltr'><strong>restitimus,</strong></span> <span class='ocrx_word' id='word_1_654' title='bbox 706 4665 899 4721; x_wconf 87' lang='lat' dir='ltr'><strong>exaudi</strong></span> <span class='ocrx_word' id='word_1_655' title='bbox 930 4681 1061 4731; x_wconf 90' lang='lat' dir='ltr'><strong>nos,</strong></span> <span class='ocrx_word' id='word_1_656' title='bbox 1115 4663 1311 4735; x_wconf 90' lang='lat' dir='ltr'><strong>adjuva</strong></span> <span class='ocrx_word' id='word_1_657' title='bbox 1354 4680 1482 4719; x_wconf 92' lang='lat' dir='ltr'><strong>eum</strong></span> <span class='ocrx_word' id='word_1_658' title='bbox 1519 4673 1573 4720; x_wconf 90' lang='lat' dir='ltr'><strong>et</strong></span> <span class='ocrx_word' id='word_1_659' title='bbox 1604 4663 1806 4729; x_wconf 87' lang='lat' dir='ltr'><strong>libera;</strong></span> 
     </span>
    </p>
   </div>
   <div class='ocr_carea' id='block_1_93' title="bbox 208 4756 1808 4825">
    <p class='ocr_par' dir='ltr' id='par_1_93' title="bbox 208 4756 1808 4825">
     <span class='ocr_line' id='line_1_93' title="bbox 208 4756 1808 4825; baseline -0.003 -9"><span class='ocrx_word' id='word_1_660' title='bbox 208 4760 423 4816; x_wconf 88' lang='lat' dir='ltr'><strong>multos</strong></span> <span class='ocrx_word' id='word_1_661' title='bbox 442 4760 645 4815; x_wconf 83' lang='lat' dir='ltr'><strong>sanasti</strong></span> <span class='ocrx_word' id='word_1_662' title='bbox 678 4758 1017 4825; x_wconf 90' lang='lat' dir='ltr'><strong>inﬁdelibus,</strong></span> <span class='ocrx_word' id='word_1_663' title='bbox 1043 4774 1216 4813; x_wconf 89' lang='lat' dir='ltr'><strong>unum</strong></span> <span class='ocrx_word' id='word_1_664' title='bbox 1247 4758 1442 4812; x_wconf 91' lang='lat' dir='ltr'><strong>saltem</strong></span> <span class='ocrx_word' id='word_1_665' title='bbox 1488 4757 1725 4813; x_wconf 89' lang='lat' dir='ltr'><strong>concede</strong></span> <span class='ocrx_word' id='word_1_666' title='bbox 1746 4756 1808 4811; x_wconf 88' lang='lat' dir='ltr'><strong>ﬁ-</strong></span> 
     </span>
    </p>
   </div>
   <div class='ocr_carea' id='block_1_94' title="bbox 207 4850 1807 4921">
    <p class='ocr_par' dir='ltr' id='par_1_94' title="bbox 207 4850 1807 4921">
     <span class='ocr_line' id='line_1_94' title="bbox 207 4850 1807 4921; baseline -0.004 -11"><span class='ocrx_word' id='word_1_667' title='bbox 207 4854 453 4919; x_wconf 88' lang='lat' dir='ltr'><strong>delibus,</strong></span> <span class='ocrx_word' id='word_1_668' title='bbox 483 4869 555 4909; x_wconf 91' lang='lat' dir='ltr'><strong>ne</strong></span> <span class='ocrx_word' id='word_1_669' title='bbox 574 4851 717 4908; x_wconf 91' lang='lat' dir='ltr'><strong>forte</strong></span> <span class='ocrx_word' id='word_1_670' title='bbox 742 4852 1006 4908; x_wconf 82' lang='lat' dir='ltr'><strong>insultent</strong></span> <span class='ocrx_word' id='word_1_671' title='bbox 1029 4851 1188 4906; x_wconf 90' lang='lat' dir='ltr'><strong>nobis</strong></span> <span class='ocrx_word' id='word_1_672' title='bbox 1220 4850 1426 4905; x_wconf 90' lang='lat' dir='ltr'><strong>inimici</strong></span> <span class='ocrx_word' id='word_1_673' title='bbox 1456 4850 1771 4921; x_wconf 86' lang='lat' dir='ltr'><strong>objicientes</strong></span> <span class='ocrx_word' id='word_1_674' title='bbox 1796 4870 1807 4904; x_wconf 89' lang='lat'>:</span> 
     </span>
    </p>
   </div>
   <div class='ocr_carea' id='block_1_95' title="bbox 205 4943 1813 5018">
    <p class='ocr_par' dir='ltr' id='par_1_95' title="bbox 205 4943 1813 5018">
     <span class='ocr_line' id='line_1_95' title="bbox 205 4943 1813 5018; baseline -0.002 -16"><span class='ocrx_word' id='word_1_675' title='bbox 205 4950 377 5003; x_wconf 82' lang='lat' dir='ltr'><strong>Nunc</strong></span> <span class='ocrx_word' id='word_1_676' title='bbox 404 4955 659 5018; x_wconf 82' lang='lat' dir='ltr'><strong>apparet,</strong></span> <span class='ocrx_word' id='word_1_677' title='bbox 688 4961 854 5017; x_wconf 89' lang='lat' dir='ltr'><strong>quam</strong></span> <span class='ocrx_word' id='word_1_678' title='bbox 883 4944 1049 5017; x_wconf 90' lang='lat' dir='ltr'><strong>grati,</strong></span> <span class='ocrx_word' id='word_1_679' title='bbox 1079 4959 1244 5016; x_wconf 90' lang='lat' dir='ltr'><strong>quam</strong></span> <span class='ocrx_word' id='word_1_680' title='bbox 1291 4943 1383 4999; x_wconf 92' lang='lat' dir='ltr'><strong>ﬁdi</strong></span> <span class='ocrx_word' id='word_1_681' title='bbox 1416 4944 1461 4998; x_wconf 93' lang='lat' dir='ltr'><strong>ei</strong></span> <span class='ocrx_word' id='word_1_682' title='bbox 1502 4943 1555 4998; x_wconf 92' lang='lat' dir='ltr'><strong>in</strong></span> <span class='ocrx_word' id='word_1_683' title='bbox 1586 4944 1693 4998; x_wconf 85' lang='lat' dir='ltr'><strong>vita</strong></span> <span class='ocrx_word' id='word_1_684' title='bbox 1725 4960 1813 4999; x_wconf 85' lang='lat' dir='ltr'><strong>ex-</strong></span> 
     </span>
    </p>
   </div>
   <div class='ocr_carea' id='block_1_96' title="bbox 204 5037 1813 5109">
    <p class='ocr_par' dir='ltr' id='par_1_96' title="bbox 204 5037 1813 5109">
     <span class='ocr_line' id='line_1_96' title="bbox 204 5037 1813 5109; baseline -0.003 -12"><span class='ocrx_word' id='word_1_685' title='bbox 204 5040 451 5097; x_wconf 87' lang='lat' dir='ltr'><strong>stitistis.</strong></span> <span class='ocrx_word' id='word_1_686' title='bbox 481 5040 531 5094; x_wconf 91' lang='lat' dir='ltr'><strong>Si</strong></span> <span class='ocrx_word' id='word_1_687' title='bbox 560 5055 658 5095; x_wconf 86' lang='lat' dir='ltr'><strong>vos</strong></span> <span class='ocrx_word' id='word_1_688' title='bbox 704 5041 757 5094; x_wconf 91' lang='lat' dir='ltr'><strong>in</strong></span> <span class='ocrx_word' id='word_1_689' title='bbox 795 5039 905 5093; x_wconf 89' lang='lat' dir='ltr'><strong>vita</strong></span> <span class='ocrx_word' id='word_1_690' title='bbox 948 5037 1253 5105; x_wconf 85' lang='lat' dir='ltr'><strong>dilexisset,</strong></span> <span class='ocrx_word' id='word_1_691' title='bbox 1285 5037 1341 5091; x_wconf 92' lang='lat' dir='ltr'><strong>in</strong></span> <span class='ocrx_word' id='word_1_692' title='bbox 1388 5044 1567 5092; x_wconf 89' lang='lat' dir='ltr'><strong>morte</strong></span> <span class='ocrx_word' id='word_1_693' title='bbox 1595 5053 1813 5109; x_wconf 92' lang='lat' dir='ltr'><strong>quoque</strong></span> 
     </span>
    </p>
   </div>
   <div class='ocr_carea' id='block_1_97' title="bbox 207 5129 1812 5202">
    <p class='ocr_par' dir='ltr' id='par_1_97' title="bbox 207 5129 1812 5202">
     <span class='ocr_line' id='line_1_97' title="bbox 207 5129 1812 5202; baseline -0.001 -13"><span class='ocrx_word' id='word_1_694' title='bbox 207 5150 311 5189; x_wconf 86' lang='lat' dir='ltr'><strong>vos</strong></span> <span class='ocrx_word' id='word_1_695' title='bbox 335 5133 782 5200; x_wconf 83' lang='lat' dir='ltr'><strong>honoriﬁcasset;</strong></span> <span class='ocrx_word' id='word_1_696' title='bbox 810 5131 907 5187; x_wconf 90' lang='lat' dir='ltr'><strong>sed</strong></span> <span class='ocrx_word' id='word_1_697' title='bbox 942 5146 1110 5202; x_wconf 90' lang='lat' dir='ltr'><strong>quam</strong></span> <span class='ocrx_word' id='word_1_698' title='bbox 1143 5146 1240 5185; x_wconf 91' lang='lat' dir='ltr'><strong>vos</strong></span> <span class='ocrx_word' id='word_1_699' title='bbox 1281 5129 1567 5202; x_wconf 89' lang='lat' dir='ltr'><strong>indignos,</strong></span> <span class='ocrx_word' id='word_1_700' title='bbox 1600 5130 1812 5187; x_wconf 89' lang='lat' dir='ltr'><strong>abomi-</strong></span> 
     </span>
    </p>
   </div>
   <div class='ocr_carea' id='block_1_98' title="bbox 208 5224 1815 5298">
    <p class='ocr_par' dir='ltr' id='par_1_98' title="bbox 208 5224 1815 5298">
     <span class='ocr_line' id='line_1_98' title="bbox 208 5224 1815 5298; baseline -0.002 -15"><span class='ocrx_word' id='word_1_701' title='bbox 208 5227 455 5295; x_wconf 83' lang='lat' dir='ltr'><strong>nabiles,</strong></span> <span class='ocrx_word' id='word_1_702' title='bbox 496 5226 932 5298; x_wconf 90' lang='lat' dir='ltr'><strong>contemptibiles</strong></span> <span class='ocrx_word' id='word_1_703' title='bbox 952 5241 1066 5281; x_wconf 89' lang='lat' dir='ltr'><strong>esse</strong></span> <span class='ocrx_word' id='word_1_704' title='bbox 1095 5224 1391 5295; x_wconf 88' lang='lat' dir='ltr'><strong>judicavit,</strong></span> <span class='ocrx_word' id='word_1_705' title='bbox 1440 5240 1470 5279; x_wconf 89' lang='lat' dir='ltr'><strong>a</strong></span> <span class='ocrx_word' id='word_1_706' title='bbox 1504 5232 1656 5280; x_wconf 89' lang='lat' dir='ltr'><strong>tanta</strong></span> <span class='ocrx_word' id='word_1_707' title='bbox 1689 5240 1815 5295; x_wconf 90' lang='lat' dir='ltr'><strong>gra-</strong></span> 
     </span>
    </p>
   </div>
   <div class='ocr_carea' id='block_1_99' title="bbox 206 5318 1815 5391">
    <p class='ocr_par' dir='ltr' id='par_1_99' title="bbox 206 5318 1815 5391">
     <span class='ocr_line' id='line_1_99' title="bbox 206 5318 1815 5391; baseline -0.001 -15"><span class='ocrx_word' id='word_1_708' title='bbox 206 5320 286 5376; x_wconf 89' lang='lat' dir='ltr'><strong>tia</strong></span> <span class='ocrx_word' id='word_1_709' title='bbox 308 5320 519 5375; x_wconf 88' lang='lat' dir='ltr'><strong>alienos</strong></span> <span class='ocrx_word' id='word_1_710' title='bbox 548 5336 643 5375; x_wconf 91' lang='lat' dir='ltr'><strong>vos</strong></span> <span class='ocrx_word' id='word_1_711' title='bbox 672 5318 817 5375; x_wconf 89' lang='lat' dir='ltr'><strong>fecit.</strong></span> <span class='ocrx_word' id='word_1_712' title='bbox 844 5320 1066 5390; x_wconf 84' lang='lat' dir='ltr'><strong>Repelle</strong></span> <span class='ocrx_word' id='word_1_713' title='bbox 1087 5336 1113 5374; x_wconf 91' lang='lat' dir='ltr'><strong>a</strong></span> <span class='ocrx_word' id='word_1_714' title='bbox 1144 5320 1335 5387; x_wconf 90' lang='lat' dir='ltr'><strong>nobis,</strong></span> <span class='ocrx_word' id='word_1_715' title='bbox 1369 5319 1609 5391; x_wconf 90' lang='lat' dir='ltr'><strong>piissime</strong></span> <span class='ocrx_word' id='word_1_716' title='bbox 1633 5322 1815 5387; x_wconf 89' lang='lat' dir='ltr'><strong>Pater,</strong></span> 
     </span>
    </p>
   </div>
   <div class='ocr_carea' id='block_1_100' title="bbox 208 5412 1814 5485">
    <p class='ocr_par' dir='ltr' id='par_1_100' title="bbox 208 5412 1814 5485">
     <span class='ocr_line' id='line_1_100' title="bbox 208 5412 1814 5485; baseline -0.001 -16"><span class='ocrx_word' id='word_1_717' title='bbox 208 5414 319 5469; x_wconf 86' lang='lat' dir='ltr'><strong>hoc</strong></span> <span class='ocrx_word' id='word_1_718' title='bbox 350 5413 740 5485; x_wconf 80' lang='lat' dir='ltr'><strong>approbrium,</strong></span> <span class='ocrx_word' id='word_1_719' title='bbox 786 5421 843 5469; x_wconf 86' lang='lat' dir='ltr'><strong>et</strong></span> <span class='ocrx_word' id='word_1_720' title='bbox 874 5414 983 5468; x_wconf 91' lang='lat' dir='ltr'><strong>cito</strong></span> <span class='ocrx_word' id='word_1_721' title='bbox 1019 5412 1202 5485; x_wconf 84' lang='lat' dir='ltr'><strong>profer</strong></span> <span class='ocrx_word' id='word_1_722' title='bbox 1228 5422 1481 5469; x_wconf 90' lang='lat' dir='ltr'><strong>nostrum</strong></span> <span class='ocrx_word' id='word_1_723' title='bbox 1530 5414 1814 5485; x_wconf 91' lang='lat' dir='ltr'><strong>gaudium.</strong></span> 
     </span>
    </p>
   </div>
   <div class='ocr_carea' id='block_1_101' title="bbox 212 5506 1818 5577">
    <p class='ocr_par' dir='ltr' id='par_1_101' title="bbox 212 5506 1818 5577">
     <span class='ocr_line' id='line_1_101' title="bbox 212 5506 1818 5577; baseline -0.001 -15"><span class='ocrx_word' id='word_1_724' title='bbox 212 5509 470 5563; x_wconf 83' lang='lat' dir='ltr'><strong>Monstra</strong></span> <span class='ocrx_word' id='word_1_725' title='bbox 500 5514 553 5561; x_wconf 91' lang='lat' dir='ltr'><strong>te</strong></span> <span class='ocrx_word' id='word_1_726' title='bbox 576 5506 737 5561; x_wconf 90' lang='lat' dir='ltr'><strong>nobis</strong></span> <span class='ocrx_word' id='word_1_727' title='bbox 766 5506 1090 5577; x_wconf 90' lang='lat' dir='ltr'><strong>propitium,</strong></span> <span class='ocrx_word' id='word_1_728' title='bbox 1125 5506 1180 5559; x_wconf 90' lang='lat' dir='ltr'><strong>in</strong></span> <span class='ocrx_word' id='word_1_729' title='bbox 1236 5521 1399 5577; x_wconf 92' lang='lat' dir='ltr'><strong>quem</strong></span> <span class='ocrx_word' id='word_1_730' title='bbox 1449 5522 1664 5577; x_wconf 89' lang='lat' dir='ltr'><strong>semper</strong></span> <span class='ocrx_word' id='word_1_731' title='bbox 1715 5522 1818 5561; x_wconf 91' lang='lat' dir='ltr'><strong>res-</strong></span> 
     </span>
    </p>
   </div>
   <div class='ocr_carea' id='block_1_102' title="bbox 211 5595 1816 5669">
    <p class='ocr_par' dir='ltr' id='par_1_102' title="bbox 211 5595 1816 5669">
     <span class='ocr_line' id='line_1_102' title="bbox 211 5595 1816 5669; baseline 0.001 -18"><span class='ocrx_word' id='word_1_732' title='bbox 211 5596 468 5668; x_wconf 86' lang='lat' dir='ltr'><strong>peximus</strong></span> <span class='ocrx_word' id='word_1_733' title='bbox 504 5596 757 5666; x_wconf 90' lang='lat' dir='ltr'><strong>unicum,</strong></span> <span class='ocrx_word' id='word_1_734' title='bbox 798 5612 962 5668; x_wconf 91' lang='lat' dir='ltr'><strong>quem</strong></span> <span class='ocrx_word' id='word_1_735' title='bbox 1005 5595 1163 5651; x_wconf 91' lang='lat' dir='ltr'><strong>nobis</strong></span> <span class='ocrx_word' id='word_1_736' title='bbox 1188 5595 1589 5667; x_wconf 88' lang='lat' dir='ltr'><strong>inspiciendum</strong></span> <span class='ocrx_word' id='word_1_737' title='bbox 1620 5613 1816 5669; x_wconf 90' lang='lat' dir='ltr'><strong>propo-</strong></span> 
     </span>
    </p>
   </div>
   <div class='ocr_carea' id='block_1_103' title="bbox 292 5718 1807 5792">
    <p class='ocr_par' dir='ltr' id='par_1_103' title="bbox 292 5718 1807 5792">
     <span class='ocr_line' id='line_1_103' title="bbox 292 5718 1807 5792; baseline 0.002 -18"><span class='ocrx_word' id='word_1_738' title='bbox 292 5726 434 5785; x_wconf 84' lang='grc'>(488)</span> <span class='ocrx_word' id='word_1_739' title='bbox 469 5721 705 5792; x_wconf 80' lang='lat' dir='ltr'><strong>Epistola</strong></span> <span class='ocrx_word' id='word_1_740' title='bbox 740 5722 929 5785; x_wconf 85' lang='lat' dir='ltr'><strong>altera,</strong></span> <span class='ocrx_word' id='word_1_741' title='bbox 957 5718 1160 5775; x_wconf 89' lang='lat' dir='ltr'><strong>Ubaldi</strong></span> <span class='ocrx_word' id='word_1_742' title='bbox 1203 5719 1442 5792; x_wconf 89' lang='lat' dir='ltr'><strong>episcopi</strong></span> <span class='ocrx_word' id='word_1_743' title='bbox 1491 5722 1807 5789; x_wconf 88' lang='lat' dir='ltr'><strong>Mantuani,</strong></span> 
     </span>
    </p>
   </div>
   <div class='ocr_carea' id='block_1_104' title="bbox 214 5738 1554 5849">
    <p class='ocr_par' dir='ltr' id='par_1_104' title="bbox 214 5738 1554 5849">
     <span class='ocr_line' id='line_1_104' title="bbox 292 5738 1554 5792; baseline -0.002 -18"><span class='ocrx_word' id='word_1_744' title='bbox 292 5738 434 5785; x_wconf 68' lang='lat' dir='ltr'><strong>uas)</strong></span> <span class='ocrx_word' id='word_1_745' title='bbox 469 5738 705 5792; x_wconf 72' lang='lat' dir='ltr'><strong>nptsrola</strong></span> <span class='ocrx_word' id='word_1_746' title='bbox 740 5738 929 5785; x_wconf 76' lang='lat' dir='ltr'><strong>altera,</strong></span> <span class='ocrx_word' id='word_1_747' title='bbox 964 5738 1160 5775; x_wconf 81' lang='lat' dir='ltr'><strong>UDaIOI</strong></span> <span class='ocrx_word' id='word_1_748' title='bbox 1203 5738 1387 5789; x_wconf 84' lang='lat' dir='ltr'><strong>epISCO</strong></span> <span class='ocrx_word' id='word_1_749' title='bbox 1429 5738 1442 5774; x_wconf 90' lang='grc' dir='ltr'>ι</span> <span class='ocrx_word' id='word_1_750' title='bbox 1493 5738 1554 5776; x_wconf 79' lang='lat' dir='ltr'><strong>iu.</strong></span> 
     </span>
     <span class='ocr_line' id='line_1_105' title="bbox 214 5738 1554 5849; baseline 0.001 -4"><span class='ocrx_word' id='word_1_751' title='bbox 214 5789 293 5846; x_wconf 87' lang='lat' dir='ltr'><strong>ad</strong></span> <span class='ocrx_word' id='word_1_752' title='bbox 332 5791 587 5848; x_wconf 87' lang='lat' dir='ltr'><strong>eamdem</strong></span> <span class='ocrx_word' id='word_1_753' title='bbox 613 5793 882 5849; x_wconf 89' lang='lat' dir='ltr'><strong>illustriss.</strong></span> <span class='ocrx_word' id='word_1_754' title='bbox 908 5792 1190 5848; x_wconf 90' lang='lat' dir='ltr'><strong>dominam</strong></span> <span class='ocrx_word' id='word_1_755' title='bbox 1220 5738 1554 5849; x_wconf 59' lang='lat' dir='ltr'><strong>Mathirdam.</strong></span> 
     </span>
    </p>
   </div>
   <div class='ocr_carea' id='block_1_105' title="bbox 1918 4569 3514 4639">
    <p class='ocr_par' dir='ltr' id='par_1_105' title="bbox 1918 4569 3514 4639">
     <span class='ocr_line' id='line_1_106' title="bbox 1918 4569 3514 4639; baseline -0.005 -7"><span class='ocrx_word' id='word_1_756' title='bbox 1918 4578 2168 4632; x_wconf 89' lang='lat' dir='ltr'><strong>cessisset</strong></span> <span class='ocrx_word' id='word_1_757' title='bbox 2199 4573 2270 4630; x_wconf 87' lang='lat' dir='ltr'><strong>ad</strong></span> <span class='ocrx_word' id='word_1_758' title='bbox 2288 4574 2567 4629; x_wconf 90' lang='lat' dir='ltr'><strong>tumulum</strong></span> <span class='ocrx_word' id='word_1_759' title='bbox 2613 4572 2786 4627; x_wconf 89' lang='lat' dir='ltr'><strong>Patris</strong></span> <span class='ocrx_word' id='word_1_760' title='bbox 2832 4570 3030 4636; x_wconf 88' lang='lat' dir='ltr'><strong>nostri,</strong></span> <span class='ocrx_word' id='word_1_761' title='bbox 3065 4570 3314 4639; x_wconf 87' lang='lat' dir='ltr'><strong>solejam</strong></span> <span class='ocrx_word' id='word_1_762' title='bbox 3354 4569 3514 4626; x_wconf 89' lang='lat' dir='ltr'><strong>dece-</strong></span> 
     </span>
    </p>
   </div>
   <div class='ocr_carea' id='block_1_106' title="bbox 1918 4662 3517 4739">
    <p class='ocr_par' dir='ltr' id='par_1_106' title="bbox 1918 4662 3517 4739">
     <span class='ocr_line' id='line_1_107' title="bbox 1918 4662 3517 4739; baseline -0.005 -14"><span class='ocrx_word' id='word_1_763' title='bbox 1918 4670 2101 4734; x_wconf 90' lang='lat' dir='ltr'><strong>dente,</strong></span> <span class='ocrx_word' id='word_1_764' title='bbox 2128 4677 2243 4723; x_wconf 90' lang='lat' dir='ltr'><strong>tam</strong></span> <span class='ocrx_word' id='word_1_765' title='bbox 2277 4668 2454 4739; x_wconf 88' lang='lat' dir='ltr'><strong>gravis</strong></span> <span class='ocrx_word' id='word_1_766' title='bbox 2500 4674 2555 4723; x_wconf 89' lang='lat' dir='ltr'><strong>et</strong></span> <span class='ocrx_word' id='word_1_767' title='bbox 2586 4665 2747 4721; x_wconf 80' lang='lat' dir='ltr'><strong>variae</strong></span> <span class='ocrx_word' id='word_1_768' title='bbox 2773 4663 3109 4719; x_wconf 88' lang='lat' dir='ltr'><strong>inﬁrmitatis</strong></span> <span class='ocrx_word' id='word_1_769' title='bbox 3131 4663 3312 4719; x_wconf 87' lang='lat' dir='ltr'><strong>subito</strong></span> <span class='ocrx_word' id='word_1_770' title='bbox 3344 4662 3517 4734; x_wconf 86' lang='lat' dir='ltr'><strong>sospi-</strong></span> 
     </span>
    </p>
   </div>
   <div class='ocr_carea' id='block_1_107' title="bbox 1920 4762 2335 4831">
    <p class='ocr_par' dir='ltr' id='par_1_107' title="bbox 1920 4762 2335 4831">
     <span class='ocr_line' id='line_1_108' title="bbox 1920 4762 2335 4831; baseline -0.01 -13"><span class='ocrx_word' id='word_1_771' title='bbox 1920 4771 2094 4818; x_wconf 91' lang='lat' dir='ltr'><strong>tatem</strong></span> <span class='ocrx_word' id='word_1_772' title='bbox 2113 4762 2335 4831; x_wconf 89' lang='lat' dir='ltr'><strong>recepit.</strong></span> 
     </span>
    </p>
   </div>
   <div class='ocr_carea' id='block_1_108' title="bbox 1994 4850 3518 4926">
    <p class='ocr_par' dir='ltr' id='par_1_108' title="bbox 1994 4850 3518 4926">
     <span class='ocr_line' id='line_1_109' title="bbox 1994 4850 3518 4926; baseline -0.003 -15"><span class='ocrx_word' id='word_1_773' title='bbox 1994 4855 2153 4926; x_wconf 87' lang='lat' dir='ltr'><strong>Quod</strong></span> <span class='ocrx_word' id='word_1_774' title='bbox 2184 4854 2321 4909; x_wconf 91' lang='lat' dir='ltr'><strong>mihi</strong></span> <span class='ocrx_word' id='word_1_775' title='bbox 2349 4852 2602 4924; x_wconf 71' lang='lat' dir='ltr'><strong>quaedam</strong></span> <span class='ocrx_word' id='word_1_776' title='bbox 2632 4859 2889 4907; x_wconf 89' lang='lat' dir='ltr'><strong>matrona</strong></span> <span class='ocrx_word' id='word_1_777' title='bbox 2911 4851 3109 4907; x_wconf 89' lang='lat' dir='ltr'><strong>mulier</strong></span> <span class='ocrx_word' id='word_1_778' title='bbox 3135 4850 3384 4919; x_wconf 90' lang='lat' dir='ltr'><strong>honesta,</strong></span> <span class='ocrx_word' id='word_1_779' title='bbox 3410 4866 3518 4907; x_wconf 89' lang='lat' dir='ltr'><strong>ma-</strong></span> 
     </span>
    </p>
   </div>
   <div class='ocr_carea' id='block_1_109' title="bbox 1920 4943 3515 5016">
    <p class='ocr_par' dir='ltr' id='par_1_109' title="bbox 1920 4943 3515 5016">
     <span class='ocr_line' id='line_1_110' title="bbox 1920 4943 3515 5016; baseline -0.003 -12"><span class='ocrx_word' id='word_1_780' title='bbox 1920 4958 2005 5005; x_wconf 93' lang='lat' dir='ltr'><strong>ter</strong></span> <span class='ocrx_word' id='word_1_781' title='bbox 2044 4947 2269 5003; x_wconf 88' lang='lat' dir='ltr'><strong>Joannis</strong></span> <span class='ocrx_word' id='word_1_782' title='bbox 2311 4947 2381 5001; x_wconf 93' lang='lat' dir='ltr'><strong>de</strong></span> <span class='ocrx_word' id='word_1_783' title='bbox 2412 4946 2647 5012; x_wconf 90' lang='lat' dir='ltr'><strong>Persico,</strong></span> <span class='ocrx_word' id='word_1_784' title='bbox 2694 4946 2911 5011; x_wconf 89' lang='lat' dir='ltr'><strong>retulit,</strong></span> <span class='ocrx_word' id='word_1_785' title='bbox 2941 4944 3097 5000; x_wconf 89' lang='lat' dir='ltr'><strong>vobis</strong></span> <span class='ocrx_word' id='word_1_786' title='bbox 3129 4960 3347 5016; x_wconf 90' lang='lat' dir='ltr'><strong>quoque</strong></span> <span class='ocrx_word' id='word_1_787' title='bbox 3377 4943 3515 4999; x_wconf 88' lang='lat' dir='ltr'><strong>refe-</strong></span> 
     </span>
    </p>
   </div>
   <div class='ocr_carea' id='block_1_110' title="bbox 1920 5036 3515 5112">
    <p class='ocr_par' dir='ltr' id='par_1_110' title="bbox 1920 5036 3515 5112">
     <span class='ocr_line' id='line_1_111' title="bbox 1920 5036 3515 5112; baseline -0.005 -14"><span class='ocrx_word' id='word_1_788' title='bbox 1920 5042 2154 5099; x_wconf 91' lang='lat' dir='ltr'><strong>rendum</strong></span> <span class='ocrx_word' id='word_1_789' title='bbox 2193 5040 2391 5112; x_wconf 91' lang='lat' dir='ltr'><strong>putavi.</strong></span> <span class='ocrx_word' id='word_1_790' title='bbox 2427 5041 2565 5095; x_wconf 72' lang='lat' dir='ltr'><strong>Haec</strong></span> <span class='ocrx_word' id='word_1_791' title='bbox 2602 5038 2713 5095; x_wconf 91' lang='lat' dir='ltr'><strong>ﬁde</strong></span> <span class='ocrx_word' id='word_1_792' title='bbox 2756 5038 2933 5109; x_wconf 89' lang='lat' dir='ltr'><strong>plena,</strong></span> <span class='ocrx_word' id='word_1_793' title='bbox 2963 5038 3067 5093; x_wconf 93' lang='lat' dir='ltr'><strong>Dei</strong></span> <span class='ocrx_word' id='word_1_794' title='bbox 3092 5052 3279 5092; x_wconf 88' lang='lat' dir='ltr'><strong>amore</strong></span> <span class='ocrx_word' id='word_1_795' title='bbox 3334 5036 3515 5106; x_wconf 87' lang='lat' dir='ltr'><strong>perfe-</strong></span> 
     </span>
    </p>
   </div>
   <div class='ocr_carea' id='block_1_111' title="bbox 1923 5131 3515 5204">
    <p class='ocr_par' dir='ltr' id='par_1_111' title="bbox 1923 5131 3515 5204">
     <span class='ocr_line' id='line_1_112' title="bbox 1923 5131 3515 5204; baseline -0.006 -11"><span class='ocrx_word' id='word_1_796' title='bbox 1923 5146 2029 5204; x_wconf 89' lang='lat' dir='ltr'><strong>cta,</strong></span> <span class='ocrx_word' id='word_1_797' title='bbox 2048 5135 2383 5192; x_wconf 89' lang='lat' dir='ltr'><strong>sanctissimi</strong></span> <span class='ocrx_word' id='word_1_798' title='bbox 2403 5133 2658 5189; x_wconf 85' lang='lat' dir='ltr'><strong>Anselmi</strong></span> <span class='ocrx_word' id='word_1_799' title='bbox 2674 5131 2977 5202; x_wconf 89' lang='lat' dir='ltr'><strong>disciplinis</strong></span> <span class='ocrx_word' id='word_1_800' title='bbox 2999 5132 3266 5196; x_wconf 88' lang='lat' dir='ltr'><strong>instituta,</strong></span> <span class='ocrx_word' id='word_1_801' title='bbox 3288 5145 3515 5184; x_wconf 91' lang='lat' dir='ltr'><strong>suorum</strong></span> 
     </span>
    </p>
   </div>
   <div class='ocr_carea' id='block_1_112' title="bbox 1925 5223 3517 5302">
    <p class='ocr_par' dir='ltr' id='par_1_112' title="bbox 1925 5223 3517 5302">
     <span class='ocr_line' id='line_1_113' title="bbox 1925 5223 3517 5302; baseline -0.005 -17"><span class='ocrx_word' id='word_1_802' title='bbox 1925 5231 2368 5302; x_wconf 85' lang='lat' dir='ltr'><strong>presbyterorum</strong></span> <span class='ocrx_word' id='word_1_803' title='bbox 2383 5226 2631 5283; x_wconf 88' lang='lat' dir='ltr'><strong>ofﬁcium</strong></span> <span class='ocrx_word' id='word_1_804' title='bbox 2655 5234 2877 5297; x_wconf 88' lang='lat' dir='ltr'><strong>propter</strong></span> <span class='ocrx_word' id='word_1_805' title='bbox 2895 5223 3517 5281; x_wconf 89' lang='lat' dir='ltr'><strong>excommunicationem</strong></span> 
     </span>
    </p>
   </div>
   <div class='ocr_carea' id='block_1_113' title="bbox 1926 5318 3518 5396">
    <p class='ocr_par' dir='ltr' id='par_1_113' title="bbox 1926 5318 3518 5396">
     <span class='ocr_line' id='line_1_114' title="bbox 1926 5318 3518 5396; baseline -0.006 -17"><span class='ocrx_word' id='word_1_806' title='bbox 1926 5339 2208 5396; x_wconf 82' lang='lat' dir='ltr'><strong>Spernens,</strong></span> <span class='ocrx_word' id='word_1_807' title='bbox 2237 5321 2472 5393; x_wconf 88' lang='lat' dir='ltr'><strong>quadam</strong></span> <span class='ocrx_word' id='word_1_808' title='bbox 2502 5320 2593 5375; x_wconf 92' lang='lat' dir='ltr'><strong>die</strong></span> <span class='ocrx_word' id='word_1_809' title='bbox 2633 5320 2767 5376; x_wconf 89' lang='lat' dir='ltr'><strong>dum</strong></span> <span class='ocrx_word' id='word_1_810' title='bbox 2791 5336 2821 5373; x_wconf 91' lang='lat' dir='ltr'><strong>a</strong></span> <span class='ocrx_word' id='word_1_811' title='bbox 2859 5318 3337 5374; x_wconf 89' lang='lat' dir='ltr'><strong>circumstantibus</strong></span> <span class='ocrx_word' id='word_1_812' title='bbox 3364 5331 3518 5386; x_wconf 73' lang='lat' dir='ltr'><strong>qua:-</strong></span> 
     </span>
    </p>
   </div>
   <div class='ocr_carea' id='block_1_114' title="bbox 1925 5410 3519 5487">
    <p class='ocr_par' dir='ltr' id='par_1_114' title="bbox 1925 5410 3519 5487">
     <span class='ocr_line' id='line_1_115' title="bbox 1925 5410 3519 5487; baseline -0.006 -15"><span class='ocrx_word' id='word_1_813' title='bbox 1925 5426 2069 5473; x_wconf 91' lang='lat' dir='ltr'><strong>reret</strong></span> <span class='ocrx_word' id='word_1_814' title='bbox 2094 5415 2238 5471; x_wconf 90' lang='lat' dir='ltr'><strong>unde</strong></span> <span class='ocrx_word' id='word_1_815' title='bbox 2270 5415 2505 5487; x_wconf 91' lang='lat' dir='ltr'><strong>aliquem</strong></span> <span class='ocrx_word' id='word_1_816' title='bbox 2532 5414 2761 5485; x_wconf 88' lang='lat' dir='ltr'><strong>dignum</strong></span> <span class='ocrx_word' id='word_1_817' title='bbox 2791 5420 2847 5467; x_wconf 89' lang='lat' dir='ltr'><strong>et</strong></span> <span class='ocrx_word' id='word_1_818' title='bbox 2886 5411 2954 5467; x_wconf 91' lang='lat' dir='ltr'><strong>ad</strong></span> <span class='ocrx_word' id='word_1_819' title='bbox 2983 5410 3359 5466; x_wconf 90' lang='lat' dir='ltr'><strong>celebrandam</strong></span> <span class='ocrx_word' id='word_1_820' title='bbox 3381 5410 3519 5464; x_wconf 91' lang='lat' dir='ltr'><strong>mis—</strong></span> 
     </span>
    </p>
   </div>
   <div class='ocr_carea' id='block_1_115' title="bbox 1926 5499 3518 5573">
    <p class='ocr_par' dir='ltr' id='par_1_115' title="bbox 1926 5499 3518 5573">
     <span class='ocr_line' id='line_1_116' title="bbox 1926 5499 3518 5573; baseline -0.006 -12"><span class='ocrx_word' id='word_1_821' title='bbox 1926 5522 2044 5563; x_wconf 89' lang='lat' dir='ltr'><strong>sam</strong></span> <span class='ocrx_word' id='word_1_822' title='bbox 2074 5505 2336 5560; x_wconf 90' lang='lat' dir='ltr'><strong>idoneum</strong></span> <span class='ocrx_word' id='word_1_823' title='bbox 2379 5504 2577 5560; x_wconf 90' lang='lat' dir='ltr'><strong>habere</strong></span> <span class='ocrx_word' id='word_1_824' title='bbox 2605 5510 2811 5573; x_wconf 90' lang='lat' dir='ltr'><strong>posset,</strong></span> <span class='ocrx_word' id='word_1_825' title='bbox 2837 5500 3056 5572; x_wconf 90' lang='lat' dir='ltr'><strong>quidam</strong></span> <span class='ocrx_word' id='word_1_826' title='bbox 3085 5499 3153 5553; x_wconf 91' lang='lat' dir='ltr'><strong>de</strong></span> <span class='ocrx_word' id='word_1_827' title='bbox 3185 5499 3375 5555; x_wconf 88' lang='lat' dir='ltr'><strong>Casan</strong></span> <span class='ocrx_word' id='word_1_828' title='bbox 3404 5499 3518 5552; x_wconf 87' lang='lat' dir='ltr'><strong>Ma-</strong></span> 
     </span>
    </p>
   </div>
   <div class='ocr_carea' id='block_1_116' title="bbox 1920 5587 3517 5667">
    <p class='ocr_par' dir='ltr' id='par_1_116' title="bbox 1920 5587 3517 5667">
     <span class='ocr_line' id='line_1_117' title="bbox 1920 5587 3517 5667; baseline -0.008 -16"><span class='ocrx_word' id='word_1_829' title='bbox 1920 5595 2045 5667; x_wconf 89' lang='lat' dir='ltr'><strong>jore</strong></span> <span class='ocrx_word' id='word_1_830' title='bbox 2074 5602 2264 5649; x_wconf 90' lang='lat' dir='ltr'><strong>astans</strong></span> <span class='ocrx_word' id='word_1_831' title='bbox 2304 5592 2443 5648; x_wconf 86' lang='lat' dir='ltr'><strong>dixit</strong></span> <span class='ocrx_word' id='word_1_832' title='bbox 2477 5611 2488 5646; x_wconf 89' lang='lat'>:</span> <span class='ocrx_word' id='word_1_833' title='bbox 2522 5608 2553 5643; x_wconf 77' lang='grc' dir='ltr'><strong>(Ι</strong></span> <span class='ocrx_word' id='word_1_834' title='bbox 2591 5594 2702 5646; x_wconf 88' lang='lat' dir='ltr'><strong>Cur</strong></span> <span class='ocrx_word' id='word_1_835' title='bbox 2736 5596 3045 5642; x_wconf 90' lang='lat' dir='ltr'><strong>vestrorum</strong></span> <span class='ocrx_word' id='word_1_836' title='bbox 3076 5587 3517 5659; x_wconf 88' lang='lat' dir='ltr'><strong>presbyterorum</strong></span> 
     </span>
    </p>
   </div>
   <div class='ocr_carea' id='block_1_117' title="bbox 1993 5710 3517 5785">
    <p class='ocr_par' dir='ltr' id='par_1_117' title="bbox 1993 5710 3517 5785">
     <span class='ocr_line' id='line_1_118' title="bbox 1993 5710 3517 5785; baseline -0.009 -12"><span class='ocrx_word' id='word_1_837' title='bbox 1993 5723 2142 5785; x_wconf 82' lang='lat'><strong>(489)</strong></span> <span class='ocrx_word' id='word_1_838' title='bbox 2168 5721 2301 5773; x_wconf 88' lang='lat' dir='ltr'><strong>Post</strong></span> <span class='ocrx_word' id='word_1_839' title='bbox 2342 5716 2459 5772; x_wconf 69' lang='lat' dir='ltr'><strong>haec</strong></span> <span class='ocrx_word' id='word_1_840' title='bbox 2502 5714 2633 5769; x_wconf 90' lang='lat' dir='ltr'><strong>nulli</strong></span> <span class='ocrx_word' id='word_1_841' title='bbox 2669 5710 2905 5781; x_wconf 88' lang='lat' dir='ltr'><strong>amplius</strong></span> <span class='ocrx_word' id='word_1_842' title='bbox 2952 5710 3167 5765; x_wconf 91' lang='lat' dir='ltr'><strong>numeri</strong></span> <span class='ocrx_word' id='word_1_843' title='bbox 3198 5712 3254 5765; x_wconf 90' lang='lat' dir='ltr'><strong>in</strong></span> <span class='ocrx_word' id='word_1_844' title='bbox 3282 5723 3517 5777; x_wconf 85' lang='lat' dir='ltr'><strong>apogra-</strong></span> 
     </span>
    </p>
   </div>
   <div class='ocr_carea' id='block_1_118' title="bbox 1920 5788 2575 5862">
    <p class='ocr_par' dir='ltr' id='par_1_118' title="bbox 1920 5788 2575 5862">
     <span class='ocr_line' id='line_1_119' title="bbox 1920 5788 2575 5862; baseline -0.012 -16"><span class='ocrx_word' id='word_1_845' title='bbox 1920 5790 2030 5862; x_wconf 89' lang='lat' dir='ltr'><strong>pho</strong></span> <span class='ocrx_word' id='word_1_846' title='bbox 2054 5801 2245 5846; x_wconf 89' lang='lat' dir='ltr'><strong>nostro</strong></span> <span class='ocrx_word' id='word_1_847' title='bbox 2276 5788 2575 5859; x_wconf 87' lang='lat' dir='ltr'><strong>signantur.</strong></span> 
     </span>
    </p>
   </div>
  </div>
