4048 6174
537 231 630 284 931

1544 223 1635 276 AD
1675 221 1900 276 OPERA
1941 221 1995 274 S.
2037 221 2358 277 GREGORII
2397 221 2830 276 APPENDICES.

3731 225 3824 277 932

538 353 911 408 ministerium
923 325 1917 416 contemnitisP—Propte'ramoreni,
1935 346 2128 415 inquit,
2158 352 2213 412 Α
2314 347 2464 402 Sicut
2500 361 2530 400 a
2559 345 2760 402 comite
2781 343 3052 402 Guifredo
3078 354 3134 400 et
3157 360 3188 399 a
3216 343 3498 416 Sigefredo
3521 343 3591 399 de
3623 345 3823 401 Beredo

540 455 593 502 et
616 445 1062 518 praedicationem
1091 444 1148 497 8.
1171 440 1438 508 Anselmi,
1469 455 1566 509 pro
1596 439 1750 510 cujus
1779 439 1990 494 meritis
2016 441 2127 493 Do-

542 540 728 595 minus
773 537 1120 606 omnipoteus
1145 532 1387 604 quotidie
1430 529 1562 587 facit
1607 531 1895 587 mirabilia.
1952 555 1976 580 «
2023 531 2131 600 Qui

541 633 674 688 dixit
701 649 714 685 :
737 654 759 677 ιε
785 633 941 684 Nunc
961 644 1056 684 vos
1080 626 1362 697 deprecor,
1386 625 1440 680 in
1455 634 1574 680 toto
1595 626 1762 682 corde
1779 625 1979 696 rogetis
2000 641 2127 680 eum

538 735 615 792 ut,
653 724 699 778 si
728 723 965 794 aliquem
991 721 1184 789 erexit,
1216 721 1356 775 sicut
1390 719 1628 786 creditis,
1669 735 1759 774 me
1809 718 2132 786 contrahat;

537 826 650 882 aut,
671 816 713 871 si
739 831 903 886 quem
940 814 1295 878 illuminavit,
1323 813 1457 868 mihi
1485 813 1668 867 lumen
1697 811 1930 867 auferat.
1963 835 1987 859 ι
2029 812 2133 867 Vix

539 903 892 980 linita‘prece,
924 907 1192 964 ultionem
1225 906 1323 961 Dei
1348 906 1519 962 sensit
1540 905 1752 972 adesse,
1785 914 1843 960 et
1871 905 2132 960 continuo

540 1004 766 1059 flectens
797 1018 855 1058 se
885 1003 944 1056 in
971 1001 1135 1068 latus,
1166 1001 1407 1055 multum
1439 998 1750 1054 .claudicare
1780 999 1967 1069 coepit.
2001 1001 2134 1054 Hac

537 1105 722 1153 autem
764 1095 953 1151 videns
990 1095 1117 1162 hoc,
1147 1095 1313 1163 coepit
1340 1093 1602 1148 intentius
1630 1108 1824 1163 rogare
1842 1095 2053 1177 Deumz
2077 1101 2135 1146 ut

538 1191 717 1246 adhuc
765 1197 989 1261 augeret
1043 1187 1370 1259 supplicium
1419 1201 1580 1257 super
1631 1185 2019 1240 incredulitatis
2073 1187 2135 1240 li-

541 1283 707 1351 lium,
734 1292 788 1338 et
829 1280 1118 1337 confestim
1147 1280 1302 1336 dolor
1329 1288 1546 1334 tantum
1576 1280 1744 1334 crevit
1772 1278 1922 1349 quod
1951 1279 2035 1334 vix
2065 1279 2134 1335 ad

543 1377 847 1447 hOSpitium
893 1375 1158 1446 perrexit,
1184 1382 1239 1444 et
1273 1373 1430 1444 quasi
1475 1380 1726 1428 mortuus
1767 1381 1850 1427 est
1876 1372 2130 1442 relictus.

539 1471 686 1525 Huic
739 1485 870 1540 ergo
918 1477 1190 1523 matrona
1239 1465 1504 1534 venienti,
1551 1475 1610 1520 ut
1659 1467 1862 1537 gratias
1912 1469 2035 1521 Deo
2075 1451 2134 1520 [et

539 1566 595 1619 S.
624 1564 885 1620 Anselmo
906 1561 1158 1627 referret,
1189 1560 1412 1632 quidam
1427 1558 1496 1614 de
1519 1559 1836 1615 monticulis
1859 1559 2129 1627 Guiberti,

538 1657 676 1712 bene
696 1664 877 1723 notus,
909 1656 960 1710 ei
988 1655 1238 1719 obvians,
1266 1655 1382 1726 jam
1404 1655 1474 1708 ab
1499 1654 1637 1709 urbe
1656 1653 1987 1724 regrediens,
2017 1670 2130 1708 ma-

538 1767 708 1822 gnum
759 1748 862 1804 sibi
919 1749 1068 1820 quod
1123 1750 1428 1819 contigerat
1487 1747 1732 1802 narravit
1777 1747 2128 1802 miraculum.

534 1843 787 1913 Quadam
832 1851 992 1898 nocte
1030 1858 1160 1897 cum
1210 1842 1397 1897 ivisset
1432 1840 1504 1896 ad
1551 1841 1758 1896 ﬂumen
1792 1841 2026 1907 Oleum,
2075 1849 2135 1896 ut

535 1936 781 1992 hauriret
827 1951 1048 2007 aquam,
1099 1943 1348 2006 porrecto
1413 1934 1645 2000 uncino,
1692 1935 1955 2005 quoniam
2019 1934 2134 2005 ripa

535 2029 713 2087 fuerat
758 2030 900 2095 alta,
953 2030 1216 2084 decursus
1273 2044 1428 2098 aqua
1469 2028 1569 2084 sibi
1607 2027 1828 2082 situlam
1875 2028 2131 2097 abstulit,

536 2124 822 2194 ablataque
858 2120 994 2188 face,
1017 2122 1274 2191 quoniam
1306 2137 1417 2176 nox
1457 2121 1688 2176 obscura
1709 2129 1846 2190 erat,
1883 2137 2011 2176 cum
2054 2123 2132 2176 vi-

535 2215 688 2272 deret
729 2231 760 2269 a
790 2215 1037 2270 fluminis
1064 2215 1326 2286 vertigine
1365 2213 1582 2277 abduci,
1613 2216 1823 2285 rogavit
1850 2216 1906 2270 8.
1951 2215 2138 2269 Ansel-

539 2325 697 2364 mum
723 2315 786 2364 ut
805 2324 927 2363 eam
958 2308 1061 2362 sibi
1083 2307 1357 2363 redderet.
1383 2310 1549 2363 Facta
1573 2317 1759 2363 autem
1790 2324 1969 2379 prece,
2006 2325 2136 2362 cum

538 2401 880 2474 deposuisset
917 2402 1204 2467 uncinum,
1231 2409 1286 2456 et
1323 2401 1412 2454 vix
1437 2400 1550 2456 duo
1591 2400 1807 2456 brachia
1839 2403 2138 2472 appropin-

539 2503 736 2566 quaret
784 2510 961 2566 aqua,
1011 2496 1270 2550 continuo
1304 2511 1435 2550 ansa
1479 2495 1657 2550 situla
1702 2510 1758 2550 se
1801 2495 2030 2550 elevavit
2085 2503 2138 2550 et

540 2589 742 2644 uncino
768 2604 826 2643 se
857 2587 1174 2658 applicavit.

611 2683 716 2736 Per
769 2682 967 2737 merita
1042 2680 1288 2752 ejusdem
1345 2680 1676 2737 sanctissimi
1742 2682 1922 2738 Patris
1963 2683 2134 2738 nostri

538 2773 790 2845 quadam
846 2773 1112 2829 monacha
1175 2774 1243 2828 de
1294 2774 1725 2830 ultramontanis
1772 2775 2020 2846 partibus
2065 2775 2134 2831 de

536 2866 693 2932 villa,
767 2881 891 2938 qua
967 2865 1164 2922 dicitur
1232 2866 1608 2934 G-amudium,
1682 2867 1836 2939 juxta
1895 2877 2134 2924 castrum

537 2960 700 3015 Cisne
728 2960 861 3026 sita,
903 2960 1070 3015 unius
1100 2960 1245 3016 oculi
1277 2960 1464 3016 lumen
1515 2963 1738 3031 recepit,
1769 2971 1822 3016 et
1850 2961 1919 3017 de
1939 2963 2131 3030 altero,

2238 439 2358 510 ejus
2383 439 2555 494 milite
2601 438 2769 494 modo
2806 438 2971 493 didici
3023 437 3176 493 vobis
3217 438 3420 493 scribo.
3448 438 3621 492 Vobis
3655 446 3710 492 et
3749 440 3824 494 ab-

2241 533 2447 589 batissa
2471 535 2526 588 8.
2562 532 2713 588 Pauli
2740 531 2811 587 de
2834 535 3036 589 Parma
3058 533 3299 587 Mantua
3319 532 3693 598 manentibus,
3722 533 3828 603 ejus

2241 627 2473 694 milites,
2508 626 2706 682 auditis
2744 627 2934 682 multis
2970 626 3136 698 signis
3169 625 3236 681 de
3282 628 3337 682 S.
3385 626 3524 690 viro,
3569 625 3640 680 ad
3681 627 3829 696 cujus

2241 720 2610 776 venerandum
2638 721 2916 775 tumulum
2947 721 3024 776 ire
3047 720 3290 776 volentes
3327 719 3593 782 orationis
3633 734 3824 787 causa,

2242 822 2574 886 rogaverunt
2609 812 2935 885 quemdam,
2980 813 3206 869 nomine
3260 811 3613 878 Albericum,
3664 812 3828 868 ﬁlium

2241 907 2482 963 Alberici
2518 907 2586 963 de
2613 908 2853 973 Palmia,
2887 915 2948 962 ut
2987 922 3172 962 secum
3222 907 3328 962 iret
3366 921 3466 977 pro
3505 905 3828 962 delictorum

2241 1016 2468 1057 suorum
2493 1002 2720 1072 petenda
2739 1002 2896 1056 venia
2923 1019 2934 1055 :
2960 1024 2984 1049 ιι
3000 1001 3170 1068 Sicut,
3188 1000 3367 1071 inquit
3383 1015 3480 1056 ore
3522 1000 3698 1056 stulto
3719 1009 3771 1056 et
3785 1001 3833 1054 li-

2241 1111 2370 1151 vore
2389 1096 2574 1166 pleno,
2606 1096 2745 1150 irem
2767 1095 2836 1151 ad
2864 1094 3080 1150 asinum
3097 1136 3110 1158 ,
3140 1093 3211 1149 ita
3236 1093 3436 1150 vadam
3461 1093 3532 1150 ad
3560 1109 3719 1156 eum,
3742 1095 3832 1150 nisi

2241 1188 2473 1245 fortasse
2525 1189 2812 1245 derisionis
2849 1204 3040 1256 causa,
3113 1187 3180 1243 ad
3246 1187 3366 1258 ejus
3429 1188 3832 1258 impetrandum

2244 1283 2533 1354 auxilium.
2567 1305 2591 1332 ιι
2617 1288 2694 1338 At
2713 1282 2788 1338 illi
2809 1281 3196 1353 redargueutes
3214 1289 3268 1336 et
3293 1282 3688 1336 contumeliam
3710 1281 3832 1338 infe-

2242 1387 2443 1444 rentes,
2469 1377 2690 1432 tandem
2728 1384 2788 1431 ut
2817 1391 3003 1432 secum
3033 1375 3238 1430 veniret
3267 1391 3396 1429 eum
3427 1376 3828 1446 compulerunt.

2245 1473 2502 1525 Extremo
2524 1478 2709 1526 autem
2729 1469 2835 1537 die,
2857 1468 3085 1541 quidam
3105 1475 3420 1524 contractus
3439 1466 3647 1534 fuerat,
3677 1485 3832 1540 quem

2243 1564 2312 1619 ad
2355 1563 2608 1618 tumbam
2638 1571 2970 1634 prostratum
3017 1562 3197 1618 videre
3244 1562 3544 1632 cupientes,
3593 1577 3833 1616 accesse-

2242 1665 2397 1724 runt,
2459 1666 2515 1714 et
2565 1665 2871 1712 reverenter
2944 1663 3164 1711 orantes
3227 1655 3538 1727 tumulique
3601 1655 3826 1726 lapidem

2241 1751 2494 1817 osculati,
2528 1750 2771 1806 latentes
2807 1748 3106 1805 redierunt.
3144 1749 3238 1804 Ille
3279 1757 3489 1816 autem,
3540 1757 3605 1803 ut
3632 1749 3831 1804 videret

2243 1851 2410 1911 (eum)
2452 1845 2546 1916 qui
2575 1844 2830 1899 liberatus
2863 1842 3062 1910 fuerat,
3106 1843 3311 1913 pariter
3340 1831 3832 1904 volensﬂaccedere.

2242 1957 2272 1994 a
2343 1938 2621 2009 sepulcro,
2695 1945 2963 2008 tanquam
3032 1935 3286 2008 indignus
3339 1945 3394 1990 et
3450 1935 3830 2007 blaSphemus,

2238 2031 2459 2087 duobus
2505 2031 2617 2087 fere
2661 2031 2908 2102 passibus
2940 2027 3284 2102 prohibetur,
3334 2028 3562 2100 pedibus
3603 2031 3830 2100 graviter

2239 2133 2294 2180 et
2321 2125 2544 2196 pigriter
2586 2123 2941 2180 harentibus.
2974 2125 3079 2179 Hic
3107 2139 3259 2191 vero,
3288 2121 3518 2178 credens
3547 2139 3713 2178 crura
3742 2140 3827 2178 sua

2244 2217 2481 2273 fasciolis
2509 2219 2728 2285 stricta,
2773 2218 2974 2285 exivit;
3013 2225 3069 2272 et
3109 2217 3458 2288 comperiens
3502 2215 3556 2271 id
3582 2217 3692 2271 sibi
3735 2232 3834 2271 non

2243 2310 2513 2375 obfuisse,
2543 2313 2744 2366 iterum
2773 2313 3031 2379 intravit,
3071 2312 3214 2366 ultra
3248 2309 3505 2366 eumdem
3535 2311 3833 2366 terminum

2245 2421 2354 2459 non
2399 2405 2579 2461 valens
2611 2422 2853 2478 pergere.
2889 2408 3011 2475 Ipse
3057 2412 3264 2471 autem,
3295 2403 3487 2458 dolens
3531 2418 3654 2459 sese
3685 2404 3835 2458 toties

2239 2513 2358 2554 esse
2394 2499 2696 2571 repulsum,
2746 2515 2998 2571 egressus
3027 2506 3111 2554 est
3138 2513 3267 2552 cum
3297 2496 3524 2568 pudore,
3554 2497 3834 2552 admirans

2240 2601 2293 2648 et
2330 2603 2554 2664 stupens
2582 2593 2944 2663 quamobrem
2973 2591 3028 2647 id
3081 2591 3188 2647 sibi
3246 2591 3558 2663 contigerit.
3612 2592 3832 2646 Interea

2243 2701 2420 2742 cacus
2445 2686 2670 2758 quidam
2709 2686 3051 2741 illuminatus
3079 2693 3181 2740 est.
3213 2684 3487 2756 Cognovit
3517 2699 3648 2755 ergo
3681 2699 3836 2738 suam

2241 2780 2562 2850 stultitiam,
2583 2788 2636 2835 et
2665 2779 2942 2836 maledicti
2969 2779 3236 2850 paenitens
3268 2777 3651 2833 flevitamare.
3677 2777 3836 2833 Deni-

2239 2890 2345 2945 que
2389 2889 2521 2928 cum
2550 2873 2829 2928 canonicis
2858 2889 2956 2943 pro
2986 2871 3222 2928 ferendis
3250 2871 3502 2926 laudibus
3545 2887 3576 2926 a
3617 2873 3677 2928 S.
3730 2877 3836 2926 An-

2239 2967 2369 3022 drea
2392 2966 2640 3035 rediens,
2673 2966 2858 3023 multis
2885 2975 3011 3022 ante
3043 2966 3276 3038 januam
3299 2967 3356 3021 S.
3402 2964 3549 3020 Petri
3599 2965 3835 3035 profusis

535 3053 708 3125 gratia
749 3053 888 3122 Dei,
919 3069 1064 3109 nunc
1089 3053 1286 3110 clarius
1331 3054 1492 3123 videt,
1536 3053 1690 3110 unde
1729 3055 2015 3126 paululum
2060 3056 2134 3110 vi-
2171 3069 2215 3132 ο
2243 3061 2530 3132 lacrymis,
2561 3060 2631 3115 ad
2676 3060 2957 3116 tumulum
2988 3060 3169 3115 Patris
3195 3058 3383 3127 nostri,
3429 3059 3573 3114 sicut
3622 3060 3833 3122 cateri,

535 3146 717 3202 debat.

611 3239 885 3312 Quadam
906 3239 1065 3312 igitur
1089 3240 1289 3296 mulier
1316 3239 1386 3297 de
1415 3241 1727 3313 episcopatu
1757 3242 2136 3309 Cremonensi,

537 3334 605 3390 de
633 3343 834 3402 castro,
888 3335 1117 3390 nomine
1147 3337 1434 3407 Benengo,
1483 3335 1635 3407 quod
1665 3346 1748 3391 est
1784 3337 1952 3393 situm
1985 3337 2136 3409 juxta

536 3428 874 3496 Jovisaltam,
933 3427 1171 3484 habebat
1219 3445 1453 3499 puerum
1510 3429 1802 3486 duodecim
1865 3446 2135 3486 annorum

536 3522 630 3593 qui
661 3521 908 3577 nondum
940 3538 969 3576 a
989 3521 1186 3578 diebus
1214 3523 1510 3578 nativitatis
1534 3539 1674 3593 sua,
1716 3524 1895 3580 nervis
1922 3532 2136 3579 contra-

537 3615 670 3681 ctis,
710 3623 936 3670 noverat
983 3631 1249 3685 gressum.
1310 3617 1486 3686 Hujus
1528 3633 1658 3688 ergo
1719 3617 1905 3674 salutis
1960 3626 2138 3673 mater

524 3707 751 3777 cupida,
791 3708 1076 3762 devotione
1102 3708 1290 3778 plena,
1343 3707 1450 3762 fide
1490 3710 1755 3779 perfecta,
1801 3727 1927 3768 eum
1957 3727 2016 3766 se
2064 3712 2135 3766 la-

540 3807 720 3854 turam
753 3799 822 3854 ad
849 3800 1220 3854 venerandum
1253 3801 1434 3869 vovit,
1457 3801 1837 3874 deferensque,
1862 3804 1973 3873 iam
1996 3803 2135 3860 fessa

535 3900 758 3964 propter
799 3907 969 3959 onus,
995 3893 1436 3949 cumaccederet
1478 3895 1546 3949 ad
1586 3896 1864 3950 marcham
1895 3899 2133 3968 regiam,

537 3985 818 4057 deposuit;
862 3985 1019 4056 cujus
1061 3984 1164 4040 fide
1193 3993 1247 4040 et
1291 3985 1614 4055 devotione,
1654 4004 1760 4058 qua
1801 4004 2020 4060 semper
2047 4006 2134 4046 ca-

540 4086 745 4144 ruerat,
771 4077 1002 4134 salutem
1029 4093 1158 4133 mox
1182 4078 1417 4150 .invenit.

611 4176 886 4227 Praterea
924 4170 1178 4243 quadam
1216 4171 1413 4228 mulier
1432 4173 1498 4229 de
1537 4174 1818 4231 Wartalda
1850 4175 1906 4230 in
1923 4177 2137 4233 somnis

539 4265 881 4336 pramonita,
926 4265 1237 4321 revelationi
1274 4265 1516 4334 credula,
1566 4268 1714 4324 venit
1737 4269 1806 4325 ad
1834 4269 2131 4341 imploran-

531 4359 746 4430 duij.
780 4358 958 4414 Patris
993 4359 1167 4415 nostri
1193 4359 1431 4415 salutare
1468 4360 1808 4434 suffragium.
1837 4366 1972 4420 Haec
1998 4364 2132 4420 adeo

2243 3154 2446 3209 meruit
2492 3152 2766 3209 accedere.
2819 3153 2985 3224 Quod
3027 3169 3098 3210 ne
3153 3152 3284 3209 socii
3330 3150 3403 3207 ad
3446 3153 3836 3207 contumeliam

2242 3247 2344 3304 sibi
2374 3246 2698 3318 objicerent,
2725 3248 2928 3313 tacuit;
2953 3247 3052 3302 sed
3080 3263 3247 3318 nunc,
3291 3245 3360 3302 ad
3398 3245 3632 3318 gloriam
3665 3245 3763 3304 Dei
3789 3254 3837 3300 et

2239 3341 2308 3396 ad
2340 3341 2667 3397 sanctissimi
2717 3341 2999 3408 Anselmi,
3035 3341 3240 3413 ubique
3271 3339 3531 3412 praedicat
3553 3340 3708 3411 quod
3741 3339 3836 3396 sibi

2243 3435 2495 3507 contigit.

2315 3531 2452 3585 Cum
2485 3528 2757 3584 venissent
2784 3527 2996 3600 aliquot
3026 3527 3338 3584 Brixienses
3361 3526 3432 3583 ad
3463 3528 3840 3584 venerandum

2240 3624 2518 3678 tumulum
2543 3620 2716 3677 Patris
2743 3621 2937 3690 nostri,
2975 3620 3327 3677 obviaverunt
3370 3620 3588 3677 cuidam
3623 3621 3839 3693 pauperi

2243 3715 2493 3771 similiter
2517 3716 2756 3772 venienti
2788 3731 2886 3786 pro
2915 3716 3092 3771 salute
3142 3714 3374 3786 petenda
3405 3714 3474 3771 de
3519 3715 3841 3787 episcopatu

2243 3811 2514 3878 Cumano,
2535 3808 2603 3864 de
2627 3808 2913 3876 Valtelina,
2935 3808 3027 3880 qui
3049 3824 3304 3876 cernuus,
3327 3809 3430 3864 nisi
3457 3807 3703 3864 fustibus
3724 3824 3840 3864 sus-

2242 3910 2503 3969 tentatus,
2533 3902 2782 3958 incedere
2828 3919 2938 3958 non
2972 3902 3212 3971 valebat;
3242 3918 3409 3974 quem
3449 3918 3643 3957 secum
3675 3903 3839 3958 duxe-

2241 4005 2368 4051 runt
2412 4004 2468 4050 et
2492 4011 2589 4066 pro
2622 3995 2887 4052 charitate
2913 3995 3241 4051 sanctissimi
3277 3995 3529 4051 Anselmi
3563 4011 3843 4051 commea-

2241 4097 2361 4144 tum
2405 4089 2453 4144 ei
2480 4087 2769 4146 dederunt.
2809 4090 2892 4144 Ad
2932 4105 3173 4160 quorum
3202 4088 3367 4144 fidem
3395 4088 3840 4144 confirmandam

2239 4191 2295 4239 et
2320 4182 2672 4239 devotionem
2702 4182 3037 4255 augendam,
3067 4182 3337 4238 Dominus
3361 4198 3463 4254 per
3491 4181 3843 4236 intercessio-

2239 4291 2366 4331 nem
2397 4274 2646 4348 pradicti
2666 4276 2860 4342 Patris,
2888 4291 2929 4331 χ
2952 4276 3078 4332 Kal.
3103 4276 3283 4342 Junii,
3306 4283 3467 4330 nocte
3487 4275 3608 4347 jam
3633 4289 3848 4345 appro-

2245 4369 2571 4440 pinquante,
2605 4369 2752 4424 hunc
2778 4369 2982 4437 erexit,
3021 4377 3076 4424 et
3108 4369 3314 4440 absque
3364 4366 3692 4424 baculorum
3723 4383 3846 4424 sus-

529 4451 828 4526 hydrOpico
869 4454 1064 4509 morbo
1105 4453 1394 4509 laborabat
1416 4455 1570 4525 quod
1607 4471 1665 4511 se
1712 4455 1855 4511 ferre
1884 4473 1998 4512 non
2036 4475 2127 4513 va-
2161 4459 2210 4520 D
2244 4461 2550 4516 tentatione
2587 4461 2664 4516 ire
2701 4461 2994 4517 concessit.

533 4547 694 4603 lebat.
723 4548 853 4619 Ejus
880 4563 1118 4619 namque
1147 4564 1346 4619 corpus
1368 4558 1585 4604 tantum
1616 4549 1957 4605 intumuerat
1984 4552 2132 4622 quod

536 4654 622 4706 se,
649 4640 799 4710 rquin
846 4649 1126 4712 ereparet,
1170 4642 1257 4696 vix
1286 4642 1566 4698 continere
1605 4650 1835 4713 poterat.
1870 4645 1985 4698 Nec
2015 4644 2133 4716 jam

536 4731 830 4787 dicendum
867 4749 1092 4804 corpus,
1135 4735 1230 4790 sed
1265 4736 1450 4806 potius
1487 4743 1747 4802 truncus;
1775 4751 1876 4791 nec
1901 4737 2007 4792 ulla
2037 4737 2131 4793 ho-

539 4824 706 4879 minis
739 4825 798 4878 in
841 4841 902 4879 ea
947 4826 1234 4881 videbatur
1273 4829 1513 4898 Specie,
1547 4828 1642 4884 sed
1679 4837 1796 4884 tota
1832 4829 2128 4899 deformis,

539 4927 593 4973 et
636 4917 892 4989 quadam
935 4920 1130 4974 mortis
1178 4919 1357 4976 facies.
1401 4922 1631 4978 Articuli
1669 4925 1820 4980 enim
1867 4941 2128 4981 manuum

533 5019 590 5066 et
639 5009 840 5082 pedum
887 5011 947 5064 in
998 5011 1238 5066 solidum
1282 5013 1549 5069 abierant.
1600 5018 1742 5070 Nam
1775 5016 1820 5071 si
1859 5017 2038 5074 forma
2075 5027 2130 5073 et

533 5105 820 5159 oculorum
877 5103 1086 5159 orbitas
1144 5106 1456 5176 perierant,
1512 5123 1668 5163 mors
1725 5111 1910 5179 potius
1963 5126 2127 5181 quam

532 5197 641 5252 vita
678 5197 940 5264 instabat,
967 5197 1117 5252 etde
1142 5197 1314 5254 salute
1352 5215 1465 5254 non
1509 5199 1852 5271 desperabat.
1890 5204 2126 5274 Dignum

535 5306 665 5362 ergo
723 5289 823 5346 fuit
872 5298 933 5345 ut
983 5290 1368 5347 sanctissimus
1417 5293 1716 5349 Anselmus
1764 5294 1889 5351 huic
1938 5297 2128 5353 salutis

529 5383 799 5439 tribueret
835 5383 1100 5456 gratiam,
1151 5401 1182 5440 a
1217 5401 1326 5456 quo
1370 5394 1579 5441 tantam
1622 5390 1964 5460 exspectabat
2010 5408 2123 5447 me-

533 5475 742 5545 delam,
779 5493 945 5549 quam
973 5486 1234 5548 sequente
1263 5488 1426 5536 nocte
1454 5480 1672 5538 latatur
1712 5498 1772 5540 se
1811 5499 1928 5541 esse
1963 5485 2124 5557 adep-

527 5579 670 5626 tam.

2314 4555 2582 4610 Praterea
2613 4553 2830 4610 cuidam
2855 4569 3023 4626 puero
3065 4569 3097 4608 a
3145 4553 3340 4610 diebus
3373 4553 3680 4609 nativitatis
3726 4567 3846 4608 sua

2239 4647 2405 4702 surdo
2435 4654 2489 4702 et
2521 4655 2701 4716 muto,
2730 4648 2896 4718 paulo
2935 4656 3059 4719 post
3089 4646 3473 4718 migrationem
3497 4646 3852 4702 sanctissimi

2239 4740 2482 4796 Anselmi
2523 4740 2641 4813 ejus
2685 4741 2928 4808 meritis,
2955 4741 3116 4796 nobis
3165 4739 3550 4808 nescientibus,
3595 4738 3848 4795 reddidit

2237 4834 2504 4890 auditum.
2569 4835 2710 4891 Huic
2751 4849 2877 4891 vero
2906 4833 3145 4889 secundo
3190 4833 3280 4889 die
3319 4833 3574 4888 intrantis
3624 4832 3847 4888 mensis

2237 4927 2402 4993 Junii,
2447 4927 2593 4983 circa
2621 4944 2848 4995 nonam,
2897 4927 3015 4998 ejus
3067 4926 3285 4999 lingula
3327 4926 3488 4981 solvit
3525 4926 3848 4991 vinculum,

2231 5020 2388 5090 juxta
2416 5020 2550 5076 illud
2577 5021 2724 5091 quod
2783 5021 2837 5075 in
2886 5019 3176 5091 Evangelio
3216 5018 3412 5090 legitur
3461 5037 3475 5074 :
3531 5022 3680 5075 Bene
3742 5036 3857 5074 om-

2236 5116 2333 5167 nia.
2398 5117 2562 5181 fecit;
2623 5115 2812 5169 surdos
2883 5116 3014 5181 fecit
3085 5113 3279 5167 audi-re
3327 5117 3379 5167 et
3441 5117 3616 5166 mutos
3695 5115 3826 5184 loqu
3835 5115 3856 5164 ε’

2236 5210 2428 5273 (Marc.
2456 5206 2589 5276 vn).

2305 5305 2452 5366 (490)
2488 5297 2653 5354 Aliud
2693 5316 2911 5372 quoque
2943 5300 3293 5365 miraculum,
3341 5299 3490 5371 quod
3549 5298 3852 5355 confratre

2237 5393 2399 5446 Vitali
2451 5393 2753 5449 Brixiensis
2793 5394 3052 5450 Ecclesia
3090 5393 3428 5466 presbytero,
3461 5391 3750 5464 religiosa
3777 5393 3851 5445 vi-

2234 5493 2306 5542 ta
2341 5487 2479 5551 viro,
2514 5485 2740 5557 aliisque
2769 5487 3019 5558 pluribus
3042 5486 3406 5542 referentibus
3430 5484 3621 5549 didici,
3655 5493 3854 5557 pater-

2232 5579 2392 5656 nitati
2431 5588 2642 5647 vestra,
2670 5579 2978 5637 venerande
3016 5582 3197 5645 Pater,
3225 5581 3520 5636 Mantuane
3557 5578 3847 5650 pontifex,

593 5761 739 5824 (490)
785 5761 866 5813 Ex
903 5757 1060 5830 epist.
1095 5758 1382 5831 cujusdam
1411 5762 1621 5833 Ugonis
1649 5762 1717 5819 ad
1748 5765 2112 5822 Mantuanum
2142 5731 2475 5838 episcopum.
