4048 6174
225 263 322 315 933

1130 260 1414 313 APPEND.
1458 258 1545 313 lll.
1585 288 1655 299 -—
1691 256 2106 315 MONUMENTA
2147 261 2606 315 GREGORIANA.

3418 267 3523 320 934

224 400 311 439 me
360 385 619 454 Ugonem
658 382 925 450 scribere,
960 392 1022 439 ut
1070 384 1305 455 jussisti,
1348 398 1465 440 non
1508 382 1704 454 piguit.
1755 387 1817 439 In
1847 390 1899 451 Α
1932 385 2092 439 rebus
2145 385 2389 456 probata,
2432 386 2596 441 ﬁdem
2626 385 2744 457 ejus
2796 387 3103 444 testimonio
3160 388 3530 446 adhibendam

225 478 386 543 Villa,
416 476 505 531 cui
535 491 740 531 nomen
771 485 854 531 est
883 479 1136 545 Murana,
1156 493 1280 549 quae
1310 494 1339 532 a
1368 477 1586 532 civitate
1617 477 1817 532 Brixiae

221 577 432 641 septem
476 568 737 624 milliariis
787 569 981 636 distat,
1031 571 1228 626 mulier
1274 579 1394 625 erat
1441 570 1728 641 quaedam,
1761 571 1823 624 ﬁ-

222 666 349 721 liam
396 664 634 729 habens,
668 663 871 734 linguae
899 663 1079 719 ofﬁcio
1126 673 1179 719 et
1208 664 1407 736 pedum
1452 665 1523 719 ita
1555 664 1819 735 privatam

222 758 394 830 quod,
424 756 530 812 nisi
559 757 664 812 alio
712 756 1017 825 deferente,
1062 759 1241 829 aliquo
1293 757 1460 813 modo
1508 757 1823 811 nullatenus

218 866 444 923 surgere
482 850 723 917 valebat;
763 866 911 921 quae,
949 867 1077 906 cum
1107 867 1175 906 ex
1204 866 1359 906 more
1388 858 1629 921 portaret
1668 858 1821 905 extra

220 944 451 1000 domum
488 952 831 999 contractam
858 944 1051 1011 ﬁliam,
1082 943 1250 1000 taedio
1293 944 1590 1015 quotidiani
1621 943 1823 999 laboris

217 1037 524 1109 suspirans,
550 1036 729 1108 inquit
763 1057 776 1092 :
816 1059 841 1085 ι
871 1037 1124 1092 Piissime
1154 1040 1319 1106 Deus,
1351 1052 1449 1106 per
1473 1037 1668 1092 merita
1698 1053 1822 1091 san-

217 1130 453 1187 ctissimi
482 1129 809 1187 confessoris
837 1130 915 1185 tui
958 1130 1223 1198 Anselmi,
1254 1130 1515 1186 misertus
1542 1145 1680 1186 meae
1721 1131 1824 1185 tri-

216 1223 537 1290 bulationis,
585 1231 682 1279 aut
724 1224 979 1279 miseram
1009 1223 1150 1279 hanc
1181 1232 1577 1295 pramortuam
1607 1223 1823 1279 sanitati

217 1318 470 1383 restitue,
510 1326 607 1373 aut
633 1332 757 1373 eam
802 1317 868 1373 de
901 1317 1151 1389 praesenti
1184 1318 1294 1373 vita
1341 1316 1647 1373 auferendo
1677 1333 1764 1372 me
1796 1334 1829 1372 a

220 1421 382 1467 tanto
411 1404 596 1468 labere
643 1427 793 1478 erue,
840 1411 1083 1482 alioquin
1133 1412 1219 1467 hic
1270 1426 1394 1467 eam
1422 1411 1518 1466 tibi
1550 1411 1821 1483 relinquo.

219 1508 331 1562 Fac
358 1506 509 1578 quod
540 1507 735 1577 placet,
767 1506 893 1577 quia
922 1506 1134 1561 nullum
1164 1520 1263 1576 pro
1292 1522 1355 1561 ea
1383 1505 1627 1561 laborem
1656 1505 1828 1576 patiar

218 1600 499 1671 abinceps.
539 1622 564 1648 ι
598 1600 722 1668 Quo
749 1598 919 1665 dicto,
952 1614 1084 1654 mox
1114 1598 1264 1666 abiit,
1298 1598 1404 1653 ﬁlia
1446 1598 1731 1669 destituta,
1768 1607 1829 1653 ut

219 1693 383 1749 dixit.
426 1692 644 1748 Modico
674 1700 862 1748 autem
905 1691 1051 1747 facto
1092 1692 1359 1763 temporis
1388 1692 1690 1759 intervallo,
1730 1692 1826 1748 do-

221 1802 382 1842 mum
411 1801 687 1852 remeans,
733 1801 899 1857 quam
924 1785 1268 1841 sanctissimo
1300 1785 1561 1841 Anselmo
1591 1786 1816 1857 relique-

222 1888 311 1935 rat
341 1878 552 1935 invenit
587 1895 801 1934 sanam.
841 1881 912 1934 Et
939 1895 1061 1934 eam
1110 1894 1233 1949 quae
1262 1879 1424 1949 paulo
1467 1887 1595 1935 ante
1624 1880 1826 1950 lingua:

218 1974 409 2046 ligata
431 1971 602 2028 fuerat
621 1973 824 2029 audivit
853 1971 1097 2043 expedite
1125 1973 1431 2043 exprimere
1462 1973 1653 2040 verba;
1680 1972 1826 2043 quod

218 2066 436 2123 factum
458 2067 657 2123 mulier
686 2066 964 2123 admirans
992 2075 1046 2122 et
1066 2066 1330 2138 gaudens,
1349 2067 1592 2121 Domino
1618 2075 1827 2121 sancto-

218 2176 332 2233 que
384 2161 604 2232 przesuli
648 2159 887 2217 reddidit
928 2159 1118 2216 laudes
1164 2176 1262 2231 pro
1313 2160 1441 2216 ﬁlia:
1492 2168 1707 2231 recepta
1743 2176 1827 2216 sa-

221 2255 429 2311 nitate.

294 2379 630 2451 Presbytero
676 2394 893 2452 quoque
943 2381 1150 2435 Ottone
1204 2378 1489 2435 laudabilis
1536 2379 1659 2435 vita:
1713 2379 1827 2434 viro

220 2481 505 2537 narrante,
555 2473 752 2545 quibus
791 2482 847 2529 et
892 2471 1353 2529 Cremonensibus
1396 2472 1605 2527 civibus
1642 2482 1829 2528 conte-

219 2567 535 2633 stantibus,
577 2565 725 2621 aliud
782 2566 1014 2639 cognovi
1043 2568 1369 2622 miraculum
1424 2566 1571 2638 quod
1617 2567 1832 2622 silentio

220 2660 468 2715 minime
487 2668 568 2714 est
590 2659 1057 2731 praetereundum.
1082 2660 1333 2731 Quadam
1353 2660 1440 2716 die
1466 2661 1838 2732 equitantibus

220 2762 388 2809 extra
438 2753 713 2808 civitatem
760 2753 967 2824 aliquot
1024 2733 1509 2819 Cremonensium,
1557 2763 1840 2825 cmperunt

223 2847 386 2903 vario
412 2862 666 2902 sermone
686 2847 829 2902 inter
862 2862 920 2903 se
944 2846 1149 2903 referre
1172 2846 1425 2918 quaedam
1448 2847 1839 2902 miraculorum

221 2957 355 3013 quae
388 2940 660 2995 Dominus
709 2952 968 3011 operatur
1008 2940 1226 2995 meritis
1263 2941 1593 2996 sanctissimi
1622 2940 1836 2995 confes-

221 3036 377 3090 soris
429 3033 700 3089 Anselmi.
756 3035 1007 3104 Cumque
1050 3032 1119 3089 ad
1148 3034 1379 3089 invicem
1434 3034 1552 3090 hanc
1600 3036 1838 3089 revolve-

218 3136 381 3195 rent,
407 3125 634 3199 quidam
662 3143 879 3194 eorum,
904 3136 968 3182 ut
998 3127 1197 3183 mentis
1225 3136 1341 3183 erat
1370 3127 1612 3197 perﬁdae,
1648 3144 1842 3199 expro-

220 3219 448 3276 brando
478 3220 554 3275 eis
579 3220 954 3290 interrogabat
981 3236 1049 3275 an
1080 3220 1393 3292 huiusmodi
1429 3222 1698 3276 vanitates
1722 3237 1836 3276 cre-

219 3314 453 3379 derent,
490 3313 577 3369 vel
606 3313 759 3386 quod
791 3316 944 3369 Deus
988 3330 1084 3385 per
1122 3329 1250 3369 eum
1288 3314 1546 3370 miracula
1577 3314 1838 3370 ostende-

220 3418 343 3477 ret;
363 3408 565 3479 quibus
593 3406 1052 3479 respondentibus
1081 3407 1273 3479 procul
1299 3407 1464 3463 dubio
1496 3407 1644 3463 hunc
1672 3407 1840 3463 famu-

222 3502 355 3557 lum
390 3501 492 3556 Dei
522 3517 640 3556 esse
666 3509 921 3557 sanctum
951 3509 1006 3556 et
1035 3501 1219 3557 multis
1248 3501 1643 3557 miraculorum
1670 3501 1841 3572 signis

222 3594 621 3661 clariﬁcatum,
648 3595 825 3666 inquit
850 3594 937 3649 ille
966 3594 1203 3665 perﬁdus
1231 3613 1243 3650 :
1278 3615 1305 3645 «
1335 3594 1389 3649 Si
1421 3603 1521 3661 est,
1553 3603 1614 3649 ut
1641 3594 1839 3663 dicitis,

224 3698 467 3745 sanctus
504 3689 590 3743 vel
620 3689 665 3743 si
701 3688 861 3743 alicui
892 3686 1133 3743 reddidit
1162 3704 1437 3759 gressum,
1466 3704 1612 3743 nunc
1637 3697 1847 3743 contra-

223 3784 329 3838 hat
360 3782 422 3837 in
450 3798 561 3853 quo
587 3781 748 3837 sedeo
778 3797 1003 3852 equum.
1042 3804 1068 3829 »
1103 3781 1298 3852 Sicque
1332 3780 1539 3837 factum
1569 3790 1669 3837 est.
1701 3784 1843 3837 Nam

226 3874 527 3947 paululum
557 3890 902 3946 progressus,
949 3890 1081 3930 mox
1109 3883 1427 3931 contractus
1456 3876 1607 3931 stetit
1634 3874 1722 3930 cui
1756 3875 1844 3929 in-

225 3968 465 4024 sidebat
507 3982 707 4039 equus,
761 3975 924 4038 atque
971 3967 1262 4038 prazdictus
1310 3967 1480 4023 homo
1529 3967 1848 4023 inﬁrmitate

226 4068 558 4133 praeventus
583 4058 675 4115 diu
721 4059 1005 4123 laboravit,
1053 4059 1231 4116 donec
1271 4059 1341 4116 ad
1373 4069 1622 4116 sanctum
1650 4077 1849 4132 corpus

227 4152 569 4227 suppliciter
587 4154 665 4209 ire
690 4153 996 4209 destinavit.

309 4279 486 4351 Quod
514 4280 679 4335 etiam
709 4288 889 4335 matre
935 4296 1056 4335 mea
1106 4278 1177 4335 de
1227 4294 1284 4334 se
1313 4286 1571 4335 narrante
1620 4279 1848 4351 cognovi

226 4391 356 4429 non
384 4381 473 4429 est
495 4372 827 4429 tradendum
849 4373 1123 4429 oblivioni.
1151 4374 1251 4429 Die
1279 4373 1518 4445 quadam
1548 4372 1731 4429 subito
1758 4389 1849 4428 su—

228 4466 575 4539 perveniens
622 4476 805 4539 gutta,
857 4467 929 4523 ita
979 4467 1140 4523 unius
1178 4468 1315 4524 oculi
1352 4468 1542 4524 lumen
1587 4467 1850 4538 sanguine

1929 477 2300 534 indubitanter
2328 478 2689 535 demonstrat.

2001 594 2257 649 Arialdus
2312 595 2635 650 sanctissimi
2694 596 3023 653 confessoris
3074 598 3318 653 Anselmi
3359 598 3528 655 frater

1931 688 2225 757 quamdam
2247 687 2483 743 habebat
2506 689 2744 760 quinque
2759 707 3035 746 annorum
3060 692 3247 759 ﬁliam,
3272 708 3435 762 quam
3456 693 3533 747 fe-

1931 780 2114 835 brium
2148 781 2229 835 vis
2270 778 2561 852 fatigabat;
2604 791 2660 838 et
2703 783 2927 855 insuper
2969 801 3041 840 ex
3074 785 3246 856 ipsius
3275 788 3531 841 auricula:

1932 873 2200 929 foramine
2247 882 2423 945 gutta,
2469 892 2633 947 quam
2668 876 2884 946 dicunt,
2916 879 3165 934 ﬁstulam
3218 888 3531 951 generante,

1933 968 2164 1039 putredo
2210 968 2463 1038 quaedam
2519 968 2734 1025 assidue
2793 974 3047 1042 guttatim
3096 973 3359 1041 stillabat;
3409 990 3533 1044 qum

1934 1062 2099 1117 etiam
2149 1062 2656 1134 approximautibus
2718 1064 2822 1119 sibi
2888 1063 3164 1121 fastidium
3221 1067 3531 1137 generabat.

1934 1156 2219 1211 Prazdictae
2251 1157 2448 1227 puellae
2490 1164 2744 1227 parentes
2774 1157 3037 1227 particula
3068 1175 3231 1230 quam
3264 1159 3536 1213 habebant

1935 1249 2003 1304 de
2049 1249 2193 1321 ligno
2222 1250 2372 1305 navis
2414 1250 2524 1305 lota
2565 1249 2740 1321 (cujus
2790 1250 3117 1307 miraculum
3157 1253 3405 1322 superius
3455 1262 3537 1306 est

1936 1348 2348 1415 praanotatum),
2393 1359 2591 1414 aquam
2637 1342 2932 1400 ablutionis
2962 1359 3074 1399 suae
3115 1344 3240 1399 lilia:
3270 1345 3540 1400 dederunt

1936 1436 2155 1503 bibere,
2186 1437 2501 1492 invocantes
2540 1437 2939 1492 sanctissimum
2982 1437 3351 1493 confessorem
3392 1440 3540 1508 nepti

1936 1546 2053 1585 suae
2094 1531 2404 1598 subvenire,
2438 1547 2543 1601 qua
2582 1530 2799 1597 hausta,
2832 1530 3056 1602 praefata
3106 1532 3282 1602 puella
3313 1541 3542 1602 utraque

1940 1623 2253 1679 inﬁrmitate
2284 1639 2414 1679 mox
2445 1633 2527 1679 est
2558 1624 2806 1679 liberata.

2010 1744 2177 1806 Rem,
2218 1756 2385 1811 quam
2414 1740 2919 1811 impraesentiarum
2950 1756 3171 1808 enarro,
3194 1740 3294 1795 sub
3324 1743 3392 1795 D.
3427 1743 3542 1794 Ma-

1862 1826 1910 1888 B
1942 1833 2127 1889 thildae
2173 1834 2469 1889 comitissa:
2531 1833 2844 1889 narratione
2897 1833 3057 1889 didici
3106 1842 3161 1889 et
3204 1833 3536 1889 testimonio.

1934 1926 2100 1996 Cujus
2142 1927 2477 1983 attestationi
2521 1926 2895 1982 indubitanter
2948 1927 3286 1983 credendum
3335 1943 3539 1999 cogno-

1937 2024 2117 2077 vimus
2150 2038 2213 2078 ex
2252 2021 2421 2092 ipsius
2464 2022 2691 2092 probata
2732 2020 2839 2077 ﬁde
2867 2030 2922 2077 et
2951 2022 3219 2093 religiosis
3259 2023 3540 2088 moribus;

1936 2116 2082 2187 quod
2115 2116 2277 2171 etiam
2310 2115 2449 2170 mihi
2494 2115 2694 2185 pariter
2731 2115 2999 2183 innotuit,
3045 2122 3320 2170 asserente
3351 2116 3537 2170 eadem

1940 2210 2116 2281 puella
2136 2209 2224 2264 cui
2247 2208 2351 2263 hoc
2373 2208 2608 2279 contigit
2631 2226 2643 2262 :
2666 2210 2840 2277 Nocte
2861 2207 3096 2279 quadam
3118 2216 3342 2277 repente
3359 2206 3539 2275 dolor,

1941 2311 2005 2358 ut
2033 2317 2198 2373 sape,
2231 2301 2489 2372 puellam,
2524 2300 2859 2355 Athelasiam
2888 2301 3132 2368 nomine,
3165 2301 3371 2355 Azonis
3396 2316 3540 2355 mar-

1943 2396 2151 2451 cbionis
2192 2395 2364 2450 ﬁliam
2403 2395 2723 2450 existentem
2764 2394 2820 2449 in
2861 2393 3135 2465 praedictae
3175 2394 3411 2450 dominae
3448 2397 3543 2449 c‘a-

1948 2506 2125 2557 mera,
2156 2490 2212 2544 in
2248 2497 2398 2559 parte
2428 2489 2633 2544 ventris
2663 2489 2864 2543 acriter
2892 2496 3159 2559 torquens
3189 2504 3419 2560 magnos
3449 2505 3545 2543 co-

1949 2583 2109 2653 gebat
2141 2582 2269 2637 dare
2312 2582 2600 2637 clamores.
2649 2584 3024 2651 Interrogante
3070 2591 3253 2636 autem
3288 2581 3544 2653 praedicta

1949 2676 2179 2731 domina
2208 2675 2338 2746 quid
2369 2683 2574 2745 ageret,
2606 2690 2935 2745 responsum
2977 2684 3060 2730 est
3089 2691 3214 2730 eam
3243 2678 3300 2732 S.
3348 2676 3542 2730 Ansel-

1948 2786 2101 2825 mum
2126 2767 2441 2840 frequenter
2466 2768 2571 2822 sibi
2599 2769 2654 2822 in
2674 2768 2940 2822 auxilium
2970 2768 3244 2824 invocare.
3274 2771 3543 2839 Cumque,

1949 2880 2013 2919 ex
2049 2870 2319 2933 praecepto
2354 2860 2519 2931 ipsius
2547 2860 2807 2927 domina,
2838 2860 3084 2931 pulvinar
3108 2861 3161 2915 in
3186 2877 3296 2932 quo
3328 2863 3382 2916 S.
3410 2878 3549 2932 prae-

1948 2956 2033 3012 sul
2083 2956 2245 3010 vivus
2275 2953 2467 3009 solitus
2509 2961 2626 3009 erat
2671 2953 2861 3008 sedere
2889 2953 2963 3006 illi
2994 2954 3135 3023 parti
3180 2955 3447 3025 corporis,
3492 2955 3546 3008 in

1948 3065 2056 3120 qua
2089 3048 2246 3104 dolor
2289 3046 2632 3114 imminebat,
2680 3044 2873 3101 fuisset
2900 3046 3241 3116 impositum,
3274 3064 3404 3103 mox
3433 3048 3543 3103 cla-

1955 3143 2132 3198 mavit
2180 3142 2376 3213 puella
2404 3141 2561 3196 omni
2590 3140 2781 3196 dolore
2826 3154 2883 3194 se
2911 3139 3219 3195 liberatam.

2024 3258 2156 3314 Viro
2184 3255 2446 3328 quodam,
2477 3254 2798 3312 Constantio
2826 3256 3068 3321 nomine,
3107 3265 3400 3322 asserente,
3430 3273 3547 3311 rem

1948 3351 2177 3423 cognovi
2225 3358 2485 3421 praeterea
2528 3349 2816 3404 memoria:
2868 3349 3387 3405 commendandam.
3444 3352 3549 3405 Su-

1948 3444 2270 3515 perveniens
2326 3441 2611 3497 inﬁrmitas
2662 3441 2758 3496 uni
2807 3457 2975 3512 puero
3035 3442 3318 3514 cujusdam
3363 3443 3553 3499 militis

1949 3537 2185 3595 scutario
2216 3536 2271 3591 in
2300 3544 2522 3591 tantum
2554 3551 2745 3590 vocem
2772 3534 3145 3591 suffocaverat
3173 3537 3324 3607 quod
3362 3537 3429 3592 ab
3462 3538 3554 3591 ali-

1951 3631 2275 3704 quantulum
2312 3646 2343 3685 a
2371 3645 2428 3685 se
2453 3628 2679 3684 remotis
2706 3629 2794 3683 vix
2822 3628 2996 3685 audiri
3028 3638 3243 3700 poterat
3268 3649 3281 3684 :
3324 3639 3380 3685 et
3422 3631 3547 3701 quia

1953 3724 2242 3781 dominum
2292 3737 2457 3779 suum
2506 3722 2746 3777 clamore
2794 3721 3099 3777 interclusas
3150 3722 3305 3777 vocis
3360 3738 3554 3778 vocare

1952 3834 2062 3874 non
2109 3822 2340 3888 poterat,
2386 3815 2623 3870 habebat
2650 3830 2842 3880 cornu,
2874 3814 3028 3885 cujus
3084 3814 3288 3884 sonitu,
3342 3816 3398 3870 in
3447 3832 3556 3887 quo

1954 3918 2097 3967 esset
2131 3910 2272 3977 loco,
2301 3909 2405 3963 sibi
2434 3907 2722 3963 innuebat.
2768 3908 2869 3962 Hic
2900 3908 3085 3979 itaque
3111 3924 3237 3963 cum
3267 3910 3560 3979 prmnomi-

1955 4013 2085 4059 nato
2115 4003 2433 4058 Constantio
2463 4000 2533 4057 ad
2579 4004 2635 4057 S.
2672 4000 3009 4057 confessoris
3053 4002 3333 4057 tumulum
3355 4042 3369 4069 ,
3412 4001 3555 4058 suffo

1956 4106 2092 4153 catae
2121 4096 2270 4152 vocis
2298 4095 2499 4151 devote
2520 4111 2751 4165 poscens
2775 4093 3105 4161 remedium,
3130 4095 3203 4149 ita
3235 4096 3557 4166 sospitatem

1957 4190 2185 4260 adeptus
2214 4198 2298 4245 est
2322 4188 2471 4243 vocis
2499 4188 2647 4259 quod
2686 4205 2838 4243 nunc
2874 4189 3015 4243 valet
3039 4187 3216 4243 audiri
3242 4205 3272 4243 a
3318 4192 3560 4245 multum

1958 4284 2122 4339 etiam
2148 4282 2393 4338 remotis.
2428 4280 2725 4337 Praedictus
2754 4282 3128 4349 Constantius,
3162 4284 3428 4354 completa
3463 4284 3558 4339 de-

1961 4384 2084 4431 vote
2130 4374 2400 4440 oratione,
2432 4374 2710 4444 pulverem
2756 4373 2821 4427 de
2870 4373 3047 4444 lapide
3104 4376 3335 4446 sepulcri
3388 4378 3558 4431 sancti

1959 4466 2291 4524 confessoris
2321 4483 2450 4523 cum
2495 4464 2804 4522 devotionis
2844 4467 3148 4521 reverentia
3196 4484 3407 4534 rasum,
3437 4478 3491 4523 et
3526 4486 3556 4523 a

228 4560 538 4633 cooperuit
563 4560 712 4631 quod
742 4569 890 4615 recto
914 4560 1034 4616 visu
1060 4569 1264 4616 terram
1279 4561 1444 4616 etiam
1472 4570 1715 4633 spectare
1740 4576 1855 4615 non
1881 4546 1934 4607 D
1968 4562 2193 4618 custode
2220 4568 2530 4618 reverenter
2573 4566 2884 4629 susceptum
2931 4575 3117 4615 secum
3146 4559 3362 4627 detulit,
3395 4576 3554 4632 quem

231 4654 439 4711 valuit.
480 4656 718 4725 Urgente
746 4654 930 4725 itaque
956 4670 1077 4709 eam
1102 4655 1247 4710 oculi
1272 4653 1486 4723 dolore,
1517 4654 1762 4726 confugit
1785 4653 1855 4709 ad

226 4752 297 4806 S.
351 4747 686 4805 confessoris
730 4748 1026 4814 tumulum,
1070 4747 1381 4819 suppliciter
1411 4747 1493 4801 his
1540 4748 1717 4803 verbis
1754 4764 1850 4818 po-

226 4842 469 4899 stulans
495 4855 596 4897 suo
619 4840 796 4896 dolori
826 4840 1129 4896 subsidium
1162 4859 1176 4896 :
1208 4863 1233 4889 α
1267 4840 1621 4897 Sanctissime
1641 4840 1855 4896 confes-

229 4951 375 5001 sor,
410 4934 689 4989 salubrem
736 4933 870 4989 mihi
923 4932 1114 4990 confer
1154 4933 1504 4989 medicinam.
1556 4936 1702 5001 Nam
1730 4934 1855 4989 nul-

226 5029 398 5096 lum,
436 5026 542 5081 nisi
570 5034 646 5094 te,
678 5042 924 5098 quaram
961 5026 1260 5083 medicum.
1290 5030 1376 5083 Tu
1419 5027 1569 5083 enim
1599 5042 1737 5082 mea:
1768 5028 1858 5082 in-

225 5120 506 5176 ﬁrmitati
534 5120 750 5175 salubre
779 5120 925 5176 vales
953 5120 1202 5177 conferre
1228 5120 1553 5177 subsidium.
1590 5144 1615 5169 ν
1647 5119 1857 5177 Confri-

226 5222 381 5270 cato
428 5212 610 5283 itaque
646 5214 805 5268 oculo
854 5212 925 5269 ad
956 5213 1192 5283 lapidem
1217 5254 1232 5282 ,
1275 5229 1384 5285 quo
1435 5215 1641 5286 tegitur
1686 5214 1859 5269 sancti

224 5304 507 5377 corporis
542 5321 686 5373 arca,
726 5321 855 5361 cum
884 5316 1151 5362 remearet
1181 5306 1431 5375 domum,
1459 5308 1585 5364 huic
1607 5323 1707 5380 ego
1735 5324 1858 5363 sum

226 5398 440 5467 testis,
469 5414 600 5454 mox
629 5399 794 5454 noxia
824 5407 981 5472 gutta
1012 5401 1254 5457 recessit.

319 5520 623 5577 Belatione
668 5521 963 5579 confratris
1012 5523 1202 5579 Vitalis
1247 5524 1554 5581 Laudensis
1609 5526 1862 5583 Ecclesiae

225 5613 593 5689 presbyteri,
623 5616 680 5670 iu
710 5616 1016 5673 multorum
1056 5617 1334 5674 audientia
1364 5620 1504 5674 sicut
1545 5626 1599 5675 et
1640 5629 1858 5687 caatera,

224 5722 382 5767 rem
414 5706 638 5781 dignam
667 5710 934 5766 memoria
977 5710 1227 5782 cognovi,
1258 5712 1347 5782 qui
1372 5704 1495 5768 huic
1540 5712 1687 5769 facto
1718 5729 1861 5785 prae-

222 5815 394 5862 sens
422 5798 683 5859 interfuit.
708 5803 888 5875 Hujus
908 5803 1044 5860 ﬁdes
1070 5813 1125 5862 et
1154 5805 1285 5869 vita,
1311 5805 1642 5876 jamdudum
1672 5807 1730 5864 in
1759 5807 1861 5864 Dei

1963 4672 2118 4728 aqua
2158 4656 2385 4712 mistum
2425 4653 2647 4733 cuidam
2691 4652 2909 4709 mulieri
2940 4654 2994 4707 vi
3043 4652 3275 4708 febrium
3323 4656 3560 4711 nimium

1961 4750 2253 4817 laboranti,
2287 4752 2540 4804 invocato
2587 4747 2786 4803 auxilio
2816 4746 3143 4802 sanctissimi
3184 4750 3451 4819 praesulis,
3493 4750 3559 4804 ad

1964 4844 2267 4915 potandum
2287 4842 2495 4897 tribuit.
2522 4844 2600 4898 Ut
2615 4849 2801 4896 autem
2818 4841 3016 4896 mulier
3030 4856 3190 4912 aquae
3210 4850 3406 4912 potum
3427 4841 3560 4898 bau-

1962 4938 2053 5007 sit,
2082 4936 2265 5009 fugata
2296 4935 2445 4991 omni
2473 4936 2727 5007 passione
2757 4934 2925 4991 febris
2954 4950 3087 4990 mox
3113 4936 3307 4991 evasit.

2035 5058 2132 5116 Vir
2161 5056 2383 5131 quidam
2416 5057 2733 5112 Mantuanm
2761 5056 3006 5111 civitatis
3036 5055 3186 5123 civis,
3225 5056 3384 5112 Oddo
3414 5059 3558 5112 Mar-

1964 5153 2065 5207 tini
2101 5150 2378 5209 Canevarii
2406 5150 2608 5217 dictus,
2642 5150 2779 5205 tanti
2811 5150 3017 5205 doloris
3046 5150 3338 5219 cogebatur
3386 5166 3557 5220 angu-

1966 5248 2087 5314 stia,
2118 5244 2264 5317 quod
2298 5244 2610 5315 frequenter
2639 5259 2752 5315 prae
2784 5242 2976 5298 dolore
3002 5251 3182 5298 totum
3211 5259 3410 5313 corpus
3438 5262 3566 5300 coo-

1968 5340 2275 5412 periebatur
2299 5337 2520 5394 sudoris
2545 5352 2706 5409 aqua.
2738 5339 2809 5392 Et
2843 5336 2970 5408 quia
3000 5336 3161 5389 nimii
3202 5335 3408 5392 doloris
3446 5346 3564 5393 tor-

1966 5434 2232 5505 quebatur
2272 5431 2557 5496 instantia,
2590 5430 2809 5486 dicebat
2833 5445 2892 5485 se
2936 5428 3041 5483 hac
3068 5428 3178 5483 sola
3212 5445 3373 5501 posse
3400 5447 3563 5487 sanar

1967 5526 2260 5593 medicina,
2289 5525 2333 5581 si
2356 5525 2593 5580 vestibus
2621 5522 2914 5579 conscissis
2944 5522 3350 5594 permitteretur
3380 5527 3560 5581 cultro

1970 5620 2174 5675 ﬁndere
2203 5627 2257 5673 et
2302 5627 2508 5690 pectus;
2540 5620 2681 5675 Cum
2724 5625 2906 5673 autem
2934 5616 3051 5686 jam
3094 5616 3161 5671 de
3208 5620 3323 5672 sola
3369 5620 3567 5671 mortis

1967 5711 2367 5783 exspectatione
2396 5713 2682 5782 cogitaret,
2723 5708 2949 5762 allatum
2982 5715 3063 5763 est
3091 5708 3341 5778 pulvinar
3377 5709 3429 5761 in
3458 5725 3565 5777 quo

1967 5814 2187 5863 sanctus
2220 5805 2414 5878 praesul
2461 5805 2515 5858 in
2544 5818 2705 5858 carne
2749 5815 2975 5855 manens
3011 5799 3255 5856 sedebat.
3284 5798 3442 5867 Quod
3473 5799 3564 5856 ubi
