4048 6174
545 198 648 278 935

1545 227 1634 278 Al)
1672 226 1896 280 OPERA
1935 224 1993 278 S.
2038 223 2357 279 GREGORII
2393 223 2828 279 APPENDICES.

3732 226 3832 279 936

544 349 717 419 ipsius
768 350 973 422 pectori
1026 348 1129 404 fuit
1181 348 1614 419 superpositum,
1665 349 1835 403 sancti
1887 349 2133 419 prasulis
2166 355 2217 414 Α
2246 348 2364 404 hac
2380 364 2464 403 res
2491 347 2627 403 mihi
2658 349 2855 419 pariter
2884 355 2940 402 et
2963 346 3154 403 multis
3182 346 3303 401 aliis
3324 346 3578 402 innotuit.
3602 348 3739 401 Erat
3762 348 3836 401 vir

545 442 794 499 invocato
815 443 1057 505 nomine,
1082 442 1270 496 statim
1292 440 1544 497 discessit
1571 442 1752 497 omnis
1775 442 1950 497 dolor.

618 536 897 591 Relatione
943 533 1209 590 Guidonis
1257 544 1311 589 et
1340 535 1529 590 Vitalis
1558 536 1819 590 Lucensis
1869 536 2139 607 episcopa-

544 637 633 684 tus
671 628 916 682 honesta
963 627 1087 681 vita
1121 628 1419 699 presbyteri
1467 638 1630 700 atque
1682 630 1888 699 pariter
1915 629 2017 684 sub
2062 637 2140 684 te-

488 738 493 747 "
545 720 806 776 stimonio
857 720 1155 775 Allucionis
1202 723 1437 776 Lucana
1485 722 1720 777 civitatis
1762 722 1959 777 nobilis
2004 722 2134 789 viri,

541 828 680 879 rem,
712 828 878 884 quam
908 829 1092 881 narro,
1123 815 1374 885 cognovi,
1418 815 1509 884 qui
1544 824 1837 886 prasentes
1876 813 2136 871 interfue-

540 914 668 960 runt
716 904 843 961 huic
874 907 1158 962 miraculo.
1193 908 1288 962 Vir
1318 907 1539 977 quidam
1568 924 1793 964 manum
1832 910 1983 981 juxta
2016 909 2135 963 bra-

541 1000 729 1055 chium
770 1009 1105 1057 contractam
1145 1001 1398 1068 habebat,
1442 1003 1525 1057 cui
1556 1002 1799 1073 pradicti
1836 1002 2140 1058 Allucionis

541 1093 714 1149 frater
746 1110 808 1149 ex
837 1097 1035 1166 pietate
1065 1095 1120 1149 in
1163 1095 1329 1151 domo
1359 1111 1454 1151 sua
1480 1097 1779 1151 necessaria
1806 1096 1969 1167 longo
2008 1105 2140 1150 tem-

544 1203 678 1257 pore
710 1188 1054 1243 ministravit.
1086 1188 1306 1244 Prafati
1338 1205 1464 1245 vero
1496 1189 1819 1261 presbyteri,
1852 1199 2013 1261 atque
2051 1206 2142 1260 pa-

542 1279 676 1336 riter
693 1282 815 1352 jam
844 1282 1156 1337 nominatus
1195 1283 1407 1338 Allucio
1438 1282 1778 1338 conﬁdentes
1808 1284 2046 1338 maxime
2076 1284 2141 1339 de

546 1374 919 1430 misericordia
964 1375 1289 1431 sanctissimi
1330 1377 1605 1447 praesulis,
1649 1376 1928 1432 hominem
1974 1393 2141 1432 manu

546 1476 916 1535 contractum,
947 1468 1016 1523 ad
1048 1469 1345 1540 quamdam
1376 1469 1719 1526 deduxerunt
1748 1471 2058 1536 ecclesiam,
2086 1470 2143 1524 in

545 1578 653 1633 qua
684 1560 974 1631 pradictus
998 1561 1179 1618 Guido
1211 1563 1492 1635 presbyter
1525 1563 1776 1634 quadam
1802 1565 1979 1619 sancti
2009 1579 2143 1635 pra-

547 1654 677 1709 sulis
717 1670 813 1725 pro
839 1656 1139 1711 reverentia
1170 1671 1233 1711 ac
1262 1656 1473 1712 honore
1498 1657 1819 1712 condiderat
1850 1658 2142 1713 vestimen-

2251 442 2495 510 quidam,
2528 443 2709 497 Lanzo
2743 440 2922 497 Judex
2946 440 3191 504 nomine,
3226 439 3652 496 Mediolanensis
3680 456 3839 511 gene-

2249 552 2340 603 re,
2388 535 2703 591 Tarvisinus
2738 533 3100 598 habitatione,
3133 549 3299 605 quem
3341 533 3474 605 [qui]
3512 533 3649 588 ﬁcus
3686 535 3839 606 agri-

2247 628 2438 685 tudine
2474 628 2821 683 vehementer
2850 628 3055 683 virente
3094 636 3149 682 et
3183 634 3352 699 gutta
3385 626 3579 682 morbo
3610 628 3813 699 gravite

2248 738 2375 777 eum
2403 722 2455 777 in
2478 722 2706 793 pedibus
2727 720 2953 788 ferente,
2985 729 3041 776 et
3064 735 3253 792 gressu
3278 720 3459 776 fuerat
3490 720 3756 791 privatus,
3788 729 3841 776 et

2247 816 2466 887 requies
2503 815 2684 871 somni
2713 816 2930 886 penitus
2958 814 3063 869 sibi
3096 815 3241 869 nulla
3271 813 3523 869 dabatur.
3566 817 3640 869 Et
3690 814 3837 885 quia,

2249 909 2456 965 viribus
2477 909 2595 981 jam
2638 908 3041 974 deﬁcientibus,
3072 908 3127 963 in
3172 907 3311 963 lecto
3340 907 3429 962 vix
3478 922 3536 962 se
3563 908 3842 964 resolvere

2248 1002 2481 1070 valebat,
2510 1001 2788 1058 funiculus
2809 1018 2973 1073 supra
2998 1001 3201 1057 lectum
3232 1001 3411 1057 fuerat
3440 1000 3659 1073 ligatus,
3692 1000 3846 1072 cujus

2248 1095 2522 1167 adjutorio
2554 1111 2613 1151 se
2652 1095 2905 1151 mutabat
2934 1094 2989 1149 in
3017 1093 3302 1166 quodlibet
3344 1094 3506 1150 latus.
3540 1094 3648 1149 Die
3678 1094 3845 1165 igitur

2250 1188 2513 1260 quadam,
2540 1189 2727 1244 tractis
2752 1188 2998 1259 suSpiriis
3026 1196 3080 1243 et
3106 1186 3340 1258 profusis
3367 1188 3648 1259 lacrymis,
3680 1188 3847 1259 capit

2252 1298 2345 1337 ora
2354 1299 2409 1338 re
2421 1282 2477 1337 hi
2485 1298 2509 1336 s
2520 1282 2716 1337 verbis:
2735 1304 2757 1330 ιι
2769 1285 2937 1349 Deus,
2949 1281 3158 1336 meritis
3173 1281 3230 1336 S.
3247 1280 3578 1347 Anselmi,cu
3578 1280 3601 1351 j
3610 1296 3675 1335 us
3683 1280 3845 1337 audio

2250 1376 2634 1432 admirabilem
2663 1375 2916 1447 gloriam,
2948 1373 3175 1430 ostende
3196 1375 3253 1429 in
3282 1389 3372 1429 me
3400 1374 3567 1429 etiam
3596 1381 3712 1429 tua
3738 1375 3843 1429 vir-

2250 1470 2385 1525 tutis
2412 1470 2778 1525 clementiam.
2811 1470 3007 1524 Sancte
3032 1466 3337 1533 confessor,
3361 1475 3647 1523 memento
3696 1466 3847 1521 fami-

2253 1562 2503 1617 liaritatis
2530 1578 2653 1634 qua
2679 1577 2783 1617 nos
2811 1563 2869 1616 in
2888 1561 3092 1617 scholis
3114 1561 3294 1617 socios
3315 1561 3607 1632 junxerat;
3636 1561 3847 1631 prosint

2253 1656 2413 1724 mihi,
2452 1655 2696 1726 piissime
2721 1655 2942 1726 praesul,
2986 1670 3110 1726 qua
3158 1668 3402 1725 persape
3431 1654 3637 1709 miscui
3664 1662 3845 1710 tecum

547 1755 624 1803 ta.
652 1748 951 1804 Orantibus
972 1749 1277 1821 itaqueillis
1338 1751 1668 1806 unanimiter
1688 1751 2140 1823 atquepostulan-
2180 1746 2227 1805 B
2256 1749 2512 1805 amicitia
2570 1748 2763 1817 verba;
2814 1748 2883 1804 ad
2933 1747 3303 1803 venerandum
3349 1754 3511 1803 tuum
3562 1748 3845 1803 tumulum

546 1840 692 1895 tibus
719 1841 1007 1898 devotione
1044 1842 1240 1911 multa,
1280 1852 1341 1899 ut
1378 1847 1529 1899 Deus
1558 1843 1628 1899 ad
1660 1842 2058 1899 confutandam
2088 1852 2142 1899 et

546 1934 915 2004 superandam
944 1936 1085 1991 Petri
1116 1936 1363 1993 haretici
1393 1945 1449 1993 et
1466 1938 1748 2007 [invaseris
1777 1940 2014 1994 Lucana
2038 1942 2141 1993 Ec-

546 2026 723 2081 clesia
760 2028 1081 2099 nequitiam,
1117 2030 1170 2083 in
1212 2030 1315 2084 hoc
1345 2030 1566 2084 homine
1593 2030 1891 2085 declararet
1915 2033 2142 2086 sanctis-

546 2119 675 2173 simi
718 2120 991 2189 pontiﬁcis
1041 2121 1421 2176 admirabilem
1469 2122 1737 2193 gloriam,
1786 2133 2010 2180 sanatus
2064 2132 2146 2179 est

548 2210 718 2265 homo
759 2212 914 2283 cujus
944 2229 1141 2268 manus
1178 2222 1294 2268 erat
1336 2223 1634 2270 contracta.
1668 2216 1916 2272 Pradicti
1961 2218 2145 2289 itaque

548 2303 856 2385 sacerdotes
885 2314 1197 2377 spectantes
1216 2316 1331 2362 tam
1360 2308 1603 2377 praclari
1634 2308 1756 2364 facti
1782 2310 2045 2379 latitiam,
2079 2328 2146 2367 ne

548 2397 771 2452 Domini
824 2399 1229 2454 occultarentur
1280 2403 1567 2472 magnalia,
1600 2418 1665 2458 ex
1709 2413 1986 2475 pracepto
2016 2406 2146 2460 obe-

550 2490 774 2546 dientia
803 2500 994 2546 sanato
1026 2491 1233 2548 homini
1276 2493 1563 2564 jusserunt
1592 2496 1796 2552 elevata
1834 2514 1996 2553 cruce
2028 2514 2149 2568 pro-

551 2598 742 2654 perare
766 2584 823 2638 in
851 2587 1130 2640 Lucanam
1167 2587 1468 2652 civitatem,
1509 2596 1569 2643 ut
1598 2590 1925 2659 populorum
1946 2591 2145 2659 turba,

549 2684 854 2747 spectantes
878 2677 1025 2757 hunc
1051 2680 1279 2734 Domini
1309 2681 1684 2737 misericordia
1717 2684 2037 2740 mirabiliter
2066 2701 2148 2741 sa-

550 2785 705 2837 num,
735 2786 902 2841 quem
933 2772 1093 2843 paulo
1118 2782 1242 2828 ante
1271 2783 1534 2829 noverant
1562 2784 1933 2847 contractum,
1963 2778 2045 2835 vel
2071 2779 2149 2834 sic

549 2864 869 2932 paniterent
896 2865 1019 2935 quia
1039 2875 1293 2921 sanctum
1325 2869 1613 2938 prasulem
1650 2872 1954 2949 sanctitatis
1982 2873 2150 2929 vitam

549 2956 933 3025 praedicantem
962 2958 1080 3014 sine
1100 2976 1260 3015 causa
1290 2962 1421 3017 sede
1445 2963 1658 3033 propria
1688 2965 2032 3035 expulerunt,
2068 2975 2145 3033 ut,

550 3049 639 3119 qui
671 3051 847 3106 verbis
870 3052 1043 3123 ipsius
1073 3054 1368 3109 noluerunt
1394 3056 1641 3124 credere,
1669 3059 1748 3111 vel
1782 3067 1896 3113 tam
1927 3059 2145 3115 eviden-
2183 3091 2226 3152 Ο

547 3143 693 3198 tibus
727 3144 987 3215 operibus
1014 3146 1318 3203 crederent.
1347 3148 1449 3204 Sed
1481 3152 1672 3204 Petrus
1701 3138 2007 3221 hareticus,
2051 3154 2145 3225 qui

548 3236 714 3292 etiam
743 3237 964 3293 mittens
993 3255 1223 3295 manum
1248 3241 1302 3295 in
1336 3241 1617 3298 Christum
1660 3244 1904 3311 Domini,
1937 3262 2045 3301 non
2074 3248 2145 3302 ti-

550 3330 689 3385 muit
723 3348 1055 3401 prasumere
1088 3343 1337 3390 sanctum
1366 3337 1683 3407 pontiﬁcem
1712 3339 1778 3393 de
1809 3341 2026 3411 propria
2050 3356 2145 3396 ex-

550 3424 752 3494 pellere
795 3424 946 3494 sede,
991 3436 1046 3482 et
1072 3426 1169 3482 sibi
1199 3444 1319 3484 eam
1353 3429 1585 3487 nefande
1624 3432 1851 3503 eripere,
1890 3433 2145 3491 indurato

549 3520 711 3573 corde
740 3519 866 3575 visis
894 3520 1067 3592 signis
1104 3530 1159 3576 et
1201 3524 1479 3594 prodigiis,
1529 3525 1706 3580 adhuc
1751 3537 2059 3597 perseverat
2089 3528 2146 3583 in

550 3610 928 3668 incredulitate
952 3629 1067 3669 sua
1096 3616 1373 3684 nequitia.
1405 3618 1770 3674 Considerans
1797 3619 2032 3692 denique
2059 3621 2146 3677 ille

549 3702 818 3757 nefandus
856 3704 960 3759 hoc
1003 3705 1071 3760 ad
1112 3707 1488 3765 confusionem
1526 3720 1581 3765 et
1622 3710 2015 3770 detrimentum
2062 3715 2145 3770 sui

548 3795 809 3862 evenisse,
849 3798 1078 3852 tentavit
1112 3809 1365 3856 sanatum
1386 3800 1685 3865 hominem
1714 3806 1767 3859 in
1795 3807 2035 3863 custodia
2057 3825 2145 3865 re-

550 3886 789 3955 trudere,
820 3890 1004 3945 volens
1044 3890 1208 3961 huius
1232 3893 1307 3948 rei
1350 3894 1564 3966 signum
1589 3897 1680 3951 tali
1719 3900 1941 3968 perﬁdia
1972 3905 2149 3957 occul-

550 3988 687 4035 tare.
731 3980 859 4049 Sed,
898 3983 1023 4053 quia
1053 3986 1269 4040 verbum
1312 3991 1407 4042 Dei
1432 4005 1713 4060 nunquam
1742 3999 1819 4046 est
1854 3995 2145 4063 alligatum

551 4076 626 4137 (II
677 4076 810 4128 Tim.
860 4079 954 4145 ιι),
1002 4076 1206 4134 timens
1254 4082 1515 4152 populum
1567 4082 1618 4136 in
1648 4098 1706 4138 se
1736 4084 1837 4139 hac
1866 4084 1936 4141 de
1986 4102 2146 4144 causa

549 4167 903 4237 concitatum,
945 4169 1209 4228 confusus
1252 4175 1499 4245 permisit
1526 4175 1677 4232 abire
1724 4193 1887 4249 quem
1914 4178 2148 4237 habebat

549 4260 845 4316 reclusum.

620 4354 734 4409 Sub
772 4356 1089 4413 testimonio
1151 4360 1472 4417 eorumdem
1520 4363 1767 4422 virorum
1818 4368 2041 4437 pariter,
2089 4377 2146 4425 et

2251 1845 2495 1910 veniam,
2526 1842 2571 1899 si
2602 1852 2835 1913 praestas
2867 1841 3116 1897 sanitatis
3155 1841 3421 1896 latitiam.
3445 1862 3471 1889 ιι
3494 1842 3639 1896 Tota
3656 1841 3845 1913 itaque

2252 1938 2500 2009 proxima
2547 1944 2741 2003 nocte,
2798 1952 2995 2007 sopore
3037 1935 3242 1991 sommi
3294 1942 3577 2006 arreptus,
3641 1936 3849 2006 quievit

2250 2046 2425 2101 usque
2468 2031 2524 2086 in
2570 2030 2899 2090 crastinum.
2942 2029 3106 2085 Facto
3135 2037 3322 2086 autem
3360 2044 3537 2097 mane,
3608 2030 3850 2084 sentiens

2252 2140 2309 2180 se
2331 2124 2447 2195 jam
2486 2124 2889 2191 convalescere,
2928 2139 3058 2178 mox
3106 2123 3338 2193 incoepit
3380 2121 3726 2178 conﬁdenter
3752 2124 3847 2187 ire,

2252 2218 2435 2288 sicque
2482 2218 2653 2273 sancti
2694 2216 2944 2287 praesulis
2973 2215 3355 2272 misericordia
3380 2215 3669 2284 liberatus,
3701 2232 3848 2272 nunc

2253 2311 2452 2383 gaudet
2486 2326 2544 2366 se
2596 2311 2808 2382 optime
2842 2310 3194 2381 sospitatum.

2330 2408 2595 2460 Praterea
2640 2404 2954 2460 adolescens
3006 2403 3230 2475 quidam
3273 2402 3488 2459 auditus
3544 2411 3601 2459 et
3650 2404 3853 2476 lingua

2254 2498 2433 2554 ofﬁcio
2460 2515 2491 2554 a
2520 2498 2799 2554 nativitate
2837 2499 3079 2569 privatus
3108 2497 3303 2565 fuerat,
3335 2498 3427 2569 qui
3474 2498 3595 2569 plus
3638 2499 3850 2553 mensi-

2256 2592 2358 2649 bus
2408 2592 2624 2649 duobus
2677 2593 2969 2648 nobiscum
3012 2592 3306 2648 demorans
3352 2606 3467 2647 sua
3514 2590 3855 2647 inﬁrmitatis

2256 2695 2461 2741 certam
2491 2686 2647 2741 nobis
2690 2695 2746 2741 et
2783 2686 2971 2742 multis
3006 2686 3127 2741 aliis
3169 2685 3398 2741 dederat
3434 2684 3719 2740 notitiam.
3752 2686 3853 2741 Hic

2256 2789 2445 2852 quater
2475 2781 2532 2835 in
2559 2782 2768 2837 somnis
2811 2779 2945 2834 vidit
2990 2780 3095 2835 sibi
3139 2779 3356 2851 roganti
3394 2787 3647 2834 sanctum
3675 2780 3853 2851 ponti-

2257 2874 2437 2943 ﬁcem,
2469 2883 2525 2930 et
2552 2890 2711 2931 aures
2724 2875 2878 2946 juxta
2902 2880 3154 2929 sanctum
3182 2874 3461 2928 tumulum
3493 2872 3595 2927 sibi
3626 2873 3855 2944 aperiri,

2258 2976 2312 3023 et
2339 2968 2615 3024 vinculum
2653 2969 2849 3039 lingua
2885 2969 3088 3039 pariter
3115 2966 3363 3023 dissolvi.
3404 2965 3640 3021 Veniens
3668 2966 3855 3038 igitur,

2257 3070 2317 3115 ut
2344 3056 2522 3117 fuerat
2551 3062 2925 3133 pramonitus,
2954 3060 3022 3117 ad
3052 3068 3305 3116 sanctum
3343 3074 3561 3129 corpus,
3595 3062 3856 3131 mugiens

2255 3163 2308 3209 et
2333 3163 2522 3226 peetus
2551 3154 2817 3223 tundens,
2846 3171 2943 3226 pro
2973 3154 3200 3214 viribus,
3238 3153 3564 3208 sanctissimi
3607 3154 3857 3224 prasulis

2254 3248 2453 3303 devote
2495 3248 2752 3319 poscebat
2780 3248 3115 3319 prasidium.
3162 3247 3389 3318 Aliquot
3430 3246 3620 3317 itaque
3658 3246 3857 3301 diebus

2254 3342 2509 3397 insistens
2540 3341 2901 3409 orationibus,
2936 3350 2991 3396 et
3016 3340 3236 3396 auditus
3271 3332 3601 3395 consecutus
3632 3348 3719 3395 est
3762 3341 3856 3396 la-

2253 3436 2430 3491 titiam
2458 3445 2513 3491 et
2540 3436 2790 3492 distincte
2819 3434 3079 3507 loquendi
3105 3436 3319 3507 plenam
3340 3434 3675 3503 efﬁcaciam;
3708 3434 3855 3506 quod

2256 3538 2553 3601 praesentes
2585 3529 2834 3587 vidimus
2875 3539 2931 3586 et
2969 3529 3081 3586 fere
3122 3536 3351 3585 cunctus
3376 3528 3616 3600 populus
3651 3537 3859 3584 nostra

2256 3624 2422 3680 urbis.

2326 3720 2595 3775 Praterea
2619 3718 2823 3775 mulier
2850 3716 3098 3790 quaedam
3127 3716 3233 3772 fuit
3262 3717 3425 3789 longo
3452 3724 3709 3787 tempore
3739 3716 3856 3771 luce

2254 3812 2485 3882 privata,
2515 3828 2697 3883 quam,
2743 3811 3033 3867 accedente
3077 3820 3250 3882 gutta,
3294 3809 3364 3865 ad
3406 3818 3630 3880 tempus
3672 3818 3858 3865 tantus

2254 3904 2412 3960 dolor
2450 3905 2640 3974 capitis
2671 3904 2918 3970 vexabat,
2965 3912 3025 3959 ut
3055 3901 3262 3959 furiosa
3293 3919 3404 3974 pra
3433 3902 3689 3974 angustia
3727 3918 3857 3973 pro-

2256 3997 2369 4067 pria
2387 3998 2605 4054 roderet
2636 3997 2904 4053 membra.
2929 3998 3057 4054 Hac
3085 3998 3273 4069 utique
3304 3997 3527 4053 hortatu
3551 4004 3607 4051 et
3636 3995 3861 4066 adjuto-

2253 4092 2338 4147 rio
2367 4091 2626 4163 Opizonis
2654 4091 2726 4148 de
2769 4094 3025 4164 Gonzaga
3068 4091 3137 4147 ad
3165 4092 3338 4147 sancti
3378 4089 3705 4147 confessoris
3748 4090 3863 4145 de-

2254 4184 2417 4241 ducta
2446 4186 2741 4251 tumulum,
2768 4194 2825 4241 et
2852 4194 3022 4257 gutta
3048 4186 3307 4241 liberatur
3337 4184 3601 4257 angustia,
3630 4190 3686 4237 et
3713 4182 3865 4237 lucis

2253 4280 2453 4349 pariter
2490 4287 2775 4334 consecuta
2814 4287 2896 4335 est
2934 4278 3199 4335 latitiam.
3233 4278 3402 4349 Cujus
3440 4276 3734 4349 praterita
3766 4275 3866 4330 in-

2252 4370 2525 4427 ﬁrmitatis
2567 4372 2857 4442 pradictus
2890 4373 3065 4443 Opizo
3106 4371 3261 4427 adest
3305 4371 3477 4439 testis,
3511 4371 3606 4442 qui
3655 4385 3865 4441 corpo-

549 4447 696 4503 aliud
728 4451 960 4521 cognovi
985 4452 1311 4509 miraculum
1340 4454 1575 4512 miriﬁce
1596 4457 1928 4515 mirandum.
1962 4462 2152 4517 Homi—
2183 4471 2232 4531 1)
2261 4465 2338 4519 ris
2379 4465 2637 4521 alimenta
2679 4482 2746 4520 ex
2791 4466 2990 4538 pietate
3017 4466 3109 4522 diu
3157 4465 3260 4522 sibi
3290 4464 3525 4536 prabuit
3568 4463 3632 4518 in
3682 4462 3869 4519 domo

549 4542 706 4597 nibus
732 4544 855 4613 loci,
889 4546 974 4601 cui
1006 4562 1208 4603 nomen
1246 4557 1328 4604 est
1354 4549 1769 4621 Castellonium,
1803 4552 1895 4609 diu
1926 4555 2143 4628 alteque

550 4644 777 4705 puteum
805 4638 1159 4709 fodientibus,
1206 4659 1398 4698 venam
1443 4660 1599 4715 aqua
1628 4647 1777 4702 nulla
1811 4656 1949 4717 arte,
1990 4651 2143 4705 nullo

550 4725 769 4798 ingenio
800 4733 1035 4801 reperire
1058 4743 1332 4804 poterant.
1371 4738 1621 4809 Cumque
1637 4739 1752 4810 jam
1776 4740 1935 4813 longo
1961 4742 2144 4799 labore

549 4818 777 4890 fatigati,
803 4822 870 4878 de
891 4840 1047 4895 aqua
1070 4826 1380 4884 inventione
1404 4829 1777 4902 desperantes,
1805 4835 1953 4890 inani
1982 4851 2143 4907 opere

551 4911 745 4966 vellent
773 4912 1029 4983 deﬁcere,
1069 4929 1349 4989 coeperunt
1386 4936 1444 4977 se
1487 4924 1767 4981 adhortari
1797 4926 2040 4984 dicentes
2073 4929 2141 4985 ad

552 5004 784 5061 invicem
824 5023 838 5059 :
873 5030 898 5055 α
946 5011 1211 5067 Instantia
1241 5014 1549 5071 orationum
1584 5026 1639 5072 et
1675 5020 2142 5092 eleemosynarum

550 5096 833 5169 largitione
855 5100 1209 5171 deprecemur
1238 5107 1573 5163 unanimiter
1593 5111 1919 5179 Dominum,
1942 5123 2003 5169 ut
2033 5130 2141 5171 me-

548 5189 671 5245 ritis
708 5194 1037 5249 sanctissimi
1092 5198 1342 5265 prasulis
1381 5201 1629 5255 Anselmi
1673 5204 1834 5259 nobis
1879 5207 2143 5263 concedat

548 5299 751 5353 aquam
786 5288 1042 5358 reperire,
1090 5306 1187 5359 pro
1206 5307 1310 5360 qua
1348 5292 1675 5351 invenienda
1700 5294 1794 5351 diu
1825 5296 2027 5355 frustra
2058 5301 2140 5357 in-

547 5376 881 5435 sudavimus.
918 5404 943 5429 »
971 5382 1313 5439 Facientibus
1333 5385 1509 5457 itaque
1539 5387 1639 5444 illis
1670 5390 2139 5465 eleemosynarum

547 5469 871 5527 charitatem
904 5476 1251 5547 pauperibus,
1277 5479 1462 5535 subito
1486 5481 1705 5540 advenit
1731 5500 1867 5555 puer
1884 5488 2142 5546 nuntians

547 5562 601 5617 in
631 5572 793 5634 puteo
823 5566 1215 5626 abundantiam
1236 5586 1389 5643 aqua
1413 5585 1710 5647 repertam.

618 5659 680 5712 In
741 5657 940 5715 litteris
996 5663 1361 5722 archidiaconi
1412 5670 1707 5727 Tarvisina
1761 5675 2017 5732 Ecclesia
2065 5679 2135 5731 D.

546 5750 827 5809 Mathilda
850 5753 1088 5823 directis,
1111 5765 1166 5813 et
1184 5760 1368 5817 nuntii
1390 5762 1649 5821 relatione
1677 5765 1770 5835 qui
1799 5782 1892 5824 eas
1915 5767 2133 5835 detulit,

2252 4574 2369 4613 sua.

2324 4654 2384 4705 1n
2415 4650 2618 4722 pradio
2659 4653 3062 4708 Canonicorum
3107 4651 3252 4707 beati
3294 4651 3439 4706 Petri
3479 4650 3536 4704 in
3586 4650 3741 4714 loco,
3775 4649 3869 4705 cui

2252 4760 2457 4799 nomen
2482 4753 2564 4800 est
2590 4745 2718 4800 villa
2744 4746 2925 4801 Sancti
2949 4744 3249 4811 Laurentii,
3284 4743 3475 4799 mulier
3494 4740 3677 4798 fuerat
3706 4756 3870 4813 qua-

2251 4837 2400 4909 dam,
2428 4838 2513 4893 cui
2557 4854 2721 4894 nasus
2749 4838 3080 4894 horribiliter
3106 4837 3461 4903 intumuerat,
3491 4844 3548 4891 et
3576 4835 3731 4891 calor
3781 4837 3873 4890 in-

2251 4931 2524 4988 trinsecus
2552 4947 2717 4987 urens
2746 4931 2955 4987 saniem
2983 4931 3285 4986 emittebat.
3315 4932 3453 4985 Hac
3489 4929 3685 4986 devote
3725 4944 3872 4984 san-

2251 5033 2403 5080 ctum
2432 5024 2733 5096 deposcens
2757 5024 3072 5096 prasulem,
3102 5032 3396 5080 consecuta
3439 5029 3521 5077 est
3566 5020 3870 5079 desidera-

2247 5127 2364 5173 tam
2391 5117 2644 5174 salutem.

2317 5214 2475 5279 Item,
2506 5209 2728 5283 quidam
2761 5225 2895 5281 puer
2915 5210 2987 5266 de
3015 5210 3262 5267 Sacciula
3284 5208 3485 5281 gaudio
3508 5208 3650 5265 lucis
3677 5210 3874 5280 priva-

2248 5313 2335 5360 tus
2358 5303 2549 5373 fuerat,
2584 5305 2677 5376 qui
2703 5304 2920 5360 rediens
2946 5320 2975 5359 a
3003 5306 3279 5361 Cremona
3304 5302 3371 5359 ad
3390 5304 3568 5359 sancti
3597 5304 3872 5373 prasulis

2249 5396 2537 5453 festinabat
2565 5396 2842 5464 tumbam,
2871 5414 2901 5452 a
2925 5414 3033 5469 qua
3063 5397 3246 5469 paucis
3270 5395 3465 5452 diebus
3496 5396 3867 5451 discesserat.

2247 5494 2553 5563 Properans
2578 5490 2762 5562 itaque
2804 5491 3048 5546 sitienter
3070 5491 3140 5546 ad
3162 5492 3341 5547 sancti
3359 5504 3604 5546 remeare
3622 5503 3867 5561 corpus,

2247 5583 2316 5640 ad
2344 5583 2549 5655 lapillos
2577 5584 2879 5654 sapissime
2906 5584 3165 5640 allidebat
3204 5583 3391 5655 pedes,
3424 5590 3620 5655 utpote
3652 5582 3865 5651 homo,

2246 5677 2339 5748 qui
2380 5676 2483 5733 sibi
2507 5676 2732 5733 adversa
2761 5678 3075 5735 nullatenus
3118 5678 3424 5750 prospicere
3466 5676 3702 5732 valebat.
3736 5680 3863 5732 Ι)οο

2248 5771 2363 5826 lens
2390 5785 2520 5842 ergo
2550 5779 2605 5827 et
2631 5786 2861 5843 gemens
2890 5780 3150 5829 sanctum
3178 5769 3551 5828 confessorem
3586 5768 3865 5841 poscebat
