4048 6174
229 276 325 327 937

1122 275 1408 330 APPEND.
1452 278 1537 329 lll.
1583 307 1649 314 —
1686 276 2102 334 MONUMENTA
2142 282 2599 340 GREGORIANA.

3405 304 3506 354 938

221 396 530 467 suppliciter
558 405 619 451 ut
661 397 1030 452 calamitatem
1055 405 1269 453 tantam
1315 399 1633 471 dignaretur
1663 401 1807 471 aspi-
1838 406 1891 467 Α
1922 404 2174 471 praadicta
2215 409 2389 463 oratio
2439 410 2660 481 scripta,
2707 412 2878 467 oculis
2915 421 3263 488 superposuit
3309 430 3364 477 et
3403 424 3504 478 ab-

222 506 361 546 cere.
390 490 597 545 Taliter
627 490 793 561 igitur
820 490 999 546 oranti
1026 490 1083 546 in
1108 492 1214 560 via,
1246 491 1382 548 dum
1409 493 1679 563 veniebat,
1712 510 1809 550 oc-

219 583 390 639 currit
417 570 736 638 desideratae
774 583 907 639 lucis
935 584 1168 641 medela.

286 677 497 732 Pariter
541 675 769 747 quidam
824 676 891 733 de
920 678 1235 749 episcopatu
1262 679 1572 746 Tarvisino,
1598 680 1807 736 lumina

217 770 283 825 ad
310 770 597 841 proprium
629 786 793 825 usum
823 770 1005 826 laxare
1040 773 1321 843 nequibat.
1346 774 1449 829 Hic
1468 790 1685 845 quoque
1716 791 1805 829 ve-

214 864 368 919 niens
390 863 460 919 ad
488 864 858 920 venerandtun
898 865 1196 934 tumulum,
1219 868 1420 938 recepit
1450 876 1650 938 optata:
1672 868 1807 923 lucis

212 956 498 1029 gaudium.

282 1050 469 1105 Puella
501 1050 753 1123 quaedam
783 1049 982 1122 pariter
1026 1049 1208 1107 fuerat
1236 1050 1294 1106 in
1320 1050 1467 1117 villa,
1497 1051 1582 1107 cui
1617 1052 1808 1124 vulga-

212 1143 286 1200 ris
338 1160 471 1200 usus
526 1144 723 1200 indidit
776 1160 979 1200 nomen
1007 1145 1274 1212 Mairana,
1331 1144 1597 1200 acivitate
1624 1146 1806 1201 Brixia

210 1254 323 1293 non
352 1238 591 1293 multum
620 1246 848 1293 remota.
878 1238 1022 1293 Huic
1050 1247 1105 1293 et
1156 1238 1358 1311 lingua:
1387 1254 1516 1294 usus
1558 1240 1808 1294 interclu-

210 1348 305 1387 sus
334 1330 533 1399 fuerat,
583 1339 636 1386 et
680 1331 891 1403 aliquot
918 1330 1315 1400 membrorum,
1351 1340 1547 1403 praeter
1576 1348 1804 1387 manum

208 1424 484 1490 dextram,
517 1440 617 1481 suo
646 1424 828 1480 ofﬁcio
874 1423 1027 1496 fungi
1074 1425 1355 1496 nequibat.
1386 1426 1541 1507 Hanc
1574 1425 1805 1480 misera-

210 1517 339 1573 bilis
368 1526 563 1585 mater,
600 1518 933 1573 seminecem
962 1526 1230 1589 spectans,
1266 1519 1462 1575 devota
1499 1518 1721 1574 devovit
1748 1534 1806 1573 se

207 1628 337 1669 eam
356 1611 666 1667 delaturam
691 1611 759 1667 ad
788 1612 1118 1667 sanctissimi
1145 1611 1468 1668 confessoris
1493 1612 1801 1667 misericor-

208 1705 390 1771 diam,
417 1706 570 1777 quasi
616 1707 786 1761 altera
819 1705 1126 1762 Chananaea
1159 1706 1372 1776 (Matth.
1414 1711 1518 1775 xv)
1549 1723 1648 1778 pro
1689 1706 1802 1761 ﬁlia

1916 499 2125 567 stersit;
2159 507 2211 554 et
2265 500 2520 574 deinceps
2548 512 2762 575 recepta
2793 506 2930 561 lucis
2959 508 3220 578 claritate,
3245 522 3306 569 ut
3333 516 3501 585 prius,

1915 599 2076 646 nocte
2102 599 2156 646 et
2184 592 2273 648 die
2300 610 2409 649 non
2461 597 2674 667 expavit
2717 597 2932 655 lectioni
2963 600 3234 660 insistere.
3267 609 3504 664 Everar-

1917 681 2018 737 dus
2064 684 2305 753 quidam,
2343 688 2678 761 Francigena
2717 707 2934 763 genere,
2980 696 3172 751 ordine
3202 701 3502 772 presbyter,

1916 774 2205 831 nobiscum
2234 780 2586 849 superaderat
2619 800 2633 836 :
2682 785 2768 839 cui
2810 786 3002 842 ambos
3027 790 3268 846 minores
3297 792 3503 864 digitos

1916 867 2075 924 unius
2125 885 2324 927 manus
2394 882 2541 944 gutta
2606 876 2786 931 subito
2844 884 3233 951 superveniens
3301 886 3505 958 rigidos

1914 960 2243 1032 reddiderat,
2278 972 2332 1020 et
2377 974 2587 1036 partem
2632 969 2795 1039 palmi
2831 973 3050 1042 pariter,
3107 985 3162 1032 et
3185 978 3503 1048 juncturam

1914 1071 2021 1126 qua
2052 1072 2245 1112 manus
2302 1058 2529 1115 brachio
2557 1061 2798 1117 nodatur
2826 1064 2962 1120 adeo
3006 1069 3310 1139 arripuerat
3354 1075 3504 1145 quod

1915 1148 1983 1203 ad
2040 1150 2245 1205 nullius
2279 1150 2448 1207 ofﬁcii
2477 1169 2639 1209 usum
2684 1171 2804 1210 eam
2852 1157 3125 1216 inﬂectere
3170 1164 3400 1220 valebat.
3436 1171 3506 1223 Et

1915 1242 2043 1312 quia
2071 1244 2241 1298 totius
2270 1244 2482 1300 brachii
2514 1248 2655 1304 vires
2700 1250 2868 1305 etiam
2899 1250 3227 1323 defecerant,
3275 1260 3503 1330 corrigia

1916 1335 1970 1388 in
2016 1336 2156 1391 collo
2210 1338 2374 1409 ligata
2422 1354 2746 1411 suspensum
2798 1343 3084 1401 brachium
3126 1351 3493 1407 sustentabat.

1914 1427 2225 1486 Prandente
2256 1447 2322 1487 eo
2338 1448 2465 1488 cum
2493 1435 2663 1503 ipsius
2688 1438 2976 1506 consociis,
2999 1439 3222 1496 advenit
3247 1444 3504 1514 quaedam

1914 1524 2263 1593 paupercula,
2288 1540 2354 1580 ex
2380 1526 2645 1584 charitate
2674 1531 2730 1585 S.
2754 1531 2997 1587 Auselmi
3023 1542 3219 1603 petens
3242 1536 3346 1592 sibi
3387 1538 3503 1593 dari

1913 1613 2317 1689 eleemosynam
2348 1638 2360 1673 :
2393 1618 2484 1690 qui
2508 1620 2741 1677 fractum
2765 1640 2965 1693 panem
2998 1642 3166 1683 manu
3195 1644 3291 1683 sua
3320 1633 3499 1703 porri-

1914 1723 2046 1779 gens
2075 1726 2202 1765 mox
2226 1719 2448 1768 sanatus
2478 1722 2560 1769 est
2595 1730 2625 1769 a
2656 1716 2913 1787 praedicta
2933 1719 3279 1778 inﬁrmitate.

206 1807 487 1870 rogatura.
514 1801 680 1854 Juxta
708 1799 877 1871 igitur
904 1800 987 1855 sui
1016 1800 1587 1870 votipromissionem,
1615 1817 1800 1872 paren—
1836 1773 1885 1836 B
1986 1801 2146 1870 Quod
2184 1803 2678 1875 impraesentiarum
2708 1825 2931 1866 narrare
2973 1813 3268 1883 contendo,
3314 1819 3503 1875 nullus

208 1891 361 1947 tibus
390 1906 509 1946 eam
556 1890 945 1961 deferentibus,
979 1892 1152 1964 puella
1210 1893 1267 1948 in
1295 1892 1381 1947 via
1411 1902 1466 1947 et
1490 1892 1688 1965 linguae
1718 1910 1805 1949 re-

206 1986 360 2056 cepit
387 1983 726 2053 ofﬁcium,et
741 1986 992 2041 omnium
1015 1985 1397 2041 membrorum
1424 2002 1616 2053 usum;
1640 2003 1803 2057 quam

198 2078 361 2149 juxta
390 2086 639 2134 sanctum
686 2080 1001 2150 sepulcrum
1042 2079 1245 2150 gratias
1298 2077 1501 2134 referre
1528 2083 1646 2134 Deo
1672 2080 1806 2135 vidi—

202 2187 336 2228 mus
363 2213 378 2238 ,
417 2180 471 2228 et
500 2172 670 2245 ipsius
699 2182 912 2245 patrem
970 2171 1132 2245 hujus
1184 2172 1266 2228 rei
1294 2172 1519 2230 dantem
1554 2174 1802 2229 testimo-

201 2266 389 2322 nium.
1022 2288 1045 2305 ι’

276 2359 749 2417 Convenientibus
801 2359 990 2416 multis
1043 2358 1112 2415 ad
1158 2368 1415 2415 sanctum
1476 2374 1675 2431 corpus
1708 2376 1805 2432 pro

203 2452 558 2522 impetranda
590 2468 705 2508 suae
727 2452 1060 2508 inﬁrmitatis
1085 2452 1318 2520 medela,
1346 2452 1570 2524 quidam
1589 2469 1809 2525 quoque

202 2546 272 2601 de
335 2546 461 2601 loco
518 2547 759 2617 Carpum
814 2548 1072 2614 nomine,
1112 2547 1251 2602 ultra
1308 2546 1558 2601 Athesim
1605 2548 1806 2617 posito,

202 2640 397 2710 portui
426 2637 496 2693 de
512 2639 764 2709 Lignano
786 2640 1039 2711 proximo
1062 2638 1408 2696 adveniebat.
1428 2641 1554 2707 Qui,
1582 2656 1809 2693 manum

201 2731 417 2787 habens
445 2740 780 2787 contractam
809 2742 864 2787 et
890 2732 1176 2788 brachium
1204 2732 1456 2787 ariditate
1487 2732 1805 2799 invalidum,

201 2825 254 2880 in
287 2826 419 2896 ipso
472 2824 666 2881 itinere
694 2825 899 2898 recepit
927 2826 1119 2881 salutis
1144 2826 1494 2881 beneﬁcium.

272 2921 423 2973 Item
453 2919 813 2991 cognovimus
834 2935 956 2974 rem
985 2920 1255 2974 memoria
1280 2919 1526 2991 dignam,
1547 2926 1804 2975 narrante

198 3013 269 3067 de
307 3028 365 3066 se
390 3012 507 3082 ipsa
564 3016 634 3067 D.
670 3012 933 3067 Mathilda
962 3012 1254 3066 venerabili
1300 3012 1602 3079 comitissa,
1652 3013 1807 3083 cujus

196 3106 535 3161 testimonio
565 3104 731 3159 ﬁdem
758 3103 886 3159 facit
908 3113 963 3159 et
1014 3104 1147 3159 ﬁdes
1171 3104 1287 3175 ejus
1317 3105 1720 3175 probatissima,
1755 3114 1810 3160 et

1905 1909 2152 1964 perversa
2184 1905 2367 1953 mente
2389 1899 2647 1957 ﬁctitium
2676 1903 2759 1957 vel
2818 1903 3139 1962 fabulosum
3161 1910 3499 1969 contendere

1905 1998 2217 2058 praesumat.
2272 1992 2448 2047 Testis
2498 1993 2652 2049 adest
2689 1994 2853 2067 hujus
2882 1998 2960 2053 rei
3008 1999 3158 2055 idem
3196 2001 3334 2072 ipse.
3385 2005 3497 2075 qui,

1904 2080 2195 2137 confractis
2221 2099 2336 2138 non
2364 2084 2597 2141 modicis
2616 2089 2840 2157 catenis,
2866 2091 3123 2160 praesidio
3164 2096 3501 2151 sanctissimi

1904 2173 2235 2232 confessoris
2262 2178 2508 2233 Anselmi
2530 2179 2859 2237 mirabiliter
2902 2192 2984 2238 est
3016 2184 3271 2241 liberatus
3295 2187 3362 2244 de
3397 2205 3501 2244 an-

1904 2268 2082 2338 gustia
2113 2271 2361 2326 carceris.
2417 2274 2805 2329 Contestantur
2851 2277 3055 2346 pariter
3105 2287 3316 2337 catena:
3361 2297 3501 2338 con-

1906 2358 2090 2417 fracta:
2142 2365 2500 2432 praesentibus
2545 2366 2848 2439 episcopis;
2896 2370 3241 2429 audientibus
3283 2377 3502 2446 populis

1906 2455 2216 2525 praedicavit
2242 2467 2297 2513 et
2325 2459 2594 2528 praedicat
2649 2476 2766 2517 suae
2796 2464 3069 2533 captionis
3116 2450 3494 2525 miserabilem

1905 2562 2213 2604 aerumnam
2242 2559 2297 2605 et
2338 2550 2676 2608 liberationis
2706 2554 3115 2623 prazdicandam
3150 2559 3429 2617 Iaztitiam.

1977 2642 2283 2709 Crescente,
2316 2642 2459 2698 sicut
2486 2644 2688 2715 ubique
2719 2654 2991 2703 terrarum
3032 2659 3231 2707 notum
3257 2662 3359 2719 est,
3415 2671 3505 2710 va-

1907 2730 2034 2788 lidae
2089 2735 2482 2805 persecutionis
2537 2745 2867 2809 tempestate
2922 2741 3185 2798 adversus
3252 2754 3505 2802 sanctum

1907 2827 2237 2898 Gregorium
2267 2830 2393 2893 VII,
2422 2827 2650 2899 dignum
2688 2834 2960 2888 Romanae
2993 2836 3248 2892 Ecclesia:
3289 2848 3506 2909 aposto-

1906 2920 2095 2985 licum,
2119 2937 2217 2991 pro
2270 2920 2517 2976 veritatis
2544 2930 2598 2977 et
2631 2923 2863 2994 justitiae
2889 2926 3295 2996 praedicatione,
3342 2939 3506 3002 atque

1916 3014 2118 3082 pariter
2156 3022 2354 3070 contra
2404 3015 2577 3071 totius
2626 3019 2871 3073 Romani
2934 3020 3150 3091 imperii
3207 3023 3506 3080 catholicos

1917 3104 2383 3163 Christianissima
2410 3110 2691 3166 comitissa
2720 3110 2946 3168 domina
2980 3114 3249 3171 Mathilda
3281 3133 3381 3187 pro
3411 3120 3507 3174 Ec-

198 3198 318 3253 vita
342 3198 547 3268 pariter
576 3197 835 3269 religione
861 3198 1043 3268 plena.
1076 3198 1395 3267 Praescripta
1419 3198 1637 3253 domina
1666 3199 1808 3253 mul-
1845 3172 1889 3234 Ο
1918 3199 2096 3255 clesiaa
2142 3199 2457 3257 defensione
2502 3204 2634 3258 totis
2679 3204 2954 3261 insudavit
2993 3207 3223 3265 viribus.
3262 3172 3508 3269 {Ibertus

198 3291 269 3346 tis
310 3289 506 3344 diebus
530 3288 772 3344 febribus
815 3290 1144 3360 pernimium
1178 3290 1551 3357 laboraverat,
1582 3299 1633 3345 et
1658 3291 1808 3361 capi-

197 3386 274 3439 tis
311 3382 476 3437 dolor
512 3382 806 3439 vehemens
827 3383 1001 3454 ipsam
1027 3381 1368 3454 fatigaverat.
1395 3385 1535 3439 Cum
1564 3400 1690 3439 vero
1718 3383 1807 3438 die

196 3476 451 3549 quadam
503 3493 566 3531 ex
596 3492 750 3532 more
777 3477 1071 3532 missarum
1103 3477 1389 3532 solemniis
1417 3478 1653 3543 adesset,
1685 3478 1806 3531 eni-

195 3578 353 3639 tens,
384 3568 516 3625 dum
548 3570 825 3642 legebatur
858 3570 1233 3642 Evangelium,
1255 3578 1434 3624 erecta
1466 3585 1585 3624 esse
1611 3570 1665 3624 iu
1709 3585 1807 3640 pe-

196 3662 395 3730 dibus,
423 3662 646 3734 fatigata
667 3663 1008 3733 inﬁrmitate,
1032 3680 1162 3719 mox
1185 3662 1404 3719 decidit.
1427 3662 1632 3718 Aderat
1658 3680 1804 3731 vero,

190 3756 363 3828 juxta
397 3773 474 3823 se,
515 3757 585 3812 ob
611 3758 973 3813 reverentiam
1021 3757 1073 3812 in
1101 3758 1301 3829 capella
1354 3742 1592 3828 episcopi
1633 3757 1807 3828 lignea

195 3850 395 3905 tabula
426 3851 625 3920 posita,
665 3851 718 3905 in
746 3867 875 3922 qua,
905 3850 1152 3905 exhalato
1178 3851 1375 3921 spiritu
1406 3858 1657 3906 sanctum
1684 3865 1805 3905 cor-

196 3959 314 4014 pus
341 3941 413 3997 ad
461 3942 665 3999 funeris
717 3943 999 4015 exsequias
1029 3945 1202 3999 lotum
1237 3942 1429 3999 fuerat.
1483 3944 1810 4014 Suppliciter

200 4036 378 4108 igitur
406 4034 706 4107 deposcens
734 4037 908 4093 sancti
958 4036 1057 4091 viri
1097 4036 1449 4106 praesidium,
1481 4052 1546 4091 ac
1584 4052 1681 4106 per
1720 4044 1808 4090 ta-

197 4130 399 4185 bulam
448 4129 765 4199 pradictam
806 4130 1083 4187 deducens
1114 4127 1374 4197 frontem,
1407 4128 1551 4185 illico
1580 4128 1806 4185 liberata

199 4231 285 4279 est
319 4222 520 4293 capitis
563 4222 777 4279 dolore.

278 4318 418 4372 Non
462 4316 648 4371 multis
678 4325 803 4387 post
852 4316 1042 4372 diebus
1081 4316 1391 4385 transactis,
1423 4331 1539 4371 non
1576 4314 1807 4371 modicae

196 4409 413 4465 scabiei
467 4408 719 4465 fracturae
774 4409 944 4480 ipsius
998 4410 1239 4466 dominre
1269 4426 1465 4465 manus
1503 4418 1556 4465 et
1604 4424 1800 4480 corpus

198 4511 389 4557 totum
447 4500 555 4557 fere
586 4503 899 4558 immaniter
930 4504 1285 4573 repleverant.
1313 4507 1453 4559 Cum
1478 4510 1660 4559 autem
1690 4517 1801 4574 prae

198 4595 469 4650 manibus
500 4595 725 4651 haberet
773 4596 1142 4668 episcOpalem
1197 4597 1483 4662 annulum,
1550 4612 1658 4667 quo
1702 4596 1800 4651 Dei

196 4687 454 4758 pontifex
482 4688 739 4743 utebatur
768 4690 827 4743 in
856 4690 1147 4745 missarum
1189 4689 1667 4754 celebrationibus,
1695 4705 1805 4743 coe—

198 4782 287 4852 pit
306 4797 500 4837 secum
530 4780 779 4838 conferre
806 4782 956 4853 quod
997 4783 1191 4837 merita
1228 4784 1365 4837 tanti
1414 4782 1659 4853 praesulis
1684 4798 1804 4852 pos-

195 4883 332 4931 sent
385 4874 493 4929 sibi
538 4875 847 4941 subvenire,
911 4874 980 4930 ad
1013 4884 1218 4930 tactum
1259 4876 1429 4930 etiam
1461 4877 1649 4931 annuli
1676 4892 1801 4930 cum

198 4982 320 5038 quo
371 4968 493 5040 ipse
532 4968 853 5039 quamplura
882 4967 1146 5023 sacriﬁcia
1193 4971 1310 5023 Deo
1367 4968 1583 5036 obtulit,
1616 4970 1803 5040 sicque

196 5060 395 5131 ipsum
449 5061 715 5116 annulum
762 5060 1018 5117 fracturis
1065 5077 1459 5133 superponens,
1514 5061 1581 5117 ab
1622 5077 1683 5117 ea
1713 5062 1803 5117 die

195 5162 397 5209 sanata
445 5162 528 5209 est
557 5155 669 5225 ipsa
712 5154 771 5208 in
798 5155 1122 5210 valetudine.

276 5246 478 5302 Paucis
504 5255 625 5317 post
642 5247 835 5303 diebus
864 5248 1154 5319 praeteritis
1193 5247 1432 5320 praefatae
1460 5246 1807 5304 Christianis-

193 5340 369 5396 sima:
396 5339 637 5396 domina:
682 5341 826 5396 acies
856 5342 1003 5397 visus
1032 5341 1166 5397 adeo
1214 5342 1573 5398 interturbata
1606 5340 1801 5408 fuerat,

191 5436 357 5504 quod
386 5433 454 5489 de
484 5441 644 5488 nocte
673 5434 893 5489 lectioni
922 5450 986 5489 ex
1019 5450 1171 5490 more
1199 5450 1419 5506 Operam
1447 5435 1577 5492 dare
1608 5433 1802 5491 formi-

191 5525 393 5581 dabat.
442 5529 593 5583 Inter
627 5528 923 5584 missarum
967 5544 1093 5584 vero
1138 5530 1435 5597 solemnia,
1479 5534 1700 5585 tenente
1743 5544 1802 5585 ea

187 5633 323 5689 prae
352 5620 606 5676 manibus
633 5638 799 5677 unam
831 5623 1137 5677 orationem
1166 5639 1337 5694 quam
1371 5630 1595 5678 sanctus
1619 5623 1801 5693 ponti-

187 5709 301 5765 fex
325 5712 505 5768 eidem
546 5713 783 5770 dominae
810 5715 1027 5786 propria
1065 5731 1231 5771 manu
1260 5716 1570 5786 scripserat,
1623 5716 1679 5770 in
1703 5730 1804 5771 usu

188 5805 476 5861 orationis
517 5806 621 5861 sibi
673 5806 984 5863 habendam
1017 5808 1285 5875 chartam,
1334 5824 1443 5880 qua
1494 5810 1806 5865 continetur

500 5897 728 5951 PATROL.
771 5897 1024 5953 CXLVIII.

1835 4546 1885 4607 D

1918 3292 2222 3347 Arditionis
2279 3294 2445 3361 ﬁlius,
2497 3304 2551 3349 et
2601 3296 2877 3366 praedicta:
2905 3298 3151 3356 domina:
3182 3303 3506 3373 capitaneus

1917 3401 2076 3453 unus,
2108 3394 2168 3441 ut
2220 3386 2275 3440 in
2323 3386 2422 3441 hac
2452 3389 2861 3458 perturbatione
2890 3391 2958 3446 de
2988 3377 3118 3463 ejus‘
3148 3394 3416 3452 ﬁdelitate
3453 3405 3509 3452 et

1915 3478 2137 3533 servitio
2168 3478 2541 3534 indubitanter
2566 3482 2685 3552 ipsa
2731 3483 2961 3540 domina
2990 3486 3309 3555 conﬁderet,
3364 3490 3506 3545 inter

1916 3572 2120 3625 multas
2166 3573 2301 3627 alias
2335 3573 2616 3629 ﬁdelitatis
2652 3577 3063 3647 promissiones,
3117 3596 3335 3649 omnes,
3381 3583 3503 3653 qui-

1916 3664 2017 3719 bus
2056 3682 2281 3720 suarum
2326 3668 2537 3722 arcium
2573 3669 2887 3725 custodiam
2910 3674 3286 3741 commiserat,
3319 3675 3507 3745 jurare

1916 3759 2183 3829 compulit
2216 3758 2567 3815 fortitudines
2622 3762 2857 3831 arcium,
2909 3780 3048 3835 quas
3101 3766 3501 3836 custodiebant,

1914 3867 2077 3922 supra
2100 3854 2402 3908 nominata:
2430 3853 2674 3910 dominae
2696 3858 2952 3925 potestati
2973 3857 3158 3914 liberae
3179 3858 3503 3927 tradituros,

1915 3960 1977 3999 ac
2020 3945 2271 4017 deinceps
2318 3946 2373 4001 in
2418 3945 2663 4018 ejusdem
2700 3947 2956 4005 ﬁdelitate
3002 3967 3409 4023 permansuros,
3458 3954 3506 4008 si

1916 4038 2062 4093 idem
2098 4039 2344 4095 Ubertus
2394 4040 2598 4111 aliquid
2642 4041 2938 4098 inﬁdeliter
2971 4044 3229 4101 adversus
3259 4062 3383 4102 eam
3409 4046 3505 4102 do-
3584 4030 3599 4049 ’

1914 4132 2126 4186 minam
2156 4130 2375 4199 faceret,
2403 4134 2484 4188 vel
2507 4132 2796 4205 quidpiam
2820 4136 3088 4193 malitiose
3110 4147 3395 4196 tractaret.

1985 4226 2131 4292 Post,
2165 4232 2324 4294 capto
2344 4225 2556 4281 Uberto
2585 4225 2654 4281 ob
2679 4241 2794 4282 Suae
2817 4227 3153 4286 inﬁdelitatis
3182 4233 3501 4304 nequitiam,

1916 4315 2192 4387 homines,
2216 4316 2362 4372 illius
2386 4325 2579 4372 contra
2600 4318 2903 4389 juramenti
2925 4324 3246 4392 sponsiones
3270 4341 3383 4381 non
3428 4328 3503 4382 ti—

1912 4416 2174 4465 muerunt
2192 4409 2451 4481 quidquid
2478 4410 2745 4482 injuriose
2788 4420 3039 4484 poterant
3064 4431 3224 4486 agere
3247 4417 3504 4475 adversus

1913 4503 2161 4559 eamdem
2191 4503 2494 4559 dominam.
3225 4570 3233 4587 ι

1989 4599 2065 4651 Ex
2090 4612 2320 4668 quorum
2350 4613 2582 4653 numero
2614 4598 2838 4668 quidam
2860 4598 3220 4670 Lanfrancus,
3253 4602 3320 4659 de
3347 4604 3501 4661 Piola

1911 4690 2162 4758 nomine,
2192 4689 2377 4745 ofﬁcio
2400 4691 2579 4757 miles,
2607 4693 2733 4762 quia
2780 4693 3029 4763 ipsorum
3061 4697 3502 4765 perversitatibus

1912 4783 2178 4839 inhaerere
2203 4784 2488 4851 renuebat,
2536 4784 2751 4839 insidiis
2780 4794 2835 4840 et
2863 4786 3261 4846 traditionibus
3303 4790 3372 4847 ab
3396 4792 3503 4848 eis-

1909 4875 2038 4931 dem
2078 4883 2289 4945 captus,
2340 4884 2393 4930 et
2422 4894 2452 4931 a
2484 4885 2731 4947 tempore
2760 4881 2996 4950 Augusti
3027 4897 3197 4952 usque
3232 4883 3301 4939 ad
3321 4894 3495 4940 octav.

1909 4969 2033 5023 Kal.
2060 4969 2228 5040 April.
2253 4968 2392 5024 duro
2424 4984 2647 5025 carcere
2675 4979 2759 5027 est
2788 4971 3023 5031 affectus
3051 4982 3107 5030 et
3127 4991 3242 5032 non
3273 4976 3502 5033 modicis

1907 5062 2111 5117 catenis
2130 5062 2406 5117 astrictus.
2441 5062 2611 5119 Iidem
2642 5079 2859 5136 quoque
2891 5066 3150 5122 malitiosi
3189 5069 3502 5140 cogitabant

1909 5154 2187 5226 quomodo
2214 5164 2437 5225 possent
2476 5157 2525 5211 ei
2574 5157 2740 5213 vitam
2780 5158 3009 5229 eripere,
3037 5176 3138 5215 nec
3179 5169 3364 5217 tamen
3410 5179 3505 5218 vo-

1913 5247 2101 5304 lebant
2140 5249 2401 5319 cognosci
2447 5264 2640 5305 eorum
2680 5251 2899 5323 ingenio
2929 5251 3033 5307 hoc
3062 5251 3269 5308 factum
3304 5252 3496 5312 fuisse.

1911 5342 2154 5411 Cumque
2196 5350 2281 5397 tot
2319 5342 2585 5413 angustiis
2630 5345 2883 5400 astrictus
2913 5347 3089 5400 solam
3139 5356 3379 5403 mortem
3409 5364 3499 5404 ex-

1916 5442 2214 5505 spectaret,
2268 5436 2328 5489 in
2382 5435 2556 5507 vigilia
2597 5437 2768 5491 sancti
2808 5438 3079 5508 pontiﬁcis
3126 5442 3374 5497 Anselmi
3419 5459 3502 5497 ar—
3590 5476 3595 5485 ρ

1912 5536 2067 5598 repto
2094 5543 2294 5583 somno
2321 5529 2496 5582 visum
2524 5529 2629 5583 sibi
2656 5539 2742 5586 est
2763 5531 3180 5587 sanctissimum
3209 5535 3500 5605 praesulem

1911 5629 2037 5675 ante
2067 5636 2124 5675 se
2160 5619 2511 5676 deambulare
2546 5619 2736 5677 habitu
2785 5638 2892 5691 quo
2925 5623 3105 5680 adhuc
3134 5625 3191 5679 in
3215 5641 3377 5682 carne
3407 5641 3502 5682 so-

1914 5714 2057 5770 lebat
2087 5713 2348 5770 incedere.

1985 5806 2070 5863 Ad
2124 5823 2283 5879 quem
2337 5824 2467 5865 mox
2514 5807 2820 5863 exclamans
2863 5806 3042 5875 inquit
3082 5826 3096 5863 :
3131 5812 3324 5865 Sancte
3384 5814 3502 5867 An-

3080 5899 3146 5948 3O
