4010 6164
544 236 645 288 939

1550 228 1639 281 Al)
1680 227 1905 283 OPERA
1945 227 2000 281 S.
2041 226 2361 282 GREGORII
2398 224 2837 281 APPENDICES.
3732 226 3823 278 9&0

543 358 731 422 selme,
757 370 927 427 quam
969 362 1115 433 apte,
1158 365 1324 423 quam
1352 349 1566 405 utiliter
1581 351 1776 405 servivi
1821 351 2126 419 multoties,
2156 354 2209 417 Α
2240 366 2419 417 mum,
2442 359 2500 406 ut
2520 348 2623 405 sibi
2655 356 2709 405 et
2737 350 2957 404 miserae
2976 346 3101 404 ﬁliae
3125 347 3293 403 ferret
3311 347 3654 413 subsidium;
3676 362 3826 413 mox,

544 449 825 504 servitium
855 464 1039 503 meum
1069 454 1123 500 te
1149 446 1290 500 bene
1308 453 1789 499 remuneraturum
1828 444 2132 515 promisisti

543 543 679 597 mihi
708 556 967 612 persaepe.
996 543 1134 594 Ecce
1159 553 1437 593 aerumnas
1462 552 1610 591 meas
1641 538 1871 608 respice,
1892 545 1968 605 et,
2002 538 2127 609 quia

544 636 707 699 vales,
735 634 1041 689 subsidium
1084 631 1244 687 affer.
1276 634 1341 685 Et
1369 631 1633 702 quoniam
1661 646 2010 701 nequaquam
2033 630 2135 685 de-

541 736 730 799 ceptus
771 743 850 795 es,
900 724 1293 797 promissiones
1334 732 1459 779 tuas
1486 739 1633 778 nunc
1663 723 1919 794 adimple.
1977 726 2133 779 Nun-

541 837 708 892 quam
758 820 1171 876 convenientius
1200 818 1343 874 mihi
1382 833 1551 888 quam
1596 833 1745 872 nunc
1775 817 2000 887 potuisti
2054 832 2135 871 re-

541 913 778 986 pendere
811 913 923 968 mei
960 912 1165 968 servitii
1220 926 1458 977 munus;
1513 910 1713 965 saltem
1765 910 2005 966 ecclesia:
2048 924 2135 964 me

540 1009 792 1075 restitue,
816 1022 985 1077 quam
1015 1007 1218 1061 intrare
1244 1020 1331 1059 me
1361 1003 1671 1075 prohibent.
1704 1002 1789 1058 Ad
1817 1019 1981 1074 quem
2013 1003 2138 1074 piis-

542 1102 712 1156 simus
736 1100 838 1156 Dei
872 1098 1131 1171 pontifex,
1173 1098 1352 1169 inquit
1383 1118 1395 1152 :
1427 1100 1510 1153 Ne
1538 1096 1781 1164 timeas;
1813 1096 2053 1151 ecclesia:
2082 1105 2136 1151 te

542 1209 643 1265 ego
686 1194 994 1249 restituam.
1048 1196 1180 1248 Mox
1231 1192 1409 1246 visum
1452 1197 1533 1246 est
1574 1189 1678 1245 sibi
1741 1189 1799 1243 in
1852 1189 2135 1243 ecclesiam

544 1287 842 1358 quamdam
869 1302 928 1341 se
982 1285 1052 1341 ab
1103 1301 1168 1340 eo
1193 1284 1407 1352 deduci,
1458 1292 1514 1337 et
1546 1283 1749 1354 signari
1778 1289 1833 1336 et
1860 1281 2132 1337 benedici.

545 1381 648 1435 Cui
687 1397 818 1436 mox
868 1399 881 1434 :
932 1382 1073 1435 Ecce
1110 1378 1351 1434 ecclesia:
1402 1376 1685 1432 restitutus
1733 1392 1811 1440 es,
1856 1374 2015 1431 dixit.
2048 1375 2135 1431 Ad

547 1489 711 1546 quem
730 1474 896 1528 homo
924 1473 1016 1527 ille
1049 1491 1061 1527 :
1089 1472 1178 1527 Me
1193 1470 1489 1537 redditum,
1518 1470 1721 1541 inquit,
1746 1468 1987 1524 ecclesiae
2003 1469 2136 1524 satis

546 1565 791 1639 gaudeo;
852 1564 948 1621 sed
995 1564 1178 1621 adhuc
1229 1565 1493 1620 auxilium
1536 1572 1718 1629 tuum,
1754 1562 1993 1637 domine,
2027 1564 2130 1616 im-

544 1660 721 1730 ploro.
778 1659 957 1728 Quem
1004 1666 1225 1714 sanctus
1255 1656 1497 1729 pontifex
1527 1656 1615 1727 pie
1657 1656 1970 1723 consolans,
2005 1656 2083 1711 ait
2117 1677 2129 1710 ;

541 1721 629 1808 λδ
668 1721 833 1807 hodie
862 1760 1055 1808 octavo
1084 1753 1173 1807 die
1210 1721 1270 1807 et
1299 1721 1545 1806 cultrum
1566 1764 1755 1805 meum
1783 1749 1882 1804 tibi
1911 1721 2129 1805 mittam
2161 1721 2208 1783 Β

541 1854 599 1902 et
612 1847 974 1902 necessarium
989 1845 1251 1901 auxilium
1268 1843 1603 1915 impendam.
1624 1846 1815 1913 Itaque
1830 1842 1920 1898 die
1940 1853 2130 1898 octavo

540 1948 883 2007 occurrente,
913 1940 1060 1994 venit
1086 1938 1155 1993 ad
1196 1954 1323 1994 eum
1366 1938 1593 2009 quidam
1641 1937 1865 2007 Reginae
1894 1936 2132 1992 civitatis

540 2041 665 2088 ante
709 2032 1038 2103 incognitus,
1079 2030 1460 2087 acutissimam
1516 2030 1707 2084 limam
1763 2029 2014 2084 deferens
2043 2044 2125 2084 se-

540 2141 693 2180 cum.
726 2128 844 2195 Qua
870 2124 1020 2191 data,
1050 2124 1360 2178 videntibus
1388 2123 1601 2177 cunctis
1624 2137 1724 2176 nec
1752 2121 2132 2176 contradicen—

537 2218 683 2273 tibus
711 2217 805 2288 qui
859 2216 1086 2271 aderant
1113 2216 1451 2280 custodibus,
1482 2215 1774 2285 compedes
1803 2222 1859 2269 et
1909 2224 2130 2270 catenas

537 2310 760 2366 rescidit
779 2310 1055 2365 velociter.
1092 2308 1395 2364 Dubitante
1425 2323 1555 2363 vero
1581 2324 1647 2363 eo
1678 2324 1776 2378 pro
1802 2308 2126 2363 custodibus

538 2403 707 2473 exire,
746 2402 926 2458 subito
966 2401 1350 2457 sanctissimus
1379 2400 1662 2455 confessor
1684 2401 1919 2469 advenit,
1968 2410 2127 2472 atque

538 2496 651 2551 visa
679 2502 761 2551 est
797 2499 865 2550 D.
900 2495 1161 2550 Mathilda
1205 2494 1511 2563 advenisse,
1542 2494 1899 2549 multitudine
1940 2494 2122 2549 homi-

534 2605 672 2644 num
698 2590 1060 2659 subsequente
1085 2607 1100 2656 ;
1130 2589 1217 2643 cui
1248 2604 1376 2643 cum
1414 2586 1655 2642 diceret:
1686 2587 1829 2656 Quid
1850 2596 2127 2660 exspectas

535 2683 725 2738 exire?
749 2698 819 2736 ne
860 2681 1123 2749 differas;
1160 2697 1322 2752 surge
1369 2680 1731 2749 conﬁdenter;
1765 2683 2019 2748 surrexit,
2047 2682 2125 2735 vi-

533 2774 786 2831 dentibus
814 2775 1156 2844 custodibus,
1186 2783 1240 2830 et
1274 2774 1442 2829 exivit
1469 2774 1692 2830 illaesus.

597 2868 889 2924 Prwsentis
932 2868 1261 2924 narrationis
1312 2868 1642 2923 miraculum
1678 2875 1761 2923 est
1790 2868 1952 2924 nobis
1980 2867 2123 2923 noti-

530 2961 757 3017 ﬁcatum
785 2961 886 3017 sub
919 2962 1226 3017 multorum
1269 2944 1567 3028 audientia,
1599 2970 1860 3015 narrante
1898 2970 1955 3016 et
2005 2977 2126 3017 con-

2241 445 2474 513 piissimi
2514 442 2761 515 praesulis
2790 443 3041 496 invocato
3091 442 3339 509 nomine,
3372 441 3560 496 rabida
3591 440 3685 495 illa
3724 440 3829 495 fera

2240 538 2307 593 ab
2373 553 2466 593 ore
2534 536 2757 607 projecit
2825 535 3087 606 puellam,
3144 551 3257 590 non
3324 534 3530 591 audens
3610 542 3821 605 tangere

2241 640 2295 686 et
2322 647 2353 686 a
2402 632 2562 701 longe
2590 629 2921 700 prospiciens
2951 645 3095 684 eam.
3126 630 3309 684 Mater
3339 644 3467 684 vero
3488 628 3675 694 anxia,
3702 644 3827 682 con-

2241 724 2343 779 ﬁsa
2399 732 2589 793 tamen
2654 721 2720 777 de
2775 721 3105 777 sanctissimi
3170 719 3501 777 confessoris
3569 720 3827 783 subsidio,

2240 816 2520 872 festinavit
2548 814 2618 871 ad
2665 814 3036 886 adiuvandam
3067 814 3255 871 ﬁliam.
3288 815 3473 884 Quam
3501 830 3635 870 cum
3675 814 3830 869 dedu-

2241 917 2411 977 ceret,
2459 909 2617 980 lupus
2655 908 2990 979 sequebatur
3036 915 3347 978 utramque.
3414 908 3605 963 Sancti
3658 908 3829 977 itaque

2241 1002 2491 1074 praesulis
2538 1001 2826 1057 clamitans
2864 1015 3009 1072 saepe
3052 999 3386 1067 subsidium,
3430 1000 3667 1055 tandem
3716 997 3833 1056 fera!

2242 1096 2384 1150 illius
2427 1094 2604 1150 fames
2642 1103 2727 1149 est
2768 1092 3061 1162 refrenata,
3094 1102 3149 1149 et
3180 1102 3414 1165 utraque
3452 1092 3660 1149 femina
3692 1094 3761 1148 ab
3786 1094 3831 1147 il-

2242 1188 2343 1243 lius
2373 1187 2649 1243 morsibus
2669 1185 2912 1241 liberata.

2312 1281 2473 1352 Quod
2547 1289 2845 1351 praesentes
2895 1278 3155 1347 vidimus,
3217 1294 3569 1353 nequaquam
3624 1279 3829 1334 silentio

2242 1374 2678 1445 prmtereundum
2717 1373 2997 1429 duximus.
3046 1373 3247 1430 Mulier
3287 1371 3549 1443 quaedam
3586 1372 3829 1428 cruribus

2241 1468 2343 1523 sub
2363 1483 2420 1523 se
2442 1468 2662 1522 retortis
2691 1475 2992 1535 contracta,
3020 1466 3276 1522 manibus
3311 1475 3367 1521 et
3388 1466 3623 1522 natibus
3663 1474 3827 1521 totum

2239 1577 2437 1632 corpus
2457 1559 2725 1632 gestabat.
2754 1562 2889 1615 Haec
2917 1558 3011 1615 diu
3050 1558 3224 1615 sancti
3254 1558 3527 1631 pontiﬁcis
3558 1559 3829 1629 postulans

2241 1654 2581 1728 praesidium,
2635 1662 2815 1709 erecta
2864 1661 2953 1709 est
2990 1652 3058 1708 ad
3112 1652 3487 1708 venerandum
3525 1652 3825 1719 tumulum;

2241 1764 2405 1820 quam
2460 1756 2592 1803 ante
2638 1746 3001 1819 eleemosynis
3046 1753 3408 1802 sustentatam
3448 1747 3735 1813 novimus,
3785 1754 3827 1799 et

2241 1842 2551 1913 complures
2582 1856 2649 1896 ex
2685 1842 2889 1896 nostris
2924 1840 3157 1895 civibus.

2274 2004 2277 2007 γ
2312 1938 2557 1991 Praesens
2586 1933 2769 1990 adhuc
2795 1942 2876 1989 est
2900 1934 3188 1989 nobiscum
3216 1932 3360 1989 ﬁlius
3375 1931 3823 2005 archipresbyter,

2239 2030 2307 2086 de
2333 2029 2591 2086 Colurnio
2629 2028 2879 2084 Ubaldus
2922 2028 3171 2095 nomine,
3221 2027 3314 2100 qui
3344 2026 3559 2094 retulit,
3602 2034 3659 2082 et
3696 2041 3827 2097 saepe

2238 2123 2605 2194 interrogatus
2652 2120 2846 2177 itidem
2902 2120 3068 2177 refert
3116 2121 3280 2193 hujus
3310 2121 3387 2175 rei
3434 2120 3824 2175 narrationem.

2238 2217 2342 2271 Hic
2379 2232 2505 2271 cum
2528 2216 2585 2270 in
2617 2222 2805 2269 nostra
2849 2214 3069 2269 civitate
3096 2215 3229 2269 artis
3252 2214 3641 2285 grammaticae
3683 2228 3826 2268 vaca-

2236 2309 2331 2365 bat
2360 2308 2566 2375 studio,
2588 2309 2799 2363 nullam
2821 2307 3188 2375 devotionem,
3222 2307 3434 2362 nullam
3465 2306 3825 2362 reverentiam

2235 2410 2424 2458 sancto
2471 2400 2763 2456 confessori
2817 2399 3099 2465 exhibens,
3140 2401 3286 2456 illius
3313 2399 3522 2455 sanctis
3567 2398 3638 2454 de
3655 2398 3821 2454 trahe-

2235 2496 2328 2551 bat
2371 2495 2681 2550 virtutibus.
2710 2494 2809 2548 Die
2848 2509 2973 2549 vero
3023 2493 3261 2565 quadam
3298 2493 3616 2549 vehementi
3644 2491 3828 2564 capitis

2234 2589 2423 2645 dolore
2444 2597 2708 2659 arreptus,
2733 2604 2795 2642 ac
2822 2587 3050 2644 credens
3077 2603 3135 2643 se
3165 2602 3260 2657 pro
3290 2586 3485 2641 dolore
3512 2587 3631 2658 jam
3659 2587 3825 2640 morti

2235 2683 2568 2753 proximum,
2621 2681 2917 2737 invocabat
2970 2680 3141 2735 sancti
3208 2679 3484 2750 pontiﬁcis
3536 2679 3822 2744 auxilium,

2235 2777 2562 2845 promittens
2594 2790 2653 2830 se
2704 2775 2999 2830 liberatum
3030 2772 3228 2829 deinde
3271 2772 3390 2829 fore
3432 2772 3727 2828 credulum
3774 2779 3821 2827 et

2232 2868 2348 2940 ejus
2403 2870 2671 2923 virtutum
2700 2867 3131 2939 praedicaturum
3179 2868 3435 2939 gloriam,
3488 2865 3637 2921 sicut
3655 2866 3721 2922 de
3766 2881 3823 2919 eo

2236 2971 2364 3016 ante
2390 2978 2640 3033 perverse
2678 2962 2895 3017 locutus
2920 2960 3111 3016 fuerat.
3140 2959 3417 3032 Fatigatus
3446 2960 3641 3031 itaque
3670 2967 3823 3015 nocte

529 3063 767 3111 testante
815 3054 1009 3110 eadem
1059 3055 1145 3109 cui
1194 3053 1297 3110 hoc
1355 3054 1586 3124 contigit
1630 3053 1858 3108 femina.
1901 3054 2122 3109 [Estatis
2156 3076 2200 3137 ρ
2230 3063 2370 3124 tota,
2415 3056 2559 3110 circa
2598 3054 2855 3110 matutini
2908 3055 3173 3125 temporis
3229 3053 3412 3119 horas,
3470 3053 3579 3107 leni
3638 3067 3823 3124 sopore

526 3158 775 3219 tempore
803 3163 978 3219 nuper
1026 3148 1337 3218 praeterita},
1370 3146 1623 3217 quaedam
1681 3146 1883 3201 femina
1926 3147 1995 3201 de
2030 3148 2122 3201 Ri-

528 3242 666 3312 palta
697 3240 768 3296 ad
800 3242 1045 3296 laborem
1093 3240 1470 3295 mendicarum
1500 3241 1557 3294 in
1582 3256 1809 3311 campos
1853 3255 1919 3295 ex
1964 3255 2120 3295 more

526 3334 756 3399 exierat,
785 3348 941 3388 suam
979 3348 1170 3388 secum
1211 3332 1415 3388 ducens
1445 3332 1706 3399 ﬁliolam;
1735 3348 1798 3387 eo
1818 3349 1949 3389 vero
1978 3341 2118 3388 tem-

525 3443 659 3498 pore
688 3427 941 3497 luporum
984 3426 1150 3498 pestis
1172 3425 1311 3482 adeo
1340 3427 1647 3483 increverat
1677 3426 1831 3498 quod
1889 3426 2058 3482 etiam
2086 3443 2118 3481 a

524 3529 820 3591 conspectu
872 3530 1161 3592 parentum
1226 3536 1428 3592 pueros
1459 3537 1646 3592 rapere
1695 3536 1809 3575 non
1857 3518 2120 3576 formida-

524 3614 677 3669 bant.
708 3616 978 3684 Cumque,
1026 3623 1087 3669 ut
1125 3614 1258 3680 dixi,
1300 3615 1355 3668 in
1407 3613 1614 3684 campis
1644 3615 1921 3682 existeret,
1955 3614 2117 3685 lupus

524 3714 745 3776 repente
775 3705 945 3759 ﬁliam
982 3706 1083 3761 sibi
1113 3706 1406 3776 subripuit.
1441 3710 1521 3761 Ut
1546 3714 1730 3761 autem
1762 3708 1963 3762 misera
1989 3723 2116 3763 ma-

522 3805 608 3853 ter
650 3797 965 3853 dilaniatam
1007 3815 1038 3853 a
1069 3798 1181 3854 fera
1221 3798 1497 3868 deportari
1529 3798 1664 3853 vidit
1702 3800 1890 3866 ﬁliam,
1919 3800 2117 3871 quibus

523 3890 736 3945 valebat
784 3890 1005 3946 vocibus
1041 3892 1455 3947 sanctissimum
1492 3892 1875 3961 interpellabat
1917 3894 2115 3948 Ansel—

2229 3157 2542 3219 correptus,
2586 3148 2643 3201 in
2694 3148 2903 3202 somnis
2933 3148 3067 3204 vidit
3106 3156 3361 3203 sanctum
3410 3147 3513 3201 Dei
3566 3146 3821 3202 famulum

2229 3241 2389 3313 capiti
2440 3257 2669 3296 manum
2718 3242 3021 3312 imponere,
3081 3249 3136 3296 et
3165 3256 3223 3296 se
3252 3238 3585 3295 benedicere
3625 3247 3817 3294 sanctze

2228 3335 2406 3391 crucis
2452 3334 2753 3406 signaculo.
2788 3338 2904 3405 Qua
2960 3333 3167 3389 visione
3225 3333 3524 3404 praeterita,
3572 3332 3818 3404 evigilans

2227 3428 2487 3500 cognovit
2514 3443 2570 3483 se
2601 3427 2888 3482 liberatum
2916 3427 3059 3482 illius
3088 3426 3294 3482 doloris
3317 3426 3602 3481 molestia.

2301 3525 2368 3576 In
2414 3520 2506 3576 die
2539 3520 2892 3576 Ascensionis
2920 3536 3096 3591 nuper
3134 3520 3429 3591 praeteritae
3450 3518 3708 3591 quaedam
3746 3517 3815 3571 fe-

2227 3614 2400 3683 mina,
2432 3615 2499 3670 de
2525 3613 2668 3670 Godi
2698 3613 2950 3669 Richilda
2980 3612 3222 3677 nomine,
3263 3612 3648 3683 compluribus
3674 3620 3814 3673 nota,

2227 3725 2321 3779 per
2376 3708 2651 3779 integrum
2681 3723 2890 3763 annum
2936 3715 2993 3762 et
3031 3722 3096 3762 eo
3125 3706 3387 3778 amplius,
3419 3716 3693 3778 quantum
3742 3712 3814 3758 est

2226 3802 2296 3857 ab
2321 3801 2721 3872 Epiphania....
2766 3806 2957 3855 cratera
2978 3804 3035 3855 in
3071 3817 3171 3856 ms.
3216 3801 3389 3855 codice
3421 3800 3808 3855 desiderantur.

2364 3898 2511 3949 Finis
2561 3896 2698 3949 Vita:
2743 3895 2800 3949 S.
2840 3895 3087 3950 Anselmi
3134 3896 3369 3964 εφιῖεσορὶ
3410 3896 3681 3949 Lucensis.

1036 4211 1418 4347 VITA
1511 4212 2369 4346 COMITISSZE
2456 4215 3306 4346 MATHILDIS

1143 4430 1409 4485 DUOBUS
1448 4428 1665 4485 LIBRIS
1704 4432 1749 4485 A
1787 4430 2181 4489 DOMNIZONE
2220 4432 2662 4488 PRESBYTERO
2703 4433 3143 4489 CONSCRIPTA.

1421 4572 1746 4633 Eximium
1770 4592 1909 4633 sane
1935 4574 2321 4654 antiquitatis
2344 4582 2801 4638 monumentum
2827 4596 2847 4637 .'

521 4702 588 4769 In
636 4726 759 4787 quo
800 4707 877 4767 de
912 4705 1191 4783 Gregorii
1250 4705 1710 4787 VIIipontiﬁcis
1752 4706 2008 4768 maximi
2061 4707 2287 4787 insigni
2330 4708 2656 4770 sanctitate
2711 4715 2773 4770 et
2854 4725 3103 4770 morum
3158 4706 3557 4785 innocentia,
3616 4706 3803 4781 deque

1278 4786 1527 4848 Urbano
1554 4789 1604 4847 Il
1632 4794 1695 4848 et
1720 4788 1997 4848 Paschali
2028 4790 2080 4849 II
2108 4789 2304 4851 lector
2334 4808 2456 4851 non
2497 4808 2689 4869 pauca
2722 4789 3013 4869 reperiet.

912 4936 1086 5000 Nunc
1123 4941 1382 5016 primum
1425 4938 1569 5000 bono
1605 4940 1947 5001 orthodoxae
1988 4936 2275 5003 Ecclesia:
2315 4960 2392 5003 ex
2435 4941 2693 5005 tenebris
2734 4946 2799 5003 in
2837 4943 3024 5003 lucem
3060 4941 3393 5023 profertur.

2054 5092 2268 5107 _

1938 5242 2392 5325 LECTORI.

585 5413 989 5469 Illustrissimus
1013 5413 1302 5470 cardinalis
1332 5412 1597 5469 Baronius
1627 5420 1766 5469 tom.
1798 5414 1882 5470 XI
1914 5421 1968 5469 et
1994 5416 2103 5471 XII
2135 5414 2435 5470 Annalium
2464 5429 2687 5469 suorum
2718 5428 2863 5485 saape
2893 5412 3024 5471 citat
3069 5420 3125 5469 et
3152 5413 3347 5469 recitat
3368 5427 3565 5485 versus
3586 5406 3795 5467 Domni-

510 5487 663 5564 souis
715 5487 1013 5564 presbyteri
1044 5487 1276 5564 ex_Vita
1302 5486 1583 5564 Matliildis
1612 5486 1929 5564 comitissae.
1966 5487 2146 5564 _Cuju_s
2176 5487 2417 5564 auctoris
2445 5485 2723 5564 desiderio
2764 5483 3115 5564 nanciscendi
3152 5494 3204 5540 et
3232 5483 3544 5564 publicandi
3577 5485 3793 5564 flagrans

507 5558 745 5613 Jacobus
787 5558 1078 5613 Gretserus
1111 5560 1349 5613 Romam
1373 5558 1592 5625 scripsit
1630 5558 1698 5613 ad
1730 5561 1798 5611 R.
1860 5562 1919 5613 Ρ.
1966 5556 2375 5613 Ferdinandum
2422 5557 2691 5624 Alberum
2716 5558 2992 5613 societatis
3015 5559 3144 5612 Jesu
3172 5558 3538 5620 assistentem,
3576 5556 3665 5625 qui
3697 5563 3788 5625 pro

506 5645 601 5700 sua
651 5626 909 5699 singulari
954 5628 1319 5697 humanitate,
1350 5637 1419 5700 et
1464 5622 1532 5700 de
1581 5630 1943 5700 ecclesiastica
1998 5629 2231 5700 historia
2269 5629 2407 5683 bene
2434 5622 2676 5684 Inerendi
2730 5637 2988 5699 prompta
3017 5628 3487 5700 voluntate,_mox
3528 5622 3785 5700 ex'eodjce

504 5697 773 5755 Vaticano
820 5700 1133 5768 exemplum
1162 5699 1612 5765 describendum,
1652 5706 1709 5754 et
1730 5699 1813 5771 ad
1860 5699 2191 5757 Gretserum
2222 5699 2277 5754 in
2306 5700 2669 5756 Germaniam
2715 5697 3115 5771 perferendum
3152 5697 3383 5771 curavit.
3416 5701 3539 5770 Quo
3580 5697 3785 5751 nomine

507 5785 702 5826 omnes
725 5770 1009 5826 catholica:
1038 5771 1261 5826 unitatis
1287 5776 1567 5826 amatores
1594 5777 1647 5824 et
1670 5769 2036 5827 schismatum
2059 5786 2249 5828 osores
2277 5771 2480 5828 multas
2503 5774 2702 5844 gratias
2715 5769 2939 5843 nptimo
2972 5770 3119 5827 Patri
3158 5770 3379 5826 debent.
