4048 6174
3498 120 3529 135 κ

266 230 354 283 Ml
484 218 487 221 ’
856 286 857 291 η
1167 233 1451 286 APPEND.
1496 234 1578 287 Ill.
1621 263 1692 274 —
1730 234 2149 290 MONUMENTA
2188 236 2646 291 GREGORIANA.
3447 243 3549 296 942

330 351 494 433 Quod
520 353 681 433 sicui
704 369 891 433 versus
916 355 1275 433 Romnizonis
1293 356 1635 433 horridiores
1656 374 1721 413 ac
1742 360 2059 415 incultiores
2086 360 2357 433 videntur,
2404 361 2445 415 is
2470 361 2791 433 meminerit
2813 360 2903 417 hic
2931 379 3046 419 non
3095 365 3281 433 verba,
3314 364 3409 420 sed
3431 381 3546 420 rem

259 438 355 478 seu
386 424 670 507 materiam
695 426 883 507 quaeri.
916 425 1055 507 Illud
1093 428 1258 507 etiam
1290 427 1345 480 in
1376 437 1618 507 melitem
1656 440 1901 507 revocet,
1932 447 1999 507 ne
2026 448 2135 507 uno
2162 424 2385 502 quidem
2415 432 2520 502 pilo
2550 432 2906 507 elegantiores
2930 450 3046 490 esse
3074 424 3549 507 versus'anonymi

256 496 497 549 auctoris
526 499 607 549 De
658 496 763 576 vita
791 496 971 576 Caroli
996 499 1419 576 .Magnihquem
1468 501 1817 576 Reineeciusi
1841 503 2134 576 evulgavit,
2166 496 2342 574 neque
2370 496 2558 558 versus
2581 496 2843 559 Roswita
2884 507 2966 559 De
3015 507 3184 576 gestis
3230 496 3546 569 Oddonum,

256 581 435 646 neque
466 582 653 620 versus
680 566 1022 646 innominati
1069 566 1450 646 versificatoris
1477 575 1559 646 _De
1590 572 1729 646 bello
1772 566 1994 646 Henrici
2020 577 2093 629 IV
2121 566 2313 629 contra
2336 575 2614 646 Saxones;
2655 591 2794 646 quos
2822 566 3069 631 tamequ
3077 585 3229 632 ustus
3258 566 3548 633 Reuberus

256 636 512 707 indignos
530 639 883 717 noncensuit
915 638 1109 717 quibus
1133 641 1277 717 inter
1298 641 1589 717 historicos
1611 644 1707 697 abs
1737 659 1793 697 se
1818 645 1993 699 editos
2032 646 2323 717 stationem
2346 636 2689 717 assignaret:
2724 647 2865 716 Quin
2897 656 2952 701 et
2988 648 3300 703 Calvinista
3348 648 3545 705 Guldi-

256 717 414 789 pasto
464 711 736 789 posterior
764 725 880 764 esse
905 711 1036 765 satis
1078 712 1280 779 politus
1305 712 1604 789 _visus_e_s_t,
1638 730 1801 784 quem
1847 731 1974 769 cum
2002 716 2213 789 cateris
2243 711 2604 789 sellismaticis
2645 711 2960 773 auctoribus
3015 718 3069 772 in
3105 734 3202 773 sua
3252 719 3547 789 Farragine

252 778 521 849 Gregorio
554 782 650 833 Vll
679 780 903 851 ejusque
932 778 1425 855 propugnatoribus
1450 778 1729 855 objiceret.
1762 790 2031 841 Pratereo
2057 787 2194 840 alios
2230 786 2298 839 ab
2337 786 2462 855 ipsis
2495 788 2848 843 novatoribus
2879 789 2933 843 in
2963 788 3136 844 lucem
3168 778 3458 855 extractos:
3489 790 3547 845 in

253 864 493 925 quorum
535 861 835 925 conspectu
863 868 978 925 non
1003 861 1086 925 est
1115 853 1265 925 quod
1319 853 1601 911 erubescat
1624 864 1808 912 noster
1836 857 2129 925 Domnizo,
2159 864 2221 910 ut
2250 853 2462 912 taceam
2490 857 2660 913 libros
2692 860 2934 915 Abbonis
2961 863 3043 914 De
3072 862 3356 915 obsidione
3398 853 3548 916 urbis

252 921 600 999 Parisiensis,
632 929 688 976 et
719 922 886 999 libros
920 921 1265 999 Philippides
1289 941 1317 982 a
1344 926 1644 982 Guillermo
1675 928 1741 983 de
1773 930 1974 999 Nangis
1999 921 2364 999 conscriptos,
2408 943 2545 998 quos
2591 929 2919 985 clarissimus
2947 933 3139 987 Petrus
3183 931 3432 987 Pithaus
3479 948 3545 987 ex

250 990 712 1069 bibliothecarum
743 994 961 1069 latebris
990 990 1177 1069 eruit:
1217 1013 1354 1066 quos
1384 998 1598 1053 sectarii
1626 999 1815 1068 legunt
1840 990 1953 1054 sine
1982 990 2238 1055 fastidio:
2272 990 2361 1053 Ad
2398 990 2800 1055 Domnizonem
2820 1002 3007 1055 statim
3033 1003 3407 1069 nauseabunt,
3432 1019 3544 1057 non

250 1063 326 1140 ob_
350 1062 589 1140 indolata
617 1065 884 1140 carmina,
936 1066 1032 1121 sed
1056 1066 1187 1140 quia
1209 1062 1307 1137 p'ro
1334 1070 1605 1139 Gregorio
1658 1062 1776 1135 VII,
1827 1071 2054 1126 Urbano
2079 1072 2125 1124 Il
2175 1078 2230 1124 et
2255 1069 2502 1125 Paschali
2535 1072 2584 1124 ll
2623 1072 2975 1140 pontificibus
3000 1074 3259 1127 maximis
3287 1062 3546 1128 adversus

248 1132 638 1213 Schismaticos
687 1136 862 1213 stetit;
896 1132 1135 1213 quorum
1160 1132 1699 1213 dol_os,_imposturas
1728 1132 1781 1196 et
1818 1141 2239 1213 improbitatem
2262 1141 2397 1195 vivis
2434 1156 2565 1213 sane
2612 1132 2885 1198 coloribus
2922 1143 2974 1197 in
3004 1142 3109 1197 hoc
3136 1159 3236 1199 suo
3262 1158 3425 1213 opere
3456 1144 3547 1199 de-

246 1204 445 1284 pingit,
496 1213 559 1284 ut
588 1206 811 1284 proinde
838 1204 1045 1262 mirum
1074 1211 1289 1284 nonﬁsit
1314 1204 1358 1264 si
1390 1204 1642 1284 haretico
1668 1219 1723 1266 et
1757 1204 2113 1269 schisinatico
2144 1212 2324 1283 palato
2357 1212 2658 1284 displiceat.
2687 1216 2891 1268 Verum
2920 1229 3064 1269 nunc
3092 1204 3381 1270 reddamus
3409 1214 3547 1270 fide-

244 1276 376 1331 liter
406 1276 592 1331 omnia
613 1292 735 1346 qua
771 1277 826 1332 in
852 1280 1165 1350 apographo
1188 1283 1439 1337 Romano
1466 1282 1789 1353 reperimus.
1914 1302 1917 1305 ·

572 1442 585 1459 ι
609 1396 989 1458 (Muratorium
1008 1395 1229 1467 [Script.
1285 1398 1429 1465 Ital.,
1460 1400 1546 1464 V],
1579 1404 1641 1452 ut
1654 1400 1775 1467 jam
1803 1403 2134 1467 monuimus,
2159 1402 2456 1469 sequimur.
2498 1402 2735 1458 EDITOB
2755 1403 3191 1467 PATBOLOGI/E.)

489 1759 590 1856 IN
661 1757 1181 1859 DONIZONIS
1256 1760 1575 1860 ΡΟΕΜᾹ
1638 1761 1769 1859 DE
1842 1759 2077 1861 VITA
2152 1760 2695 1863 COMITISS/E
2769 1762 3311 1865 MATHILDIS

1519 1992 2286 2111 PRAEFATIO

920 2234 1505 2329 LUDOVICI
1580 2239 2075 2332 ΑΝΤΟΝΙΙ
2150 2240 2876 2333 MURATORII.

312 2595 483 2647 Anno
508 2592 728 2649 Christo
786 2598 946 2661 1046,
975 2608 1038 2649 ex
1088 2592 1372 2649 Bonifacio
1426 2592 1565 2649 duce
1606 2601 1661 2651 et
1689 2610 1837 2650 mar-
1867 2601 1922 2664 Α
1954 2603 2111 2651 vente
2154 2594 2273 2653 hac
2314 2596 2555 2669 scripsit,
2595 2604 2651 2653 et
2702 2611 2893 2655 rerum
2931 2614 3130 2671 gnarus
3182 2614 3300 2657 esse
3344 2600 3545 2673 potuit,

236 2685 448 2741 ehione
472 2686 703 2749 Tuscia,
735 2694 903 2759 atque
932 2702 998 2742 ex
1019 2688 1267 2742 Beatrice
1288 2686 1671 2757 Lotharingica
1689 2728 1703 2755 ,
1718 2696 1843 2743 nata

238 2787 331 2835 est
362 2780 562 2852 inclyta
610 2781 863 2851 princeps
892 2781 1174 2835 comitissa
1202 2779 1485 2835 Mathildis
1504 2799 1519 2851 ;
1570 2796 1713 2835 anno
1751 2796 1844 2835 au-

236 2882 360 2928 tem
416 2878 555 2929 1115
584 2889 614 2928 e
666 2875 801 2928 vivis
849 2874 1092 2941 sublata;
1140 2872 1344 2930 femina
1384 2890 1512 2930 cum
1544 2876 1715 2930 animi
1740 2875 1845 2930 vir-

234 2965 479 3032 tutibus,
511 2975 633 3022 tum
662 2967 824 3022 rebus
860 2968 1023 3040 gestis
1072 2982 1135 3023 ac
1166 2967 1528 3038 amplitudine
1568 2967 1845 3023 ditionum

235 3059 625 3127 celeberrima,
669 3067 831 3131 atque
884 3061 1054 3116 Italia
1082 3077 1146 3115 ac
1172 3061 1274 3116 avi
1306 3062 1389 3116 sui
1437 3061 1843 3117 nobilissimum

234 3152 435 3209 decus.
471 3153 604 3225 Ejus
632 3154 801 3208 vitam
835 3168 899 3209 ex
930 3152 1180 3224 professo
1210 3155 1407 3209 litteris
1457 3156 1845 3226 consignarunt

233 3245 578 3301 Benedictus
630 3247 935 3315 Lucbinus,
986 3247 1314 3303 Dominicus
1370 3248 1643 3313 Mellinus,
1694 3248 1843 3303 Felix

233 3338 621 3405 Contelorius,
656 3347 712 3394 et
746 3340 922 3395 Julius
948 3338 1019 3394 de
1060 3342 1254 3396 Puteo.
1303 3344 1378 3395 At
1408 3342 1677 3412 pracipue
1706 3340 1844 3396 hanc

233 3433 497 3489 historia
543 3443 753 3504 partem
806 3442 1141 3489 exornarunt
1190 3433 1289 3488 viri
1321 3433 1453 3500 duo,
1502 3450 1614 3490 non
1661 3436 1844 3489 minus

232 3528 555 3585 eruditione
598 3544 762 3600 quam
786 3527 994 3599 judicio
1029 3528 1255 3585 subacto
1298 3529 1608 3596 clarissimi,
1647 3544 1844 3601 nempe

237 3623 571 3677 Franciscus
600 3623 771 3677 Maria
799 3622 1189 3689 Florentinius,
1237 3622 1292 3676 in
1330 3622 1709 3678 Monumentis
1749 3638 1843 3677 co-

236 3715 483 3770 mitissa
508 3714 781 3770 Matbildis
819 3715 992 3769 italice
1016 3715 1255 3785 scriptis,
1280 3721 1334 3769 et
1357 3714 1689 3771 Benedictus
1716 3717 1846 3771 Bac-

236 3810 468 3867 chinius
497 3810 679 3864 Sancti
708 3811 852 3865 Petri
884 3810 1213 3864 Mutinensis
1244 3808 1414 3864 abbas
1443 3809 1652 3865 ordinis
1671 3810 1844 3867 Cassi-

235 3904 461 3969 nensis,
486 3903 539 3957 in
570 3903 814 3958 Historia
834 3902 1019 3958 Italica
1039 3902 1360 3958 monasterii
1380 3902 1839 3959 Padolironeusis.

239 3997 494 4067 Singulis
508 4004 691 4051 tamen
714 3995 864 4050 hisce
883 3995 1248 4065 scriptoribus
1266 3995 1439 4051 facem
1454 3998 1716 4066 pratulit,
1734 3997 1844 4051 imo

238 4092 515 4162 pleraque
554 4105 619 4145 ex
662 4090 829 4161 gestis
857 4090 1152 4145 comitissa
1182 4088 1460 4143 Mathildis
1489 4090 1846 4160 suppeditavit

240 4198 391 4239 unus
426 4183 662 4248 Donizo,
694 4184 786 4253 qui
816 4192 868 4237 et
900 4196 1138 4253 prasens
1172 4180 1326 4250 vidit,
1374 4188 1429 4235 et
1453 4181 1701 4238 versibus
1748 4198 1843 4237 ex-

244 4275 451 4347 pressit
469 4276 727 4346 praclara
751 4274 1074 4331 fortissima
1092 4273 1233 4329 illius
1258 4273 1502 4329 mulieris
1521 4282 1659 4329 acta.
1683 4275 1845 4330 Certe

242 4370 353 4425 nisi
370 4378 612 4439 tempus,
630 4369 711 4423 uti
725 4376 807 4423 tot
822 4369 979 4436 alios,
998 4368 1144 4423 hunc
1164 4368 1334 4423 etiam
1349 4368 1506 4423 nobis
1518 4368 1844 4439 scriptorem

240 4463 561 4534 eripuisset,
592 4462 848 4517 mutilam
897 4461 1084 4516 minus
1114 4477 1175 4515 ac
1215 4477 1325 4516 non
1351 4461 1559 4516 levibus
1605 4462 1845 4517 tenebris

242 4556 483 4613 obsitam
501 4555 823 4611 haberemus
853 4553 1157 4622 Mathildis,
1181 4555 1408 4626 ejusque
1428 4555 1842 4625 progenitorum

244 4649 590 4717 Historiam;
620 4647 1056 4721 progenitorum,
1104 4648 1351 4717 inquam,
1399 4664 1526 4703 nam
1565 4656 1624 4704 et
1662 4649 1727 4703 ab
1760 4649 1845 4704 his

242 4757 408 4797 suam
440 4741 528 4795 ille
551 4742 918 4797 narrationem
948 4739 1246 4805 exorditur,
1273 4748 1329 4795 et
1356 4740 1423 4795 de
1462 4741 1525 4795 iis
1554 4743 1723 4796 multa
1744 4742 1843 4797 ha-

245 4834 359 4901 bet,
382 4850 509 4905 qua
533 4834 660 4889 alibi
682 4834 881 4890 frustra
916 4834 1399 4905 conquirerentur.
1439 4833 1581 4889 Rudi
1612 4850 1740 4891 sane
1758 4843 1840 4891 at-

247 4944 357 4998 que
384 4928 745 5000 incomposito
772 4928 935 5000 stylo,
970 4936 1025 4983 et
1044 4930 1190 4999 poesi
1222 4928 1372 4983 omni
1417 4927 1630 4999 poetico
1664 4930 1846 4984 colore

247 5020 513 5076 destituta
560 5036 678 5075 rem
735 5022 823 5075 ille
862 5035 1019 5076 suam
1060 5021 1290 5093 peregit,
1326 5028 1389 5074 ut
1436 5021 1626 5093 procul
1679 5021 1845 5078 dubio

248 5114 550 5168 barbarum
599 5114 921 5185 scriptorem
966 5129 1029 5168 ac
1056 5112 1295 5169 ferreum
1323 5114 1585 5170 continuo
1618 5114 1838 5171 clames.

254 5208 461 5261 Verum
509 5205 654 5277 quod
708 5206 781 5261 illi
838 5206 1165 5276 inelegantia
1202 5208 1326 5278 styli
1354 5206 1549 5276 defuit,
1605 5209 1847 5264 veritatis

252 5314 416 5354 amor
435 5306 489 5353 et
518 5299 773 5370 quadam
808 5300 1139 5355 sinceritatis
1186 5300 1366 5372 imago
1396 5301 1529 5357 satis
1557 5302 1844 5373 supplevit.

256 5390 487 5448 Accedit
517 5392 665 5464 quod
724 5408 915 5448 eorum
964 5408 1088 5464 qua
1144 5392 1311 5448 refert
1370 5394 1651 5450 Mathildis
1689 5403 1849 5450 atate

257 5494 497 5555 peracta,
540 5492 597 5539 et
621 5485 774 5540 testis
809 5486 924 5557 ipse
964 5485 1080 5542 fuit.
1126 5488 1290 5554 Nam,
1317 5495 1379 5542 ut
1416 5488 1633 5542 mittam
1682 5488 1843 5559 vulgo

259 5577 408 5631 credi
432 5578 613 5648 ipsum
638 5578 899 5650 capellani
927 5594 1152 5635 munere
1175 5579 1322 5649 apud
1371 5580 1622 5636 eamdem
1671 5582 1846 5636 comi—

264 5669 453 5725 tissam
470 5669 720 5726 functum
741 5672 907 5742 (quod
928 5673 1123 5743 quibus
1146 5672 1347 5728 tabulis
1377 5672 1713 5740 afﬁrmetur,
1737 5690 1845 5729 non

256 5761 438 5831 video,
468 5764 585 5819 imo
610 5764 776 5820 etiam
806 5765 1005 5821 falsum
1046 5766 1325 5833 arbitror),
1379 5774 1527 5822 certe
1556 5767 1602 5821 is
1630 5767 1748 5836 ipsa
1776 5768 1849 5821 vi-

1956 2689 2157 2760 quippe
2170 2690 2453 2759 proximus
2479 2698 2535 2745 et
2552 2688 2750 2746 charus
2767 2692 3050 2750 Mathildi;
3079 2695 3375 2749 Canusium
3389 2710 3545 2761 vero,

1955 2782 2068 2837 sive
2090 2783 2378 2849 Canosam,
2423 2798 2617 2854 nempe
2647 2781 3007 2840 fortissimum
3034 2802 3096 2841 ac
3117 2786 3540 2842 celeberrimum

1948 2874 2081 2931 illud
2110 2876 2394 2947 Regiensis
2419 2875 2532 2947 agri
2581 2883 2841 2944 castrum,
2866 2877 3012 2947 quod
3040 2877 3267 2933 charum
3300 2894 3415 2950 pra
3449 2894 3539 2934 re-

1954 2967 2119 3040 liquis
2144 2985 2271 3024 cum
2300 2969 2418 3040 ipsa
2442 2969 2725 3025 comitissa
2748 2978 2869 3024 tum
2922 2970 3063 3026 illius
3091 2971 3329 3042 majores
3352 2971 3533 3029 habue

1953 3070 2102 3130 runt,
2126 3063 2341 3119 Donizo
2367 3071 2554 3119 noster
2576 3063 2777 3135 ubique
2792 3056 3087 3132 memorat,
3102 3063 3309 3136 ubique
3338 3064 3543 3132 laudat,

1952 3155 2067 3210 imo
2095 3164 2149 3211 et
2175 3156 2402 3227 loquens
2426 3156 2589 3212 nobis
2614 3156 2861 3225 exhibet;
2884 3155 2957 3211 ibi
3005 3157 3153 3213 enim
3180 3157 3391 3213 Donizo
3428 3158 3548 3230 jam

1950 3265 2052 3318 per
2075 3252 2312 3319 quinque
2337 3251 2513 3305 lustra
2558 3249 2851 3315 habitarat,
2886 3267 3011 3306 cum
3051 3251 3170 3308 hac
3193 3252 3543 3309 contexenda

1952 3342 2203 3412 sumpsit.

2023 3436 2232 3491 Poema
2262 3443 2444 3491 autem
2486 3451 2672 3504 suum,
2705 3437 2914 3493 vivente
2952 3437 3066 3508 ipsa
3103 3437 3389 3506 Mathilde,
3419 3454 3545 3495 con-

1953 3537 2201 3585 texuerat
2229 3531 2460 3599 Donizo,
2485 3532 2640 3602 eique
2691 3531 2875 3587 dicare
2915 3540 3210 3599 statuerat;
3256 3548 3384 3588 cum
3421 3548 3547 3589 ecce

1953 3637 2105 3679 mors
2126 3624 2421 3694 piissimam
2459 3624 2761 3695 principem
2793 3640 2823 3679 e
2878 3624 3008 3680 vivis
3036 3623 3232 3681 aufert.
3264 3625 3413 3681 Hinc
3449 3625 3545 3682 ad-

1953 3715 2129 3771 ditum
2159 3733 2189 3771 a
2214 3725 2373 3788 poeta
2399 3725 2742 3787 postremum
2767 3726 2930 3790 caput
2951 3719 3115 3790 Operi
3132 3732 3232 3774 suo
3258 3719 3323 3774 de
3340 3722 3548 3790 insigni

1953 3810 2102 3864 obitu
2148 3811 2503 3865 memoranda
2560 3813 2839 3866 comitissa:
2883 3812 3215 3875 Mathildis,
3250 3820 3484 3883 postqua

1954 3902 2155 3957 librum
2189 3903 2371 3974 ipsum
2410 3904 2751 3960 concluserat
2778 3904 2956 3977 capite
3003 3904 3352 3976 pracedenti,
3391 3904 3548 3978 cujus

1955 4004 2038 4051 est
2053 3996 2242 4052 titulus
2274 3998 2464 4065 :Quod
2493 4013 2631 4067 erga
2655 3999 2754 4054 Dei
2770 3999 2992 4066 cultum,
3026 4006 3129 4053 etc.
3156 4000 3217 4053 In
3240 3997 3346 4053 hoc
3380 3998 3547 4070 igitur
3606 4006 3607 4009 ‘

1953 4088 2255 4160 penultimo
2299 4089 2473 4158 capite
2520 4089 2694 4159 (quod
2742 4090 2898 4160 pauci
2930 4088 3161 4145 fortasse
3218 4088 3328 4145 huc
3371 4105 3547 4161 usque

1952 4181 2479 4251 animadverterunt)
2495 4183 2760 4253 expressit
2782 4183 2995 4239 Donizo
3018 4199 3119 4253 per
3147 4182 3542 4251 acrostichum,

1952 4274 2056 4329 hoc
2086 4283 2168 4329 cst
2188 4274 2693 4331 litterisinitialibus
2713 4290 2970 4332 versuum
2990 4291 3192 4333 nomen
3216 4292 3279 4333 ac
3295 4276 3544 4333 ofﬁcium

1952 4381 2137 4435 suum,
2167 4365 2252 4421 his
2280 4367 2443 4421 etiam
2473 4367 2652 4422 verbis
2703 4368 2964 4423 lectorem
3002 4370 3072 4425 de
3100 4370 3203 4425 hoc
3256 4371 3375 4441 ipso
3416 4385 3544 4425 mo-

1952 4476 2086 4515 nens
2107 4480 2118 4514 ἒ
3290 4470 3307 4481 “

2026 4589 2277 4658 Officium
2296 4588 2507 4643 dictant
2532 4592 2773 4644 nostrum
2811 4594 2986 4644 metra
3035 4604 3225 4645 nomen
3253 4595 3304 4646 et
3343 4592 3465 4647 ista.

1956 4725 2034 4777 lta
2051 4738 2106 4777 se
2125 4723 2289 4778 habet
2304 4721 2642 4777 acrostichus
2671 4721 2759 4776 ille
2780 4742 2791 4776 :

2026 4854 2305 4922 Presbyter
2333 4853 2468 4908 hunc
2497 4852 2688 4909 librum
2710 4855 2876 4924 ﬁncit,
2903 4854 3290 4925 monachusquc
3318 4856 3537 4912 Donizo.

1954 4984 2065 5041 Ubi
2078 4987 2227 5054 ﬁncit
2248 4984 2392 5040 idem
2408 4992 2490 5041 est
2516 5000 2579 5041 ac
2592 4988 2775 5056 ﬁnmit,
2816 5001 2942 5042 cum
2998 5001 3203 5042 nomen
3222 4987 3428 5043 Christi
3445 5002 3541 5058 per

1952 5078 2421 5135 abbreviationem
2472 5081 2595 5135 ΧΡΙ
2642 5079 2962 5151 scripsisset.
3017 5079 3193 5136 Simul
3240 5089 3429 5137 autem
3474 5096 3540 5135 ex

1956 5170 2039 5227 his
2081 5171 2349 5243 intelligas
2394 5187 2562 5243 quare
2590 5174 2913 5228 Donizonem
2960 5187 3061 5245 ego
3106 5173 3378 5244 appellare
3421 5188 3542 5229 ma-
3578 5232 3581 5235 ς

1954 5263 2069 5331 lim,
2100 5280 2263 5335 quam
2292 5267 2691 5331 Domnizonem,
2726 5274 2785 5321 ut
2819 5266 3011 5337 reliqui
3039 5264 3263 5322 faciunt.
3291 5267 3543 5323 Alterum

1884 5353 1930 5416 C
1959 5374 2181 5430 quoque
2235 5358 2600 5414 acrostichum
2628 5359 2789 5416 nobis
2826 5359 3038 5429 reliquit
3089 5359 3176 5414 hic
3230 5359 3460 5431 scriptor
3488 5362 3544 5416 in

1957 5451 2202 5522 prologo,
2237 5466 2302 5505 ex
2330 5452 2487 5523 cujus
2534 5451 2835 5508 initialibus
2863 5452 3060 5507 litteris
3078 5451 3442 5509 conﬁciuntur
3489 5452 3544 5507 hi

1953 5543 2062 5599 duo
2094 5559 2281 5599 versus
2304 5562 2320 5600 :

2024 5675 2168 5729 Filia
2220 5674 2507 5729 Mathildis
2549 5673 2848 5740 Bonefacii,
2894 5674 3156 5731 Beatricis

2096 5769 2245 5824 Nunc
2263 5769 2463 5822 ancilla
2510 5769 2608 5821 Dei
2658 5767 2773 5830 ﬁlia
2804 5764 2975 5834 digna
3002 5769 3167 5824 Petri.
