4010 6164
535 262 637 322 943

1532 262 1622 314 AD
1661 261 1887 315 OPERA
1925 260 1980 313 S.
2025 256 2343 312 GREGORII
2383 255 2813 312 APPENDICES.

3721 256 3807 310 944

539 393 604 445 Et
633 397 916 461 postremo
954 402 1113 444 versu
1137 385 1205 442 de
1243 384 1348 441 hoc
1364 384 1487 441 lusu
1524 384 1776 440 monitos
1805 399 1907 440 nos
1946 381 2116 440 voluit
2145 385 2199 447 Α
2230 381 2408 438 adhuc
2461 389 2819 438 monumenta
2869 387 3160 436 testantur.
3219 382 3534 450 Utrumque
3583 379 3811 434 codicem

537 484 803 540 scribens.

603 601 784 669 Ipsius
804 598 865 652 hi
880 611 1060 653 versus
1085 598 1223 652 dant
1240 611 1448 661 nomen,
1481 594 1719 664 dantque
1735 597 2048 663 parentum.

533 719 642 776 Sed
677 726 735 776 ut
752 718 974 775 redeam
1011 717 1082 773 ad
1110 714 1482 772 acrostichum
1511 714 1775 786 priorem,
1816 727 1911 783 per
1942 711 2121 783 ipsum

531 812 827 870 edocemur
851 811 1206 868 Donizonem
1227 825 1339 865 non
1369 808 1547 864 solum
1575 806 1935 871 sacerdotem,
1958 803 2124 861 fuisse

531 906 628 963 sed
673 914 729 962 et
768 904 1123 962 monachum.
1154 906 1218 958 In
1248 902 1525 958 Canusino
1569 899 1905 956 monasterio
1935 898 2120 969 procul

533 999 701 1056 dubio
732 999 776 1056 is
796 998 945 1067 vixit,
975 997 1124 1069 quod
1153 1013 1214 1052 ex
1245 996 1361 1068 ejus
1384 994 1609 1066 epistola
1640 992 1970 1050 dedicatoria
1995 991 2123 1046 satis

535 1093 728 1149 elucet.
773 1096 844 1147 Et
879 1090 1106 1163 quidem
1136 1105 1202 1146 eo
1236 1097 1372 1144 teste
1406 1086 1501 1144 lib.
1529 1104 1572 1156 1,
1599 1104 1718 1158 cap.
1763 1093 1824 1141 11
1873 1086 2123 1141 novimus

532 1190 923 1244 Fraxinorense
972 1185 1353 1240 monasterium
1395 1181 1452 1236 in
1491 1181 1768 1236 montibus
1795 1179 2121 1236 Mutinensi-

532 1279 636 1336 bus
661 1279 730 1335 ab
757 1281 875 1351 ipsa
901 1277 1164 1334 Mathilde
1203 1275 1430 1348 ejusque
1462 1282 1640 1328 matre
1667 1272 1916 1328 Beatrice
1954 1271 2121 1328 fuisse

533 1373 884 1441 adiﬁcatum,
923 1387 988 1427 ac
1033 1377 1296 1442 praeterea
1343 1369 1693 1427 Canusinam.
1735 1365 1861 1422 data
1924 1381 2123 1438 nempe

531 1463 819 1523 monachis
877 1463 1132 1532 ecclesia,
1172 1477 1338 1534 quam
1410 1469 1569 1516 antea
1617 1475 1758 1515 unus
1799 1459 2122 1530 praepositus

532 1575 663 1615 cum
688 1573 779 1614 x11
806 1555 1014 1614 clericis
1040 1556 1154 1612 sive
1181 1553 1461 1610 canonicis
1481 1551 1938 1608 administrabat:

939 1672 1226 1727 Canusina:
1279 1685 1486 1739 quoque
1525 1673 1724 1724 sancta:

600 1765 850 1824 Ecclesia
877 1781 1064 1821 nomen
1090 1767 1458 1825 mutaverunt,
1488 1766 1538 1816 et
1563 1764 1834 1817 honorem.

605 1864 668 1916 In
703 1861 914 1928 melius,
938 1859 1146 1914 dudum
1162 1861 1250 1912 cui
1258 1859 1584 1928 prcepositus
1603 1871 1765 1922 unus,

607 1957 738 2010 Usus
758 1971 877 2009 cum
896 1954 1051 2008 cleris
1087 1968 1193 2006 non
1215 1953 1328 2005 nisi
1365 1955 1574 2004 tantum
1599 1949 1860 2003 duodenis

601 2049 870 2102 Deservire
901 2045 1136 2114 quidem.
1169 2046 1319 2100 Nunc
1338 2043 1506 2096 abbas
1530 2043 1691 2095 servit
1718 2041 1914 2095 ibidem

601 2139 732 2194 Cum
746 2138 1014 2193 monachis
1041 2137 1248 2191 Christo
1268 2135 1452 2189 multis
1475 2133 1873 2200 famulantibus
1898 2133 2009 2187 illo.

523 2261 714 2330 itaque
743 2259 800 2313 in
828 2257 924 2313 illo
952 2257 1069 2327 ipso
1107 2254 1464 2321 monasterio,
1500 2252 1605 2308 sub
1641 2252 1812 2308 sancti
1838 2251 2121 2308 Benedicti

525 2351 732 2425 regula,
788 2350 1049 2406 militasse
1106 2347 1453 2404 Donizonem
1489 2346 1842 2402 statuendum
1895 2347 2121 2402 omnino

523 2454 626 2502 est.
655 2444 715 2500 1d
759 2443 909 2516 quod
948 2441 1282 2498 clarissimus
1313 2439 1678 2507 Mabillonius,
1726 2440 1782 2494 in
1822 2439 2122 2495 Annalibus

520 2537 915 2602 Benedictinis,
949 2536 1020 2592 ad
1073 2551 1200 2590 ann.
1244 2539 1402 2602 1115,
1435 2533 1658 2588 minime
1688 2531 1955 2600 advertit;
2007 2533 2118 2588 imo

525 2631 797 2688 ecclesiam
842 2633 1034 2704 Sancti
1064 2630 1294 2684 Ccesarii
1318 2628 1373 2682 in
1421 2642 1553 2698 agro
1593 2626 1888 2681 Mutinensi
1931 2626 2115 2695 sitam,

515 2734 571 2782 et
616 2723 900 2780 Mathildis
936 2731 1182 2794 tempore
1201 2737 1231 2777 a
1255 2720 1530 2776 canonicis
1575 2719 1912 2791 regularibus
1939 2719 2118 2776 admi-

513 2818 836 2885 nistratam,
866 2815 1114 2872 confudit
1159 2829 1286 2869 cum
1334 2813 1604 2868 Canusina
1642 2811 2118 2869 Benedictinorum

513 2909 845 2968 monasterio
901 2909 958 2964 in
992 2907 1250 2979 Regiensi
1281 2907 1411 2974 sito,
1440 2904 1711 2974 scribens,
1738 2905 1910 2960 multa
1947 2905 2111 2961 bene-

512 3003 640 3060 ﬁcia
668 3019 699 3059 a
736 3000 1002 3059 Mathilde
1030 2999 1280 3057 Bondeni
1327 3005 1630 3069 aegrotante
1657 2997 1948 3068 postremis
1993 2997 2118 3054 vitae

513 3113 629 3154 suae
655 3096 846 3154 diebus
875 3094 1103 3151 ecclesia:
1136 3094 1324 3150 Sancti
1347 3093 1570 3148 Caesar-ii
1597 3091 1972 3145 canonicorum
2015 3106 2103 3146 re-
2137 3114 2182 3178 ρ

512 3194 788 3262 gularium
828 3190 977 3261 apud
1004 3188 1266 3244 Canosam
1292 3185 1458 3242 fuisse
1487 3184 1703 3241 collata.

581 3283 881 3341 Donizonis
908 3282 1046 3339 liber
1079 3282 1324 3353 primum
1373 3279 1554 3336 editus
1589 3277 1694 3336 fuit
1720 3296 1751 3334 a
1785 3278 2104 3336 Sebastiano

511 3378 875 3453 Tengnagelio
911 3374 1317 3433 bibliothecario
1360 3374 1633 3443 Caesareo,
1676 3373 1785 3429 sive
1829 3390 1861 3428 a
1897 3374 2102 3430 Jacobo

513 3475 814 3539 Gretsero,
839 3487 952 3528 soc.
981 3472 1134 3536 Jesu,
1167 3467 1487 3540 lngolstadii
1507 3509 1522 3535 ,
1552 3483 1683 3522 ann.
1717 3466 1919 3523 Christi
1947 3473 2104 3536 1612,

512 3566 652 3623 inter
688 3571 881 3624 Vetera
904 3569 1247 3619 monumenta
1279 3568 1464 3616 contra
1487 3563 1849 3618 schismaticos
1879 3561 1948 3617 ab
1989 3562 2108 3633 ipso

514 3660 759 3714 collecta.
789 3658 876 3714 Ad
916 3673 1040 3712 eam
1087 3655 1386 3712 editionem
1427 3669 1561 3710 usus
1591 3662 1670 3710 est
1709 3656 2110 3727 Tengnagelius

515 3751 830 3824 apographo
868 3749 937 3806 ad
956 3765 1014 3804 se
1038 3751 1216 3804 Roma
1256 3748 1440 3803 misso.
1473 3750 1616 3803 Tum
1644 3749 1980 3805 clarissimus
2029 3750 2110 3805 vir

515 3845 852 3903 Godefridus
906 3843 1234 3900 Guilielmus
1268 3841 1572 3897 Leibuitius
1598 3842 1655 3897 in
1680 3843 1879 3914 insigni
1931 3845 2109 3915 Opere

511 3943 768 4010 Scriptor.
801 3939 1080 3996 Brunsvic.
1107 3938 1436 3998 illustrant,
1469 3943 1608 3990 tom.
1641 3937 1686 4003 Ι,
1728 3951 1852 4007 pag.
1873 3941 2001 4003 629,
2030 3937 2107 3992 al-

514 4043 690 4091 teram
714 4031 963 4106 ejusdem
993 4029 1264 4102 poematis
1287 4028 1619 4098 editionem,
1643 4039 1792 4084 anno
1821 4034 1981 4097 1707,
2010 4046 2108 4087 no-

515 4127 597 4184 bis
631 4125 804 4193 dedit,
855 4123 1183 4197 przecedenti
1245 4138 1374 4178 sane
1425 4122 1842 4192 accuratiorem;
1880 4140 2011 4180 nam
2051 4133 2108 4182 et

511 4217 922 4292 antiquissimus
950 4216 1122 4274 codex
1173 4219 1466 4273 Romanus
1523 4217 1650 4272 olim
1712 4216 1892 4275 Sirleti
1934 4218 2105 4276 cardi-

507 4314 652 4371 nalis
679 4329 806 4370 cum
832 4311 979 4368 edito
1002 4311 1230 4367 collatus
1269 4309 1572 4366 subsidium
1626 4309 1810 4366 eidem
1860 4311 2004 4381 tulit,
2053 4321 2108 4369 et

507 4408 787 4465 Vaticana:
831 4404 1172 4462 bibliothecae
1199 4411 1388 4459 custos
1407 4403 1740 4474 Zaccagnius
1763 4421 1903 4460 nova
1935 4405 2104 4462 colla-

505 4501 657 4558 tione
679 4501 857 4574 ipsum
880 4499 1042 4572 juvit.
1071 4496 1324 4554 Prodibit
1338 4513 1482 4554 nunc
1505 4497 1722 4566 iterum,
1767 4514 1931 4570 opera
1960 4516 2094 4572 quo-
2125 4516 2176 4580 ι)

509 4611 616 4666 que
639 4609 782 4658 mea,
809 4593 943 4649 illud
971 4591 1116 4648 idem
1133 4591 1436 4647 Donizonis
1465 4605 1692 4663 poema;
1712 4597 1894 4662 atque,
1922 4600 1983 4648 ut
2011 4593 2099 4648 eli-

507 4687 706 4744 matius
725 4693 781 4741 ct
799 4687 1070 4756 comptius
1087 4683 1334 4756 prodeat,
1356 4701 1456 4756 ego
1476 4684 1639 4741 etiam
1656 4701 1846 4741 curam
1871 4702 2095 4743 omnem

507 4780 816 4848 attuli;nec
837 4779 1014 4834 inutili
1045 4776 1280 4834 fortasse
1304 4778 1488 4834 studio
1508 4787 1674 4850 atque
1703 4779 1909 4836 labore.
1953 4783 2094 4837 Nam

503 4884 556 4932 et
582 4874 938 4932 doctissimus
969 4874 1029 4928 P.
1053 4872 1397 4940 Bacchinius,
1443 4889 1645 4946 magna
1674 4876 1982 4933 litterarum
2015 4877 2092 4949 ja-

502 4973 675 5027 ctura,
707 4977 855 5018 anno
889 4964 1050 5028 1721,
1074 4959 1235 5016 nobis
1259 4975 1290 5014 a
1328 4968 1507 5016 morte
1530 4970 1767 5034 ereptus,
1796 4965 2094 5020 Donizonis

501 5054 880 5130 apograpbum
904 5069 934 5110 e
988 5051 1430 5109 Padolironensis
1477 5053 1821 5112 bibliothecae
1859 5058 2090 5128 antiquo

500 5149 690 5208 codice
718 5165 822 5204 ms.
854 5149 1206 5219 desumptum
1233 5147 1368 5202 mihi
1403 5148 1805 5218 commodavit;
1836 5157 1912 5217 et,
1940 5151 2092 5222 quod

498 5245 619 5318 plus
648 5253 752 5311 est,
783 5243 1016 5300 alterum
1043 5249 1416 5314 pervetustum
1439 5242 1684 5298 codicem
1722 5258 1826 5299 ms.
1871 5259 2092 5300 summa

495 5338 754 5396 comitate
783 5337 915 5392 mihi
939 5334 1209 5392 utendum
1241 5335 1392 5392 dedit
1423 5335 1670 5392 marchio
1710 5336 2002 5409 Cajetanus
2021 5337 2089 5394 de

493 5433 726 5497 Canosa,
757 5431 838 5486 vir
864 5429 1158 5486 nobilitate
1210 5429 1430 5501 generis
1466 5429 1524 5484 in
1579 5429 1796 5485 civitate
1825 5431 2084 5502 Regiensi

494 5526 639 5582 inter
667 5524 878 5596 primos
905 5522 1246 5594 conspicuus,
1286 5529 1476 5593 utpote
1522 5523 1679 5594 cujus
1722 5524 1959 5596 majores
1987 5525 2089 5582 Ca-

492 5633 686 5676 nosam
717 5617 894 5689 ipsam
918 5615 987 5672 ab
1028 5615 1472 5687 imperatoribus,
1517 5615 1706 5687 paucis
1763 5626 1886 5688 post
1915 5619 2084 5675 comi-

490 5714 640 5772 tisse
677 5709 974 5767 Malthildis
1012 5717 1254 5765 mortem
1295 5708 1477 5774 annis,
1509 5707 1566 5762 in
1602 5708 1832 5766 tendum
1862 5727 2082 5783 recepe-

490 5813 641 5874 runt,
679 5812 734 5861 et
774 5819 869 5876 per
908 5803 1122 5875 aliquot
1167 5801 1366 5858 saecula
1420 5799 1784 5866 retinuerunt,
1832 5813 1892 5857 ut.
1930 5815 2077 5861 certa

2233 491 2360 532 cum
2388 475 2548 531 editis
2583 474 2822 541 contuli;
2854 482 2910 530 et
2944 489 3093 529 nunc
3126 472 3259 546 quid
3283 473 3337 528 in
3365 473 3627 545 Regiensi
3655 473 3810 543 potis-

2231 570 2435 626 simum
2466 568 2843 624 observatione
2886 567 3118 639 dignum
3147 566 3530 638 compererim,
3565 565 3810 623 monendi

2232 672 2360 720 sunt
2383 664 2627 718 lectores.

2303 761 2382 812 Ex
2427 757 2803 813 characterum
2845 755 3024 812 forma
3050 754 3189 811 mihi
3219 755 3365 811 visus
3392 762 3475 811 est
3521 753 3700 810 codex
3743 754 3812 809 ille

2234 851 2470 923 scriptus
2534 858 2659 905 ante
2711 848 3147 922 quadringentos
3195 863 3397 905 annos.
3455 847 3815 906 Occurrebant

2232 947 2410 1016 primo
2425 944 2616 1015 ﬁgurae
2641 943 2922 1004 Mathildis
2950 942 3343 1013 etDonizonis,
3376 941 3559 1001 eidem
3586 939 3812 998 offeren.

2230 1039 2302 1095 tis
2324 1038 2530 1095 librum
2563 1053 2690 1094 cum
2721 1039 2828 1094 hoc
2844 1053 3036 1094 versu:

2303 1156 2587 1211 Mathildis
2619 1156 2814 1219 lucens,
2834 1170 3042 1225 precor,
3079 1153 3172 1210 hoc
3199 1169 3332 1225 cape
3358 1154 3527 1209 chara
3566 1153 3811 1208 volumen.

2230 1277 2471 1334 Similem
2517 1277 2773 1349 efﬁgiem,
2819 1276 2990 1332 minio
3041 1276 3266 1346 pictam,
3312 1284 3368 1331 et
3413 1291 3482 1332 ex
3523 1276 3813 1332 Donizonis

2232 1374 2412 1444 Opere
2446 1385 2552 1426 ms.
2582 1386 2918 1442 expressam,
2945 1370 2999 1424 in
3026 1385 3102 1425 res
3129 1368 3295 1424 incidi
3348 1368 3479 1424 fecit
3505 1369 3813 1424 Dominicus

2231 1465 2508 1532 Mellinus,
2560 1472 2617 1520 ct
2661 1479 2855 1519 rursus
2893 1462 3246 1519 Mabillonius
3287 1462 3345 1517 in
3391 1462 3602 1518 Annal.
3655 1464 3812 1518 Bene-

2199 1558 2447 1625 "dictin.,
2475 1557 2546 1613 ad
2585 1573 2714 1612 ann.
2758 1562 2916 1613 1115.
2971 1558 3197 1624 Verum,
3228 1557 3276 1612 si
3307 1555 3440 1628 quid
3489 1556 3668 1626 sapio,
3711 1553 3812 1611 bzec

2231 1651 2384 1708 nihili
2413 1651 2654 1708 facienda
2686 1659 2834 1714 sunt,
2859 1651 3056 1722 quippe
3085 1650 3244 1706 unico
3273 1649 3700 1705 amanuensium
3735 1657 3812 1704 aut

2155 1751 2204 1813 B
2236 1746 2510 1818 pictorum
2533 1744 2751 1817 ingenio
2781 1744 2952 1800 serius
2970 1744 3322 1815 (excogitata,
3351 1751 3409 1798 et
3454 1741 3599 1798 nihil
3651 1743 3809 1814 expri-

2233 1839 2438 1896 mentia
2464 1853 2787 1911 germanam
2810 1836 3088 1893 Mathildis
3108 1837 3428 1908 imaginem.
3453 1838 3641 1905 Quam
3656 1837 3808 1891 etiam

2230 1934 2548 2005 opinionem
2589 1931 2725 1988 mihi
2771 1932 2928 1987 altius
2991 1930 3254 2002 persuasit
3307 1928 3614 1986 Donizonis
3657 1929 3810 2000 ipsius

2228 2027 2452 2100 efﬁgies,
2479 2041 2602 2100 qua:
2629 2026 2831 2082 laicum
2853 2025 3105 2092 fortasse,
3137 2008 3284 2080 certe
3311 2038 3604 2094 nunquam
3640 2037 3813 2078 mona-

2228 2121 2400 2177 chum
2438 2119 2678 2186 exhibet,
2703 2119 2874 2190 qualis
2901 2119 3018 2189 ipse
3044 2117 3166 2174 fuit.
3225 2121 3289 2173 In
3326 2115 3586 2188 Regiensi
3616 2114 3808 2181 codice,

2228 2230 2346 2286 cap.
2380 2221 2436 2283 2,
2463 2212 2878 2285 conspiciuntur
2905 2211 3094 2284 ﬁgurae
3137 2210 3280 2284 regis
3304 2210 3516 2278 stantis,
3569 2225 3636 2266 ac
3662 2209 3812 2281 porri-

2228 2307 2401 2380 gentis
2427 2323 2595 2364 unam
2639 2307 2915 2378 capsulam
2942 2305 3281 2376 presbytero,
3312 2303 3371 2358 in
3414 2318 3521 2375 qua
3555 2304 3808 2375 scriptum

2227 2411 2349 2458 est:
2385 2403 2586 2472 Corpus
2602 2405 2797 2456 sancta:
2823 2401 3075 2466 Corona};
3102 2399 3213 2455 duo
3237 2397 3420 2454 clerici
3458 2404 3655 2452 tenent
3689 2397 3807 2450 alte-

2225 2510 2346 2551 ram
2371 2494 2672 2566 capsulam,
2704 2493 2797 2549 ubi
2827 2494 3090 2566 scriptum
3122 2492 3358 2563 legitur:
3408 2492 3611 2560 Corpus
3653 2493 3810 2544 sancti

2234 2591 2479 2644 Victoris.
2507 2590 2665 2642 Astat
2692 2586 2806 2658 regi
2834 2594 2966 2642 Atto
3001 2585 3189 2642 militis
3213 2583 3402 2640 habitu
3442 2599 3574 2639 cum
3603 2598 3727 2639 ense
3760 2589 3810 2637 et

2225 2682 2462 2754 caputio.
2493 2684 2668 2753 Supra
2695 2681 2893 2753 legitur
2924 2697 2938 2734 :

2296 2799 2527 2868 Corpora
2550 2802 2855 2853 sanctorum
2887 2813 2990 2850 rea:
3013 2796 3214 2850 Attoni
3241 2795 3392 2850 dedit
3414 2795 3628 2851 horum.

2226 2926 2538 2995 Sequuntur
2560 2923 2678 2980 aliae
2706 2921 2892 2994 ﬁgurae
2911 2937 3039 2977 cum
3064 2920 3171 2978 hoc
3189 2937 3343 2978 versu
3367 2942 3380 2978 :

2294 3039 2538 3094 Membra
2564 3042 2707 3095 secat
2729 3039 2902 3094 sancti
2915 3037 3416 3106 Godefridus,dans
3446 3053 3510 3092 ea
3535 3039 3704 3107 patri.

2213 3164 2358 3218 Ante
2387 3178 2505 3234 cap.
2536 3167 2592 3230 8,
2621 3163 2870 3228 occurrit
2906 3161 3113 3235 efﬁgies
3153 3160 3422 3218 Bonifacii
3473 3161 3582 3218 hoc
3611 3160 3794 3218 sociata

2213 3256 2480 3312 versiculo
2515 3274 2530 3311 :

2285 3375 2352 3427 Te
2377 3372 2606 3427 redimat
2629 3371 2817 3428 Sother
2834 3374 3092 3441 Bonifaci
3119 3371 3362 3427 marchio
3390 3372 3631 3441 dumque.

2217 3505 2355 3558 Ante
2382 3517 2510 3569 cap.
2561 3508 2646 3571 10,
2678 3501 2940 3559 Beatricis
2980 3500 3190 3573 efﬁgies
3239 3499 3498 3567 habetur,
3527 3496 3794 3570 supposito

2218 3593 2321 3650 hoc
2350 3611 2512 3652 versu
2544 3613 2558 3650 :

2287 3715 2392 3765 Det
2423 3715 2563 3767 Deus
2592 3714 2649 3766 in
2677 3713 2840 3767 claris
2869 3711 3088 3766 cameris
3115 3714 3164 3764 te
3184 3715 3345 3771 stare,
3378 3710 3628 3765 Beatriav.

2216 3838 2619 3908 Praeponuntur
2645 3837 2803 3909 capiti
2831 3844 2882 3905 1,
2913 3837 3006 3893 lib.
3033 3852 3104 3903 11,
3126 3835 3332 3908 efﬁgies
3356 3833 3659 3901 Mathildis,
3695 3834 3797 3887 Ilu-

2214 3931 2369 4002 gonis
2397 3931 2606 3987 abbatis
2635 3930 3026 3998 Cluniacensis,
3049 3938 3105 3985 et
3133 3928 3358 3984 chrici
3383 3928 3526 4001 regis
3549 3929 3610 3983 in
3633 3940 3800 3999 genua

2214 4023 2623 4096 procumbentis
2660 4032 2789 4082 ante
2819 4025 2994 4096 ipsam
3026 4022 3370 4088 Mathildem,
3396 4038 3530 4079 cum
3565 4021 3668 4078 hac
3695 4018 3798 4090 epi-

2213 4117 2419 4190 graphe
2447 4137 2460 4174 :

2285 4237 2399 4290 Rem
2420 4238 2577 4303 rogat
2601 4233 2867 4298 abbatem,
2891 4233 3205 4288 Mathildim
3245 4233 3518 4302 supplicat
3552 4236 3731 4302 atque.

2211 4353 2458 4412 Tandem
2501 4353 2569 4410 ad
2597 4353 2805 4411 calcem
2843 4353 2967 4410 libri
2985 4352 3103 4410 haec
3130 4353 3199 4410 ab
3228 4353 3546 4410 amanuensi
3591 4352 3796 4421 adjecta

2211 4447 2466 4519 leguntur
2493 4466 2506 4503 :

2276 4567 2473 4627 Lector,
2499 4580 2679 4621 amore
2704 4568 2810 4620 Dei
2826 4579 2964 4634 serpe
2992 4569 3246 4619 memento
3281 4566 3404 4618 mei.

2277 4660 2454 4714 Finito
2501 4659 2658 4723 libro,
2699 4661 2973 4726 referatur
3001 4659 3186 4726 gratia
3231 4658 3470 4712 Christo.

2275 4754 2537 4822 Scriptori
2599 4754 2732 4806 libri
2767 4753 2990 4806 donetur
3027 4752 3204 4819 gratia
3249 4751 3474 4811 Christi,

2272 4848 2494 4903 Nomine
2530 4848 2627 4916 qui
2651 4847 2849 4901 dicitur
2891 4845 3176 4900 Zanelinus
3204 4851 3366 4914 atque
3392 4850 3620 4898 vocatur

2271 4939 2319 4993 Α
2351 4942 2496 4995 notis
2519 4941 2744 5003 cunctis,
2766 4941 3110 5008 parentibus,
3149 4939 3264 5008 ejus
3295 4939 3508 5000 amicis,

2272 5033 2408 5098 Quos
2435 5033 2620 5104 diligit
2648 5049 2769 5086 vere
2797 5035 3010 5102 cupiens
3041 5033 3382 5101 omnibusque
3413 5045 3613 5100 parere

2270 5128 2438 5180 Juxta.
2451 5141 2603 5194 posse
2628 5141 2787 5179 suum
2833 5126 3022 5193 diligit
3045 5125 3294 5179 ardenter
3321 5125 3576 5178 amicum.

2275 5221 2437 5286 Quem
2458 5219 2565 5273 sibi
2581 5219 2789 5288 ﬁdelem
2809 5221 2978 5273 noscit
2997 5234 3059 5272 ac
3085 5233 3191 5273 esse
3206 5222 3502 5288 patentem.

2197 5342 2372 5414 Igitur
2401 5357 2468 5398 ex
2492 5339 2641 5396 hisce
2688 5339 2969 5396 codicibus
2998 5339 3235 5395 intellexi
3266 5355 3376 5394 non
3421 5352 3626 5410 paucos
3672 5337 3787 5389 Do-

2196 5435 2407 5490 nizonis
2432 5449 2619 5490 versus
2645 5433 2941 5490 desiderari
2985 5434 3041 5488 in
3066 5433 3225 5488 editis
3254 5431 3431 5497 libris,
3471 5446 3536 5486 ac
3570 5426 3787 5502 potissi—

2195 5545 2354 5584 mum
2378 5527 2473 5583 lib.
2508 5543 2552 5595 I,
2591 5527 2649 5582 in
2668 5527 2774 5584 ﬁne
2800 5543 2922 5598 cap.
2956 5535 3010 5593 7,
3033 5535 3088 5582 et
3116 5525 3267 5582 initio
3296 5531 3350 5592 8,
3402 5523 3497 5580 ubi
3558 5523 3788 5578 habetur

2201 5623 2418 5678 Urbana
2447 5622 2726 5676 altercatio
2767 5623 2910 5676 inter
2946 5623 3227 5686 Canosam,
3269 5623 3320 5673 et
3367 5619 3674 5674 Mantuam,
3725 5611 3786 5664 de

2191 5732 2404 5786 corpore
2441 5716 2593 5770 ducis
2621 5720 2672 5770 et
2700 5715 3023 5768 marchionis
3069 5713 3362 5778 Bonifacii.
3410 5711 3473 5764 In
3500 5711 3601 5764 hac
3620 5706 3780 5779 igitur

2189 5809 2426 5865 editione
2445 5809 2680 5865 restituti
2713 5815 2841 5862 sunt
2867 5821 3060 5862 vam
3091 5819 3300 5871 versus,
3331 5803 3424 5875 qui
3468 5802 3612 5874 typis
3649 5792 3776 5854 editi
