4052 6180
276 262 375 316 945

1177 267 1463 322 APPEND.
1504 268 1591 322 ιιι.
1633 296 1702 309 -
1738 268 2155 325 MONUMENTA
2194 230 2653 323 GREGORIANA.

3451 271 3552 327 946

272 387 519 444 nondum
546 387 778 444 fuerant.
818 386 903 444 Ad
932 387 1046 444 hac
1073 390 1362 445 nonnullas
1383 391 1651 448 variantes
1676 393 1857 449 lectio-
1887 403 1938 464 Α
1967 395 2141 465 cipem
2168 393 2342 460 illum,
2383 393 2519 449 dum
2563 392 2836 449 venationi
2866 408 3085 465 operam
3115 392 3269 450 daret
3296 397 3354 449 in
3376 398 3554 465 part-i-

270 497 367 536 nes
409 480 534 537 inde
573 482 841 552 excerpsi,
885 497 1008 553 qua
1038 482 1215 538 lucem
1249 483 1490 556 aliquam
1518 486 1856 542 subobscuro

267 574 516 645 scriptori
548 572 800 630 afferent.

338 666 573 723 Editioni
594 675 775 723 autem
806 684 919 724 sua
944 668 1247 725 Leibnitius
1270 670 1510 728 subdidit
1528 687 1592 727 ex
1625 673 1857 729 Lucensi

263 760 448 817 codice
485 761 616 816 olim
673 761 960 817 clarissimi
1009 763 1108 818 viri
1162 765 1442 819 Francisci
1491 767 1685 822 Maria
1731 766 1855 822 Flo-

261 854 480 909 reutinii
510 853 743 910 alteram
790 856 1066 911 Mathildis
1121 858 1301 911 Vitam
1341 874 1506 927 prosa
1534 864 1855 923 contemtum,

257 963 425 1019 quam
455 955 511 1002 et
538 947 667 1001 mihi
698 948 933 1003 retinere
964 949 1161 1019 placuit
1194 949 1250 1004 in
1284 950 1385 1005 hac
1420 960 1627 1021 nostra,
1658 952 1856 1024 quippe

256 1056 385 1112 qua
408 1056 522 1096 non
564 1040 772 1096 inutilis
796 1041 903 1096 visa
944 1050 1026 1097 est
1052 1042 1121 1097 ad
1163 1042 1374 1098 facilius
1411 1045 1730 1116 capiendam
1760 1046 1854 1100 ali-

250 1150 368 1205 quo
418 1134 475 1189 in
506 1133 625 1189 loco
655 1133 957 1190 Donizonis
986 1143 1243 1191 mentem.
1297 1140 1487 1208 Neque
1516 1138 1664 1193 enim
1711 1138 1856 1194 aliud

256 1227 377 1283 hac
406 1227 533 1283 Vita
561 1234 660 1293 est,
701 1242 865 1298 quam
903 1228 1081 1300 ipsum
1111 1230 1413 1285 Donizonis
1459 1246 1653 1302 poema
1694 1246 1853 1287 com-

254 1320 520 1393 pendiose
548 1336 708 1391 prosa
742 1322 987 1377 oratione
1016 1338 1351 1393 expressum.
1382 1326 1507 1379 Non
1532 1324 1852 1380 dissimilem

260 1417 469 1477 Vitam,
503 1414 572 1469 ab
602 1414 704 1469 alio
748 1422 932 1471 tamen
962 1416 1246 1487 scriptore,
1276 1416 1613 1489 diversisque
1649 1418 1850 1485 verbis,

250 1507 507 1578 ejusdem
538 1508 839 1563 Donizonis
865 1517 1112 1579 poemate
1132 1510 1387 1564 similiter
1412 1510 1678 1578 hreviato,
1705 1527 1852 1566 com-

251 1602 513 1672 positam,
536 1601 702 1657 habet
723 1600 976 1657 laudatus
1004 1602 1173 1657 codex
1196 1603 1498 1674 Regiensis.
1523 1608 1682 1659 Hanc
1712 1604 1847 1659 mihi

248 1694 536 1766 descripsi,
566 1694 662 1750 sed
705 1694 757 1749 in
787 1694 1063 1765 publicum
1108 1694 1305 1752 efferre
1332 1698 1551 1752 animus
1588 1713 1698 1753 non
1728 1696 1847 1763 fuit,

1966 488 2060 543 bus
2085 489 2270 544 Sancti
2297 489 2521 543 Martini
2545 488 2609 542 de
2628 488 2831 542 Arzz’no
2856 490 3187 557 episcopatus
3217 490 3499 551 Cremona,
3523 505 3554 545 a

1964 580 2199 651 quodam
2241 581 2495 651 Scarpeta
2533 579 2600 635 de
2638 580 2939 635 Canevariis
2984 580 3277 651 proditoris
3317 582 3554 637 occisum

1966 673 2147 728 fuisse.
2180 672 2462 744 Ejusmodi
2493 674 2865 729 narrationem
2886 682 3147 746 tanquam
3173 673 3426 729 fabellam
3464 691 3554 730 ex-

1966 766 2138 837 plodit
2164 765 2501 821 clarissimus
2539 766 2867 823 Bacchinius
2905 766 2961 821 in
2993 767 3137 822 Hist.
3170 776 3412 823 monast.
3450 770 3552 824 Pa-

1963 858 2222 927 doliron.,
2260 874 2386 930 pag.
2413 864 2501 915 48.
2528 861 2646 930 Ego
2668 874 2821 929 vero,
2849 860 3150 915 Hermanni
3196 861 3469 917 Contracti
3500 869 3555 916 et

1962 951 2235 1023 Arnulphi
2246 950 2660 1007 Mediolanensis
2673 952 2989 1009 testimonio
3002 953 3193 1023 fretus,
3209 969 3319 1009 non
3332 954 3554 1010 omnino

1961 1044 2267 1116 negandam
2313 1043 2481 1100 fidem
2524 1044 2789 1115 ejusmodi
2821 1045 3118 1101 narrationi
3155 1062 3311 1115 reor;
3341 1056 3555 1103 constat

1963 1138 2109 1193 enim
2148 1137 2488 1193 Bonifacium
2527 1153 2591 1193 ex
2621 1137 2825 1193 insidiis
2870 1154 2899 1193 a
2934 1139 3306 1210 proditoribus
3339 1141 3393 1195 in
3420 1142 3553 1196 silva

1961 1230 2375 1301 interemptum.
2390 1231 2643 1285 Alterum
2661 1246 2877 1302 quoque
2898 1240 3338 1300 monumentum,
3353 1233 3419 1289 de
3435 1232 3557 1288 fun-

1960 1322 2183 1379 datione
2214 1323 2451 1380 ecclesia
2490 1331 2545 1379 et
2568 1324 2884 1379 monasterii
2914 1324 3095 1379 Sancti
3135 1323 3369 1380 Andrea
3394 1325 3447 1379 in
3474 1326 3554 1380 ci-

1962 1417 2127 1472 vitate
2154 1419 2472 1484 Mantuana,
2501 1416 2755 1472 subditur
2782 1416 2836 1471 in
2873 1417 3067 1473 eadem
3093 1417 3213 1473 Vita
3251 1433 3382 1484 ms.,
3410 1419 3557 1489 quod

1961 1509 2036 1563 uti
2064 1509 2287 1565 minime
2315 1509 2781 1565 contemnendum
2807 1509 2914 1565 huc
2948 1508 3144 1565 inferre
3173 1511 3359 1579 statui,
3389 1512 3554 1566 lecto-

1959 1602 2416 1674 rumquejudicio
2460 1602 2750 1659 dimittere.
2783 1606 2860 1658 Ita
2892 1618 3019 1658 vero
3070 1619 3127 1659 se
3155 1602 3322 1659 habet
3353 1621 3368 1658 :
3416 1627 3441 1653 ι
3474 1607 3558 1659 De

1960 1696 2205 1750 Beatrice
2251 1696 2320 1751 ad
2363 1711 2547 1751 veram
2591 1696 2878 1751 historiam
2921 1696 3119 1753 dicitur
3164 1697 3314 1769 quod
3363 1697 3558 1752 habuit

245 1803 321 1843 ne
350 1787 626 1859 superﬂua
657 1803 837 1843 merce
866 1788 1108 1844 chartam
1137 1804 1441 1857 onerarem,
1471 1798 1635 1862 atque
1678 1791 1847 1845 lecto-
1880 1762 1925 1823 Β
1961 1788 2344 1856 Damicellum,
2394 1790 2613 1845 nomine
2654 1789 3045 1858 Adelbertum;
3077 1790 3165 1861 qui
3197 1790 3551 1859 Damicellus,

246 1897 363 1936 res.
394 1882 668 1937 Caterum
706 1881 831 1937 Vita
883 1882 1001 1938 hac
1044 1898 1152 1937 ms.
1185 1898 1277 1938 me
1306 1882 1513 1952 docuit,
1542 1884 1848 1939 altercatio-

244 1991 373 2029 nem
403 1977 543 2029 inter
595 1974 851 2029 Canosam
900 1980 950 2029 et
978 1978 1293 2039 Mantuam,
1326 1992 1494 2048 quam
1543 1992 1687 2031 nunc
1725 1977 1849 2047 plu-

241 2068 405 2122 ribus
432 2066 671 2122 versibus
713 2076 949 2136 auctam,
994 2077 1055 2123 ut
1095 2084 1257 2139 supra
1308 2069 1483 2135 innui,
1517 2069 1657 2141 typis
1684 2068 1847 2136 dabo,

241 2177 365 2216 non
403 2176 522 2217 esse
560 2161 933 2217 collocandam
976 2162 1070 2217 lib.
1118 2177 1161 2230 1,
1203 2178 1320 2233 cap.
1354 2169 1385 2217 7
1436 2170 1531 2217 aut
1572 2168 1627 2229 8,
1682 2170 1745 2217 ut
1793 2163 1847 2217 in

242 2254 436 2321 editis,
460 2254 555 2309 sed
582 2253 803 2325 quidem
834 2262 958 2309 ante
987 2271 1108 2325 cap.
1144 2262 1206 2310 17
1237 2255 1483 2327 ejusdem
1518 2255 1671 2321 libri;
1700 2255 1848 2326 quod

241 2356 302 2403 et
327 2348 451 2419 ipsa
474 2363 659 2403 rerum
688 2348 854 2419 series
882 2347 1175 2411 indicabat,
1202 2364 1329 2403 cum
1361 2348 1433 2403 ibi
1462 2347 1530 2403 de
1558 2346 1847 2403 Bonifacio

239 2442 390 2497 duce
425 2440 544 2512 jam
586 2449 808 2496 mortuo
851 2449 1062 2513 agatur.
1112 2444 1181 2496 Et
1208 2439 1443 2497 fortasse
1471 2440 1669 2497 excidit
1697 2456 1763 2496 eo
1792 2440 1846 2495 in

238 2536 371 2589 loco
401 2534 595 2604 aliquis
625 2534 924 2589 Donizonis
954 2549 1140 2589 versus
1164 2549 1192 2589 e
1218 2550 1375 2603 mss.,
1424 2534 1619 2605 quippe
1648 2534 1702 2588 in
1753 2549 1848 2589 ea-

238 2628 381 2684 dem
411 2627 536 2682 Vita
570 2627 687 2683 hac
713 2629 959 2698 leguntur
993 2646 1006 2682 :
1038 2646 1066 2679 «
1092 2627 1197 2695 Qui
1228 2626 1585 2697 (Bonifacius)
1617 2626 1748 2682 dum
1771 2626 1848 2681 ire

238 2721 411 2775 vellet
433 2720 571 2774 ultra
595 2736 767 2787 mare,
798 2728 852 2775 et
870 2728 1109 2791 parasset
1138 2736 1303 2776 naves
1330 2720 1485 2791 juxta
1514 2708 1846 2791 praceptum

237 2814 384 2870 dicti
426 2813 623 2868 domni
664 2813 893 2882 abbatis,
954 2824 1229 2881 mortuus,
1272 2821 1326 2868 et
1374 2813 1617 2883 sepultus
1661 2810 1767 2867 fuit
1796 2811 1847 2866 in

234 2907 461 2961 civitate
484 2909 727 2962 Mantua
758 2908 902 2961 inter
930 2910 1191 2963 Sanctum
1232 2909 1474 2973 Petrum,
1505 2914 1559 2961 et
1588 2904 1844 2972 Paulum,

237 3009 303 3056 et
334 3000 562 3056 ecclesia
592 3000 667 3055 ibi
693 3000 956 3056 aedificata
992 3000 1095 3055 fuit
1119 3001 1176 3055 in
1200 3000 1472 3055 honorem
1502 2998 1768 3071 ejusdem,
1794 3006 1855 3053 ut

1955 1881 2099 1936 sicut
2143 1881 2385 1937 Domino
2428 1882 2650 1953 placuit,
2682 1880 2862 1938 factus
2902 1891 2986 1941 est
3026 1898 3223 1949 cacus,
3277 1891 3333 1938 et
3374 1884 3557 1939 amisit

1955 1975 2156 2041 visum,
2205 1982 2261 2029 et
2304 1974 2473 2029 vitam
2514 1974 2843 2046 condignam
2885 1974 3117 2030 faciebat
3147 1976 3470 2047 jejunando,
3502 1984 3558 2031 et

1956 2066 2252 2138 vigilando,
2279 2076 2333 2122 et
2365 2067 2749 2138 paenitentiam
2776 2081 3040 2137 magnam
3064 2066 3334 2123 faciendo.
3367 2070 3437 2124 Et
3461 2068 3553 2123 ubi

1955 2168 2038 2215 est
2071 2160 2236 2216 modo
2290 2160 2513 2216 ecclesia
2541 2162 2599 2215 S.
2652 2159 2887 2215 Andreae
2939 2160 2992 2215 in
3022 2160 3244 2216 civitate
3290 2162 3553 2228 Mantua,

1954 2261 2073 2307 erat
2100 2253 2369 2325 hospitale
2398 2268 2609 2309 novum
2638 2260 2692 2308 et
2719 2268 2970 2324 parvum,
3011 2252 3079 2308 ad
3108 2268 3313 2309 nomen
3341 2256 3406 2308 B.
3435 2261 3559 2309 An-

1953 2345 2104 2402 drea
2128 2346 2359 2418 apostoli
2386 2347 2616 2402 factum.
2652 2346 2753 2402 Cui
2784 2344 3080 2402 Adelberto
3114 2353 3361 2417 tempore
3389 2346 3555 2403 dicta

1952 2440 2213 2495 Beatricis
2254 2440 2509 2511 apparuit
2550 2438 2619 2495 de
2646 2447 2807 2495 nocte
2859 2439 2914 2493 in
2944 2439 3154 2495 somnis
3198 2440 3254 2496 S.
3287 2439 3555 2510 Andreas,

1954 2531 2141 2587 dicens
2172 2552 2185 2584 :
2219 2534 2267 2588 Ο
2300 2532 2614 2599 Adelberte,
2640 2532 2778 2587 vade
2806 2531 2876 2587 ad
2909 2532 3270 2598 comitissam,
3301 2542 3355 2589 et
3377 2533 3462 2590 dic
3505 2535 3557 2589 ei

1955 2625 2101 2695 quod
2130 2640 2230 2695 ego
2268 2625 2381 2680 dixi
2412 2625 2505 2680 tibi
2546 2633 2607 2678 ut
2655 2624 2853 2679 faceret
2895 2624 3009 2681 fodi
3054 2627 3110 2680 in
3155 2626 3249 2681 tali
3294 2626 3437 2695 loco,
3469 2628 3564 2698 qui

1955 2725 2072 2773 erat
2117 2734 2285 2789 prope
2321 2718 2631 2785 ecclesiam,
2680 2717 2770 2771 ubi
2810 2725 2927 2772 erat
2971 2734 3172 2790 corpus
3230 2721 3297 2774 B.
3330 2720 3561 2790 Longini

1957 2812 2232 2883 martyris,
2281 2812 2372 2882 qui
2415 2812 2599 2866 lancea
2644 2818 2984 2881 percusserat
3029 2812 3170 2866 latus
3213 2812 3459 2880 Domini,
3508 2820 3562 2867 et

1957 2904 2078 2960 inde
2102 2904 2426 2960 exhauserat
2453 2903 2773 2976 sanguinem
2801 2910 2855 2958 et
2884 2918 3107 2974 aquam,
3140 2912 3195 2959 et
3224 2904 3302 2959 ibi
3329 2904 3387 2959 in
3414 2903 3556 2959 duo-

1967 2998 2069 3053 bus
2101 2998 2240 3054 vasis
2274 2996 2557 3053 recondita
2602 3005 2733 3052 sunt
2772 2996 3055 3068 pradicta,
3086 2996 3296 3053 scilicet
3344 2998 3561 3070 sanguis

235 3109 405 3150 sacra
431 3094 689 3165 mysteria
718 3110 815 3165 pro
844 3109 909 3148 eo
940 3093 1153 3149 ﬂerent.
1196 3096 1265 3148 Et
1293 3093 1537 3148 maxima
1578 3091 1855 3147 altercatio
1891 3132 1934 3194 Ο
1964 3100 2017 3146 et
2062 3108 2202 3163 aqua
2248 3107 2370 3163 qua
2415 3091 2693 3147 ﬂuxerunt
2747 3090 2815 3146 de
2860 3105 3093 3162 corpore
3142 3094 3274 3147 Jesu
3323 3091 3556 3160 Christi;

235 3189 393 3243 inter
443 3190 722 3243 Mantuam
766 3195 819 3242 et
848 3188 1114 3242 Canosam
1153 3194 1269 3241 orta
1313 3195 1413 3242 est.
1460 3189 1602 3241 Nam
1647 3187 1855 3241 Canosa

232 3281 465 3337 dicebat
490 3280 637 3351 quod
672 3279 907 3335 debebat
936 3280 1133 3335 habere
1157 3295 1356 3351 corpus
1383 3279 1517 3334 dicti
1559 3277 1850 3341 Bonifacii,

233 3389 379 3430 cum
418 3373 640 3428 haberet
669 3374 931 3445 majores;
965 3375 1191 3427 Mantua
1233 3358 1361 3428 vero
1395 3388 1453 3428 se
1504 3369 1854 3438 defendebat,

230 3468 373 3539 quia
403 3467 577 3538 major
612 3475 747 3521 erat.
772 3486 801 3517 ››
843 3469 904 3521 ln
932 3466 1233 3521 Donizonis
1260 3472 1514 3537 poemate
1542 3461 1673 3518 nihil
1702 3478 1853 3519 nunc

232 3562 313 3616 de
344 3560 575 3616 ecclesia
602 3559 713 3625 illa,
746 3559 838 3615 ubi
866 3559 1113 3631 sepultus
1138 3557 1240 3614 fuit
1257 3557 1537 3613 Mathildis
1566 3564 1719 3627 pater
1738 3556 1849 3611 dux

232 3652 582 3709 Bonifacius.
625 3654 1043 3710 Altercationem
1086 3667 1217 3724 ergo
1278 3651 1427 3706 illam
1474 3665 1574 3706 suo
1624 3650 1746 3705 loco
1792 3650 1847 3704 in

231 3746 503 3819 prasenti
532 3745 774 3802 editione
793 3746 1118 3802 restituam.

318 3842 385 3894 In
414 3839 522 3895 fine
548 3855 674 3895 vero
714 3838 877 3911 hujus
915 3839 1058 3894 Vita
1099 3838 1329 3893 habetur
1381 3836 1622 3892 narratio
1650 3837 1846 3892 mortis

236 3930 519 3989 Bonifacii
551 3932 818 4003 ejusdem,
862 3932 1017 4004 cujus
1060 3931 1275 3986 initium
1310 3939 1432 3986 est:
1468 3954 1491 3978 α
1524 3930 1612 3986 Ad
1656 3945 1842 3985 veram

233 4034 434 4084 autem
462 4026 758 4081 Historiam
811 4026 1009 4080 dicitur
1062 4022 1130 4079 de
1176 4031 1351 4079 morte
1378 4022 1635 4078 Bonifacii
1674 4023 1844 4094 patris

235 4118 566 4184 comitissa,
611 4117 757 4189 quod
786 4117 921 4174 dum
950 4118 1064 4189 ipse
1092 4114 1414 4172 offendisset
1437 4115 1731 4186 quemdam
1771 4114 1840 4170 de

237 4212 593 4282 Campitello,
644 4210 867 4265 nomine
908 4212 1227 4282 Scarpetam
1256 4209 1322 4265 de
1359 4208 1689 4275 Canevariis,
1736 4208 1848 4279 ipse

237 4306 505 4376 Scarpeta
550 4304 752 4375 accepit
802 4319 990 4359 arcum
1052 4312 1107 4358 et
1156 4304 1379 4375 sagittas
1442 4302 1728 4369 toxicatas,
1794 4310 1847 4355 et

239 4398 381 4453 dum
432 4397 545 4467 ipse
593 4396 836 4453 marchio
892 4394 1204 4451 Bonifacius
1250 4396 1433 4451 ivisset
1476 4403 1733 4450 venatum
1789 4394 1844 4447 in

1964 3185 2110 3256 quod
2147 3194 2201 3241 et
2244 3184 2388 3241 fecit.
2434 3184 2593 3239 Dicta
2623 3200 2751 3239 vero
2814 3183 3071 3240 ducatrix
3119 3185 3234 3240 sive
3284 3185 3559 3241 comitissa

1960 3277 2135 3332 dixit:
2176 3277 2489 3343 Adelberte,
2530 3278 2575 3332 si
2605 3277 2708 3332 hoc
2738 3292 2927 3333 verum
2971 3293 3085 3332 non
3110 3277 3231 3345 erit,
3261 3277 3458 3333 faciam
3504 3286 3558 3333 te

1961 3370 2188 3442 ﬂagellis
2211 3370 2377 3435 cadi;
2410 3377 2464 3425 et
2507 3370 2808 3441 ﬂagellatus
2848 3368 2953 3425 fuit
2993 3369 3173 3425 dictus
3208 3370 3556 3428 Adelbertus.

1961 3465 2164 3518 lterum
2179 3463 2419 3519 secundo
2437 3464 2689 3535 apparuit
2710 3466 2773 3518 B.
2795 3462 3043 3519 Andreas
3063 3463 3206 3519 dicto
3229 3462 3553 3531 Adelberto,

1957 3556 2147 3612 dicens
2192 3556 2240 3612 ei
2290 3565 2351 3611 ut
2380 3554 2725 3627 pradixerat.
2773 3556 2879 3625 Qui
2927 3554 3257 3612 Adelbertus
3284 3555 3423 3612 dixit
3451 3556 3558 3612 hoc

1956 3649 2268 3717 comitissa,
2315 3658 2370 3706 et
2414 3666 2527 3705 non
2565 3649 2844 3704 inventum
2891 3657 2990 3717 est,
3025 3657 3081 3705 et
3103 3649 3407 3721 ﬂagellatus
3450 3657 3553 3706 est.

1955 3745 2163 3799 Iterum
2204 3743 2367 3799 tertio
2410 3742 2660 3815 apparuit
2692 3742 2883 3798 beatus
2911 3742 3180 3811 Andreas,
3241 3742 3557 3799 confortans

1953 3850 2081 3891 eum
2128 3836 2275 3908 quod
2304 3834 2483 3892 adhuc
2532 3835 2787 3891 suaderet
2822 3835 3114 3892 comitissa
3153 3835 3301 3908 quod
3329 3834 3445 3892 fodi
3474 3835 3557 3891 fa-

1952 3938 2116 3997 ceret,
2147 3930 2295 4002 quod
2344 3940 2398 3987 et
2440 3929 2574 3986 fecit
2616 3928 2938 3986 conditione
2988 3928 3269 4000 pradicta.
3306 3929 3556 3987 Tandem

1952 4024 2311 4095 prasentibus
2340 4022 2589 4095 pluribus
2617 4022 2883 4095 episcopis
2925 4022 3174 4078 inventus
3202 4021 3310 4079 fuit
3336 4025 3555 4095 sanguis

1950 4126 2005 4173 et
2032 4133 2172 4189 aqua
2203 4133 2329 4190 qua
2354 4117 2631 4173 ﬂuxerant
2656 4116 2724 4172 de
2749 4132 2980 4188 corpore
3019 4115 3243 4185 Christi,
3272 4125 3327 4172 et
3355 4132 3553 4189 corpus

1955 4211 2017 4264 B.
2074 4210 2329 4281 Longini,
2374 4210 2523 4279 quod
2567 4224 2768 4279 corpus
2808 4209 3157 4265 reconditum
3201 4206 3305 4264 fuit
3344 4210 3398 4265 in
3426 4225 3551 4266 arca

1956 4302 2179 4373 pulchra
2208 4302 2263 4356 in
2287 4302 2427 4357 dicta
2460 4301 2705 4356 ecclesia.
2738 4303 2967 4373 Sanguis
2991 4317 3120 4358 vero
3169 4311 3223 4358 et
3251 4319 3387 4375 aqua
3424 4320 3552 4359 cum

1953 4396 2184 4451 vasculis
2218 4393 2502 4451 recondita
2548 4393 2767 4449 fuerunt
2803 4393 2861 4449 in
2893 4394 3229 4450 confessione
3276 4396 3439 4452 dicta
3467 4412 3552 4452 ec-

239 4489 496 4561 quodam
525 4505 755 4545 nemore
779 4490 916 4546 ultra
946 4489 1134 4546 Olium
1156 4488 1209 4543 in
1230 4488 1474 4560 partibus
1494 4488 1675 4543 Sancti
1699 4489 1844 4542 Mar-
1876 4504 1925 4566 ι)
1957 4488 2154 4557 clesia,
2195 4497 2249 4545 et
2284 4486 2461 4543 adhuc
2500 4494 2652 4543 sunt.
2682 4489 2909 4559 Propter
2950 4487 3101 4558 quod
3142 4487 3279 4544 dicta
3306 4489 3548 4558 ecclesia,

238 4584 345 4639 tini
374 4583 446 4639 de
478 4584 701 4650 Arzino,
730 4584 1070 4654 episcopatus
1100 4583 1403 4649 Cremona,
1447 4598 1479 4637 a
1512 4582 1657 4637 dicto
1682 4583 1844 4637 Scar-

240 4684 371 4748 peta
420 4683 545 4746 post
586 4676 881 4747 quamdam
923 4692 1204 4747 quercum,
1235 4675 1348 4731 sive
1398 4674 1679 4740 roborem,
1723 4688 1845 4744 qua

138 4773 155 4783 ‘
240 4769 431 4825 adhuc
480 4767 683 4824 dicitur
711 4769 784 4823 ibi
836 4776 967 4824 tunc
994 4768 1183 4832 fuisse,
1214 4784 1341 4824 cum
1392 4768 1508 4839 ipse
1549 4767 1704 4839 quasi
1750 4783 1844 4838 per

242 4860 548 4933 quemdam
598 4860 960 4917 monticulum
1008 4862 1346 4930 ascenderet,
1396 4876 1524 4916 cum
1553 4860 1746 4932 sagitta
1789 4868 1844 4915 et

242 4971 377 5010 arcu
408 4963 535 5026 post
561 4954 762 5010 dictam
795 4970 1055 5027 quercum
1086 4955 1349 5026 percussit
1374 4953 1664 5010 dominum
1695 4968 1842 5008 mar-

243 5047 523 5115 chionem,
560 5054 708 5102 stans
733 5064 859 5103 cum
890 5064 996 5103 uno
1023 5064 1163 5120 genu
1189 5047 1333 5103 ﬂexo
1376 5048 1430 5102 in
1480 5055 1644 5112 terra,
1675 5054 1729 5101 et
1758 5045 1841 5101 fa-

243 5141 398 5197 ciens
424 5141 606 5213 plures
635 5156 852 5211 passus;
878 5147 930 5195 et
957 5141 1161 5197 ibidem
1189 5140 1367 5197 adhuc
1395 5147 1654 5212 apparent
1680 5140 1843 5194 vesti-

245 5234 335 5305 gia
372 5242 427 5289 et
456 5232 658 5305 pedica
689 5233 743 5287 in
777 5233 898 5288 loco
941 5233 1223 5305 pradicto,
1254 5234 1321 5289 ab
1362 5249 1428 5290 eo
1466 5232 1615 5305 quod
1646 5232 1842 5288 dicitur

245 5327 400 5397 quod
419 5342 699 5398 nunquam
720 5326 797 5381 ibi
818 5334 1069 5382 nascatur
1095 5325 1293 5394 herba;
1320 5335 1391 5394 et,
1420 5328 1464 5382 si
1490 5326 1841 5381 destruantur

245 5419 413 5475 dicta
443 5420 645 5492 pedica
689 5420 798 5476 sive
837 5420 1083 5490 vestigia,
1122 5419 1321 5476 dicitur
1349 5420 1495 5491 quod
1540 5422 1711 5475 altera
1754 5420 1840 5475 die

247 5513 431 5567 adhuc
454 5522 719 5583 apparent
757 5513 900 5569 sicut
930 5512 1078 5584 prius
1100 5512 1451 5584 apparebant.
1478 5516 1589 5568 Nec
1618 5513 1675 5568 in
1702 5527 1839 5583 pra-

248 5603 401 5660 dicto
430 5604 549 5660 loco
572 5622 636 5660 ex
667 5615 853 5678 postea
893 5604 1115 5678 aliquod
1144 5605 1349 5661 cultum
1380 5605 1510 5673 fuit;
1540 5604 1637 5661 sed
1674 5605 1850 5661 adhuc

254 5695 359 5750 ista
402 5713 636 5769 quercus
668 5709 793 5769 stat,
852 5708 907 5755 et
935 5708 1120 5771 postea
1164 5699 1327 5755 stetit.
1378 5721 1403 5745 ι
1436 5702 1852 5755 Monumentum

256 5786 362 5843 hoc
389 5805 615 5847 causam
657 5794 840 5864 Pigna
880 5800 940 5849 .et
978 5792 1200 5863 Sigonio
1228 5790 1373 5848 dedit
1399 5791 1671 5848 scribendi
1703 5792 1848 5863 prin-

1956 4598 2079 4655 qua
2127 4583 2279 4654 prius
2328 4582 2503 4637 fuerat
2530 4580 2795 4652 hospitale
2843 4596 3095 4652 parvum,
3126 4580 3266 4637 facta
3295 4589 3379 4637 est
3422 4598 3551 4638 mo-

1953 4678 2254 4732 nasterium
2296 4690 2558 4748 magnum
2580 4682 2635 4730 et
2662 4674 2865 4743 nobile,
2898 4681 2953 4729 et
2987 4672 3195 4730 ibidem
3223 4674 3392 4731 abbas
3420 4692 3549 4733 cum

1954 4769 2241 4825 monachis
2290 4776 2576 4825 cantantes
2636 4767 2850 4824 divinas
2906 4774 3312 4840 nocturnasque
3366 4769 3552 4827 laudes

1953 4870 2131 4931 stant;
2162 4870 2218 4917 et
2245 4861 2391 4917 dicta
2423 4860 2646 4916 ecclesia
2688 4860 2831 4915 facta
2868 4859 2991 4929 fuit,
3035 4860 3178 4916 sicut
3220 4861 3387 4918 modo
3444 4872 3545 4929 est,

1954 4970 2171 5026 magna,
2202 4962 2256 5009 et
2279 4954 2526 5026 pulchra,
2560 4962 2616 5010 et
2643 4954 2772 5021 lata,
2799 4960 2852 5009 et
2870 4953 3057 5009 dotata
3087 4952 3193 5009 fuit
3220 4969 3317 5026 per
3344 4954 3548 5012 dictam

1952 5048 2274 5115 Beatricem,
2307 5055 2363 5103 et
2404 5063 2499 5118 per
2551 5045 2863 5103 Matbildim
2893 5047 3013 5119 ejus
3054 5047 3239 5116 ﬁliam,
3290 5049 3446 5119 quasi
3481 5048 3549 5105 de

1952 5141 2209 5197 omnibus
2237 5156 2358 5212 qua
2388 5140 2553 5196 habet
2587 5141 2731 5195 inter
2774 5139 2987 5196 Padum
3026 5146 3081 5196 et
3125 5142 3354 5209 Lacum,
3386 5149 3441 5197 et
3480 5141 3549 5198 de

1951 5242 2066 5290 tota
2095 5234 2241 5290 curia
2280 5234 2605 5290 Fornicata.
2645 5233 2732 5289 Ob
2760 5248 2997 5304 quorum
3039 5234 3399 5290 reverentiam
3426 5234 3547 5291 inﬁ-

1952 5328 2078 5384 nita
2123 5328 2388 5393 nationes,
2436 5335 2551 5382 tam
2594 5327 3149 5383 Ultramontanorum
3195 5342 3363 5399 quam
3417 5328 3547 5384 Ala-

1953 5436 2307 5486 mannorum,
2349 5420 2519 5475 etiam
2567 5420 3010 5476 Lombardorum
3053 5426 3109 5474 et
3136 5422 3463 5486 Tuscorum,
3494 5430 3548 5477 et

1952 5512 2283 5568 diversarum
2314 5512 2601 5568 nationum
2623 5513 2871 5569 solebant
2892 5511 3074 5568 venire
3093 5521 3317 5584 propter
3343 5512 3547 5568 dictam

1958 5604 2304 5661 devotionem
2335 5604 2403 5661 ad
2455 5604 2728 5661 civitatem
2758 5608 3017 5671 Mantua,
3060 5614 3307 5677 tempore
3334 5608 3541 5660 Ascen-

1961 5698 2134 5754 sionis
2184 5697 2431 5766 Domini,
2473 5705 2526 5752 et
2563 5697 2634 5752 ibi
2677 5696 2850 5751 multa
2890 5695 3117 5753 donaria
3156 5695 3454 5763 faciebant;
3486 5704 3541 5751 et

1962 5793 2020 5845 in
2072 5791 2284 5847 civitate
2334 5794 2578 5846 Mantua
2619 5787 2967 5858 jejunabatur
3005 5788 3147 5845 dicta
3196 5787 3541 5845 hebdomada
