4010 6164
555 367 659 422 947

1558 357 1650 412 ΑΙ)
1689 354 1915 412 OPERA
1953 355 2009 411 S.
2051 355 2372 412 GREGORII
2410 354 2847 411 APPENDICES.
3677 360 3747 413 948

552 504 729 562 usque
752 487 820 545 ad
845 486 998 542 diem
1028 483 1200 553 Jovis,
1229 481 1357 538 licet
1384 495 1482 554 per
1503 483 1816 537 Romanam
1842 479 2143 535 Ecclesium
2172 482 2229 545 Α
2264 478 2508 550 illudque
2568 478 2840 550 integrum
2884 479 2941 533 in
2988 453 3151 534 suum
3193 477 3394 533 librum
3438 476 3670 546 derivavit,
3689 481 3752 537 sed

554 584 704 640 nulla
779 579 960 652 vigilia
1020 577 1135 636 sive
1186 574 1458 650 jejunium
1515 573 1612 630 ﬁat
1663 573 1804 630 inter
1857 581 2156 644 utrumque

557 679 786 736 Pascha.

630 795 658 821 α
709 772 847 828 Haec
902 777 987 826 est
1036 765 1345 823 recordatio
1421 762 1762 820 marchionis
1833 760 2154 831 Tbeodaldi;

559 863 780 939 quando
801 863 961 932 obiit,
989 859 1248 918 currebat
1269 864 1429 925 1011,
1453 855 1643 913 indict.
1666 871 1728 912 v.

630 977 660 1012 α
698 959 842 1014 Item
911 953 1224 1012 Bonifacius
1262 951 1509 1008 marchio
1554 949 1684 1006 vixit
1745 957 1868 1020 post
1917 956 2157 1004 mortem

556 1050 859 1108 Theodaldi
885 1048 1053 1123 patris
1076 1048 1194 1121 ejus
1221 1052 1293 1102 45
1320 1045 1516 1116 annis;
1541 1051 1598 1102 et
1619 1042 1843 1116 quando
1862 1041 2021 1111 obiit,
2043 1058 2160 1100 cur-

556 1145 712 1202 rebat
736 1150 900 1212 1052,
923 1142 1112 1200 indict.
1137 1157 1199 1199 ν.

632 1261 658 1286 α
701 1241 847 1296 Item
883 1235 1159 1294 comitissa
1178 1234 1457 1292 Mathildis
1487 1233 1627 1288 vixit
1650 1239 1772 1304 post
1800 1239 2036 1286 mortem
2055 1233 2158 1285 Bo-

558 1331 746 1390 nifacii
798 1329 1130 1387 marchionis
1199 1328 1367 1400 patris
1417 1327 1533 1400 ejus
1581 1330 1651 1382 63
1703 1324 1878 1381 annis.
1927 1323 2159 1394 Quando

557 1425 711 1494 obiit,
742 1424 996 1481 currebat
1023 1425 1182 1490 1115,
1212 1421 1398 1477 indict.
1425 1433 1572 1474 xm.
1600 1439 1624 1469 ι

630 1521 842 1574 Praeter
864 1516 984 1572 hac
1007 1515 1063 1571 in
1090 1513 1306 1570 duobus
1350 1511 1636 1569 codicibus
1682 1526 1790 1566 ms.
1820 1510 2160 1566 bibliotheca:

561 1612 807 1668 Estensis
829 1609 955 1666 duae
986 1608 1109 1664 alia:
1147 1606 1433 1663 Mathildis
1465 1607 1610 1662 Vitae
1653 1604 1944 1672 habentur,
1975 1618 2163 1675 eaeque

558 1704 749 1761 itidem
771 1718 835 1759 ex
861 1701 1147 1758 Donizone
1175 1699 1419 1756 breviato
1447 1698 1715 1755 deductae.
1749 1698 1933 1754 Prima
1967 1697 2165 1752 inscri-

558 1799 709 1854 bitur
729 1817 745 1854 :
769 1800 1017 1854 Historia
1044 1798 1284 1852 omnium
1302 1795 1562 1850 nobilium
1591 1797 1641 1848 et
1668 1798 2074 1861 antecessorum,
2096 1792 2162 1846 de

553 1907 783 1962 quorum
802 1892 1073 1961 prosapia
1117 1890 1236 1957 fuit
1275 1890 1543 1944 comitissa
1570 1886 1878 1949 Mathildis,
1923 1893 2029 1941 etc.
2057 1885 2156 1940 Ca-
2189 1884 2237 1946 B

551 1983 675 2054 pitis
700 1982 861 2054 primi
883 1982 987 2037 tale
1016 1988 1102 2038 est
1129 1979 1419 2036 exordium
1453 1999 1465 2034 :
1498 1980 1674 2034 Comes
1702 1976 2019 2053 Sigefredus
2058 1993 2151 2032 ve-

552 2079 639 2131 nit
668 2077 738 2131 de
762 2077 1019 2131 comitatu
1048 2075 1367 2131 Lucensium
1396 2075 1457 2126 in
1484 2074 1788 2142 episcopatu
1810 2074 2007 2141 Regina
2035 2087 2154 2125 cum

558 2170 733 2224 tribus
759 2168 910 2238 ﬁliis,
951 2174 1060 2222 etc.
1102 2170 1167 2221 In
1228 2167 1403 2222 altero
1450 2163 1633 2220 codice
1677 2163 1875 2236 legitur
1923 2166 2157 2234 :Incipit

557 2263 800 2317 Historia
844 2264 1041 2316 sancta:
1084 2261 1352 2314 memoria:
1412 2259 1704 2312 ducatricis
1770 2260 1820 2312 et
1878 2260 2155 2312 comitisscc

559 2353 868 2417 Mathildis,
913 2358 965 2408 et
993 2354 1228 2408 omnium
1255 2366 1478 2406 suorum
1512 2351 1986 2422 praedecessorum.
2017 2353 2158 2405 Tum

558 2447 728 2504 minio
747 2446 1052 2517 conscripta
1075 2444 1195 2501 haec
1211 2452 1341 2500 nota
1369 2443 1632 2500 habetur:
1661 2447 1800 2502 Nota
1822 2445 1963 2514 quod
1994 2447 2158 2500 istam

559 2541 835 2610 legendam
861 2541 1079 2609 scripsit
1107 2538 1330 2608 quidam
1376 2538 1664 2592 monachus
1711 2539 1777 2593 de
1819 2536 2021 2592 Canosa
2047 2553 2162 2593 me-

560 2635 726 2702 trice;
752 2633 893 2687 unde
913 2631 1252 2687 consideravi
1261 2645 1459 2699 vermis,
1489 2635 1538 2684 et
1557 2633 1748 2685 seriem
1771 2629 1886 2698 ejus
1910 2623 2160 2685 Historia:

559 2727 744 2796 accepi
766 2727 1014 2793 breviter,
1042 2725 1290 2780 resecatis
1309 2721 1499 2797 multis
1527 2725 1834 2792 superﬂuis.
1860 2725 1926 2778 In
1941 2725 2163 2792 prologo

558 2834 654 2875 suo
680 2821 755 2874 sic
775 2818 1041 2889 procedit.
1069 2819 1258 2872 Primo
1285 2817 1438 2884 dicit,
1458 2817 1599 2885 quod
1624 2821 1764 2879 acta,
1798 2822 1852 2872 et
1883 2822 2037 2885 gesta
2066 2821 2148 2872 1n-

561 2913 872 2974 dianorum,
917 2919 1023 2967 etc.
1066 2909 1150 2966 Ibi
1179 2925 1306 2966 vero
1347 2909 1400 2963 in
1438 2908 1550 2963 ﬁne
1577 2909 1832 2981 leguntur
1875 2908 2000 2966 duae
2039 2898 2164 2966 ora-

561 3005 760 3073 tiones,
798 3019 932 3075 quas
978 3003 1293 3074 composuit
1330 3002 1652 3058 venerabilis
1697 3005 1921 3058 antistes
1953 3008 2168 3059 sanctus

561 3099 849 3154 Anselmus
893 3097 969 3152 ad
995 3099 1399 3152 consolationem
1442 3097 1674 3151 dominae
1730 3098 2012 3151 comitissce
2048 3099 2167 3153 Ma-

562 3178 965 3262 thildisNeque
981 3188 1425 3262 praetereundum
1466 3189 1700 3257 videtur,
1740 3190 1856 3260 jam
1881 3197 2008 3244 ante
2046 3189 2155 3246 duo

564 3286 759 3344 saecula
781 3285 1087 3342 Historiam
1115 3285 1181 3340 de
1203 3286 1360 3340 rebus
1380 3287 1542 3354 gestis
1572 3285 1853 3340 comitissee
1875 3285 2156 3341 Mathildis
2191 3262 2235 3324 C

565 3381 785 3450 ejusque
815 3382 1085 3450 majorum
1114 3378 1313 3433 Latino
1343 3378 1506 3450 stylo,
1537 3392 1709 3448 eoque
1737 3377 1988 3450 eleganti,
2034 3393 2172 3432 con-

564 3479 778 3528 textam
803 3471 970 3528 fuisse
1011 3486 1043 3526 a
1070 3473 1321 3542 Baptista
1343 3472 1564 3526 Panetio
1591 3470 1928 3526 Ferrariensi
1962 3484 2170 3524 carme-

567 3565 683 3636 lita,
713 3565 808 3637 qui
831 3565 1047 3622 circiter
1063 3579 1270 3621 annum
1293 3563 1495 3620 Christi
1521 3568 1656 3619 1490
1724 3563 1930 3632 ﬁoruit,
1957 3571 2012 3619 et
2037 3565 2168 3619 Fer-

566 3659 863 3714 rariensem
900 3672 1118 3728 quoque
1171 3656 1474 3712 Historiam
1520 3658 1756 3726 posteris
1790 3657 2164 3728 pollicebatur.

567 3748 615 3806 Ε
645 3763 752 3806 ms.
779 3747 988 3816 codice,
1030 3763 1199 3820 quem
1227 3751 1419 3804 Patres
1454 3763 1568 3804 soc.
1598 3750 1732 3805 Jesu
1760 3751 1976 3822 collegii
2001 3751 2171 3808 Muti-

567 3841 756 3899 nensis
792 3849 1028 3909 servant,
1055 3842 1243 3899 Vitam
1269 3839 1410 3896 hanc
1427 3840 1824 3913 descripseram
1850 3859 1974 3915 ego,
2006 3852 2170 3916 atque

569 3933 734 3991 edere
760 3931 1087 3988 meditabar.
1117 3931 1370 3988 Abstinui
1393 3941 1600 3999 tamen,
1638 3933 1837 3988 timore
1860 3934 2075 4004 ductus,
2098 3953 2169 3992 ne

571 4033 698 4098 post
722 4023 1006 4083 Mathildis
1035 4023 1342 4081 Historiam
1368 4041 1402 4084 a
1429 4025 1826 4082 recentioribus
1844 4029 2168 4084 accuratiori

570 4135 704 4176 sane
743 4115 931 4176 studio
977 4118 1380 4184 elucubratam,
1443 4117 1564 4174 haac
1610 4125 1707 4174 aut
1756 4119 2031 4191 superﬂua
2076 4130 2170 4177 aut

572 4229 767 4269 manca
807 4210 1102 4268 videretur.
1149 4212 1424 4269 Caeterum
1455 4212 1735 4279 Panetius,
1777 4212 1870 4285 qui
1899 4213 1957 4268 in
1984 4212 2168 4271 fronte

572 4306 695 4363 libri
740 4309 1146 4364 elimatissimus
1181 4309 1489 4372 historicus,
1533 4313 1584 4364 et
1611 4312 1837 4380 scriptor
1873 4311 2168 4367 luculentus

573 4401 891 4474 appellatur,
907 4401 1008 4458 sub
1029 4401 1202 4458 oculis
1221 4401 1412 4459 habuit
1428 4410 1485 4459 et
1505 4403 1619 4474 ipse
1632 4403 1935 4460 Donizonis
1950 4419 2165 4476 poema,

2261 572 2428 626 tacito
2458 572 2685 627 nomine
2715 572 3019 642 scriptoris,
3049 587 3146 642 per
3173 586 3341 642 quem
3362 578 3561 627 tantum
3585 572 3753 642 profece-

2261 674 2364 721 rat.
2396 665 2857 736 Quod‘silentium
2886 681 3072 728 nemo,
3104 673 3166 720 ut
3195 663 3447 733 arbitror,
3478 663 3676 721 laudabit
3695 677 3755 722 aut

2264 757 2417 826 feret,
2445 758 2523 814 uti
2550 774 2726 830 neque
2753 758 2976 813 illorum
3007 758 3120 829 qui,
3148 758 3344 814 vetusti
3369 758 3576 822 alicuius
3598 759 3756 830 scripto-

2262 851 2337 908 ris
2361 852 2576 908 scriniis
2601 852 2870 923 expilatis,
2897 859 3205 922 sperarunt,
3232 867 3298 906 eo
3325 850 3605 922 deperdito,
3627 852 3707 906 imo
3726 861 3759 906 et

2263 961 2359 1018 per
2384 959 2665 1001 summam
2704 943 3114 1016 improbitatem
3139 960 3169 999 e
3194 943 3378 1000 medio
3407 944 3616 1015 sublato,
3637 959 3708 1001 sua
3725 946 3760 1000 in

2263 1047 2547 1111 posterum
2575 1039 2734 1095 unice
2769 1037 2994 1111 legenda
3027 1045 3082 1094 et
3107 1037 3490 1109 conquirenda.

2336 1139 2405 1190 Et
2433 1135 2553 1192 haec
2597 1133 2815 1206 quidem
2847 1133 3015 1190 habui
3061 1148 3183 1206 quae
3211 1133 3280 1189 de
3307 1132 3572 1189 Donizone
3605 1133 3763 1203 ejusque

2266 1237 2520 1302 poemate
2548 1235 2975 1285 commentarer.
3008 1231 3097 1282 An
3122 1227 3225 1283 alia
3250 1227 3341 1282 ille
3362 1225 3512 1281 nobis
3537 1242 3594 1282 ex
3617 1225 3764 1296 ingenio

2265 1339 2365 1379 suo
2406 1322 2706 1394 reliquerit,
2751 1322 3155 1394 percontabitur
3199 1321 3394 1378 lector.
3424 1322 3532 1392 Ego
3564 1336 3697 1376 unum
3716 1321 3767 1374 in-

2265 1418 2478 1474 dicabo.
2527 1420 2593 1472 In
2633 1415 2853 1472 laudato
2900 1416 3087 1472 codice
3145 1431 3252 1471 ms.
3319 1414 3560 1486 Regieusi
3609 1412 3768 1469 habetur

2268 1513 2437 1567 etiam
2477 1512 2770 1567 Enarratio
2817 1513 3029 1568 Genesis
3068 1509 3402 1564 hexametris
3429 1516 3482 1564 et
3505 1507 3768 1578 pentametris

2267 1605 2512 1662 versibus
2539 1605 2610 1660 ab
2633 1606 2752 1677 ipso
2775 1605 3060 1660 Donizone
3079 1597 3407 1676 composita,
3435 1602 3577 1675 cujus
3593 1601 3654 1656 rei
3668 1601 3768 1656 testis

2268 1708 2350 1758 est
2372 1715 2558 1756 versus
2581 1700 2682 1754 iste
2707 1699 2766 1753 in
2797 1696 2974 1752 fronte
3003 1697 3212 1767 positus
3245 1716 3260 1750 :

2339 1805 2465 1862 Haec
2515 1803 2729 1860 Genesis
2775 1804 2920 1870 ﬁctio
2965 1801 3102 1873 (lego
3144 1800 3330 1869 ﬁnxit)
3377 1799 3766 1936 gratanteg'mizetrra

3699 1884 3766 1922 ιη.

3699 1884 3766 1922 ιεθ.

2332 1965 2416 2020 Ita
2440 1977 2568 2017 vero
2597 1959 2883 2016 exorditur
2917 1978 2930 2014 :

2402 2066 2737 2132 Principium
2756 2078 2939 2117 rerum
2967 2065 3177 2117 struwit
3206 2064 3485 2132 Sapientia
3507 2060 3671 2132 coelum.

2474 2130 2737 2190 Primitus
2769 2150 2919 2188 omne
2939 2135 3107 2188 solum
3132 2130 3383 2187 condidit
3413 2137 3557 2200 atque
3575 2130 3724 2198 polum.

2408 2208 2569 2264 Senos
2592 2221 2795 2274 perque
2823 2205 2938 2260 dies
2965 2206 3074 2259 hlBC
3097 2209 3265 2259 ornat
3287 2206 3530 2263 maxime,
3558 2203 3725 2255 dicens:

2479 2279 2648 2332 Astra
2664 2279 2857 2331 micent
2877 2277 3067 2346 plura,
3092 2276 3230 2330 luna
3251 2278 3324 2331 sit
3351 2280 3493 2330 astra
3510 2275 3687 2340 fugam,
3702 2276 3768 2322 etc.

2339 2383 2661 2454 Completur
2682 2387 2862 2436 totum
2903 2382 3056 2452 Opus
3083 2380 3338 2436 versibus
3365 2385 3483 2445 368,
3501 2391 3615 2448 quos
3634 2373 3771 2429 descri-

2269 2479 2397 2534 bere
2425 2477 2644 2533 animus
2671 2490 2784 2530 non
2811 2473 2934 2541 fuit,
2966 2472 3103 2528 nihil
3133 2473 3296 2528 enim
3332 2470 3642 2533 exhibebant,
3672 2462 3771 2536 quod

2270 2571 2459 2627 oculos
2482 2569 2752 2624 lectorum
2818 2566 3036 2622 allicere
3080 2580 3334 2637 unquam
3374 2563 3550 2636 possit.
3590 2563 3637 2615 ln
3672 2557 3772 2614 calce

2271 2664 2652 2722 Enarrationis
2678 2663 2940 2732 leguntur
2967 2659 3023 2714 hi
3049 2673 3252 2715 versus
3277 2679 3292 2713 :

2414 2768 2537 2821 Hac
2563 2765 2754 2835 pina-it
2776 2768 2949 2816 certus
2978 2764 3238 2817 Lucensis
3262 2763 3431 2831 pictor
3462 2759 3664 2835 Uberius.

2414 2840 2542 2892 Ecce
2563 2833 2667 2891 'Dei
2696 2849 2927 2900 magnus
2955 2835 3177 2887 miseros
3222 2836 3320 2902 qui
3339 2833 3553 2902 protegit
3577 2841 3728 2898 agnos;

2414 2909 2580 2962 Sacra
2603 2907 2701 2962 Dei
2729 2907 2924 2959 demtra
2954 2905 3177 2958 benedic
3199 2919 3308 2960 ποθ
3335 2908 3471 2960 intus
3491 2905 3535 2956 et
3558 2902 3698 2954 extra.

2415 2978 2599 3032 Pande
2628 2980 2821 3031 Petrus
2845 2983 3056 3045 portas,
3083 2983 3187 3030 etc.

2419 3050 2685 3117 Scriptori
2711 3042 3184 3102 libri—tribuantur
3214 3049 3410 3117 gratiae
3436 3042 3621 3101 Christi.

2352 3152 2414 3203 In
2459 3149 2705 3219 margine
2773 3155 2964 3202 autem
3007 3147 3245 3215 codicis,
3298 3147 3386 3202 ubi
3437 3151 3650 3201 narratur
3680 3148 3779 3193 mors

2265 3241 2528 3300 Beatricis
2545 3241 2799 3306 ducissm,
2828 3240 2946 3296 haac
2974 3239 3319 3296 adnotantur
3345 3241 3409 3296 de
3430 3239 3534 3311 ejus
3557 3233 3742 3307 sepulcro
3771 3244 3779 3277 2

2709 3344 2902 3398 Versus
2924 3344 3122 3396 tumuli
3141 3345 3303 3412 apud
3327 3346 3484 3397 Pisas.
3613 3410 3635 3412 Ἀ
3697 3405 3741 3412 __

2422 3416 2676 3482 Quamvis
2715 3416 2991 3483 peccatria:
3026 3430 3145 3468 sum
3173 3409 3396 3469 damna
3422 3415 3585 3466 vocata
3608 3409 3777 3486 Beate:

2421 3489 2486 3541 In
2519 3482 2726 3540 tumqu
2765 3488 2953 3552 missa,
3001 3501 3330 3554 quanquam
3354 3486 3540 3552 fuerim
3577 3482 3779 3554 comitata.

2423 3556 2658 3625 Quilibet
2679 3573 2804 3626 ergo
2818 3547 2971 3626 pater
2994 3547 3179 3612 noster
3196 3558 3299 3614 det
3312 3547 3410 3628 pro
3430 3569 3534 3611 mea
3553 3551 3696 3607 anima
3716 3547 3780 3596 ter.

2348 3661 2432 3714 Tu
2489 3658 2608 3717 vide
2670 3657 3096 3727 Florentinium,
3146 3657 3255 3714 lib.
3312 3672 3378 3727 II,
3432 3669 3545 3728 pag.
3589 3653 3664 3706 161
3692 3643 3784 3700 Vita

2279 3750 2583 3808 Mathildis.

2351 3848 2433 3900 Ex
2459 3844 2716 3916 subjectis
2738 3843 3008 3900 Leibnitii
3038 3843 3273 3911 notulis,
3307 3858 3438 3916 quas
3464 3835 3648 3901 retinui,
3670 3831 3783 3886 facem

2279 3937 2556 3995 interdum
2583 3937 2811 4008 accipiet
2840 3937 3013 3993 lector
3037 3937 3182 3992 inter
3197 3937 3458 3993 tenebras
3480 3951 3508 3991 a
3533 3937 3666 4004 poeta
3687 3920 3784 3980 ollu-

2277 4047 2382 4088 sas.
2413 4036 2475 4088 In
2503 4046 2632 4087 eum
2663 4029 2835 4086 ﬁnem
2874 4045 3030 4087 meas
3057 4038 3113 4085 et
3139 4045 3249 4102 ego
3286 4029 3468 4086 addidi
3509 4027 3666 4082 breves
3681 4021 3785 4071 notas

2278 4126 2381 4196 Qui
2423 4140 2552 4180 vero
2595 4124 2751 4196 plura
2798 4132 2970 4194 optet,
3000 4132 3340 4180 memoratas
3391 4115 3639 4178 Mathildis
3665 4110 3783 4167 VitaS.

2275 4227 2441 4290 atque
2468 4217 2890 4275 ecclesiasticam
2919 4216 3220 4272 Historiam
3253 4216 3512 4281 consulat,
3555 4208 3634 4264 ubi
3670 4197 3785 4258 multa

2278 4311 2447 4368 fusius
2506 4319 2755 4367 enarrata
2819 4310 3084 4379 inveniet,
3127 4325 3254 4383 quae
3297 4311 3388 4366 hic
3445 4304 3645 4364 minime
3681 4304 3784 4362 rei»

2275 4403 2440 4460 tenda
2459 4405 2672 4460 censui.

581 4554 3772 4594 __________________________________________—

1585 4725 2194 4818 LEIBNITII
2267 4726 2863 4818 MONITUM.

647 5039 948 5107 Mathildis,
975 5039 1089 5095 ﬁlia
1123 5038 1394 5097 Bonifacii
1422 5039 1574 5096 ducis
1616 5050 1670 5098 et
1693 5043 2026 5099 marchionis
2059 5047 2169 5099 Tu-

579 5110 730 5184 sciae,
749 5119 804 5166 et
822 5110 1077 5166 Beatricis
1090 5111 1369 5184 Friderico
1389 5112 1757 5184 Lotheringia:
1774 5114 2167 5172 Mossellanicae

578 5182 718 5238 duce
739 5190 905 5244 natae,
925 5197 1254 5253 magnarum
1281 5183 1339 5236 in
1358 5183 1508 5238 Italia
1534 5182 1802 5239 ditionum
1831 5183 2026 5250 haeres,
2046 5201 2172 5240 cum

577 5261 757 5308 matre
796 5252 1044 5328 pontiﬁci
1072 5256 1341 5328 Romano
1373 5255 1636 5328 Gregorio
1668 5258 1768 5310 νη
1791 5263 1981 5328 contra
2005 5256 2173 5328 impe-

575 5322 816 5379 ratorem
855 5324 1158 5397 Henricurn
1204 5325 1278 5380 IV
1316 5322 1603 5397 favit.'Et
1645 5327 1902 5397 quoniam
1945 5322 2172 5383 Guelfus

575 5402 788 5462 noster,
830 5395 1036 5468 Azonis
1065 5395 1210 5468 ﬁlius
1239 5395 1487 5468 _Bavariac
1536 5395 1783 5468 dux,'iab
1834 5399 2170 5468 imperatore

577 5473 894 5540 recesserat,
920 5466 972 5540 _e_i
1001 5465 1204 5540 foedere
1229 5466 1445 5539 juncta,
1480 5467 1648 5523 etiam
1679 5467 1791 5522 ﬁlio
1821 5465 1939 5540 ejus
1966 5469 2169 5540 primo-

613 5535 992 5618 enito__Gtielio
1002 5537 1198 5618 .nupsit
1212 5535 1246 5605 ;’
1260 5553 1304 5618 ξ.
1319 5553 1442 5618 quo
1457 5546 1652 5618 tamen
1671 5535 2170 5618 postre'mq'riirsus

615 5607 818 5679 ivertit.
844 5611 907 5662 In
939 5607 1138 5664 tabulis
1166 5609 1309 5679 pacti
1334 5607 1759 5666 matrimonialis
1786 5610 2059 5666 dotalibus
2084 5612 2168 5666 lex

573 5677 1031 5760 scriptaerat‘ut,
1067 5679 1125 5760 si
1142 5677 1434 5760 superstes
1469 5680 1696 5760 maritus
1737 5689 1896 5760 esset,
1927 5680 2168 5760 ditiones

575 5748 824 5830 conjugis
853 5748 1104 5830 haberet.
1139 5748 1542 5830 Eolexpapite
1581 5759 1788 5830 pos_tea_
1807 5753 1991 5830 Guelﬁ_
2014 5753 2168 5808 ducis

576 5820 804 5891 posteri,
852 5820 1119 5876 Henricus
1145 5829 1201 5876 et
1227 5820 1474 5891 Guelfus,
1525 5820 1629 5878 sub
1666 5823 1930 5878 Lothario
1959 5825 2166 5878 Saxone

580 5889 848 5959 Augusto,
905 5891 1241 5950 vindicavere
1302 5893 1428 5963 sibi,
1463 5889 1540 5949 et
1579 5895 1900 5951 auctoritate
1941 5895 2166 5950 Caesaris

2194 5051 2245 5113 Ι)
2279 5059 2494 5100 crevere
2515 5043 2908 5110 haereditatem,
2928 5057 3090 5112 quam
3113 5049 3270 5097 antea
3300 5037 3557 5113 Henricus
3574 5032 3614 5086 V

2281 5095 2364 5169 Eii
2379 5095 3424 5184 sh'tééiéééE'éiiiiEnipei-ai;Cnemis,
3455 5105 3540 5177 qui
3567 5117 3628 5184 s_e_

2279 5159 2854 5256 S-éoietiwach-usciaa,
2904 5159 3298 5256 acrdominum
3353 5159 3548 5256 donius

2280 5238 2668 5328 appellabat’in
2701 5238 3112 5328 diplomatibus,
3151 5254 3250 5309 has
3265 5252 3512 5328 regiones
3535 5245 3585 5324 in
3607 5238 3791 5328 ξερεξξξξ

2281 5310 2582 5400 territusque
2605 5310 2802 5400 tenuit,
2821 5335 2876 5381 et
2895 5310 3142 5400 tandem,
3159 5310 3403 5400 negledto
3428 5315 3642 5400 tientia?
3657 5310 3792 5400 ἓξὲξ

2279 5397 2470 5476 fratris
2483 5377 2619 5463 lilio,
2644 5377 3312 5476 imperatorifridericoyln
3323 5394 3437 5476 ejus
3458 5377 3788 5476 hosti,

2279 5453 2526 5540 pecunia,
2571 5453 2754 5540 cessit,
2805 5467 2898 5538 qui
2967 5467 3230 5540 Philippq
3277 5453 3414 5540 ﬁli).
3455 5453 3788 5540 (11101753923;

2278 5522 2462 5628 bestii:
2514 5522 2626 5628 tesi
2670 5522 3053 5628 Βάπηῖιξιοηέῑξι
3106 5522 3278 5628 ﬁlled"-
3328 5522 3788 5628 H“£.°EEE?.:.§.“J:"

2274 5595 2517 5680 pontifex
2575 5595 2925 5664 innocentius
2969 5613 3046 5666 Ill
3104 5611 3361 5680 Ottonem
3407 5604 3476 5658 IV
3523 5595 3786 5680 εοξρξιῇξξξξ

2274 5659 2450 5752 ἷεὶῖξιξ
2459 5659 2746 5752 natura;
2755 5659 3307 5752 majus—testamento
3329 5679 3577 5752 nomanae
3597 5659 3787 5752 ξοςιςξιξ

2273 5734 2611 5818 vindicabat}
2648 5734 2779 5806 Otto
2811 5734 3111 5822 etuimperii
3159 5757 3212 5805 et
3247 5746 3513 5816 majorum
3534 5734 3786 5822 Ῐυτεῖθεξξζ

2272 5799 3504 5893 nebat,“negabatque'blath'iidemthStaincuto
3520 5799 3608 5864 s'uo
3623 5799 3785 5893 gulf:

2272 5872 2370 5950 his
2381 5872 3208 5965 quiquua—mjp‘otuissefiHdde
3245 5872 3568 5957 pontiﬁcem
3622 5872 3782 5927 1105⁸⁸⁵³
