4052 6180
258 303 359 357 949

1151 304 1439 358 ΑΡΡΕΝΙ).
1484 305 1570 359 Ill.
1612 333 1682 345 —
1718 306 2136 365 MONUMENTA
2177 310 2637 367 GREGOBIANA.

3438 318 3540 370 950

256 440 458 506 magno
483 440 583 481 suo
611 424 990 506 malosensit,
1017 426 1111 506 qui
1144 426 1402 506 agminum
1430 428 1533 498 ipsi
1579 431 1836 506 opp9_suit
1862 442 1916 503 Α
1947 434 2259 506 apographo
2305 436 2487 491 Roma
2516 435 2681 490 misso
2727 435 2935 506 primus
2967 436 3138 492 edidit
3188 440 3540 497 Sebastianus

249 496 585 569 Fridericum
617 499 691 557 Il,
743 497 997 569 Neapolis
1036 496 1121 569 et,
1157 498 1351 552 Sicilia:
1402 496 1608 569 regem,

249 504 585 577 lfridericum
617 504 691 557 ll,
743 504 997 578 iveapolis
1052 505 1105 551 et
1157 504 1351 552 Sicilia:
1402 514 1608 569 regem,
1650 504 1837 625 l|Hen-

247 583 347 638 rici
366 570 431 621 ιν
444 568 793 638 imperatoris
812 568 987 622 tilium
1005 567 1423 624 adolescentem.
1444 574 1519 623 Ex
1536 587 1599 625 eo
1618 575 1652 626 1V
1675 572 1837 627 athil-

1949 505 2827 581 Tengnagelius,‘bibliothecarius
2855 508 3156 577 Caesareus,
3182 512 3262 566 vel
3293 513 3382 581 qui
3412 529 3535 568 suc-

1948 578 2308 649 centuriatam
2362 577 2483 632 huic
2513 579 2568 631 in
2602 592 2661 632 ea
2708 594 2765 633 re
2794 594 3019 649 operam
3062 583 3277 636 navavit
3297 577 3536 640 Iacobus

245 637 650 722 dis_h_mreditas
679 654 779 712 pro
834 639 982 694 bona
1012 647 1161 711 parte
1190 640 1245 695 in
1273 644 1542 698 Romanae
1572 644 1838 701 Ecclesia:
1947 648 2257 715 Gretserus,
2299 649 2615 722 Ingolstadii
2655 637 2901 716 1612,'in
2937 653 3115 721 Opere
3160 654 3306 722 quod
3336 637 3531 710 inseri:

244 717 439 765 testate
470 708 588 765 fuit.

318 783 439 851 Ipsa
460 781 677 852 magnis
700 781 755 835 in
774 782 1040 853 ecclesias
1061 781 1454 853 largitionibus,
1490 799 1603 839 non
1651 786 1834 843 minus

244 867 416 922 quam
467 851 647 926 rebus
687 852 913 926 viriliter
960 854 1125 926 gestis
1149 851 1384 926 'famam
1420 862 1474 908 et
1517 858 1829 926 scriptores,

242 923 569 999 promeruit.
616 924 916 999 Domnizo,
947 923 1033 999 vel
1063 926 1278 999 Donizo
1331 925 1459 999 ejus
1497 923 1828 999 capellanus,

239 995 382 1049 arcis
429 994 720 1051 Canusinae
766 997 1129 1063 ecclesiastes,
1172 994 1832 1056 vitam'adhuc’viventis

238 1065 907 1147 carminescripsitquale
934 1076 1183 1147 tempora
1212 1066 1481 1147 fere-bant,
1505 1077 1574 1147 _et
1622 1072 1828 1147 consti-

238 1144 422 1191 tuerat
448 1136 633 1210 dicare
668 1136 901 1210 principi
934 1136 1068 1195 suae.
1099 1140 1292 1210 Itaque
1318 1138 1375 1194 in
1406 1140 1633 1210 antiquo
1667 1143 1827 1196 Vati-

235 1222 376 1280 cano
404 1207 595 1280 codice
650 1206 968 1280 pinguntur,
994 1211 1109 1280 ipse
1136 1206 1321 1265 habitu
1370 1206 1671 1277 offerentis,
1707 1214 1828 1267 Ma-

236 1277 410 1335 thilda
450 1280 505 1354 in
550 1277 774 1354 throno'
793 1281 969 1354 Specie
1010 1277 1481 1354 accipientis.__Se_d
1530 1291 1825 1354 antequam

233 1365 378 1420 opus
404 1350 472 1405 ad
500 1350 1247 1424 umbilicumperduceretur,
1279 1351 1637 1424 obiitinclyta
1670 1350 1823 1424 prin-

231 1436 385 1495 ceps.
422 1424 500 1475 Ex
539 1422 928 1495 recentioribus
955 1425 1137 1495 Vitam
1168 1423 1286 1495 ejus
1331 1422 1825 1495 scripsit'dorninus

230 1492 514 1564 lliellinus,
553 1508 684 1547 mox
714 1493 959 1549 curatius
982 1492 1234 1564 quaedam
1260 1492 1470 1549 notavit
1498 1494 1645 1550 Felix
1675 1497 1822 1551 Con-

230 1562 484 1636 telorius,
528 1566 727 1636 Romae
779 1564 880 1636 sub
915 1562 1142 1621 Urbano
1192 1567 1395 1620 Octavo
1438 1566 1653 1619 scriniis
1686 1583 1821 1636 prm-

227 1631 431 1709 fectus.
474 1631 595 1709 sed
646 1635 896 1709 omnium
926 1635 1310 1709 diligentiam,
1332 1643 1385 1689 et
1414 1636 1657 1709 studium
1686 1631 1824 1709 'vicit

226 1706 308 1779 vir
374 1707 625 1778 egregius
664 1706 998 1779 AFranciscus
1030 1705 1213 1762 “Maria
1252 1705 1821 1779 Florentinius,iapud

1948 726 2101 798 ptum
2128 728 2213 798 est
2260 738 2271 772 :
2306 721 2495 798 Vetera
2543 726 3120 798 incitamentaueontra
3149 721 3530 798 scliismaticos,

1939 790 2229 866 jamiolz'mﬂ
2253 805 2351 858 pro
2389 792 2633 866 Gregorio
2665 794 2797 866 ΥΠ,
2831 795 3061 866 aliisque
3090 795 3362 866 nonnullis
3384 790 3528 866 poni

1943 862 2172 929 tiﬁcibus
2199 864 2452 937 Romanis
2474 865 2795 937 conscripta;
2826 865 2969 933 quod
3024 864 3290 921 Goldasto
3320 862 3532 937 potissi-

1941 947 2098 1009 mum
2123 933 2435 1009 Oppositum
2454 941 2589 1009 erat.
2618 932 2726 987 Sed
2762 949 2889 1009 cum
2914 943 3099 1009 postea
3128 932 3529 1009 Romaiinqui-

1939 1002 2171 1069 siissem,
2202 1002 2557 1079 deprehendi
2602 1002 2975 1079 apographuin
3034 1006 3189 1079 illum
3241 1002 3524 1079 sumptum

1935 1089 2001 1129 ex
2046 1072 2344 1151 recentiore
2375 1072 2589 1151 codice,
2622 1072 2737 1151 non
2764 1072 2827 1129 ei
2848 1077 3253 1151 antiquissimo,
3280 1072 3526 1151 qui'tunc

1936 1144 2186 1199 nondum
2227 1153 2341 1200 erat
2406 1146 2464 1198 in
2532 1146 2814 1213 Vaticana,
2864 1144 3314 1205 sed—cardinalis'
3345 1151 3521 1206 Sirleti

1938 1214 2288 1293 bibliotheca.
2320 1218 2482 1293 Hunc
2524 1231 2653 1293 ergo
2697 1217 2899 1293 contuli
2928 1234 3074 1293 cum
3096 1218 3266 1285 edito,
3297 1221 3522 1293 ejusque

1932 1301 2033 1356 cpe
2064 1287 2232 1341 multa
2262 1287 2493 1341 restitui.
2530 1290 2684 1343 Nova
2710 1289 2872 1343 etiam
2897 1288 3186 1344 collatione
3212 1306 3300 1345 me
3324 1287 3519 1356 'nuper

1926 1356 2083 1432 iuvit
2100 1358 2181 1411 vir
2227 1357 2564 1432 clarissimus
2600 1359 2925 1415 Laurentius
2976 1360 3046 1415 de
3074 1362 3388 1432 Zaccagnis,
3420 1356 3519 1417 bi-

1933 1426 2224 1501 bliothecze
2267 1429 2544 1501 Vaticanae
2594 1439 2779 1486 custos
2824 1432 3051 1501 primus.
3121 1426 3393 1488 Nonﬁulla
3458 1449 3523 1488 ex

1931 1499 2095 1574 rebus
2124 1499 2253 1574 ipsis
2277 1500 2591 1574 emendavi,
2618 1509 2681 1555 ut
2694 1499 2923 1574 jamr'vix
2954 1503 3188 1572 amplius
3216 1503 3521 1574 quidquam

1932 1568 1990 1645 in
2043 1568 2417 1625 semibarbaro
2468 1578 2524 1625 et
2576 1568 2995 1642 impeditissimo
3046 1568 3309 1644 scriptore
3350 1568 3523 1645 fugiat

1932 1638 2225 1709 legentem,
2275 1658 2403 1696 cum
2447 1650 2603 1696 antea
2632 1638 2802 1698 multa
2833 1645 3045 1698 nullum
3094 1638 3319 1699 sensum
3364 1638 3524 1700 habe-

1930 1720 2072 1765 rent.
2106 1712 2334 1784 Figuras
2355 1727 2426 1784 ex
2455 1712 2647 1767 eodem
2672 1715 2857 1769 codice
2878 1729 2908 1768 a
2939 1716 3150 1784 pictore
3176 1714 3245 1769 ad
3268 1731 3517 1771 normam

222 1777 526 1858 Lucens‘es’
552 1777 822 1859 medicus,
854 1778 947 1849 qui
991 1779 1199 1860 patriae.
1214 1792 1328 1832 suae
1373 1777 1815 1863 asserenshujus
1843 1800 1891 1860 Β
1922 1783 2220 1863 prototypi.
2240 1782 2392 1863 reddi
2444 1784 2892 1863 curavi._S_ed-hic
2912 1777 3520 1863 noniadjeci;qui2_alio

223 1848 494 1921 principis
522 1848 805 1919 originem,
845 1848 931 1903 res
955 1848 1072 1921 ejus
1094 1849 1475 1921 majorumque
1495 1848 1814 1905 tradidit'ex

222 1916 337 1974 fide
369 1916 757 1989 diplomatum,
796 1916 1195 1990 auctorumqué
1224 1916 1569 1991 temporibus
1606 1921 1813 1976 vicino-

222 2005 378 2044 rum.
410 1992 571 2045 Hunc
600 1999 816 2045 secutus
846 2007 959 2045 non
989 1990 1321 2061 spernendus
1350 1990 1579 2061 ingenio
1624 2000 1677 2045 et
1706 1993 1822 2046 elo-

218 2062 472 2130 quentia,
502 2062 595 2117 sed
621 2062 842 2117 inferior
868 2062 1142 2119 historica:
1167 2062 1497 2117 narrationis
1536 2062 1818 2131 ﬁrmitate,

218 2132 407 2187 Julius
434 2132 728 2204 deAPuteo.
761 2133 1067 2204 Novissime
1097 2135 1181 2204 vir
1209 2133 1525 2204 multiplicis
1552 2133 1824 2188 doctrinae

219 2218 285 2258 ex
338 2202 697 2260 Benedictina
743 2203 953 2260 familia
994 2203 1328 2259 Benedictus
1374 2202 1707 2271 'Bacchinus,
1766 2205 1823 2259 in

218 2274 369 2329 libro
398 2275 469 2329 de
497 2275 851 2330 celeberrimo
883 2277 1218 2330 monasterio
1248 2275 1427 2329 Sancti
1451 2275 1725 2330 Benedicti
1752 2274 1821 2330 ad

216 2344 638 2417 Padolironem,
669 2346 816 2417 quod
836 2362 867 2401 a
891 2347 1194 2417 majoribus
1206 2345 1488 2400 Mathildis
1506 2343 1820 2407 fundatum,

217 2416 287 2472 ab
320 2416 444 2487 ipsa
470 2415 707 2471 ditatum
748 2425 850 2479 est,
908 2415 997 2472 res
1026 2417 1299 2472 Mathildis
1315 2417 1467 2471 novis
1495 2417 1711 2472 auxiliis
1756 2433 1818 2471 ex

216 2487 430 2541 tabulis
472 2487 775 2543 illustravit.
824 2488 961 2542 Cum
1015 2488 1067 2541 in
1116 2502 1183 2543 eo
1224 2488 1559 2543 monasterio
1591 2488 1705 2558 ipsa
1736 2504 1818 2541 se—

214 2559 379 2640 pulta
404 2557 611 2640 fuisset,
634 2558 820 2640 multis
848 2567 974 2640 post
996 2559 1418 2640 seculiscorpus
1444 2557 1656 2640 Urbani
1685 2560 1817 2640 VII_I

208 2629 373 2700 jussu
428 2629 569 2684 clam
616 2630 889 2685 sublatum
936 2632 1283 2700 Romamque
1346 2629 1665 2700 translatum
1711 2634 1814 2694 est,

213 2699 309 2755 ubi
328 2700 543 2771 insigne
568 2701 765 2755 tumuli
792 2699 1212 2756 monumentum
1242 2701 1295 2754 in
1322 2699 1543 2755 basilica
1558 2702 1820 2757 Vaticana

211 2771 451 2842 accepit,
505 2772 641 2827 duce
680 2773 996 2839 Mantuano,
1049 2772 1143 2842 qui
1173 2772 1435 2826 violatum
1477 2772 1819 2829 territorium

211 2843 577 2914 querebatur,
608 2844 960 2914 quantumvis
990 2843 1329 2914 indignante.

283 2916 465 2969 Porro
493 2912 856 2969 Domnizonis
899 2912 1198 2987 presbyteri
1226 2913 1414 2969 Vitam
1442 2913 1725 2971 Mathildze
1754 2929 1817 2969 ex

1921 1852 2040 1906 loco
2070 1852 2179 1906 non
2205 1853 3011 1924 intempestiveexhibebuntur.
3030 1852 3260 1911 Notulas
3289 1852 3522 1912 subinde

1932 1924 2137 1998 aspersi
2154 1939 2346 1998 sensus
2376 1925 2686 1998 declarandi
2711 1943 2890 1982 causa.
2925 1927 3113 1998 Adjeci
3138 1936 3193 1981 et
3218 1928 3522 1983 chartulam

1933 1993 2257 2067 co’mitisszeA
2285 1994 2566 2050 Mathildis
2616 2012 2777 2067 super
2827 1993 3177 2053 concessione
3246 1998 3519 2054 bonorum

1932 2080 2175 2138 suorum,
2229 2064 2371 2138 facta
2429 2064 2703 2123 Romanis
2752 2068 3026 2132 Ecclesiae,
3080 2084 3200 2138 quae
3242 2068 3295 2123 in
3322 2071 3521 2124 eodem

1931 2135 2116 2208 codice
2151 2137 2381 2207 ascripta
2412 2138 2697 2206 reperitur,
2725 2154 2902 2208 neque
2922 2141 3036 2193 scio
3064 2135 3134 2193 an
3156 2138 3272 2207 ejus
3300 2140 3523 2195 authen-

1931 2206 2108 2260 ticum
2156 2206 2435 2275 exemplar
2463 2208 2587 2263 alibi
2636 2206 2919 2275 habeatur,
2951 2218 3056 2264 etc.
3109 2206 3402 2275 Caeterum,
3436 2219 3520 2274 ut,

1932 2276 2081 2347 quod
2135 2276 2425 2349 Guilielmo
2454 2279 2632 2349 Apulo
2670 2279 2941 2344 dedimus,
2972 2280 3137 2334 etiam
3186 2281 3518 2336 Domnizoni

1933 2355 2343 2422 prastaremus,
2375 2347 2430 2403 id
2482 2347 2564 2404 est
2592 2358 3065 2422 utiargumentum
3096 2351 3276 2421 operis
3303 2351 3521 2407 exhibe-

1930 2434 2149 2492 remus,
2176 2436 2239 2473 eo
2272 2420 2458 2492 minus
2487 2436 2624 2490 opus
2654 2419 2923 2491 fuit'quod
2962 2419 3150 2476 viceni
3163 2422 3279 2492 ejus
3301 2431 3520 2492 praesta-

1929 2488 2008 2543 bit
2035 2491 2276 2562 subjecta
2315 2491 2491 2545 eidem
2524 2488 2665 2546 Vita
2703 2488 2983 2564 Maihildi’s
3009 2488 3418 2564 prosa'scri'pta
3454 2494 3522 2548 ab

1931 2568 2151 2635 auclore
2181 2576 2480 2635 anonymo,
2528 2577 2643 2635 non
2673 2563 3049 2635 recentissimo
3086 2563 3519 2635 tamentquem,

1931 2646 1958 2685 a
2017 2631 2305 2704 Francisco
2345 2632 2518 2687 Maria
2542 2632 2877 2704 Florentinio
2906 2635 3192 2704 aliquoties
3236 2651 3298 2689 ex
3330 2631 3519 2689 manu-

1928 2703 2132 2776 scripto
2149 2701 2453 2776 laudatum,
2477 2703 2844 2776 suppeditavit
2870 2701 3031 2776 nobis
3050 2704 3192 2759 ﬁlius
3211 2706 3326 2776 ejus
3345 2707 3517 2760 Maria

1930 2773 2316 2839 Florentinius,
2353 2773 2821 2846 _vir_doctissimus
2852 2784 2905 2829 et
2930 2773 3387 2846 officiosissimus,
3420 2792 3518 2846 pa-

1932 2852 2322 2913 ternarumque
2352 2844 2571 2898 laudum
2603 2844 2807 2913 haeres;
2854 2861 2985 2900 nam
3013 2844 3131 2901 haec
3160 2847 3284 2902 Vita
3315 2844 3435 2902 fere
3454 2862 3518 2901 ex

1932 2914 2259 2970 Donnizone
2284 2914 2572 2985 desumpta
2597 2922 2698 2969 est.

210 3093 3517 3121 Ἥ

739 3259 1400 3421 VITA
1492 3258 2984 3421 MATHILDIS

1224 3526 1764 3583 CELEBERRlM/E
1801 3526 2160 3584 PRINCIPIS
2195 3526 2481 3597 ITALIAE,

1499 3678 1849 3742 CARMINE
1912 3677 2232 3740 SCRIPTA

646 3873 775 3984 Α
849 3870 1788 3987 DONIZONE
1859 3852 3075 3987 PRESBYTERO

1035 4079 1163 4149 QUI
1204 4081 1280 4133 IN
1307 4079 1505 4134 ARCE
1532 4080 1899 4137 CANUSINA
1941 4081 2146 4135 APUD
2192 4082 2419 4141 IPSAM
2448 4080 2678 4135 VIXIT.

208 4212 719 4286 Accessil'chartula
770 4233 1054 4285 comitissee
1087 4230 1370 4283 Malhz’ldi's
1424 4245 1584 4299 super
1619 4233 1940 4284 concessione
1981 4232 2233 4283 bonorum
2270 4246 2486 4283 suorum
2530 4230 2681 4295 facta
2738 4232 2987 4284 Romana:
3045 4231 3319 4298 Ecclesice;
3374 4231 3499 4285 item

602 4304 804 4358 Relatio
842 4303 906 4359 de
935 4303 1182 4358 thesauro
1221 4302 1504 4359 Canusinae
1532 4302 1754 4357 ecclesia:
1781 4304 1999 4357 Romam
2028 4303 2338 4356 transmisso
2387 4305 2437 4355 et
2465 4303 2911 4369 reompensatione
2938 4302 3113 4367 facta.

1278 4626 1735 4718 INCIPIT
1804 4624 2427 4719 EPISTOLA.

272 4810 804 4868 Muniﬁcentissimze
853 4821 1015 4883 atque
1061 4812 1167 4867 Dei
1212 4813 1383 4883 gratia
1430 4812 1796 4869 invictissimaz
1830 4816 1875 4880 C
1898 4814 2017 4886 jam
2066 4829 2164 4884 per
2210 4812 2446 4883 quinque
2498 4811 2669 4867 lustra
2725 4810 2989 4868 resideret
3038 4809 3317 4867 humilitas
3351 4814 3492 4876 (493)

207 4906 354 4960 inter
409 4903 838 4960 orthodoxarum
886 4910 1028 4972 (491)
1075 4905 1248 4960 choro
1298 4906 1634 4961 associandaa
1673 4909 1797 4962 Ma-

201 4998 383 5063 thildi,
409 4998 631 5053 inﬁmus
652 4998 901 5054 omnium
946 4999 1396 5071 presbyterorum
1425 4999 1667 5067 Donizo,
1697 4999 1798 5070 piis

197 5091 418 5146 meritis
460 5089 728 5162 quidquid
770 5091 915 5147 valet
970 5090 1307 5161 humanitus,
1335 5099 1392 5147 et
1433 5090 1692 5163 quidquid
1716 5100 1799 5147 est

204 5183 303 5238 sibi
332 5182 619 5239 divinitus.

275 5277 420 5332 Cum
448 5275 519 5334 ad
565 5276 842 5335 clarorum
898 5277 1209 5350 principum
1260 5279 1605 5336 mausoleum
1653 5281 1799 5350 (492)

278 5482 430 5564 (491)
459 5482 585 5537 Non
604 5481 940 5564 legiturhaac
964 5484 1187 5564 epistola
1231 5484 1284 5538 in
1311 5483 1593 5564 codicibus
1635 5500 1793 5564 m_s_s.,

206 5552 411 5622 quibus
438 5568 560 5608 sum
589 5552 741 5609 usus.
765 5554 867 5609 Hic
894 5556 1239 5611 restituerem
1281 5557 1575 5611 mulierum
1612 5557 1795 5611 ortho-

206 5624 499 5693 domarum,
525 5634 621 5679 aut
643 5624 771 5695 quid
791 5625 987 5680 simile.
1011 5629 1437 5684 Munuonms.

282 5695 431 5768 (4‘92)
453 5695 546 5768 Ad
586 5695 881 5768 Canossam
910 5697 1133 5759 scilicet,
1175 5698 1266 5751 ubi
1293 5699 1347 5751 in
1378 5699 1585 5768 templo
1622 5696 1801 5752 sancti

212 5765 477 5834 Apollonii
508 5766 747 5835 reposita
796 5775 950 5821 erant
990 5783 1218 5835 corpora
1243 5784 1469 5823 avorum
1497 5765 1801 5824 comitissze

208 5836 503 5892 Mathildis.
535 5840 719 5907 Atque
746 5836 832 5892 hic
882 5836 1251 5895 animadverte
1298 5840 1640 5895 Donizonem
1683 5839 1800 5909 jam

1904 4907 2216 4976 nullamque
2266 4921 2331 4960 ex
2360 4904 2438 4960 eis
2468 4904 2676 4960 videret
2716 4904 3065 4973 memoriam,
3097 4904 3245 4976 quod
3276 4905 3489 4976 apicum

1905 4998 2323 5055 commendaret
2354 4998 2703 5069 perpetuitas,
2731 4997 2931 5053 accidit
2955 4997 3173 5069 quando
3200 5013 3376 5067 nuper
3405 5013 3490 5051 ve-

1905 5094 2004 5149 stri
2042 5092 2265 5149 honoris
2295 5091 2598 5148 sublimitas
2626 5095 2775 5157 (494)
2814 5093 3083 5147 Canosam
3116 5090 3313 5146 deduci
3340 5105 3490 5145 arcas

1899 5186 2061 5259 jussit
2114 5201 2451 5242 marmoreas
2499 5184 2568 5240 ad
2605 5185 2995 5241 tumulandum
3029 5184 3247 5255 dignius
3296 5199 3490 5239 eorum

1904 5295 2157 5352 corpora,
2200 5286 2263 5335 ut
2294 5294 2378 5349 ea,
2417 5293 2540 5352 quae
2578 5294 2643 5335 ex
2692 5279 2773 5335 eis
2804 5294 2836 5335 a
2864 5277 3084 5335 senibus
3120 5284 3175 5332 et
3202 5275 3489 5333 veraciori-

1903 5501 1997 5556 per
2017 5488 2253 5555 quinque
2284 5487 2455 5556 lustra
2483 5483 2743 5540 militasse
2771 5484 2825 5539 in
2847 5480 3175 5538 monasterio
3196 5482 3489 5556 Canusina,

1903 5554 2027 5611 cum
2060 5554 2175 5611 haec
2202 5554 2487 5613 scribenda
2539 5556 2794 5627 suscepit,
2829 5569 2971 5610 anno
3001 5558 3137 5609 1114
3181 5561 3277 5610 aut
3324 5554 3489 5611 etiam

1908 5635 2087 5682 antea.
2120 5629 2273 5682 Mea.

1979 5702 2122 5764 (493)
2154 5697 2336 5753 Scribe
2371 5716 2382 5751 :
2406 5712 2522 5751 mea
2548 5696 2805 5749 resideret
2833 5695 3130 5752 humilitas.
3150 5697 3311 5751 MUB.

1988 5774 2127 5833 (494)
2156 5768 2472 5825 Canusium.
2498 5768 2881 5822 LEIBNITIUS.
