4052 6180
235 318 338 369 957

1141 314 1429 369 APPEND.
1471 314 1559 369 1n.
1597 342 1669 354 —
1703 274 2135 371 MONUMENTa
2160 264 2620 377 GREGORIANA.

3420 324 3523 376 958

232 436 373 493 Alba
421 404 633 495 Canosa
688 441 836 507 (509)
879 436 1048 507 ﬂeat,
1091 435 1293 494 referat
1334 453 1550 509 quoque
1595 440 1822 494 nomina
1849 445 1903 508 Α
1932 440 2108 511 Ipsius
2135 441 2251 497 nati
2284 442 2619 514 locupletati,
2650 442 2933 515 phalerati,

1675 542 1821 596 vera,

225 615 472 671 Nomina
494 613 599 670 rite
622 621 804 681 canat,
834 628 903 668 ne
937 612 1070 669 ﬁant
1096 611 1216 668 hac
1246 620 1423 669 metra
1446 627 1604 669 vana.
1651 525 1670 599 [

717 707 961 763 CAPUT
1032 708 1341 763 PRIMUM.

220 800 439 856 Narrat
478 798 709 853 Canossa
750 799 847 867 qui
877 799 1087 865 fuerint
1121 800 1219 867 qui
1248 814 1367 852 eam
1412 798 1816 868 adiﬁcaverz’nt,

295 876 353 925 et
382 886 417 923 a
437 870 635 939 quibus
661 869 878 937 regibus
898 871 1108 924 obsessa
1133 871 1328 937 fuerit,
1359 874 1410 924 et
1447 871 1679 940 qualiter
1701 886 1821 926 cum

294 941 503 1009 grandi
525 942 751 995 victoria
778 943 1022 995 euaserit.

218 1036 359 1088 Atto
386 1032 495 1090 fuit
515 1033 729 1105 primus
748 1034 1000 1105 princeps
1019 1041 1234 1091 astutus
1253 1042 1315 1089 ut
1342 1033 1568 1106 hydrus,

218 1127 503 1182 Nobiliter
528 1142 657 1183 vero
696 1124 800 1182 fuit
824 1133 981 1183 ortus
1004 1125 1074 1183 de
1103 1125 1388 1199 Sigefredo

214 1219 481 1291 Principe
506 1221 768 1290 praclaro
794 1224 942 1288 (510)
974 1221 1210 1277 Lucensi
1236 1220 1304 1285 de
1330 1221 1617 1291 comitatu,

214 1312 445 1384 Quique
472 1312 611 1369 duos
637 1320 798 1369 natos
821 1313 957 1369 alios
983 1313 1172 1385 genuit
1199 1313 1338 1369 bene
1367 1314 1568 1371 claros.

214 1408 317 1461 Est
338 1405 549 1477 primus
576 1404 755 1462 dictus
780 1405 1115 1478 Sigefredus,
1141 1414 1198 1463 et
1222 1410 1357 1463 Atto
1380 1406 1675 1476 secundus,

210 1499 394 1555 Filius
420 1507 475 1555 et
496 1514 695 1571 parvus
713 1499 985 1556 vocitatur
1009 1501 1210 1572 quippe
1238 1500 1529 1557 Gerardus.

212 1591 572 1663 Ampliﬁcare
594 1592 782 1648 volens
808 1592 1089 1664 proprium
1117 1590 1429 1664 Sigefredus
1456 1594 1747 1664 honorem,

206 1684 668 1757 Longobardiam
688 1687 835 1753 (511)
858 1700 986 1742 cum
1001 1685 1146 1742 natis
1166 1687 1317 1742 venit
1334 1687 1389 1743 in
1416 1687 1600 1757 istam,

210 1780 284 1834 Se
315 1778 464 1834 sicut
498 1778 605 1833 late
628 1778 755 1834 vitis
783 1777 1043 1834 distendit
1069 1786 1125 1835 et
1149 1778 1278 1846 alte,
1362 1838 1368 1843 ,

208 1872 326 1927 Hic
346 1886 518 1942 prope
543 1870 620 1928 sic
645 1870 801 1927 valde
822 1870 1080 1928 distendit
1102 1888 1163 1929 se
1188 1872 1380 1944 procul
1408 1879 1597 1944 atque.

205 1967 363 2021 Nam
386 1964 492 2020 sub
516 1979 575 2020 se
599 1972 776 2021 terras
799 1968 953 2034 (512)
972 1974 1029 2021 et
1046 1974 1236 2037 gentes
1262 1966 1367 2022 rite
1388 1966 1671 2039 gubernat,

206 2062 297 2114 Ac
332 2057 440 2114 sub
467 2057 637 2115 tutela
666 2058 888 2130 propria
912 2059 1120 2115 multos
1147 2058 1430 2115 retinebat.

207 2152 375 2208 Illius
401 2166 561 2208 error
586 2151 731 2224 (513)
759 2160 1019 2208 natorum
1043 2152 1286 2208 maxime
1311 2150 1459 2209 ferro

204 2245 429 2302 Gentes
457 2244 701 2301 diversas
724 2253 1091 2317 prostraverat
1116 2253 1282 2316 atque
1301 2253 1553 2302 catervas
1585 2264 1598 2301 :

205 2340 356 2394 Cum
384 2338 569 2410 major
594 2338 831 2394 nimium
855 2336 1162 2410 Sigefredus
1187 2338 1277 2394 hic
1304 2347 1449 2394 esset
1467 2338 1705 2410 cpimus,

204 2430 376 2488 Istud
404 2446 562 2488 more
587 2439 811 2505 patrum
828 2432 1075 2490 seculum
1097 2431 1305 2490 dimisit
1324 2447 1597 2501 amarum,

208 2588 644 2661 prastitumque
675 2587 1070 2661 jusjurandum
1126 2588 1310 2661 violat,
1345 2588 1535 2661 quales
1598 2589 1813 2645 vassalli

202 2658 482 2715 adversus
540 2658 829 2715 dominum
879 2675 1041 2715 suum
1097 2659 1305 2730 aliquid,
1341 2658 1658 2724 molientes,
1719 2670 1814 2716 aut

204 2746 370 2811 arma
401 2729 749 2811 arripientes.
766 2730 886 2811 _Hic.
924 2730 1106 2811 la_ti_ori
1135 2729 1536 2802 signiﬁcatione
1572 2730 1813 2788 sumitur

207 2816 316 2874 pro
348 2801 555 2871 iniquis
590 2809 648 2856 et
673 2802 938 2874 scelestis.
970 2804 1136 2857 Mnn.

298 2876 433 2936 509)
478 2874 683 2943 Nempe
734 2872 837 2928 sita
879 2874 1124 2928 Canossa
1166 2886 1330 2942 super
1358 2872 1697 2943 eminentem
1747 2888 1811 2928 ac

199 2942 448 3016 arduam
475 2942 688 3016 rupem,
732 2943 890 3016 cujus
928 2943 1101 3016 latera
1131 2958 1196 2997 ex
1228 2958 1360 3016 saxo
1390 2942 1559 3010 nudo,
1588 2942 1721 3016 sive,
1750 2950 1813 2998 ut

203 3012 583 3086 ipse_Donizo
623 3015 727 3086 ait,
740 3012 814 3069 ex
836 3015 989 3086 nuda
1008 3016 1157 3086 silice
1170 3012 1468 3086 candorem
1490 3015 1807 3086 quempiam

200 3083 536 3168 praeferunt.
592 3084 730 3140 Mihi
750 3127 768 3168 ._
788 3101 819 3140 e
853 3083 1121 3168 fenestris
1170 3083 1526 3168 bibliotheca
1565 3084 1808 3168 iistensis

198 3155 503 3227 interdum
527 3156 914 3227 prospectanti,
937 3163 993 3210 et
1010 3155 1486 3227 potissimumrope
1514 3155 1804 3227 telescopii,

1849 1827 1898 1889 B

1931 538 2102 594 Divisi
2131 555 2354 609 prorsus
2382 549 2666 612 coeperunt
2692 550 2837 598 stare
2856 557 3127 599 seorsum.

1930 639 2096 696 Fiunt
2118 642 2442 698 Parmenses
2469 642 2580 698 duo
2611 641 2803 699 fratres
2836 644 3002 700 ambo
3031 650 3308 715 potentes.

1930 740 2043 793 Dat
2066 740 2442 796 Guibertinam
2460 745 2604 807 (514)
2630 742 2910 809 minimus,
2934 742 3142 812 primus
3167 742 3480 797 Baratinam
3504 760 3516 793 :

1929 837 2222 910 Progenies
2249 838 2412 894 ambo
2448 844 2590 905 (515)
2630 838 2879 911 grandes,
2914 848 2970 895 et
2995 839 3202 896 honore
3228 842 3514 897 micantes.

1929 934 2160 1007 Alpibus
2188 935 2245 990 in
2281 916 2498 1008 magnis
2516 936 2666 993 abies
2693 951 2794 993 ceu
2821 937 3023 993 robora
3052 938 3272 1008 transit,

1927 1040 2063 1091 Atto
2087 1035 2168 1091 sic
2194 1034 2355 1107 longe
2390 1033 2589 1091 fratres
2616 1034 3033 1092 transcenderat
3063 1051 3273 1104 omnes,

1927 1130 2212 1198 Crescens,
2242 1130 2545 1198 exsultans,
2567 1137 2624 1185 et
2648 1130 2840 1186 multis
2858 1130 3024 1185 rebus
3051 1130 3336 1187 abundans
3362 1149 3375 1187 :

1927 1226 2270 1297 Prospiciens
2294 1224 2504 1283 nudam
2529 1224 2737 1281 silicem
2766 1240 2855 1280 me
2875 1233 3021 1281 stare
3044 1225 3343 1281 Canossam

1927 1323 1993 1375 In
2020 1314 2301 1390 proprium
2321 1326 2559 1376 castrum
2584 1333 2674 1375 me
2692 1318 2930 1388 suscepit
2957 1332 3145 1373 comes
3167 1321 3336 1385 Atto;

1929 1414 2044 1468 Has
2062 1414 2287 1470 strinxit
2313 1413 2458 1481 (516)
2484 1420 2683 1479 turres,
2712 1411 2952 1466 munivit
2972 1426 3063 1467 me
3080 1426 3246 1484 super
3264 1408 3447 1475 urbes,

1926 1508 2008 1561 Ne
2028 1505 2258 1561 timeam
2286 1520 2446 1577 reges
2473 1506 2649 1577 magis
2672 1512 2730 1560 at
2756 1520 2849 1560 me
2877 1504 3080 1576 quique
3104 1512 3373 1575 potentes.

1925 1601 2157 1671 Resque
2212 1598 2545 1656 Latinorum
2598 1600 2750 1667 (517)
2778 1598 2919 1670 sapit
2972 1597 3114 1665 hoc,
3160 1606 3217 1654 et
3258 1596 3518 1652 Teutoni-

3270 1693 3512 1759 [corum;

1920 1786 2040 1840 Rex
2064 1785 2426 1858 Berengerius
2450 1785 2647 1856 probat
2673 1784 2799 1850 hoc,
2830 1791 2884 1839 et
2917 1783 3065 1840 ﬁlius
3091 1784 3228 1854 ejus.

1923 1878 1997 1932 Hi
2020 1878 2373 1950 Langobardi
2414 1877 2583 1935 fortes
2610 1885 2921 1934 noscuntur
2947 1877 3006 1932 in
3027 1877 3199 1932 armis

1922 1972 2093 2039 Esse;
2132 1971 2230 2028 sed
2266 1971 2523 2027 exstincti
2552 1985 2647 2042 per
2674 1985 2763 2026 me
2800 1977 2956 2037 sunt,
2980 1985 3043 2024 ac
3069 1969 3339 2041 peregrini
3368 1974 3516 2038 (518)

1920 2068 1971 2119 Α
2000 2079 2170 2136 regno
2189 2062 2316 2120 facti
2340 2083 2354 2119 :
2382 2063 2684 2119 credebant
2704 2078 2797 2119 me
2825 2062 2952 2133 quia
2974 2062 3170 2117 Franci
3194 2066 3342 2128 (519)

1920 2156 1992 2211 Hi
2018 2172 2177 2228 reges
2204 2157 2392 2224 ambo,
2419 2156 2555 2212 dum
2593 2156 2850 2227 princeps
2872 2155 3083 2211 viveret
3107 2160 3265 2221 Atto,

1918 2254 2009 2307 Me
2036 2251 2380 2308 circumdare
2417 2256 2585 2318 (520),
2614 2250 2764 2322 quod
2789 2264 2928 2322 opus
2955 2248 3062 2305 sibi
3088 2247 3217 2304 fecit
3243 2263 3511 2305 amarum.

1920 2345 2025 2401 Res
2051 2354 2114 2400 ut
2148 2353 2280 2401 sunt
2306 2352 2474 2416 gesta
2502 2344 2826 2411 recitentur,
2850 2341 3042 2398 frivola
3068 2349 3302 2398 cessent.

1918 2440 2002 2493 Ex
2020 2438 2222 2510 populo
2250 2438 2418 2495 bruto
2451 2442 2597 2505 (521)
2622 2451 2717 2493 rex
2738 2436 2986 2508 optimus
3013 2435 3224 2492 exstitit
3247 2437 3441 2507 Hugo;

1991 2596 2137 2659 (513)
2174 2595 2385 2648 Terror.
2417 2590 2541 2646 cod.
2572 2598 2683 2645 ant.
2726 2592 2855 2645 Vat.
2886 2591 3057 2645 L313.

1992 2666 2136 2729 (514)
2182 2666 2261 2717 Ex
2312 2661 2417 2717 hac
2457 2662 2598 2716 linea
2637 2659 2970 2731 processisse
3008 2658 3349 2731 Guibertum
3373 2661 3512 2731 Par-

1921 2728 2186 2798 mensem,
2234 2728 3164 2801 Ravennatem_archiepiscopum,
3211 2744 3275 2784 ac
3317 2728 3512 2785 deinde

1919 2803 2323 2875 pseudopapam
2355 2802 2637 2875 famosum
2666 2801 2917 2875 Gregorii
2965 2802 3059 2854 VII
3095 2814 3253 2875 papa
3283 2806 3511 2875 _tempo-

1919 2815 2323 2875 pseudOpapam
2355 2815 2637 2858 tamosum
2666 2815 2917 2871 uregorn
2972 2815 3059 2854 vu
3083 2815 3253 2924 gapa
3298 2815 3511 2869 tempo-

1917 2875 2091 2943 ribus,
2137 2874 2408 2945 simulque
2437 2871 3047 2945 familiamprincipum
3128 2869 3513 2945 orrigiensium

1918 2961 2040 3021 qua
2080 2941 2283 3021 paucos
2312 2941 2436 3021 ante
2466 2958 2669 3021 annos,
2711 2941 2933 3021 femi-nis
2986 2948 3202 3021 tantum
3243 2941 3513 3008 supersti-

1915 3011 2060 3071 tibus
2084 3011 2325 3072 bmnino
2363 3015 2529 3071 desiit
2561 3033 2574 3069 :
2606 3021 2734 3069 sunt
2761 3013 2855 3084 qui
2898 3011 3166 3079 scribunt,
3204 3024 3509 3081 eorumque

1915 3088 2204 3144 sententia
2233 3086 2390 3143 facile
2419 3101 2511 3157 me
2543 3084 2917 3157 adjungerem.
2950 3086 3113 3157 Mun_.

1989 3163 2136 3225 (515)
2168 3160 2299 3214 Mss.
2342 3155 2469 3214 cod.
2512 3153 2746 3228 Regien.
2784 3153 2965 3220 habet,
2993 3153 3187 3217 amba,
3229 3158 3287 3209 et
3318 3166 3509 3210 sensus

198 3204 348 3283 ἰΞῑῖἑ
361 3204 503 3282 te:
518 3204 992 3299 ἕέιῗὲἷῷίεῖιῐὶὲιῖἱ
1008 3204 1804 3299 ἕέεἷιῖἷίἒξῖῗἵειρἶιῖἶῆὁῖἱέ
1846 3204 1890 3267 C
1920 3204 2289 3299 θχῖέίὶῖἱκίῦῖὶζ

196 3299 365 3354 tibus
390 3313 578 3353 versus
605 3296 888 3353 Meridiem
911 3306 964 3352 et
988 3296 1361 3367 Occidentem,
1386 3298 1530 3354 ultra
1550 3312 1811 3368 passuum

198 3369 390 3427 millia
412 3371 556 3425 XIII
587 3368 659 3424 ab
683 3369 836 3424 Urbe
864 3368 1093 3424 distans.
1121 3370 1277 3424 Mun.

285 3441 442 3509 (510)
457 3441 592 3497 Atto
611 3443 1109 3511 princeps,nempe
1136 3453 1346 3501 comes.
1372 3454 1504 3494 nam
1524 3437 1631 3511 illis
1666 3446 1810 3511 tem;-

198 3481 465 3581 poribus,
512 3481 997 3567 etvmultoqadhuc
1032 3481 1197 3582 ptest,
1223 3481 1391 3565 etiam
1434 3509 1672 3564 comites
1708 3509 1812 3565 sub

194 3584 530 3652 principum
576 3581 805 3636 nomine
834 3580 1463 3652 comprehendebantur;
1518 3588 1680 3652 natus
1714 3594 1808 3652 Hex

194 3650 499 3724 Sigefredo
531 3652 795 3724 principe,
822 3650 984 3724 idest
1011 3651 1240 3724 dynasta
1271 3660 1533 3724 potente,_
1557 3651 1652 3721 qui
1678 3650 1811 3724 allo:

197 3720 402 3789 diiim,
487 3720 587 3794 seu
648 3720 995 3794 territorium
1035 3720 1319 3794 proprium
1378 3720 1633 3787 habebat,
1703 3722 1808 3794 etsi

199 3794 435 3851 nullum
470 3792 614 3850 forte
642 3792 866 3849 feudum
908 3791 1089 3866 regale
1117 3791 1349 3866 teneret,
1384 3801 1480 3866 aut
1524 3801 1691 3866 certa
1720 3791 1806 3847 di-

198 3866 445 3939 gnitatis
487 3880 694 3939 nomen
739 3864 993 3939 gereret,“
1021 3864 1181 3939 quod
1209 3864 1475 3939 nonnulli_
1496 3864 1658 3939 etiam
1677 3871 1807 3939 _tan-

199 3934 388 4011 quam
426 3935 709 4011 nobiiitati
723 3937 837 3990 sive
870 3934 1108 4011 libertati
1149 3935 1416 4011 derogans
1442 3934 1810 4007 dedignaban-

199 4006 329 4073 tiir,
354 4015 419 4061 ut
446 4022 513 4062 ex
540 4006 869 4077 Guelforum
902 4006 1130 4062 historia
1157 4014 1326 4077 patet.
1354 4009 1522 4077 Lais.

276 4077 597 4133 Comitibus
619 4076 843 4148 quidem
881 4078 1013 4148 olim
1039 4075 1176 4148 inter
1201 4076 1470 4146 principes
1493 4075 1647 4148 locus
1671 4075 1805 4143 fuit;

200 4164 394 4221 eoque
435 4149 594 4221 titulo
620 4145 931 4221 spectatum
976 4145 1143 4202 fuisse
1178 4145 1603 4221 ﬁttopemsive
1632 4149 1806 4202 Azzo-

198 4216 368 4292 Del-Ii,
392 4216 663 4292 Sigefredi
689 4220 888 4285 ﬁlium,
914 4225 1145 4292 constat.
1175 4216 1481 4292 Sigefi'edus
1507 4225 1808 4292 autem_cur

198 4302 259 4348 et
325 4286 735 4373 ipse'princeps
795 4288 1098 4371 appelletur
1111 4359 1121 4370 .
1146 4286 1257 4373 non
1314 4286 1471 4373 facile
1520 4288 1804 4373 ostendas;

197 4358 394 4433 neque
409 4358 556 4417 enim
573 4358 902 4418 allodiorum
919 4361 1071 4433 copia
1086 4359 1155 4415 iis
1168 4358 1621 4433 temporibus,uti
1632 4375 1807 4433 neque

196 4428 440 4497 nostris,
460 4433 763 4503 principem
787 4428 1118 4503 constituere
1142 4428 1417 4486 solebant.
1451 4428 1589 4503 Mihi
1611 4428 1804 4486 oborta

1988 3294 2134 3365 (516)
2168 3299 2319 3354 Idem
2353 3297 2575 3368 Regien.
2610 3295 2735 3368 cod.
2772 3313 2785 3348 :
2822 3298 2935 3351 Has
2964 3296 3192 3350 struxit.
3228 3296 3292 3349 In
3317 3294 3510 3352 subse-

1917 3378 2117 3443 quente
2145 3385 2307 3424 versu
2328 3367 2511 3443 pro‘at
2531 3383 2614 3443 me
2642 3367 2879 3443 legerem
2902 3383 2965 3421 ac
2991 3382 3093 3421 me.
3126 3368 3291 3443 Muri:

1989 3446 2136 3507 (517)
2164 3443 2289 3496 Non
2329 3436 2507 3495 ausim
2537 3436 2859 3495 Latinorum
2897 3453 3074 3506 regem
3113 3436 3387 3507 appellare
3413 3440 3507 3492 Be-

1914 3514 2219 3581 rengarium
2238 3511 2723 3581 11(Berengherius
2741 3508 2934 3581 legitur
2957 3508 3026 3581 in
3060 3523 3167 3562 ms.
3195 3507 3507 3579 Regiense),

1914 3583 1963 3637 is
1991 3579 2133 3637 enim
2154 3597 2443 3653 nunquam
2463 3579 2725 3653 augustali
2750 3580 2908 3653 titulo
2935 3580 3194 3653 donatus,
3223 3593 3508 3653 nunquam

1914 3653 2179 3709 Romanis
2212 3649 2563 3723 imperavit:
2588 3653 2732 3723 Ergo
2788 3650 2873 3723 hic
2912 3664 3055 3723 unus
3104 3649 3378 3723 Henricus
3430 3650 3508 3723 IY

1915 3722 2296 3794 intelligendus
2312 3718 2573 3787 'videtur,
2620 3718 2712 3791 qui
2740 3720 2926 3794 _simul
2969 3718 3108 3787 fuit,
3157 3719 3270 3775 sive
3287 3735 3347 3794 _a
3392 3719 3508 3774 suis

1917 3803 2001 3850 est
2038 3790 2285 3864 habitus,
2333 3790 2711 3851 Romanorum
2735 3791 3031 3864 imperator
3058 3798 3112 3847 et
3149 3805 3247 3847 rex
3273 3790 3504 3847 Germa-

1913 3865 2040 3921 nia.
2061 3868 2221 3921 Mun.

1987 3941 2132 4003 (518)
2157 3937 2443 4006 Peregrini
2467 3951 2503 3989 a
2529 3950 2695 4006 regno
2721 3935 2881 4002 facti,
2907 3932 2961 3988 id
2986 3940 3069 3988 est
3095 3940 3359 4006 extorres.
3394 3935 3507 4006 To-

1915 4006 2024 4086 tius
2052 4002 2157 4062 loci
2194 4002 2385 4086 sensus
2431 4005 2506 4086 ita
2552 4002 2762 4086 habet_:
2809 4009 2986 4086 Quam
3013 4002 3372 4086 munita_ego
3400 4005 3507 4059 sim

1915 4078 2173 4142 (Canossa
2203 4078 2461 4148 loquitur)
2503 4077 2675 4132 sensit
2720 4076 3046 4130 Latinorum
3088 4090 3185 4129 rex
3228 4076 3506 4148 Berenga-

1916 4148 2055 4215 rius,
2081 4157 2136 4203 et
2154 4144 2585 4203 Teutonicorum
2602 4148 2873 4202 Henricus
2898 4148 2990 4201 IV.
3007 4148 3213 4216 Nempe
3237 4144 3508 4214 Beringa-

1915 4219 2031 4273 rius
2061 4218 2167 4274 hoc
2195 4218 2409 4288 probat,
2441 4226 2495 4273 et
2522 4217 2667 4271 ﬁlius
2692 4217 2812 4287 ejus
2841 4216 3186 4288 Adelbertus,
3212 4218 3312 4285 qui
3337 4218 3507 4288 fortes

1917 4291 2133 4358 quidem
2169 4285 2227 4341 in
2256 4291 2422 4343 armis
2465 4285 2813 4356 Langobardi
2855 4285 3018 4341 fuisse
3048 4294 3372 4358 noscuntur,
3409 4286 3506 4342 sed

1909 4356 2013 4429 per
2047 4376 2130 4415 me
2157 4359 2307 4422 (dum
2343 4372 2435 4413 me
2461 4367 2700 4429 evertere
2734 4361 3027 4429 conantur)
3057 4356 3227 4429 eversi
3263 4366 3412 4423 sunt,
3433 4365 3505 4429 _et

1915 4425 2251 4511 regnopu‘lsi
2287 4430 2355 4484 ab
2382 4428 2600 4511 Othone
2629 4430 2872 4511 ltlagno,_
2894 4427 3020 4511 quia
3157 4442 3311 4505 reges
3339 4425 3504 4482 ambo

197 4496 487 4560 dubitatio
525 4496 664 4558 num
690 4503 832 4559 forte
870 4502 1045 4558 verbis
1078 4502 1179 4557 illis
1214 4503 1437 4573 Lucensi
1462 4502 1528 4557 de
1553 4504 1806 4557 comitatu
1836 4563 1874 4573 _
1914 4496 2133 4573 Franci,
2160 4500 2516 4573 Berengarius
2535 4508 2596 4573 et
2621 4496 2946 4573 Adelbertus
2969 4496 3204 4573 (collega
3230 4496 3289 4551 in
3308 4512 3503 4573 regno,

195 4574 522 4646 signiﬁcare
583 4574 817 4646 voluerit
856 4574 1072 4646 Donizo
1097 4614 1111 4638 ,
1142 4572 1484 4646 Sigefredum
1509 4573 1805 4646 “Lucensis
1832 4563 1882 4626 D
1912 4580 1975 4646 ut
2019 4563 2325 4646 diplomata
2340 4563 2676 4637 vostendunt)
2713 4569 2979 4646 originem
3023 4582 3090 4646 e_x
3126 4563 3350 4646 Eranois
3377 4563 3504 4624 ira;

196 4642 368 4702 ur'bis
408 4648 652 4701 comitem
694 4644 878 4701 fuisse.
923 4648 997 4699 At
1042 4644 1111 4699 de
1156 4642 1259 4700 hoc
1301 4644 1400 4699 erit
1442 4642 1580 4698 mihi
1620 4659 1802 4700 sermo

195 4717 321 4775 alio
347 4717 407 4772 in
437 4715 577 4772 loco.
610 4720 823 4773 Interea
850 4715 894 4773 si
920 4719 1167 4785 princeps
1197 4714 1285 4768 hic
1312 4730 1409 4785 pro
1424 4719 1640 4784 potente
1658 4715 1803 4770 dun-

194 4797 363 4845 taxat
390 4787 694 4846 sumendus
724 4794 830 4855 est,
876 4784 1063 4843 minus
1088 4784 1450 4858 proprie’hac
1493 4800 1628 4842 voce
1673 4800 1805 4842 usus

197 4859 380 4916 fuerit
406 4862 633 4916 Donizo.
665 4861 830 4915 Mus.

276 4931 435 4997 (511)
469 4933 597 4984 Erat
624 4938 680 4986 et
709 4931 901 4986 Tuscia
940 4928 1440 4997 Langobardorum,
1480 4926 1637 4997 cujus
1671 4926 1804 4983 olim

196 5006 377 5070 caput
424 5002 593 5072 Luca.
633 5002 708 5072 At
753 4998 1130 5072 Langobardia
1170 5014 1286 5072 non
1334 4998 1542 5072 nostris
1575 5003 1804 5072 tantum

196 5067 575 5140 temporibus,
618 5070 713 5126 sed
745 5067 911 5127 etiam
951 5069 1280 5137 Donizonis,
1333 5068 1587 5140 strictiori
1638 5067 1806 5139 signi-

198 5139 466 5212 ﬁcatione
520 5142 784 5212 appellata
842 5150 959 5207 est,
1009 5154 1134 5212 qua
1184 5140 1262 5195 cis
1311 5139 1672 5212 Apenninum
1706 5143 1802 5212 In-

194 5211 404 5267 subres
436 5217 493 5268 et
537 5210 770 5268 )Emilia
808 5210 1395 5283 partem’adamnem
1434 5225 1609 5279 usque
1652 5211 1802 5265 Scul-

194 5288 438 5365 tennam
476 5280 880 5365 complectitur.
889 5285 1087 5365 _Atque
1101 5281 1263 5365 “hinc
1302 5280 1461 5365 vides
1498 5284 1802 5365 Reqiensem

195 5354 561 5425 comitatum,
604 5352 661 5409 in
690 5368 798 5425 quo
836 5353 940 5411 sita
974 5360 1056 5409 est
1094 5355 1358 5422 Canossa,
1400 5352 1803 5425 Langobardia

192 5424 451 5479 attribui.
480 5426 637 5481 Mus.

276 5500 423 5559 (512)
464 5495 586 5551 Hoc
610 5502 693 5551 est
717 5493 939 5551 castella
962 5495 1113 5551 varia
1149 5496 1263 5551 sive
1287 5495 1345 5549 in
1372 5494 1657 5563 allodium,
1684 5495 1800 5551 sive

190 5564 256 5620 in
296 5564 532 5621 feudum
579 5564 647 5620 ab
694 5566 862 5622 Italia
898 5565 1124 5636 regibus
1154 5573 1259 5636 aut
1277 5565 1345 5620 ab
1391 5566 1658 5636 episcopis
1707 5582 1796 5620 ac-

191 5635 452 5707 quisivit,
483 5651 720 5708 quorum
758 5636 1094 5708 habitatores
1120 5635 1362 5708 regebat.
1393 5639 1474 5693 Ac
1499 5635 1598 5692 sub
1626 5639 1797 5692 tutela

188 5706 305 5760 sua
327 5706 527 5762 multos
559 5708 841 5770 retinebat,
866 5707 971 5762 hoc
994 5716 1079 5763 est
1106 5706 1471 5762 Ecclesiarum
1501 5708 1794 5763 multarum

187 5776 500 5849 advocatus
550 5777 672 5843 fuit,
719 5785 814 5834 aut
840 5780 1005 5849 etiam
1036 5777 1277 5833 vassallis
1303 5777 1615 5848 abundavit,
1657 5792 1798 5849 quos

186 5848 374 5904 tutari
396 5845 470 5906 ad
496 5850 723 5905 seniores
742 5848 1042 5921 spectabat.
1066 5849 1232 5905 Mun.

1912 4638 2126 4708 hentes,
2157 4645 2239 4699 vel
2288 4645 2628 4699 Francorum
2672 4638 2905 4713 regnum
2931 4639 3011 4713 _in_
3034 4638 3204 4713 _Italia
3233 4646 3499 4709 tenentes,

1912 4716 2197 4769 credebant
2242 4731 2324 4769 me
2367 4713 2718 4780 circumdare,
2735 4709 2847 4766 'vel
2895 4709 3219 4781 obsidendo,
3241 4725 3503 4781 pugnare,

1912 4787 2056 4869 quod
2079 4801 2210 4869 opus
2235 4787 2337 4840 sibi
2357 4790 2380 4867 ς
2380 4784 2436 4869 id
2456 4792 2540 4869 est
2559 4784 2713 4866 ipsis)
2732 4785 2862 4851 fecit
2881 4797 3148 4869 amarum,
3171 4780 3505 4869 id‘estquod

1911 4853 2043 4928 ipsis
2072 4853 2214 4912 male
2246 4856 2431 4922 cessit,
2467 4855 2596 4911 dum
2613 4857 2867 4925 princeps
2911 4856 3115 4909 viveret
3149 4855 3301 4921 Atto,
3327 4853 3386 4909 id
3422 4861 3506 4910 est

1913 4933 2047 4985 Atto
2076 4942 2284 4982 comes.
2314 4928 2484 4981 [ΜΒ.

1984 5002 2131 5066 (519)
2160 5000 2222 5053 In
2246 4997 2476 5069 Regien.
2504 4995 2691 5053 codice
2728 4994 2985 5069 habetur,
3013 5012 3097 5052 me
3132 4999 3262 5069 quia
3287 4997 3499 5069 frangi,

1912 5070 1965 5123 id
2011 5077 2094 5124 est
2136 5070 2263 5140 quia
2295 5066 2561 5141 putabant
2602 5083 2690 5122 me
2720 5066 2964 5141 dirutum
3014 5083 3091 5141 ac_
3115 5066 3387 5141 dejeptum
3418 5066 3501 5120 iri.

1915 5137 2313 5209 Langobardis'
2352 5154 2535 5211 nuper,
2576 5137 2891 5211 accensuit
2950 5137 3194 5194 Donizo'
3227 5139 3504 5209 Berenga-

1916 5208 2063 5266 rium
2112 5216 2183 5280 ll,
2227 5226 2291 5267 ac
2340 5208 2458 5282 ejus
2511 5210 2686 5265 ﬁlium
2738 5208 3099 5282 Adelbertum
3146 5226 3161 5260 :
3210 5223 3323 5263 non
3377 5208 3505 5279 ergo

1914 5285 2146 5353 Francos
2185 5280 2552 5353 appellaturus
2592 5285 2746 5350 erat;
2792 5288 2849 5338 et
2894 5280 3077 5336 nullus
3120 5287 3267 5336 certe
3312 5293 3506 5335 sensus

1914 5352 2140 5426 legendo
2170 5352 2384 5426 Franci.
2415 5355 2580 5410 Mus.

1982 5421 2131 5549 (ξῖἳῖ
2178 5424 2315 5481 Cod.
2368 5431 2510 5494 ant.,
2567 5422 2919 5491 circumdat,
2969 5421 3027 5478 id
3079 5428 3165 5479 est
3208 5421 3506 5477 circumda-

1982 5512 2017 5548 n
2064 5536 2078 5549 .
2136 5509 2260 5549 BIB.

1914 5501 2043 5549 runt
2064 5501 2260 5551 .LBIB.

1981 5568 2041 5620 In
2070 5565 2192 5620 cod.
2227 5564 2541 5621 Padoliron.
2576 5585 2589 5622 :
2620 5570 2702 5623 Me
2730 5565 3155 5627 circumdarunt,
3187 5564 3331 5633 quod
3367 5580 3508 5632 opus

1909 5636 2014 5690 sibi
2031 5640 2174 5691 venit
2195 5653 2461 5709 amarum.
2490 5639 2613 5693 Hoc
2636 5645 2718 5692 est
2744 5656 2758 5693 :
2785 5652 2911 5709 qua
2935 5633 3151 5709 obsidio
3170 5635 3225 5709 in
3248 5648 3504 5709 magnam

1908 5722 2098 5779 eorum
2143 5708 2438 5779 perniciem
2478 5703 2887 5779 conversaest;
2934 5707 3133 5777 quippe
3172 5703 3445 5779 deturbati
3475 5717 3506 5756 e

1905 5777 2044 5834 solio
2060 5774 2346 5850 nunquam
2376 5779 2610 5850 amplius
2637 5776 2767 5850 illud
2791 5774 3209 5850 recuperarunt.
3238 5774 3392 5850 Mus.

1978 5853 2126 5918 (521)
2163 5840 2430 5913 Brutale,
2465 5840 2683 5903 bestiale
2725 5847 2912 5906 Italica
2934 5840 3142 5913 'lingua
3184 5840 3501 5912 appellaret.
