4052 6180
558 245 661 297 959

565 372 639 422 Ex
667 364 1050 435 Allobrogibus
1075 361 1324 432 patribus
1353 359 1458 414 fuit
1487 359 1603 430 ipse
1629 366 1869 426 creatus,

561 462 741 529 Quem
769 459 896 513 fecit
920 470 1098 526 regem
1119 469 1250 524 gens
1274 452 1633 524 Longobarda
1660 451 1936 516 decenter,

561 558 741 623 Atque
766 551 869 620 pie,
895 549 1041 619 juste
1071 563 1297 618 regnum
1329 546 1467 616 regit
1494 545 1842 615 italicumqnc
1877 564 1888 598 :

561 642 904 712 Colloquium
936 640 1218 712 publicum
1249 640 1418 694 vetuit
1448 637 1561 693 fieri
1594 638 1710 693 sine
1734 638 1892 708 jussu

562 734 906 806 Imperioque
933 749 1034 788 suo
1063 748 1162 788 rex
1199 733 1410 788 cunctis
1433 732 1663 803 inclytus
1692 733 1855 800 Hugo

560 832 741 882 Ausus
791 835 912 882 erat
953 826 1136 881 nullus
1178 826 1442 880 minimus
1486 830 1631 891 (522)
1683 824 1731 878 vi
1775 823 1963 879 tollere
2005 837 2154 877 sum-

561 925 801 976 Mortem
843 928 967 990 post
1008 919 1124 991 ejus
1151 918 1396 990 regnavit
1425 918 1570 973 ﬁlius
1615 917 1732 988 ejus
1982 919 2148 985 [ptus.

560 1011 857 1068 Lotharius
884 1011 1142 1082 prudens,
1173 1011 1407 1082 sapiens,
1437 1009 1654 1066 Attonis
1681 1010 1972 1080 herusque.

563 1106 707 1161 Huic
732 1113 849 1160 erat
877 1113 930 1160 et
958 1103 1159 1175 conjux
1189 1103 1434 1159 Adeleita
1459 1102 1740 1174 splendida
1767 1116 2006 1172 prorsus.

563 1201 644 1252 Ex
674 1197 776 1253 hac
804 1197 1118 1252 subtractus
1146 1196 1255 1251 vita
1286 1194 1578 1251 Lotharius
1607 1196 1749 1250 altus

564 1292 788 1361 Absque
817 1305 930 1344 suae
959 1298 1094 1344 nutu
1125 1289 1379 1344 laudatur
1407 1289 1658 1360 conjugis
1688 1303 1829 1343 unus

563 1386 683 1438 Rex
733 1382 1152 1453 Longobardus,
1196 1383 1579 1452 Berengerius,
1626 1382 1706 1435 vir
1743 1395 1964 1437 amarus
2013 1385 2155 1447 (523)

563 1475 718 1546 Cepit
745 1476 995 1546 reginam
1019 1473 1302 1546 prmfatam
1343 1480 1491 1542 (524)
1521 1475 1692 1530 victus
1719 1475 1784 1529 ab
1810 1476 1892 1529 ira
1922 1496 1934 1530 :

565 1571 726 1623 Hunc
751 1567 866 1622 ﬁeri
899 1583 1084 1638 regem
1115 1583 1397 1638 nunquam
1422 1569 1630 1638 placuit
1659 1568 1760 1623 sibi
1791 1583 2007 1638 nempe.

566 1663 856 1731 Pr0pterea
927 1669 1121 1732 capta,
1203 1676 1368 1733 super
1447 1677 1628 1716 arcem
1707 1660 1947 1732 denique
2011 1661 2153 1716 Gar-

1564 235 1654 288 AD
1691 234 1916 288 OPERA
1955 232 2010 286 S.
2051 228 2371 285 GREGORII
2405 227 2837 284 APPENDICES.
3719 232 3806 284 960

2179 359 2233 422 Α
2259 353 2510 409 Laudans
2530 353 2620 408 ille
2645 355 2831 408 Deum
2853 353 3106 409 transivit
3129 369 3224 409 eos
3242 353 3354 410 cito
3379 369 3582 422 secum,

2261 447 2475 502 Obtulit
2504 454 2557 501 et
2581 447 2786 517 piscem
2816 463 2926 502 non
2955 464 3187 518 parvum
3215 449 3451 503 rusticus
3477 447 3588 515 ille,

2260 543 2440 612 Atque
2461 549 2741 596 memento
2764 541 2891 606 mei,
2917 541 3118 611 reginae
3144 541 3303 607 dixit,
3329 541 3568 608 habebis,

2261 634 2315 690 Si
2338 634 2433 689 tibi
2456 633 2594 689 forte
2621 641 2816 704 potens
2841 635 3120 690 Dominus
3143 639 3286 690 Deus
3306 634 3468 690 addet
3488 633 3754 690 honorem.

2262 728 2452 782 Navita
2479 727 2720 798 reginam
2744 735 2874 782 tunc
2900 727 3152 798 deposuit
3181 743 3348 798 prope
3375 728 3566 783 silvam

2262 822 2592 893 Contiguam
2618 820 2760 875 Iacui
2785 819 3042 891 praefato;
3065 836 3188 892 quae
3216 820 3367 876 stetit
3389 820 3497 875 illic

2263 913 2622 970 I-Iebdomada
2652 921 2769 968 tota
2793 913 3070 970 Christum
3103 913 3330 970 ﬁdenter
3357 914 3619 978 adorans;

2260 1007 2552 1079 Presbyter
2578 1007 2858 1062 absconsaa
2887 1023 3084 1078 panem
3114 1007 3394 1078 quaerebat
3421 1016 3482 1063 ut
3507 1007 3719 1077 hospes.

2261 1099 2510 1158 Tandem
2535 1102 2814 1172 suspirans
2839 1101 2972 1156 dixit
2996 1101 3184 1172 regina
3205 1101 3376 1173 perita
3405 1120 3417 1155 :

2264 1195 2347 1248 Me
2371 1202 2592 1266 captam
2631 1208 2848 1265 semper
2879 1209 3034 1261 reor;
3069 1194 3160 1250 hic
3184 1193 3322 1250 mihi
3351 1192 3484 1266 quid
3506 1192 3660 1265 juvat
3691 1195 3822 1248 esse?

2266 1288 2472 1344 Praesul
2495 1287 2734 1358 Reginus
2763 1287 2906 1342 solet
2924 1302 3040 1343 esse
3060 1287 3238 1344 ﬁdelis
3257 1288 3467 1342 amicus

2264 1385 2467 1437 Noster
2494 1380 2800 1436 Adalardus
2826 1385 3007 1448 (528);
3039 1381 3122 1435 cui
3152 1381 3194 1436 si
3225 1379 3427 1436 referas
3455 1379 3592 1434 mihi
3619 1385 3823 1451 quantus

2262 1475 2344 1528 Sit
2381 1473 2563 1540 fletus,
2601 1471 2787 1528 forsan
2824 1472 3008 1529 trahet
3035 1472 3160 1529 hinc
3205 1487 3327 1539 nos,
3370 1471 3575 1528 domne
3613 1472 3820 1526 Geronta

3561 1563 3579 1627 [
3617 1562 3766 1626 (529‘).

2263 1659 2413 1724 Mox,
2445 1655 2689 1728 quamvis
2712 1654 2905 1721 fessus,
2925 1664 3110 1712 tamen
3132 1655 3226 1711 ivit
3242 1656 3524 1728 presbyter
3542 1653 3700 1709 exsul.

1825 1754 1974 1826 [dam
2011 1757 2154 1820 (525)
2190 1734 2238 1795 Β
2267 1751 2467 1805 Praesul
2492 1756 2551 1803 ut
2578 1748 2815 1820 agnovit,
2840 1748 2909 1804 de
2930 1749 3120 1818 regina
3145 1757 3303 1820 rogat
3329 1769 3341 1804 τ
3364 1750 3412 1804 Ο
3440 1747 3574 1819 quid

564 1843 715 1899 Misit
742 1859 881 1910 eam,
924 1844 1185 1900 famulam
1227 1844 1331 1900 sibi
1361 1853 1575 1900 tantum
1610 1843 1842 1915 praebuit
1884 1857 2050 1897 unam

564 1937 1060 2007 Presbyterumque
1105 1937 1317 1992 bonum
1353 1937 1658 1992 Martinum
1686 1936 1914 1990 nomine
1953 1935 2154 1991 solum.

567 2032 634 2083 In
661 2029 830 2083 turris
861 2028 1026 2084 fundo
1046 2029 1337 2099 jacuerunt
1362 2037 1604 2100 tempore
1636 2029 1829 2095 multo,

567 2119 723 2175 Clam
749 2121 928 2175 senior
952 2137 1174 2176 murum
1204 2120 1348 2177 ferro
1377 2121 1663 2192 confregit,
1692 2122 1746 2176 in
1774 2136 1948 2176 unum

567 2212 782 2283 Quippe
836 2214 1020 2269 locum
1079 2214 1305 2270 tandem
1371 2215 1658 2270 dominam
1714 2214 1921 2286 pariter
1982 2212 2160 2269 famu-

1916 2307 2160 2378 [Iamque

567 2395 819 2451 Extraxit
847 2395 1080 2467 fugiens,
1108 2397 1306 2453 tribuit
1326 2404 1610 2469 vestesque
1635 2396 1836 2463 viriles,

564 2489 673 2543 Illis
693 2504 761 2544 ne
785 2490 917 2545 visa:
940 2499 1263 2561 caperentur
1285 2490 1465 2546 denuo
1487 2491 1661 2556 binze;

568 2583 756 2652 Usque
782 2583 960 2638 lacum
985 2585 1226 2652 veniunt,
1257 2599 1425 2654 quem
1463 2592 1644 2640 servat
1667 2585 1894 2638 Mantua
1929 2581 2110 2637 vivum
2141 2602 2157 2636 :

569 2675 860 2730 lnveniunt
881 2691 1100 2743 navem,
1122 2678 1561 2749 piscatoremque
1584 2692 1834 2732 suavem.

568 2768 854 2838 Presbyter
885 2768 1074 2823 invitat
1099 2784 1281 2839 quem,
1305 2785 1363 2824 se
1393 2771 1592 2840 pariter
1617 2785 1836 2841 quoque
1865 2769 2020 2824 binas

567 2861 795 2930 Naviget
820 2870 881 2916 ut
909 2861 1112 2927 socias;
1138 2863 1222 2917 cui
1253 2862 1380 2933 quid
1407 2863 1577 2933 possit
1606 2861 1754 2930 dare,
1788 2862 1953 2930 dicat,

571 2953 816 3008 Piscator
835 2954 1187 3020 dicens(526)
1213 2972 1227 3009 :
1249 2957 1302 3010 Si
1333 2956 1523 3023 scires,
1557 2955 1862 3027 presbyter,
1892 2954 2085 3026 inquit,

569 3045 672 3113 Qui
700 3061 802 3102 nos
828 3062 1090 3116 essemus,
1124 3057 1181 3103 tu
1203 3048 1388 3104 statim
1414 3048 1656 3103 maxime
1687 3048 1842 3102 laatus

567 3140 850 3194 Transires
877 3139 1126 3210 gaudens
1147 3140 1308 3196 citius
1336 3141 1507 3211 pretio
1536 3141 1649 3195 sine
1680 3155 1781 3194 nos
1807 3147 1934 3196 tres.

571 3232 751 3286 Dicite
780 3233 874 3304 qui
902 3233 1043 3301 sitis,
1067 3233 1111 3288 si
1134 3234 1366 3289 transire
1388 3233 1582 3289 velitis.

571 3324 744 3380 Nobis
766 3325 811 3380 si
833 3325 1006 3396 jures,
1040 3326 1186 3398 quod
1209 3327 1350 3382 celes
1378 3342 1480 3382 nos
1507 3326 1605 3381 tibi
1638 3339 1770 3398 pure

569 3416 874 3473 Pandimus
893 3434 1176 3486 arcanum,
1209 3419 1366 3476 valde
1391 3419 1544 3491 quod
1572 3420 1676 3475 erit
1703 3419 1803 3475 tibi
1838 3419 2088 3475 charum.

570 3512 694 3565 Non
717 3510 909 3566 aderat
952 3513 1125 3569 codex
1165 3517 1335 3580 (527),
1366 3514 1590 3568 baculos
1627 3513 1802 3568 crucis
1831 3513 1975 3568 illico
2008 3528 2163 3569 more

572 3603 833 3658 Rusticus
863 3604 917 3658 in
946 3613 1089 3660 terra
1116 3605 1274 3661 binos
1311 3606 1509 3675 posuit,
1536 3605 1670 3660 nihil
1694 3621 1881 3662 errans

570 3695 632 3747 In
654 3692 859 3749 baculis
873 3695 1044 3766 jurat,
1073 3697 1220 3752 velut
1248 3705 1390 3753 esset
1416 3713 1549 3752 crux
1576 3698 1650 3752 ibi
1677 3698 1920 3768 pulchra.

573 3786 728 3839 Tunc
754 3786 992 3842 domnus
1017 3787 1155 3843 dixit
1183 3791 1453 3845 Martinus
1477 3789 1753 3862 presbyter
1780 3790 1854 3844 illi
1881 3811 1895 3847 ε

573 3878 787 3946 Dicere,
819 3879 998 3948 chare,
1026 3879 1195 3936 modo
1227 3881 1324 3936 tibi
1347 3883 1516 3937 tutius
1537 3883 1725 3938 omnia
1749 3898 1947 3954 cogor;

573 3972 707 4026 Haec
727 3978 810 4027 est
837 3972 1046 4044 regina,
1070 3989 1237 4045 quam
1256 3973 1466 4030 dudum
1493 3975 1658 4045 coepit
1683 3975 1754 4029 ob
1773 3975 1913 4029 iram

573 4065 691 4119 Rex
723 4067 1104 4137 Berengerius,
1135 4064 1403 4138 fugimus,
1434 4067 1508 4124 sis
1537 4067 1680 4124 ﬁdus
1706 4067 1930 4123 amicus.

576 4188 686 4264 Sed
714 4205 812 4264 cur
851 4190 1143 4264 provinciae
1167 4193 1430 4264 populum
1475 4196 1689 4250 brutum
1727 4194 1941 4249 Donizo
1969 4195 2165 4250 vocat?

574 4260 710 4316 Vide
743 4260 1268 4337 _Luitprandum'in
1321 4267 1498 4337 Hist,
1566 4266 1663 4321 lib.
1721 4281 1830 4332 ιιι,
1887 4282 2004 4337 cap.
2070 4275 2162 4333 I2,

575 4338 714 4408 tom.
742 4334 959 4408 l[,_pag.
993 4337 1103 4391 450
1131 4351 1237 4391 rer.
1266 4336 1460 4404 Italic.,
1492 4337 1584 4392 ubi
1616 4334 1992 4406 provinciales.
2023 4353 2160 4408 quos

575 4403 983 4478 Burgundiones
1025 4422 1087 4460 ac
1127 4403 1739 4478 Allobrogcsappellat,
1783 4403 2056 4478 superbiae
2099 4424 2163 4462 ac

574 4476 883 4530 voracitatis
901 4476 1232 4532 incusantur.
1260 4482 1419 4533 Mue.

649 4548 789 4616 (522)
832 4548 968 4619 Cod.
1013 4556 1150 4614 ant.,
1193 4551 1453 4616 minimis,
1495 4547 1552 4604 id
1581 4555 1664 4602 est
1707 4563 1894 4614 nemo,
1932 4547 2047 4619 ipso
2087 4550 2167 4604 vi-

576 4621 780 4689 vente,_
812 4618 1025 4686 plebem
1067 4619 1296 4689 spoliare
1338 4634 1504 4674 ausus
1550 4627 1651 4674 est.
1697 4621 1775 4673 Ita
1822 4618 1988 4674 etiam
2037 4620 2160 4676 cod.

573 4695 636 4735 ex
667 4686 840 4755 antiq.
862 4689 1034 4742 Lmn.

649 4759 790 4817 (523)
843 4759 941 4829 Vir
982 4774 1203 4813 amarus
1248 4758 1442 4814 dicitur
1482 4759 1570 4816 hic
1606 4777 1705 4816 rea:
1747 4760 2021 4829 laudatus,
2070 4776 2164 4817 seu

577 4822 802 4913 electus,
819 4825 1098 4913 ‘d‘efnn‘cto
1131 4829 1435 4913 "Lothario,
1480 4833 1687 4913 absque
1734 4822 2024 4913 consensu,
2052 4848 2164 4913 .seu

577 4899 713 4972 nutu
753 4895 1086 4953 Adelheidis.
1128 4901 1270 4955 Sane
1307 4895 1565 4958 etsi‘vivo
1588 4895 1706 4972 jam
1734 4895 2021 4972 Lothario,
2050 4904 2162 4958 imo

578 4965 813 5046 Hugone
853 4981 1108 5046 quoq_ue,_
1139 4986 1327 5046 rerum
1359 4980 1550 5042 potens
1581 4965 1762 5046 fuerit,
1803 4965 2013 5046 tamen,
2052 4991 2164 5028 non

575 5039 686 5116 nisi
717 5051 748 5089 a
779 5045 958 5093 morte
988 5039 1274 5116 Lothariit
1296 5039 1470 5098 annos
1510 5045 1661 5115 regni
1702 5039 2062 5116 cbmputavit,
2107 5053 2167 5100 ut

576 5105 874 5174 diplomata
904 5111 1216 5168 ostendunt.
1239 5105 1420 5169 'Lntn.

576 5199 588 5232 ε
647 5180 971 5257 (524)_Cod.
1026 5182 1301 5257 Padolir.,
1344 5185 1694 5257 pradictam.
1737 5188 1928 5257 Neque
1961 5186 2166 5242 mirum

573 5247 722 5323 quod
782 5251 1174 5323 Bercngarium
1229 5247 1570 5310 aversaretur
1616 5247 1872 5320 Adelais',
1937 5272 2062 5312 cum
2121 5258 2168 5312 is

575 5318 892 5400 Lethen-ium
921 5318 1110 5400 regem
1139 5323 1256 5400 ejus
1287 5326 1717 5400 conjugemgsu‘is
1745 5318 1953 5383 artibus
1981 5336 2164 5384 aucto-

575 5391 753 5466 ritate,
784 5391 1107 5466 etﬁl‘orta'ssis
1136 5391 1304 5451 etiam
1339 5391 1442 5449 vita
1456 5391 1724 5466 spoliarit.
1755 5401 1912 5455 Mun.

644 5463 788 5527 (525)
833 5465 1041 5540 Nempe
1088 5466 1143 5519 in
1179 5481 1279 5522 orn
1325 5463 1526 5540 Benaci
1571 5467 1748 5540 lacus.
1775 5473 1894 5524 Non
1936 5483 2064 5540 ergo
2109 5468 2164 5523 in

554 5529 991 5616 Novocomensif
1026 5551 1196 5605 agro,
1250 5538 1534 5616 utnhabet
1591 5539 1871 5616 inscriptio
1920 5529 2162 5616 Adélaidi

570 5603 835 5680 Augusta}
851 5603 1236 5680 posita,‘quam
1261 5605 1432 5668 affert
1448 5613 1699 5680 Brover.,
1729 5603 1823 5667 li'b.
1852 5626 1938 5676 ix,
1962 5611 2160 5666 Annal.

569 5672 779 5728 Trevir.
813 5677 973 5730 MUR.
1091 5672 1109 5676 ’
1272 5697 1276 5720 -.

663 5746 787 5807 526)
827 5744 961 5801 Cod.
995 5747 1222 5819 Regien.
1251 5771 1267 5807 :
1302 5752 1539 5806 Piscator
1565 5753 1722 5807 dicit.
1754 5752 1909 5807 Mun.

2269 1847 2364 1898 list
2388 1843 2634 1897 factum?
2658 1857 2868 1912 quaso,
2897 1842 3034 1897 mihi
3063 1857 3245 1910 narra,
3274 1841 3480 1898 discere
3498 1854 3673 1912 spero.

2265 1936 2551 2008 Presbyter
2582 1933 2706 1989 inﬁt
2735 1934 2865 1990 hero
2891 1933 3205 1991 defunctam
3235 1950 3448 1990 carcere
3477 1941 3642 1989 tetro.

2270 2027 2555 2084 Plausibus
2577 2027 2791 2084 emissis
2810 2027 3048 2084 deflebat
3072 2029 3269 2100 praesul
3299 2029 3357 2082 in
3383 2027 3506 2083 istis

2272 2122 2485 2187 Verbis,
2514 2121 2815 2177 discrimen
2852 2137 3118 2193 magnum
3161 2126 3339 2190 (530),
3385 2127 3606 2176 constat
3642 2132 3826 2190 quoque

3519 2207 3536 2279 j
3561 2206 3767 2263 crimen.

2269 2303 2556 2376 Presbyter
2583 2319 2881 2376 agnoscens
2919 2318 2983 2359 ex
3023 2303 3130 2359 hoc
3174 2302 3324 2374 quod
3354 2301 3556 2374 praesul
3601 2299 3828 2356 abhorret

2269 2397 2496 2467 Regina:
2516 2397 2750 2465 lethum,
2779 2397 2848 2453 de
2867 2397 2972 2452 vita
3000 2407 3087 2453 sat
3115 2395 3232 2452 fore
3253 2397 3467 2462 laetum,

2266 2491 2372 2561 Ipsi
2407 2492 2649 2562 privatim
2681 2489 2935 2562 patefecit
2961 2491 3140 2546 vivere
3169 2489 3359 2545 statim

2268 2584 2555 2655 Reginam,
2587 2584 2747 2639 vellet
2775 2599 2897 2655 qum
2926 2582 3246 2654 praesidium
3284 2581 3384 2638 sibi
3416 2580 3606 2637 ferret.

2270 2678 2498 2735 Gaudeo
2527 2677 2674 2748 quod
2717 2677 2864 2745 vivit,
2897 2676 3267 2744 vehementer,
3300 2675 3615 2746 episcopus,
3647 2669 3826 2744 inquit;

2275 2775 2476 2826 Arcem
2513 2787 2767 2826 securam
2798 2771 2898 2825 sub
2923 2763 3020 2825 'me
3047 2786 3176 2826 vero
3203 2769 3314 2824 scio
3337 2769 3581 2831 nullam;

2269 2870 2405 2919 Atto
2434 2880 2590 2919 meus
2620 2863 2778 2919 miles
2807 2867 2947 2929 (531)
2985 2863 3149 2918 habet
3176 2878 3362 2929 unam,
3389 2862 3436 2916 si
3469 2862 3597 2917 velit
3625 2859 3771 2925 idem,

2266 2961 2328 3012 In
2366 2974 2473 3028 qua
2503 2957 2690 3028 regina
2719 2958 3008 3028 persistere
3031 2957 3176 3028 regis
3206 2956 3274 3011 ad
3305 2957 3468 3021 iram,

2267 3053 2536 3121 Tempora
2563 3066 2660 3120 per
2695 3051 2854 3121 longa
2887 3050 3101 3121 poterit,
3131 3050 3209 3105 sic
3237 3049 3379 3105 dicta
3415 3069 3425 3103 :
3455 3049 3666 3104 Canosa
3687 3048 3830 3112 (532).

2187 3122 2232 3185 (ἶ
2269 3144 2528 3213 Accipere
2555 3159 2676 3197 cras
2712 3151 2932 3197 nostros
2959 3143 3208 3214 equulos,
3240 3143 3443 3213 equita,
3477 3142 3629 3196 velut
3651 3139 3828 3198 hortor,

2268 3244 2529 3290 Attonem
2561 3235 2742 3291 forsan
2772 3236 3052 3307 rogitabis,
3089 3235 3336 3299 habebis,
3368 3243 3428 3291 ut
3453 3245 3638 3305 optas.

2267 3329 2431 3384 Luxit
2455 3344 2689 3400 cumque
2715 3328 2852 3397 dies,
2883 3330 3143 3401 equitavit
3167 3329 3446 3400 presbyter
3485 3327 3671 3393 idem;

2268 3422 2449 3478 Verbo
2479 3438 2646 3494 quem
2677 3422 2829 3494 largo
2854 3423 3102 3494 princeps
3129 3422 3426 3492 interrogat
3454 3425 3615 3490 Atto,

2269 3513 2414 3587 Quid
2442 3513 2508 3571 de
2538 3515 2724 3586 regina
2752 3514 2962 3571 factum
2991 3516 3078 3584 sit,
3112 3530 3220 3586 quo
3250 3514 3352 3570 sibi
3386 3512 3562 3570 dicat.

2269 3608 2500 3664 Intimat
2537 3608 2677 3664 hanc
2704 3608 2884 3663 senior
2912 3608 3232 3664 defunctam
3255 3622 3472 3663 carcere
3505 3606 3650 3663 diro.

2271 3704 2402 3756 Atto
2427 3696 2624 3757 dolens
2649 3701 2802 3757 valde
2830 3701 3098 3774 lacrymas
3120 3700 3384 3757 fundebat
3401 3715 3618 3768 amare,

2271 3794 2516 3864 Cumque
2543 3794 2727 3865 palam
2748 3794 2884 3850 vidit
2909 3794 3058 3866 quod
3088 3795 3262 3864 ﬂeret,
3291 3795 3432 3860 clam
3453 3793 3561 3849 sibi
3587 3791 3710 3850 dicit
3738 3808 3750 3844 :

2272 3886 2436 3954 Vivit,
2461 3895 2514 3942 et
2534 3896 2716 3958 erepta
2738 3903 2835 3959 per
2853 3895 2908 3943 te
2929 3887 3080 3958 cupit
3099 3903 3215 3944 esse
3235 3895 3470 3958 recepta.

2273 3979 2486 4048 Quaerit
2525 3995 2695 4052 equos
2730 3981 2998 4052 princeps,
3054 3996 3186 4038 mox
3213 3981 3422 4036 cursim
3451 3979 3632 4053 pergit
3654 3975 3840 4047 ibique;

2274 4073 2457 4130 Tertia
2481 4081 2632 4184 ωηὲ
2643 4073 2802 4129 terris
2831 4073 3073 4130 clarebat
3096 4082 3150 4130 et
3173 4073 3308 4130 hora
3341 4072 3470 4141 diei,

2347 4201 2492 4266 (527)
2521 4196 2586 4253 Id
2606 4206 2688 4252 est
2707 4200 3150 4269 Evangeliorum,
3187 4213 3348 4269 super
3375 4212 3486 4268 quo
3523 4196 3845 4269 ﬁdemsuam

2274 4269 2533 4340 obligare,
2571 4269 2814 4339 praestito
2836 4267 3218 4343 jurejurando,
3250 4267 3549 4325 Christiani
3579 4267 3830 4325 solebant.

2273 4343 2484 4483 agis)
2515 4409 2796 4481 Regiensis
2825 4375 3128 4483 episcOpus.
3175 4413 3316 4466 Eum
3359 4425 3508 4465 anno
3538 4407 3738 4483 945ad
3762 4421 3843 4461 οδ-

2194 4505 2244 4567 D
2271 4479 2524 4567 thedram
2547 4479 3296 4567 evectumdocet‘Ughe'lliOus
3314 4491 3450 4567 tom.
3475 4485 3531 4567 I_l
3565 4482 3694 4560 Ital._
3713 4482 3839 4567 Sac:

2276 4567 2402 4624 pag.
2432 4559 2554 4607 301.
2602 4553 2708 4608 Sed
2736 4563 2898 4608 antea
2946 4553 3002 4608 id
3031 4549 3280 4624 contigit.
3325 4555 3586 4609 Servatur
3613 4552 3758 4607 enim
3777 4549 3846 4624 _in

2276 4620 2521 4695 Archivo
2567 4625 2850 4694 capitulari
2901 4620 3289 4679 canonicoer
3335 4624 3699 4695 Regiensium
3745 4620 3847 4695 ejus

2275 4693 2543 4770 diploma,
2568 4691 2760 4770 in—quo
2802 4695 3122 4770 inscribitur
3141 4713 3155 4750 :
3199 4698 3394 4770 Seruus
3425 4691 3714 4770 servorum

2276 4764 2470 4820 datum
2495 4764 2706 4821 civitate
2727 4769 2885 4836 Regii
2902 4782 3038 4820 anno
3079 4767 3269 4820 damni
3293 4768 3507 4836 Hugoni
3538 4764 3850 4820 serenissimi

2275 4838 2414 4904 regis
2437 4851 2633 4904 xvm;
2656 4835 2902 4893 Lotharii
2917 4853 3037 4892 vero
3061 4839 3168 4906 ﬁlii
3193 4838 3304 4906 ejus
3334 4835 3591 4892 similiter
3618 4852 3716 4890 rem
3733 4845 3848 4888 xxv.

2275 4909 2398 4962 Kal.
2422 4909 2692 4975 Januarii,
2717 4910 3007 4963 indictione
3031 4909 3299 4973 secunda,-
3329 4907 3538 4962 scilicet
3560 4921 3708 4961 anno
3734 4906 3847 4959 943-

2276 4983 2450 5047 Atque
2487 4979 2614 5034 hinc
2661 4977 2826 5033 etiam
2856 4979 3020 5034 habes
3050 4979 3226 5033 lucem
3269 4976 3341 5032 ad
3361 4979 3629 5048 Hugonis
3656 4985 3713 5031 et
3751 4976 3850 5029 Lo-

2274 5048 2436 5104 tharii
2465 5066 2657 5120 regum
2685 5049 3094 5120 chronologiam
3129 5047 3493 5104 statuendam.
3547 5048 3754 5120 Supine
3775 5059 3851 5099 er—

2274 5128 2485 5187 rarunt,
2508 5119 2597 5191 qui
2620 5119 3121 5177 Adelardumﬁhunc
3146 5121 3289 5174 inter
3314 5121 3549 5175 Veronae
3579 5119 3852 5189 episcopos

2276 5198 2678 5245 rccensuerunt.
2702 5192 2859 5246 MUB.

2346 5265 2490 5326 (529)
2523 5259 2587 5333 ld_
2612 5269 2696 5316 est
2727 5278 2741 5314 :
2771 5261 2844 5314 mi
2873 5259 3035 5317 chare
3068 5260 3278 5316 domine
3313 5258 3622 5333 presbyter,
3662 5274 3755 5314 seu
3781 5270 3851 5309 se-

2274 5334 2400 5385 nior
2431 5331 2679 5386 Martine.
2712 5333 2881 5387 Lam.
2908 5401 2924 5405 _
2996 5403 3002 5405 _
3315 5331 3339 5405 ί
3443 5403 3449 5405 _
3812 5394 3823 5405 .

2346 5407 2488 5467 (530)
2519 5405 2698 5456 Locus
2730 5401 3170 5459 emendationem
3197 5403 3388 5475 poscit.
3421 5403 3532 5458 Aut
3561 5415 3699 5471 ergo
3729 5401 3849 5453 scri-

2275 5471 2341 5597 Rf
2373 5488 2385 5523 :
2418 5475 2512 5528 Dii
2533 5477 2734 5527 crimen
2769 5490 3023 5544 magnum
3051 5479 3070 5530 !
3101 5471 3318 5530 aut—dic
3357 5477 3554 5530 crimen
3585 5480 3846 5539 "mgnum-

2338 5557 2439 5597 un.

2338 5557 2439 5598 UB.

2347 5616 2490 5690 (531)
2518 5614 2770 5690 Milestid
2786 5623 2878 5690 _es_t_
2897 5617 3156 5690 vassalus.
3190 5617 3362 5690 Lnga.
3536 5685 3601 5690 _7
3719 5679 3730 5690 ,

2346 5677 2493 5750 (532)
2531 5677 2954 5750 (ἒοά.Ῥδάοὶίιο.,
2985 5691 3046 5756 ﬁt
3083 5689 3228 5740 dicta
3253 5687 3498 5741 Canossa.
3536 5685 3619 5756 F._t_
3641 5677 3847 5753 quidem

2277 5756 2514 5812 Canossa
2542 5757 2662 5827 ejus
2689 5751 2994 5828 antiquum
3011 5771 3241 5826 nomen,
3269 5756 3419 5835 quod
3447 5763 3500 5811 et
3527 5751 3714 5808 adhuc
3741 5762 3847 5820 per-
