  <div class='ocr_page' id='page_1' title='image "/cluster/home/n/w/nwhite01/storage/ocr_20150623/148/hvd.32044054760061/486.png"; bbox 0 0 4052 6180; ppageno 0'>
   <div class='ocr_carea' id='block_1_1' title="bbox 207 293 3494 369">
    <p class='ocr_par' dir='ltr' id='par_1_1' title="bbox 207 293 3494 369">
     <span class='ocr_line' id='line_1_1' title="bbox 207 293 3494 369; baseline 0.004 -23"><span class='ocrx_word' id='word_1_1' title='bbox 207 295 296 347; x_wconf 79' lang='grc'>961</span> <span class='ocrx_word' id='word_1_2' title='bbox 1111 294 1395 347; x_wconf 83' lang='lat' dir='ltr'><strong>APPEND.</strong></span> <span class='ocrx_word' id='word_1_3' title='bbox 1439 294 1526 347; x_wconf 90' lang='lat' dir='ltr'><strong>lll.</strong></span> <span class='ocrx_word' id='word_1_4' title='bbox 1566 320 1636 333; x_wconf 88' lang='lat'><strong>——</strong></span> <span class='ocrx_word' id='word_1_5' title='bbox 1673 293 2089 349; x_wconf 81' lang='lat' dir='ltr'><strong>MONUMENTA</strong></span> <span class='ocrx_word' id='word_1_6' title='bbox 2127 295 2585 353; x_wconf 79' lang='lat' dir='ltr'><strong>GREGORIANA.</strong></span> <span class='ocrx_word' id='word_1_7' title='bbox 2832 364 2841 369; x_wconf 87' lang='lat'>_</span> <span class='ocrx_word' id='word_1_8' title='bbox 3056 326 3063 337; x_wconf 75' lang='grc' dir='ltr'><em>ι</em></span> <span class='ocrx_word' id='word_1_9' title='bbox 3391 306 3494 359; x_wconf 81' lang='lat'><strong>962</strong></span> 
     </span>
    </p>
   </div>
   <div class='ocr_carea' id='block_1_2' title="bbox 204 413 1650 491">
    <p class='ocr_par' dir='ltr' id='par_1_2' title="bbox 204 413 1650 491">
     <span class='ocr_line' id='line_1_2' title="bbox 204 413 1650 491; baseline 0.003 -20"><span class='ocrx_word' id='word_1_10' title='bbox 204 419 390 472; x_wconf 66' lang='lat' dir='ltr'><strong>Estus</strong></span> <span class='ocrx_word' id='word_1_11' title='bbox 418 423 538 471; x_wconf 88' lang='lat' dir='ltr'><strong>erat</strong></span> <span class='ocrx_word' id='word_1_12' title='bbox 579 413 806 487; x_wconf 82' lang='lat' dir='ltr'><strong>quippe,</strong></span> <span class='ocrx_word' id='word_1_13' title='bbox 831 414 928 471; x_wconf 92' lang='lat' dir='ltr'><strong>sed</strong></span> <span class='ocrx_word' id='word_1_14' title='bbox 952 429 1064 471; x_wconf 90' lang='lat' dir='ltr'><strong>non</strong></span> <span class='ocrx_word' id='word_1_15' title='bbox 1094 416 1243 472; x_wconf 91' lang='lat' dir='ltr'><strong>stetit</strong></span> <span class='ocrx_word' id='word_1_16' title='bbox 1267 416 1497 491; x_wconf 84' lang='lat' dir='ltr'><strong>impiger</strong></span> <span class='ocrx_word' id='word_1_17' title='bbox 1523 418 1650 487; x_wconf 85' lang='lat' dir='ltr'><strong>iste;</strong></span> 
     </span>
    </p>
   </div>
   <div class='ocr_carea' id='block_1_3' title="bbox 203 508 1382 581">
    <p class='ocr_par' dir='ltr' id='par_1_3' title="bbox 203 508 1382 581">
     <span class='ocr_line' id='line_1_3' title="bbox 203 508 1382 581; baseline 0.001 -16"><span class='ocrx_word' id='word_1_18' title='bbox 203 509 445 565; x_wconf 81' lang='lat' dir='ltr'><strong>Alterius</strong></span> <span class='ocrx_word' id='word_1_19' title='bbox 482 508 628 564; x_wconf 81' lang='lat' dir='ltr'><strong>venit</strong></span> <span class='ocrx_word' id='word_1_20' title='bbox 654 508 788 565; x_wconf 90' lang='lat' dir='ltr'><strong>dum</strong></span> <span class='ocrx_word' id='word_1_21' title='bbox 815 509 1047 581; x_wconf 90' lang='lat' dir='ltr'><strong>denique</strong></span> <span class='ocrx_word' id='word_1_22' title='bbox 1073 519 1222 566; x_wconf 87' lang='lat' dir='ltr'><strong>sexta</strong></span> <span class='ocrx_word' id='word_1_23' title='bbox 1252 510 1382 577; x_wconf 91' lang='lat' dir='ltr'><strong>diei,</strong></span> 
     </span>
    </p>
   </div>
   <div class='ocr_carea' id='block_1_4' title="bbox 205 602 1795 678">
    <p class='ocr_par' dir='ltr' id='par_1_4' title="bbox 205 602 1795 678">
     <span class='ocr_line' id='line_1_4' title="bbox 205 602 1795 678; baseline 0.001 -18"><span class='ocrx_word' id='word_1_24' title='bbox 205 604 482 676; x_wconf 84' lang='lat' dir='ltr'><strong>Reginam</strong></span> <span class='ocrx_word' id='word_1_25' title='bbox 522 602 755 672; x_wconf 86' lang='lat' dir='ltr'><strong>claram,</strong></span> <span class='ocrx_word' id='word_1_26' title='bbox 802 611 1083 675; x_wconf 80' lang='lat' dir='ltr'><strong>sumptam</strong></span> <span class='ocrx_word' id='word_1_27' title='bbox 1127 604 1289 661; x_wconf 89' lang='lat' dir='ltr'><strong>simul</strong></span> <span class='ocrx_word' id='word_1_28' title='bbox 1320 604 1439 678; x_wconf 86' lang='lat' dir='ltr'><strong>ejus</strong></span> <span class='ocrx_word' id='word_1_29' title='bbox 1479 613 1533 661; x_wconf 91' lang='lat' dir='ltr'><strong>et</strong></span> <span class='ocrx_word' id='word_1_30' title='bbox 1586 605 1795 662; x_wconf 85' lang='lat' dir='ltr'><strong>Abram</strong></span> 
     </span>
    </p>
   </div>
   <div class='ocr_carea' id='block_1_5' title="bbox 1521 699 1721 771">
    <p class='ocr_par' dir='ltr' id='par_1_5' title="bbox 1521 699 1721 771">
     <span class='ocr_line' id='line_1_5' title="bbox 1521 699 1721 771; baseline -0.005 -16"><span class='ocrx_word' id='word_1_31' title='bbox 1521 699 1539 769; x_wconf 89' lang='lat'>[</span> <span class='ocrx_word' id='word_1_32' title='bbox 1580 700 1721 771; x_wconf 86' lang='lat'>(533)</span> 
     </span>
    </p>
   </div>
   <div class='ocr_carea' id='block_1_6' title="bbox 202 791 1576 861">
    <p class='ocr_par' dir='ltr' id='par_1_6' title="bbox 202 791 1576 861">
     <span class='ocr_line' id='line_1_6' title="bbox 202 791 1576 861; baseline 0.001 -12"><span class='ocrx_word' id='word_1_33' title='bbox 202 791 329 849; x_wconf 83' lang='lat' dir='ltr'><strong>Alta</strong></span> <span class='ocrx_word' id='word_1_34' title='bbox 357 792 599 849; x_wconf 89' lang='lat' dir='ltr'><strong>Canossa</strong></span> <span class='ocrx_word' id='word_1_35' title='bbox 635 798 807 861; x_wconf 86' lang='lat' dir='ltr'><strong>tenet,</strong></span> <span class='ocrx_word' id='word_1_36' title='bbox 837 791 917 847; x_wconf 91' lang='lat' dir='ltr'><strong>vel</strong></span> <span class='ocrx_word' id='word_1_37' title='bbox 948 807 1040 849; x_wconf 81' lang='lat' dir='ltr'><strong>eas</strong></span> <span class='ocrx_word' id='word_1_38' title='bbox 1066 808 1125 849; x_wconf 88' lang='lat' dir='ltr'><strong>se</strong></span> <span class='ocrx_word' id='word_1_39' title='bbox 1149 791 1330 849; x_wconf 79' lang='lat' dir='ltr'><strong>laudat</strong></span> <span class='ocrx_word' id='word_1_40' title='bbox 1358 792 1576 850; x_wconf 89' lang='lat' dir='ltr'><strong>habere.</strong></span> 
     </span>
    </p>
   </div>
   <div class='ocr_carea' id='block_1_7' title="bbox 199 885 1680 959">
    <p class='ocr_par' dir='ltr' id='par_1_7' title="bbox 199 885 1680 959">
     <span class='ocr_line' id='line_1_7' title="bbox 199 885 1680 959; baseline 0.001 -18"><span class='ocrx_word' id='word_1_41' title='bbox 199 888 339 942; x_wconf 84' lang='lat' dir='ltr'><strong>Hac</strong></span> <span class='ocrx_word' id='word_1_42' title='bbox 357 901 499 941; x_wconf 90' lang='lat' dir='ltr'><strong>nova</strong></span> <span class='ocrx_word' id='word_1_43' title='bbox 519 885 660 941; x_wconf 92' lang='lat' dir='ltr'><strong>clam</strong></span> <span class='ocrx_word' id='word_1_44' title='bbox 676 888 939 954; x_wconf 85' lang='lat' dir='ltr'><strong>Romam,</strong></span> <span class='ocrx_word' id='word_1_45' title='bbox 968 902 1097 943; x_wconf 90' lang='lat' dir='ltr'><strong>mox</strong></span> <span class='ocrx_word' id='word_1_46' title='bbox 1117 902 1179 958; x_wconf 92' lang='lat' dir='ltr'><strong>pa</strong></span> <span class='ocrx_word' id='word_1_47' title='bbox 1188 902 1269 957; x_wconf 84' lang='lat' dir='ltr'><strong>pa</strong></span> <span class='ocrx_word' id='word_1_48' title='bbox 1288 886 1489 959; x_wconf 86' lang='lat' dir='ltr'><strong>dirigit,</strong></span> <span class='ocrx_word' id='word_1_49' title='bbox 1514 902 1680 943; x_wconf 83' lang='lat' dir='ltr'><strong>orans</strong></span> 
     </span>
    </p>
   </div>
   <div class='ocr_carea' id='block_1_8' title="bbox 196 978 1654 1053">
    <p class='ocr_par' dir='ltr' id='par_1_8' title="bbox 196 978 1654 1053">
     <span class='ocr_line' id='line_1_8' title="bbox 196 978 1654 1053; baseline 0.002 -20"><span class='ocrx_word' id='word_1_50' title='bbox 196 983 383 1050; x_wconf 80' lang='lat' dir='ltr'><strong>Atque</strong></span> <span class='ocrx_word' id='word_1_51' title='bbox 408 987 597 1051; x_wconf 85' lang='lat' dir='ltr'><strong>petens</strong></span> <span class='ocrx_word' id='word_1_52' title='bbox 624 979 801 1051; x_wconf 90' lang='lat' dir='ltr'><strong>ipsum</strong></span> <span class='ocrx_word' id='word_1_53' title='bbox 839 994 947 1051; x_wconf 92' lang='lat' dir='ltr'><strong>quo</strong></span> <span class='ocrx_word' id='word_1_54' title='bbox 976 980 1268 1036; x_wconf 87' lang='lat' dir='ltr'><strong>consilium</strong></span> <span class='ocrx_word' id='word_1_55' title='bbox 1298 978 1397 1035; x_wconf 87' lang='lat' dir='ltr'><strong>sibi</strong></span> <span class='ocrx_word' id='word_1_56' title='bbox 1426 979 1654 1053; x_wconf 88' lang='lat' dir='ltr'><strong>dignum</strong></span> 
     </span>
    </p>
   </div>
   <div class='ocr_carea' id='block_1_9' title="bbox 196 1072 1514 1146">
    <p class='ocr_par' dir='ltr' id='par_1_9' title="bbox 196 1072 1514 1146">
     <span class='ocr_line' id='line_1_9' title="bbox 196 1072 1514 1146; baseline 0 -18"><span class='ocrx_word' id='word_1_57' title='bbox 196 1074 280 1128; x_wconf 86' lang='lat' dir='ltr'><strong>Ex</strong></span> <span class='ocrx_word' id='word_1_58' title='bbox 306 1072 411 1129; x_wconf 92' lang='lat' dir='ltr'><strong>hac</strong></span> <span class='ocrx_word' id='word_1_59' title='bbox 428 1089 489 1128; x_wconf 91' lang='lat' dir='ltr'><strong>re</strong></span> <span class='ocrx_word' id='word_1_60' title='bbox 514 1080 752 1144; x_wconf 86' lang='lat' dir='ltr'><strong>prastet,</strong></span> <span class='ocrx_word' id='word_1_61' title='bbox 779 1072 910 1129; x_wconf 88' lang='lat' dir='ltr'><strong>dare</strong></span> <span class='ocrx_word' id='word_1_62' title='bbox 932 1074 1178 1145; x_wconf 83' lang='lat' dir='ltr'><strong>reginam</strong></span> <span class='ocrx_word' id='word_1_63' title='bbox 1198 1073 1325 1146; x_wconf 89' lang='lat' dir='ltr'><strong>quia</strong></span> <span class='ocrx_word' id='word_1_64' title='bbox 1354 1073 1514 1129; x_wconf 87' lang='lat' dir='ltr'><strong>vellet</strong></span> 
     </span>
    </p>
   </div>
   <div class='ocr_carea' id='block_1_10' title="bbox 195 1166 1558 1238">
    <p class='ocr_par' dir='ltr' id='par_1_10' title="bbox 195 1166 1558 1238">
     <span class='ocr_line' id='line_1_10' title="bbox 195 1166 1558 1238; baseline 0 -17"><span class='ocrx_word' id='word_1_65' title='bbox 195 1166 391 1221; x_wconf 88' lang='lat' dir='ltr'><strong>Ottoni</strong></span> <span class='ocrx_word' id='word_1_66' title='bbox 410 1166 544 1238; x_wconf 88' lang='lat' dir='ltr'><strong>regi,</strong></span> <span class='ocrx_word' id='word_1_67' title='bbox 566 1166 651 1221; x_wconf 90' lang='lat' dir='ltr'><strong>cui</strong></span> <span class='ocrx_word' id='word_1_68' title='bbox 668 1181 802 1238; x_wconf 89' lang='lat' dir='ltr'><strong>gens</strong></span> <span class='ocrx_word' id='word_1_69' title='bbox 818 1167 1178 1223; x_wconf 89' lang='lat' dir='ltr'><strong>Alemannica</strong></span> <span class='ocrx_word' id='word_1_70' title='bbox 1194 1168 1339 1238; x_wconf 83' lang='lat'>(534)</span> <span class='ocrx_word' id='word_1_71' title='bbox 1362 1167 1558 1234; x_wconf 84' lang='lat' dir='ltr'><strong>servit;</strong></span> 
     </span>
    </p>
   </div>
   <div class='ocr_carea' id='block_1_11' title="bbox 192 1258 1652 1333">
    <p class='ocr_par' dir='ltr' id='par_1_11' title="bbox 192 1258 1652 1333">
     <span class='ocr_line' id='line_1_11' title="bbox 192 1258 1652 1333; baseline 0.001 -19"><span class='ocrx_word' id='word_1_72' title='bbox 192 1258 428 1331; x_wconf 86' lang='lat' dir='ltr'><strong>Scripsit</strong></span> <span class='ocrx_word' id='word_1_73' title='bbox 449 1259 497 1315; x_wconf 92' lang='lat' dir='ltr'><strong>ei</strong></span> <span class='ocrx_word' id='word_1_74' title='bbox 524 1275 743 1331; x_wconf 90' lang='lat' dir='ltr'><strong>magna</strong></span> <span class='ocrx_word' id='word_1_75' title='bbox 764 1259 1046 1331; x_wconf 87' lang='lat' dir='ltr'><strong>probitatis</strong></span> <span class='ocrx_word' id='word_1_76' title='bbox 1068 1276 1202 1333; x_wconf 89' lang='lat' dir='ltr'><strong>papa</strong></span> <span class='ocrx_word' id='word_1_77' title='bbox 1228 1262 1465 1316; x_wconf 87' lang='lat' dir='ltr'><strong>Joannes</strong></span> <span class='ocrx_word' id='word_1_78' title='bbox 1485 1262 1652 1330; x_wconf 89' lang='lat'>(535),</span> 
     </span>
    </p>
   </div>
   <div class='ocr_carea' id='block_1_12' title="bbox 192 1352 1615 1426">
    <p class='ocr_par' dir='ltr' id='par_1_12' title="bbox 192 1352 1615 1426">
     <span class='ocr_line' id='line_1_12' title="bbox 192 1352 1615 1426; baseline 0 -17"><span class='ocrx_word' id='word_1_79' title='bbox 192 1356 337 1425; x_wconf 87' lang='lat' dir='ltr'><strong>Qua</strong></span> <span class='ocrx_word' id='word_1_80' title='bbox 355 1353 523 1426; x_wconf 84' lang='lat' dir='ltr'><strong>gessit</strong></span> <span class='ocrx_word' id='word_1_81' title='bbox 542 1352 790 1420; x_wconf 89' lang='lat' dir='ltr'><strong>laudans,</strong></span> <span class='ocrx_word' id='word_1_82' title='bbox 814 1362 936 1425; x_wconf 83' lang='lat' dir='ltr'><strong>agat</strong></span> <span class='ocrx_word' id='word_1_83' title='bbox 950 1354 1077 1420; x_wconf 86' lang='lat' dir='ltr'><strong>hoc,</strong></span> <span class='ocrx_word' id='word_1_84' title='bbox 1097 1361 1160 1408; x_wconf 93' lang='lat' dir='ltr'><strong>ut</strong></span> <span class='ocrx_word' id='word_1_85' title='bbox 1174 1353 1289 1409; x_wconf 88' lang='lat' dir='ltr'><strong>vult</strong></span> <span class='ocrx_word' id='word_1_86' title='bbox 1307 1362 1362 1409; x_wconf 92' lang='lat' dir='ltr'><strong>et</strong></span> <span class='ocrx_word' id='word_1_87' title='bbox 1375 1354 1615 1425; x_wconf 85' lang='lat' dir='ltr'><strong>adoptat.</strong></span> 
     </span>
    </p>
   </div>
   <div class='ocr_carea' id='block_1_13' title="bbox 194 1446 1513 1518">
    <p class='ocr_par' dir='ltr' id='par_1_13' title="bbox 194 1446 1513 1518">
     <span class='ocr_line' id='line_1_13' title="bbox 194 1446 1513 1518; baseline 0 -15"><span class='ocrx_word' id='word_1_88' title='bbox 194 1446 439 1503; x_wconf 85' lang='lat' dir='ltr'><strong>Nuntius</strong></span> <span class='ocrx_word' id='word_1_89' title='bbox 470 1447 692 1502; x_wconf 80' lang='lat' dir='ltr'><strong>Attonis</strong></span> <span class='ocrx_word' id='word_1_90' title='bbox 716 1453 841 1518; x_wconf 87' lang='lat' dir='ltr'><strong>post</strong></span> <span class='ocrx_word' id='word_1_91' title='bbox 866 1446 985 1502; x_wconf 83' lang='lat' dir='ltr'><strong>hac</strong></span> <span class='ocrx_word' id='word_1_92' title='bbox 1012 1446 1273 1502; x_wconf 85' lang='lat' dir='ltr'><strong>conduxit</strong></span> <span class='ocrx_word' id='word_1_93' title='bbox 1318 1446 1372 1501; x_wconf 93' lang='lat' dir='ltr'><strong>in</strong></span> <span class='ocrx_word' id='word_1_94' title='bbox 1400 1447 1513 1503; x_wconf 91' lang='lat' dir='ltr'><strong>oris</strong></span> 
     </span>
    </p>
   </div>
   <div class='ocr_carea' id='block_1_14' title="bbox 192 1537 1436 1612">
    <p class='ocr_par' dir='ltr' id='par_1_14' title="bbox 192 1537 1436 1612">
     <span class='ocr_line' id='line_1_14' title="bbox 192 1537 1436 1612; baseline -0.002 -15"><span class='ocrx_word' id='word_1_95' title='bbox 192 1543 433 1597; x_wconf 89' lang='lat' dir='ltr'><strong>Verona</strong></span> <span class='ocrx_word' id='word_1_96' title='bbox 451 1555 660 1612; x_wconf 86' lang='lat' dir='ltr'><strong>regem,</strong></span> <span class='ocrx_word' id='word_1_97' title='bbox 678 1555 806 1595; x_wconf 90' lang='lat' dir='ltr'><strong>cum</strong></span> <span class='ocrx_word' id='word_1_98' title='bbox 826 1554 988 1610; x_wconf 89' lang='lat' dir='ltr'><strong>parva</strong></span> <span class='ocrx_word' id='word_1_99' title='bbox 1006 1537 1238 1611; x_wconf 88' lang='lat' dir='ltr'><strong>denique</strong></span> <span class='ocrx_word' id='word_1_100' title='bbox 1258 1548 1436 1612; x_wconf 90' lang='lat' dir='ltr'><strong>gente.</strong></span> 
     </span>
    </p>
   </div>
   <div class='ocr_carea' id='block_1_15' title="bbox 190 1631 1792 1706">
    <p class='ocr_par' dir='ltr' id='par_1_15' title="bbox 190 1631 1792 1706">
     <span class='ocr_line' id='line_1_15' title="bbox 190 1631 1792 1706; baseline 0 -17"><span class='ocrx_word' id='word_1_101' title='bbox 190 1633 288 1689; x_wconf 85' lang='lat' dir='ltr'><strong>Ad</strong></span> <span class='ocrx_word' id='word_1_102' title='bbox 316 1633 466 1706; x_wconf 92' lang='lat' dir='ltr'><strong>quod</strong></span> <span class='ocrx_word' id='word_1_103' title='bbox 509 1649 603 1690; x_wconf 86' lang='lat' dir='ltr'><strong>rex</strong></span> <span class='ocrx_word' id='word_1_104' title='bbox 635 1635 769 1691; x_wconf 89' lang='lat' dir='ltr'><strong>Otto</strong></span> <span class='ocrx_word' id='word_1_105' title='bbox 796 1633 960 1702; x_wconf 90' lang='lat' dir='ltr'><strong>venit,</strong></span> <span class='ocrx_word' id='word_1_106' title='bbox 994 1631 1103 1689; x_wconf 90' lang='lat' dir='ltr'><strong>sibi</strong></span> <span class='ocrx_word' id='word_1_107' title='bbox 1133 1649 1261 1688; x_wconf 90' lang='lat' dir='ltr'><strong>cum</strong></span> <span class='ocrx_word' id='word_1_108' title='bbox 1292 1633 1417 1688; x_wconf 89' lang='lat' dir='ltr'><strong>tulit</strong></span> <span class='ocrx_word' id='word_1_109' title='bbox 1463 1633 1605 1703; x_wconf 87' lang='lat'>(536)</span> <span class='ocrx_word' id='word_1_110' title='bbox 1640 1636 1792 1702; x_wconf 83' lang='lat' dir='ltr'><strong>Atto,</strong></span> 
     </span>
    </p>
   </div>
   <div class='ocr_carea' id='block_1_16' title="bbox 186 1725 1645 1800">
    <p class='ocr_par' dir='ltr' id='par_1_16' title="bbox 186 1725 1645 1800">
     <span class='ocr_line' id='line_1_16' title="bbox 186 1725 1645 1800; baseline -0.001 -16"><span class='ocrx_word' id='word_1_111' title='bbox 186 1727 468 1800; x_wconf 79' lang='lat' dir='ltr'><strong>Reginam</strong></span> <span class='ocrx_word' id='word_1_112' title='bbox 493 1726 647 1784; x_wconf 88' lang='lat' dir='ltr'><strong>duxit</strong></span> <span class='ocrx_word' id='word_1_113' title='bbox 691 1742 815 1799; x_wconf 87' lang='lat' dir='ltr'><strong>qua</strong></span> <span class='ocrx_word' id='word_1_114' title='bbox 842 1725 959 1798; x_wconf 90' lang='lat' dir='ltr'><strong>regi</strong></span> <span class='ocrx_word' id='word_1_115' title='bbox 987 1732 1119 1781; x_wconf 90' lang='lat' dir='ltr'><strong>tunc</strong></span> <span class='ocrx_word' id='word_1_116' title='bbox 1152 1742 1373 1799; x_wconf 89' lang='lat' dir='ltr'><strong>quoque</strong></span> <span class='ocrx_word' id='word_1_117' title='bbox 1416 1727 1604 1798; x_wconf 86' lang='lat' dir='ltr'><strong>nupsit</strong></span> <span class='ocrx_word' id='word_1_118' title='bbox 1634 1747 1645 1783; x_wconf 90' lang='lat'>:</span> 
     </span>
    </p>
   </div>
   <div class='ocr_carea' id='block_1_17' title="bbox 187 1817 1686 1893">
    <p class='ocr_par' dir='ltr' id='par_1_17' title="bbox 187 1817 1686 1893">
     <span class='ocr_line' id='line_1_17' title="bbox 187 1817 1686 1893; baseline -0.001 -17"><span class='ocrx_word' id='word_1_119' title='bbox 187 1820 445 1893; x_wconf 88' lang='lat' dir='ltr'><strong>Conjuge</strong></span> <span class='ocrx_word' id='word_1_120' title='bbox 472 1828 721 1893; x_wconf 89' lang='lat' dir='ltr'><strong>suscepta</strong></span> <span class='ocrx_word' id='word_1_121' title='bbox 746 1819 889 1877; x_wconf 88' lang='lat' dir='ltr'><strong>redit</strong></span> <span class='ocrx_word' id='word_1_122' title='bbox 915 1817 986 1875; x_wconf 92' lang='lat' dir='ltr'><strong>ad</strong></span> <span class='ocrx_word' id='word_1_123' title='bbox 1011 1818 1293 1890; x_wconf 89' lang='lat' dir='ltr'><strong>propriam</strong></span> <span class='ocrx_word' id='word_1_124' title='bbox 1320 1821 1432 1876; x_wconf 90' lang='lat' dir='ltr'><strong>cito</strong></span> <span class='ocrx_word' id='word_1_125' title='bbox 1459 1829 1686 1887; x_wconf 90' lang='lat' dir='ltr'><strong>terram,</strong></span> 
     </span>
    </p>
   </div>
   <div class='ocr_carea' id='block_1_18' title="bbox 189 1913 1501 1986">
    <p class='ocr_par' dir='ltr' id='par_1_18' title="bbox 189 1913 1501 1986">
     <span class='ocr_line' id='line_1_18' title="bbox 189 1913 1501 1986; baseline -0.001 -17"><span class='ocrx_word' id='word_1_126' title='bbox 189 1913 391 1970; x_wconf 82' lang='lat' dir='ltr'><strong>Attoni</strong></span> <span class='ocrx_word' id='word_1_127' title='bbox 417 1913 688 1986; x_wconf 81' lang='lat' dir='ltr'><strong>spondens</strong></span> <span class='ocrx_word' id='word_1_128' title='bbox 709 1913 857 1986; x_wconf 91' lang='lat' dir='ltr'><strong>quod</strong></span> <span class='ocrx_word' id='word_1_129' title='bbox 878 1913 947 1969; x_wconf 90' lang='lat' dir='ltr'><strong>de</strong></span> <span class='ocrx_word' id='word_1_130' title='bbox 970 1928 1028 1969; x_wconf 92' lang='lat' dir='ltr'><strong>se</strong></span> <span class='ocrx_word' id='word_1_131' title='bbox 1045 1913 1281 1969; x_wconf 84' lang='lat' dir='ltr'><strong>maxima</strong></span> <span class='ocrx_word' id='word_1_132' title='bbox 1302 1922 1501 1985; x_wconf 91' lang='lat' dir='ltr'><strong>posset.</strong></span> 
     </span>
    </p>
   </div>
   <div class='ocr_carea' id='block_1_19' title="bbox 186 2005 1578 2079">
    <p class='ocr_par' dir='ltr' id='par_1_19' title="bbox 186 2005 1578 2079">
     <span class='ocr_line' id='line_1_19' title="bbox 186 2005 1578 2079; baseline -0.001 -16"><span class='ocrx_word' id='word_1_133' title='bbox 186 2010 317 2063; x_wconf 79' lang='lat' dir='ltr'><strong>Rex</strong></span> <span class='ocrx_word' id='word_1_134' title='bbox 356 2005 758 2079; x_wconf 89' lang='lat' dir='ltr'><strong>Longobardus</strong></span> <span class='ocrx_word' id='word_1_135' title='bbox 780 2006 1029 2065; x_wconf 90' lang='lat' dir='ltr'><strong>nondum</strong></span> <span class='ocrx_word' id='word_1_136' title='bbox 1057 2016 1388 2079; x_wconf 85' lang='lat' dir='ltr'><strong>cognoverat</strong></span> <span class='ocrx_word' id='word_1_137' title='bbox 1426 2015 1578 2063; x_wconf 91' lang='lat' dir='ltr'><strong>actus</strong></span> 
     </span>
    </p>
   </div>
   <div class='ocr_carea' id='block_1_20' title="bbox 188 2100 1479 2173">
    <p class='ocr_par' dir='ltr' id='par_1_20' title="bbox 188 2100 1479 2173">
     <span class='ocr_line' id='line_1_20' title="bbox 188 2100 1479 2173; baseline 0 -18"><span class='ocrx_word' id='word_1_138' title='bbox 188 2103 340 2157; x_wconf 90' lang='lat' dir='ltr'><strong>Istos</strong></span> <span class='ocrx_word' id='word_1_139' title='bbox 380 2101 605 2173; x_wconf 82' lang='lat' dir='ltr'><strong>regina,</strong></span> <span class='ocrx_word' id='word_1_140' title='bbox 638 2116 818 2172; x_wconf 92' lang='lat' dir='ltr'><strong>neque</strong></span> <span class='ocrx_word' id='word_1_141' title='bbox 853 2116 964 2172; x_wconf 91' lang='lat' dir='ltr'><strong>quo</strong></span> <span class='ocrx_word' id='word_1_142' title='bbox 991 2100 1312 2172; x_wconf 85' lang='lat' dir='ltr'><strong>confugerat</strong></span> <span class='ocrx_word' id='word_1_143' title='bbox 1338 2100 1479 2157; x_wconf 90' lang='lat' dir='ltr'><strong>idem</strong></span> 
     </span>
    </p>
   </div>
   <div class='ocr_carea' id='block_1_21' title="bbox 186 2193 1543 2266">
    <p class='ocr_par' dir='ltr' id='par_1_21' title="bbox 186 2193 1543 2266">
     <span class='ocr_line' id='line_1_21' title="bbox 186 2193 1543 2266; baseline -0.001 -16"><span class='ocrx_word' id='word_1_144' title='bbox 186 2197 553 2266; x_wconf 82' lang='lat' dir='ltr'><strong>Reppererat,</strong></span> <span class='ocrx_word' id='word_1_145' title='bbox 568 2193 742 2249; x_wconf 91' lang='lat' dir='ltr'><strong>donec</strong></span> <span class='ocrx_word' id='word_1_146' title='bbox 755 2194 901 2264; x_wconf 90' lang='lat' dir='ltr'><strong>quod</strong></span> <span class='ocrx_word' id='word_1_147' title='bbox 921 2210 1014 2251; x_wconf 91' lang='lat' dir='ltr'><strong>rex</strong></span> <span class='ocrx_word' id='word_1_148' title='bbox 1037 2194 1140 2251; x_wconf 91' lang='lat' dir='ltr'><strong>fuit</strong></span> <span class='ocrx_word' id='word_1_149' title='bbox 1159 2195 1290 2249; x_wconf 91' lang='lat' dir='ltr'><strong>Otto</strong></span> <span class='ocrx_word' id='word_1_150' title='bbox 1310 2195 1543 2249; x_wconf 88' lang='lat' dir='ltr'><strong>Verona</strong></span> 
     </span>
    </p>
   </div>
   <div class='ocr_carea' id='block_1_22' title="bbox 185 2285 1681 2359">
    <p class='ocr_par' dir='ltr' id='par_1_22' title="bbox 185 2285 1681 2359">
     <span class='ocr_line' id='line_1_22' title="bbox 185 2285 1681 2359; baseline -0.001 -16"><span class='ocrx_word' id='word_1_151' title='bbox 185 2287 442 2359; x_wconf 84' lang='lat' dir='ltr'><strong>Audivit,</strong></span> <span class='ocrx_word' id='word_1_152' title='bbox 467 2285 715 2355; x_wconf 88' lang='lat' dir='ltr'><strong>tandem,</strong></span> <span class='ocrx_word' id='word_1_153' title='bbox 739 2285 887 2359; x_wconf 91' lang='lat' dir='ltr'><strong>quod</strong></span> <span class='ocrx_word' id='word_1_154' title='bbox 905 2294 960 2343; x_wconf 90' lang='lat' dir='ltr'><strong>et</strong></span> <span class='ocrx_word' id='word_1_155' title='bbox 987 2292 1119 2343; x_wconf 89' lang='lat' dir='ltr'><strong>Atto</strong></span> <span class='ocrx_word' id='word_1_156' title='bbox 1143 2286 1496 2343; x_wconf 86' lang='lat' dir='ltr'><strong>fecerathanc</strong></span> <span class='ocrx_word' id='word_1_157' title='bbox 1521 2301 1639 2343; x_wconf 90' lang='lat' dir='ltr'><strong>rem</strong></span> <span class='ocrx_word' id='word_1_158' title='bbox 1668 2304 1681 2341; x_wconf 93' lang='lat'><strong>:</strong></span> 
     </span>
    </p>
   </div>
   <div class='ocr_carea' id='block_1_23' title="bbox 187 2379 1495 2452">
    <p class='ocr_par' dir='ltr' id='par_1_23' title="bbox 187 2379 1495 2452">
     <span class='ocr_line' id='line_1_23' title="bbox 187 2379 1495 2452; baseline 0 -17"><span class='ocrx_word' id='word_1_159' title='bbox 187 2384 394 2449; x_wconf 89' lang='lat' dir='ltr'><strong>Iratus,</strong></span> <span class='ocrx_word' id='word_1_160' title='bbox 443 2379 724 2448; x_wconf 82' lang='lat' dir='ltr'><strong>frendens,</strong></span> <span class='ocrx_word' id='word_1_161' title='bbox 758 2379 1074 2437; x_wconf 89' lang='lat' dir='ltr'><strong>coadunans</strong></span> <span class='ocrx_word' id='word_1_162' title='bbox 1108 2380 1249 2435; x_wconf 91' lang='lat' dir='ltr'><strong>illico</strong></span> <span class='ocrx_word' id='word_1_163' title='bbox 1275 2388 1495 2452; x_wconf 82' lang='lat' dir='ltr'><strong>gentes;</strong></span> 
     </span>
    </p>
   </div>
   <div class='ocr_carea' id='block_1_24' title="bbox 186 2472 1679 2547">
    <p class='ocr_par' dir='ltr' id='par_1_24' title="bbox 186 2472 1679 2547">
     <span class='ocr_line' id='line_1_24' title="bbox 186 2472 1679 2547; baseline 0.001 -17"><span class='ocrx_word' id='word_1_164' title='bbox 186 2475 358 2531; x_wconf 84' lang='lat' dir='ltr'><strong>Venit</strong></span> <span class='ocrx_word' id='word_1_165' title='bbox 382 2476 683 2532; x_wconf 84' lang='lat' dir='ltr'><strong>Canossam</strong></span> <span class='ocrx_word' id='word_1_166' title='bbox 702 2516 717 2543; x_wconf 93' lang='lat'><strong>,</strong></span> <span class='ocrx_word' id='word_1_167' title='bbox 745 2482 896 2547; x_wconf 88' lang='lat' dir='ltr'><strong>putat</strong></span> <span class='ocrx_word' id='word_1_168' title='bbox 920 2475 1074 2531; x_wconf 87' lang='lat' dir='ltr'><strong>illam</strong></span> <span class='ocrx_word' id='word_1_169' title='bbox 1101 2472 1353 2545; x_wconf 82' lang='lat' dir='ltr'><strong>frangere</strong></span> <span class='ocrx_word' id='word_1_170' title='bbox 1380 2483 1634 2530; x_wconf 90' lang='lat' dir='ltr'><strong>cunctam</strong></span> <span class='ocrx_word' id='word_1_171' title='bbox 1665 2493 1679 2531; x_wconf 88' lang='lat'><strong>:</strong></span> 
     </span>
    </p>
   </div>
   <div class='ocr_carea' id='block_1_25' title="bbox 186 2567 1788 2640">
    <p class='ocr_par' dir='ltr' id='par_1_25' title="bbox 186 2567 1788 2640">
     <span class='ocr_line' id='line_1_25' title="bbox 186 2567 1788 2640; baseline -0.001 -15"><span class='ocrx_word' id='word_1_172' title='bbox 186 2569 330 2626; x_wconf 89' lang='lat' dir='ltr'><strong>Sum</strong></span> <span class='ocrx_word' id='word_1_173' title='bbox 364 2577 548 2640; x_wconf 89' lang='lat' dir='ltr'><strong>petra,</strong></span> <span class='ocrx_word' id='word_1_174' title='bbox 578 2584 691 2624; x_wconf 94' lang='lat' dir='ltr'><strong>non</strong></span> <span class='ocrx_word' id='word_1_175' title='bbox 718 2569 924 2640; x_wconf 87' lang='lat' dir='ltr'><strong>lignum</strong></span> <span class='ocrx_word' id='word_1_176' title='bbox 941 2610 956 2636; x_wconf 91' lang='lat'><strong>,</strong></span> <span class='ocrx_word' id='word_1_177' title='bbox 984 2576 1169 2624; x_wconf 89' lang='lat' dir='ltr'><strong>manet</strong></span> <span class='ocrx_word' id='word_1_178' title='bbox 1196 2573 1330 2623; x_wconf 87' lang='lat' dir='ltr'><strong>Atto</strong></span> <span class='ocrx_word' id='word_1_179' title='bbox 1358 2567 1591 2639; x_wconf 87' lang='lat' dir='ltr'><strong>desuper</strong></span> <span class='ocrx_word' id='word_1_180' title='bbox 1611 2568 1788 2636; x_wconf 91' lang='lat' dir='ltr'><strong>intus,</strong></span> 
     </span>
    </p>
   </div>
   <div class='ocr_carea' id='block_1_26' title="bbox 188 2660 1610 2733">
    <p class='ocr_par' dir='ltr' id='par_1_26' title="bbox 188 2660 1610 2733">
     <span class='ocr_line' id='line_1_26' title="bbox 188 2660 1610 2733; baseline -0.001 -15"><span class='ocrx_word' id='word_1_181' title='bbox 188 2665 406 2718; x_wconf 87' lang='lat' dir='ltr'><strong>Secum</strong></span> <span class='ocrx_word' id='word_1_182' title='bbox 444 2661 743 2733; x_wconf 87' lang='lat' dir='ltr'><strong>prudentes</strong></span> <span class='ocrx_word' id='word_1_183' title='bbox 762 2661 1015 2718; x_wconf 87' lang='lat' dir='ltr'><strong>homines</strong></span> <span class='ocrx_word' id='word_1_184' title='bbox 1052 2669 1203 2729; x_wconf 92' lang='lat' dir='ltr'><strong>sunt,</strong></span> <span class='ocrx_word' id='word_1_185' title='bbox 1233 2669 1289 2716; x_wconf 91' lang='lat' dir='ltr'><strong>et</strong></span> <span class='ocrx_word' id='word_1_186' title='bbox 1317 2660 1610 2732; x_wconf 87' lang='lat' dir='ltr'><strong>sapientes;</strong></span> 
     </span>
    </p>
   </div>
   <div class='ocr_carea' id='block_1_27' title="bbox 184 2754 1503 2828">
    <p class='ocr_par' dir='ltr' id='par_1_27' title="bbox 184 2754 1503 2828">
     <span class='ocr_line' id='line_1_27' title="bbox 184 2754 1503 2828; baseline -0.003 -16"><span class='ocrx_word' id='word_1_187' title='bbox 184 2759 312 2812; x_wconf 77' lang='lat' dir='ltr'><strong>Rex</strong></span> <span class='ocrx_word' id='word_1_188' title='bbox 339 2756 666 2826; x_wconf 87' lang='lat' dir='ltr'><strong>Berengeri,</strong></span> <span class='ocrx_word' id='word_1_189' title='bbox 691 2764 957 2828; x_wconf 90' lang='lat' dir='ltr'><strong>quantum</strong></span> <span class='ocrx_word' id='word_1_190' title='bbox 982 2756 1087 2822; x_wconf 88' lang='lat' dir='ltr'><strong>vis,</strong></span> <span class='ocrx_word' id='word_1_191' title='bbox 1114 2762 1335 2827; x_wconf 88' lang='lat' dir='ltr'><strong>percute</strong></span> <span class='ocrx_word' id='word_1_192' title='bbox 1362 2754 1503 2810; x_wconf 90' lang='lat' dir='ltr'><strong>telis.</strong></span> 
     </span>
    </p>
   </div>
   <div class='ocr_carea' id='block_1_28' title="bbox 184 2847 1788 2921">
    <p class='ocr_par' dir='ltr' id='par_1_28' title="bbox 184 2847 1788 2921">
     <span class='ocr_line' id='line_1_28' title="bbox 184 2847 1788 2921; baseline -0.002 -17"><span class='ocrx_word' id='word_1_193' title='bbox 184 2852 339 2905; x_wconf 88' lang='lat' dir='ltr'><strong>Ante</strong></span> <span class='ocrx_word' id='word_1_194' title='bbox 378 2849 558 2920; x_wconf 90' lang='lat' dir='ltr'><strong>perire</strong></span> <span class='ocrx_word' id='word_1_195' title='bbox 581 2857 760 2921; x_wconf 89' lang='lat' dir='ltr'><strong>potes,</strong></span> <span class='ocrx_word' id='word_1_196' title='bbox 800 2864 967 2921; x_wconf 88' lang='lat' dir='ltr'><strong>quam</strong></span> <span class='ocrx_word' id='word_1_197' title='bbox 1007 2856 1254 2904; x_wconf 90' lang='lat' dir='ltr'><strong>nostram</strong></span> <span class='ocrx_word' id='word_1_198' title='bbox 1279 2862 1535 2917; x_wconf 89' lang='lat' dir='ltr'><strong>rumpere</strong></span> <span class='ocrx_word' id='word_1_199' title='bbox 1558 2847 1788 2915; x_wconf 91' lang='lat' dir='ltr'><strong>molem,</strong></span> 
     </span>
    </p>
   </div>
   <div class='ocr_carea' id='block_1_29' title="bbox 183 2939 1795 3015">
    <p class='ocr_par' dir='ltr' id='par_1_29' title="bbox 183 2939 1795 3015">
     <span class='ocr_line' id='line_1_29' title="bbox 183 2939 1795 3015; baseline -0.002 -16"><span class='ocrx_word' id='word_1_200' title='bbox 183 2945 317 3000; x_wconf 85' lang='lat' dir='ltr'><strong>Non</strong></span> <span class='ocrx_word' id='word_1_201' title='bbox 362 2942 527 3012; x_wconf 87' lang='lat' dir='ltr'><strong>aries,</strong></span> <span class='ocrx_word' id='word_1_202' title='bbox 571 2942 748 3015; x_wconf 90' lang='lat' dir='ltr'><strong>vulpis</strong></span> <span class='ocrx_word' id='word_1_203' title='bbox 794 2944 974 3012; x_wconf 85' lang='lat'>(537),</span> <span class='ocrx_word' id='word_1_204' title='bbox 1020 2956 1199 3014; x_wconf 91' lang='lat' dir='ltr'><strong>neque</strong></span> <span class='ocrx_word' id='word_1_205' title='bbox 1250 2939 1505 2997; x_wconf 84' lang='lat' dir='ltr'><strong>machina</strong></span> <span class='ocrx_word' id='word_1_206' title='bbox 1536 2940 1795 3012; x_wconf 87' lang='lat' dir='ltr'><strong>pravalet</strong></span> 
     </span>
    </p>
   </div>
   <div class='ocr_carea' id='block_1_30' title="bbox 1557 3032 1725 3107">
    <p class='ocr_par' dir='ltr' id='par_1_30' title="bbox 1557 3032 1725 3107">
     <span class='ocr_line' id='line_1_30' title="bbox 1557 3032 1725 3107; baseline 0.012 -19"><span class='ocrx_word' id='word_1_207' title='bbox 1557 3032 1576 3107; x_wconf 93' lang='lat'>[</span> <span class='ocrx_word' id='word_1_208' title='bbox 1601 3032 1725 3090; x_wconf 91' lang='lat' dir='ltr'><strong>ullis</strong></span> 
     </span>
    </p>
   </div>
   <div class='ocr_carea' id='block_1_31' title="bbox 179 3127 1453 3201">
    <p class='ocr_par' dir='ltr' id='par_1_31' title="bbox 179 3127 1453 3201">
     <span class='ocr_line' id='line_1_31' title="bbox 179 3127 1453 3201; baseline -0.002 -15"><span class='ocrx_word' id='word_1_209' title='bbox 179 3130 402 3187; x_wconf 82' lang='lat' dir='ltr'><strong>Ictibus</strong></span> <span class='ocrx_word' id='word_1_210' title='bbox 429 3127 658 3185; x_wconf 87' lang='lat' dir='ltr'><strong>excelsis</strong></span> <span class='ocrx_word' id='word_1_211' title='bbox 678 3128 886 3186; x_wconf 88' lang='lat' dir='ltr'><strong>nostris</strong></span> <span class='ocrx_word' id='word_1_212' title='bbox 940 3127 1246 3201; x_wconf 88' lang='lat' dir='ltr'><strong>pertingere</strong></span> <span class='ocrx_word' id='word_1_213' title='bbox 1273 3127 1453 3184; x_wconf 88' lang='lat' dir='ltr'><strong>tectis.</strong></span> 
     </span>
    </p>
   </div>
   <div class='ocr_carea' id='block_1_32' title="bbox 182 3189 1871 3287">
    <p class='ocr_par' dir='ltr' id='par_1_32' title="bbox 182 3189 1871 3287">
     <span class='ocr_line' id='line_1_32' title="bbox 182 3189 1871 3287; baseline -0.005 -6"><span class='ocrx_word' id='word_1_214' title='bbox 182 3221 533 3281; x_wconf 88' lang='lat' dir='ltr'><strong>Confortans</strong></span> <span class='ocrx_word' id='word_1_215' title='bbox 578 3221 761 3278; x_wconf 89' lang='lat' dir='ltr'><strong>hostes</strong></span> <span class='ocrx_word' id='word_1_216' title='bbox 816 3238 913 3278; x_wconf 88' lang='lat' dir='ltr'><strong>rex</strong></span> <span class='ocrx_word' id='word_1_217' title='bbox 941 3189 1062 3278; x_wconf 45' lang='lat' dir='ltr'><strong>.me</strong></span> <span class='ocrx_word' id='word_1_218' title='bbox 1116 3189 1425 3277; x_wconf 62' lang='lat' dir='ltr'><strong>circumdat</strong></span> <span class='ocrx_word' id='word_1_219' title='bbox 1478 3219 1536 3275; x_wconf 91' lang='lat' dir='ltr'><strong>in</strong></span> <span class='ocrx_word' id='word_1_220' title='bbox 1577 3218 1790 3287; x_wconf 88' lang='lat' dir='ltr'><strong>orbem,</strong></span> <span class='ocrx_word' id='word_1_221' title='bbox 1825 3189 1871 3255; x_wconf 66' lang='grc' dir='ltr'>Ο</span> 
     </span>
    </p>
   </div>
   <div class='ocr_carea' id='block_1_33' title="bbox 179 3312 1791 3388">
    <p class='ocr_par' dir='ltr' id='par_1_33' title="bbox 179 3312 1791 3388">
     <span class='ocr_line' id='line_1_33' title="bbox 179 3312 1791 3388; baseline -0.005 -13"><span class='ocrx_word' id='word_1_222' title='bbox 179 3319 353 3388; x_wconf 61' lang='lat' dir='ltr'><strong>Saepe</strong></span> <span class='ocrx_word' id='word_1_223' title='bbox 383 3323 575 3387; x_wconf 91' lang='lat' dir='ltr'><strong>petens</strong></span> <span class='ocrx_word' id='word_1_224' title='bbox 601 3315 768 3382; x_wconf 90' lang='lat' dir='ltr'><strong>bello,</strong></span> <span class='ocrx_word' id='word_1_225' title='bbox 806 3315 898 3386; x_wconf 91' lang='lat' dir='ltr'><strong>qui</strong></span> <span class='ocrx_word' id='word_1_226' title='bbox 926 3330 1022 3370; x_wconf 87' lang='lat' dir='ltr'><strong>rex</strong></span> <span class='ocrx_word' id='word_1_227' title='bbox 1051 3315 1202 3370; x_wconf 89' lang='lat' dir='ltr'><strong>stetit</strong></span> <span class='ocrx_word' id='word_1_228' title='bbox 1224 3314 1279 3370; x_wconf 90' lang='lat' dir='ltr'><strong>in</strong></span> <span class='ocrx_word' id='word_1_229' title='bbox 1302 3312 1594 3370; x_wconf 88' lang='lat' dir='ltr'><strong>Lavadello</strong></span> <span class='ocrx_word' id='word_1_230' title='bbox 1626 3313 1791 3383; x_wconf 86' lang='lat'>(538),</span> 
     </span>
    </p>
   </div>
   <div class='ocr_carea' id='block_1_34' title="bbox 177 3406 1544 3478">
    <p class='ocr_par' dir='ltr' id='par_1_34' title="bbox 177 3406 1544 3478">
     <span class='ocr_line' id='line_1_34' title="bbox 177 3406 1544 3478; baseline -0.002 -11"><span class='ocrx_word' id='word_1_231' title='bbox 177 3412 385 3467; x_wconf 90' lang='lat' dir='ltr'><strong>Donec</strong></span> <span class='ocrx_word' id='word_1_232' title='bbox 410 3424 498 3464; x_wconf 90' lang='lat' dir='ltr'><strong>me</strong></span> <span class='ocrx_word' id='word_1_233' title='bbox 522 3416 709 3465; x_wconf 90' lang='lat' dir='ltr'><strong>teneat</strong></span> <span class='ocrx_word' id='word_1_234' title='bbox 730 3424 841 3464; x_wconf 92' lang='lat' dir='ltr'><strong>non</strong></span> <span class='ocrx_word' id='word_1_235' title='bbox 870 3407 996 3464; x_wconf 91' lang='lat' dir='ltr'><strong>inde</strong></span> <span class='ocrx_word' id='word_1_236' title='bbox 1022 3406 1273 3463; x_wconf 88' lang='lat' dir='ltr'><strong>recedere</strong></span> <span class='ocrx_word' id='word_1_237' title='bbox 1301 3422 1544 3478; x_wconf 81' lang='lat' dir='ltr'><strong>sperans-</strong></span> 
     </span>
    </p>
   </div>
   <div class='ocr_carea' id='block_1_35' title="bbox 171 3500 1790 3575">
    <p class='ocr_par' dir='ltr' id='par_1_35' title="bbox 171 3500 1790 3575">
     <span class='ocr_line' id='line_1_35' title="bbox 171 3500 1790 3575; baseline -0.004 -15"><span class='ocrx_word' id='word_1_238' title='bbox 171 3504 332 3560; x_wconf 82' lang='lat' dir='ltr'><strong>Hinc</strong></span> <span class='ocrx_word' id='word_1_239' title='bbox 366 3518 537 3574; x_wconf 89' lang='lat' dir='ltr'><strong>prope</strong></span> <span class='ocrx_word' id='word_1_240' title='bbox 564 3502 774 3575; x_wconf 88' lang='lat' dir='ltr'><strong>gignita</strong></span> <span class='ocrx_word' id='word_1_241' title='bbox 821 3517 990 3573; x_wconf 92' lang='lat' dir='ltr'><strong>quam</strong></span> <span class='ocrx_word' id='word_1_242' title='bbox 1018 3516 1182 3556; x_wconf 90' lang='lat' dir='ltr'><strong>mons</strong></span> <span class='ocrx_word' id='word_1_243' title='bbox 1221 3500 1526 3556; x_wconf 89' lang='lat' dir='ltr'><strong>Branciana</strong></span> <span class='ocrx_word' id='word_1_244' title='bbox 1570 3506 1790 3569; x_wconf 84' lang='lat' dir='ltr'><strong>vocata;</strong></span> 
     </span>
    </p>
   </div>
   <div class='ocr_carea' id='block_1_36' title="bbox 172 3592 1513 3664">
    <p class='ocr_par' dir='ltr' id='par_1_36' title="bbox 172 3592 1513 3664">
     <span class='ocr_line' id='line_1_36' title="bbox 172 3592 1513 3664; baseline -0.003 -12"><span class='ocrx_word' id='word_1_245' title='bbox 172 3596 383 3653; x_wconf 85' lang='lat' dir='ltr'><strong>Turris</strong></span> <span class='ocrx_word' id='word_1_246' title='bbox 399 3596 469 3651; x_wconf 88' lang='lat' dir='ltr'><strong>de</strong></span> <span class='ocrx_word' id='word_1_247' title='bbox 483 3610 705 3652; x_wconf 90' lang='lat' dir='ltr'><strong>summo</strong></span> <span class='ocrx_word' id='word_1_248' title='bbox 727 3593 1061 3650; x_wconf 89' lang='lat' dir='ltr'><strong>descendere</strong></span> <span class='ocrx_word' id='word_1_249' title='bbox 1082 3608 1227 3664; x_wconf 84' lang='lat' dir='ltr'><strong>saepe</strong></span> <span class='ocrx_word' id='word_1_250' title='bbox 1247 3592 1513 3649; x_wconf 88' lang='lat' dir='ltr'><strong>deorsum</strong></span> 
     </span>
    </p>
   </div>
   <div class='ocr_carea' id='block_1_37' title="bbox 173 3684 1649 3761">
    <p class='ocr_par' dir='ltr' id='par_1_37' title="bbox 173 3684 1649 3761">
     <span class='ocr_line' id='line_1_37' title="bbox 173 3684 1649 3761; baseline -0.003 -13"><span class='ocrx_word' id='word_1_251' title='bbox 173 3692 448 3761; x_wconf 67' lang='lat' dir='ltr'><strong>Cmperat</strong></span> <span class='ocrx_word' id='word_1_252' title='bbox 472 3690 607 3743; x_wconf 82' lang='lat' dir='ltr'><strong>Atto</strong></span> <span class='ocrx_word' id='word_1_253' title='bbox 632 3688 863 3758; x_wconf 91' lang='lat' dir='ltr'><strong>loquens</strong></span> <span class='ocrx_word' id='word_1_254' title='bbox 884 3685 991 3753; x_wconf 90' lang='lat' dir='ltr'><strong>his,</strong></span> <span class='ocrx_word' id='word_1_255' title='bbox 1013 3686 1107 3758; x_wconf 90' lang='lat' dir='ltr'><strong>qui</strong></span> <span class='ocrx_word' id='word_1_256' title='bbox 1126 3684 1341 3741; x_wconf 82' lang='lat' dir='ltr'><strong>fuerant</strong></span> <span class='ocrx_word' id='word_1_257' title='bbox 1365 3686 1649 3743; x_wconf 89' lang='lat' dir='ltr'><strong>meliores.</strong></span> 
     </span>
    </p>
   </div>
   <div class='ocr_carea' id='block_1_38' title="bbox 175 3778 1507 3852">
    <p class='ocr_par' dir='ltr' id='par_1_38' title="bbox 175 3778 1507 3852">
     <span class='ocr_line' id='line_1_38' title="bbox 175 3778 1507 3852; baseline -0.002 -13"><span class='ocrx_word' id='word_1_258' title='bbox 175 3786 316 3839; x_wconf 78' lang='lat' dir='ltr'><strong>Hoc</strong></span> <span class='ocrx_word' id='word_1_259' title='bbox 351 3781 451 3837; x_wconf 89' lang='lat' dir='ltr'><strong>ubi</strong></span> <span class='ocrx_word' id='word_1_260' title='bbox 474 3780 725 3852; x_wconf 87' lang='lat' dir='ltr'><strong>cognovit</strong></span> <span class='ocrx_word' id='word_1_261' title='bbox 748 3795 844 3836; x_wconf 92' lang='lat' dir='ltr'><strong>rex</strong></span> <span class='ocrx_word' id='word_1_262' title='bbox 872 3780 1026 3835; x_wconf 91' lang='lat' dir='ltr'><strong>illum</strong></span> <span class='ocrx_word' id='word_1_263' title='bbox 1057 3778 1295 3851; x_wconf 90' lang='lat' dir='ltr'><strong>pendere</strong></span> <span class='ocrx_word' id='word_1_264' title='bbox 1319 3780 1507 3850; x_wconf 84' lang='lat' dir='ltr'><strong>ponit;</strong></span> 
     </span>
    </p>
   </div>
   <div class='ocr_carea' id='block_1_39' title="bbox 178 3872 1426 3949">
    <p class='ocr_par' dir='ltr' id='par_1_39' title="bbox 178 3872 1426 3949">
     <span class='ocr_line' id='line_1_39' title="bbox 178 3872 1426 3949; baseline -0.002 -17"><span class='ocrx_word' id='word_1_265' title='bbox 178 3874 443 3949; x_wconf 86' lang='lat' dir='ltr'><strong>Quidam</strong></span> <span class='ocrx_word' id='word_1_266' title='bbox 463 3874 532 3930; x_wconf 90' lang='lat' dir='ltr'><strong>de</strong></span> <span class='ocrx_word' id='word_1_267' title='bbox 552 3873 701 3930; x_wconf 91' lang='lat' dir='ltr'><strong>notis</strong></span> <span class='ocrx_word' id='word_1_268' title='bbox 727 3873 833 3929; x_wconf 86' lang='lat' dir='ltr'><strong>hoc</strong></span> <span class='ocrx_word' id='word_1_269' title='bbox 865 3873 1080 3930; x_wconf 90' lang='lat' dir='ltr'><strong>eminus</strong></span> <span class='ocrx_word' id='word_1_270' title='bbox 1104 3872 1321 3929; x_wconf 90' lang='lat' dir='ltr'><strong>nuntiat</strong></span> <span class='ocrx_word' id='word_1_271' title='bbox 1345 3873 1426 3929; x_wconf 90' lang='lat' dir='ltr'><strong>ori</strong></span> 
     </span>
    </p>
   </div>
   <div class='ocr_carea' id='block_1_40' title="bbox 174 3965 1511 4038">
    <p class='ocr_par' dir='ltr' id='par_1_40' title="bbox 174 3965 1511 4038">
     <span class='ocr_line' id='line_1_40' title="bbox 174 3965 1511 4038; baseline -0.003 -12"><span class='ocrx_word' id='word_1_272' title='bbox 174 3968 438 4035; x_wconf 83' lang='lat' dir='ltr'><strong>Attonis,</strong></span> <span class='ocrx_word' id='word_1_273' title='bbox 462 3966 709 4023; x_wconf 90' lang='lat' dir='ltr'><strong>clamans</strong></span> <span class='ocrx_word' id='word_1_274' title='bbox 737 3976 803 4022; x_wconf 89' lang='lat' dir='ltr'><strong>ut</strong></span> <span class='ocrx_word' id='word_1_275' title='bbox 827 3966 879 4022; x_wconf 88' lang='lat' dir='ltr'><strong>ei</strong></span> <span class='ocrx_word' id='word_1_276' title='bbox 906 3965 975 4023; x_wconf 92' lang='lat' dir='ltr'><strong>de</strong></span> <span class='ocrx_word' id='word_1_277' title='bbox 1000 3974 1153 4022; x_wconf 92' lang='lat' dir='ltr'><strong>turre</strong></span> <span class='ocrx_word' id='word_1_278' title='bbox 1182 3968 1511 4038; x_wconf 59' lang='lat' dir='ltr'><strong>perfarctam</strong></span> 
     </span>
    </p>
   </div>
   <div class='ocr_carea' id='block_1_41' title="bbox 176 4059 1549 4138">
    <p class='ocr_par' dir='ltr' id='par_1_41' title="bbox 176 4059 1549 4138">
     <span class='ocr_line' id='line_1_41' title="bbox 176 4059 1549 4138; baseline -0.003 -19"><span class='ocrx_word' id='word_1_279' title='bbox 176 4066 319 4138; x_wconf 81' lang='lat' dir='ltr'><strong>Ipse</strong></span> <span class='ocrx_word' id='word_1_280' title='bbox 342 4060 719 4119; x_wconf 87' lang='lat' dir='ltr'><strong>fenestrellam</strong></span> <span class='ocrx_word' id='word_1_281' title='bbox 743 4060 1089 4131; x_wconf 86' lang='lat' dir='ltr'><strong>loqueretur;</strong></span> <span class='ocrx_word' id='word_1_282' title='bbox 1115 4059 1368 4131; x_wconf 88' lang='lat' dir='ltr'><strong>protinus</strong></span> <span class='ocrx_word' id='word_1_283' title='bbox 1396 4067 1549 4116; x_wconf 82' lang='lat' dir='ltr'><strong>extra</strong></span> 
     </span>
    </p>
   </div>
   <div class='ocr_carea' id='block_1_42' title="bbox 177 4194 1792 4268">
    <p class='ocr_par' dir='ltr' id='par_1_42' title="bbox 177 4194 1792 4268">
     <span class='ocr_line' id='line_1_42' title="bbox 177 4194 1792 4268; baseline -0.004 -11"><span class='ocrx_word' id='word_1_284' title='bbox 177 4199 385 4268; x_wconf 80' lang='lat' dir='ltr'><strong>durat,</strong></span> <span class='ocrx_word' id='word_1_285' title='bbox 414 4206 470 4256; x_wconf 90' lang='lat' dir='ltr'><strong>et</strong></span> <span class='ocrx_word' id='word_1_286' title='bbox 494 4196 713 4254; x_wconf 88' lang='lat' dir='ltr'><strong>familia</strong></span> <span class='ocrx_word' id='word_1_287' title='bbox 737 4196 912 4253; x_wconf 90' lang='lat' dir='ltr'><strong>nobili</strong></span> <span class='ocrx_word' id='word_1_288' title='bbox 947 4197 1013 4251; x_wconf 86' lang='lat' dir='ltr'><strong>de</strong></span> <span class='ocrx_word' id='word_1_289' title='bbox 1040 4195 1275 4268; x_wconf 67' lang='lat' dir='ltr'><strong>anossa</strong></span> <span class='ocrx_word' id='word_1_290' title='bbox 1294 4210 1600 4268; x_wconf 83' lang='lat' dir='ltr'><strong>cognomen</strong></span> <span class='ocrx_word' id='word_1_291' title='bbox 1624 4194 1792 4268; x_wconf 84' lang='lat' dir='ltr'><strong>dedit,</strong></span> 
     </span>
    </p>
   </div>
   <div class='ocr_carea' id='block_1_43' title="bbox 176 4266 1786 4346">
    <p class='ocr_par' dir='ltr' id='par_1_43' title="bbox 176 4266 1786 4346">
     <span class='ocr_line' id='line_1_43' title="bbox 176 4266 1786 4346; baseline -0.002 -18"><span class='ocrx_word' id='word_1_292' title='bbox 176 4266 415 4346; x_wconf 71' lang='grc' dir='ltr'><strong>(ιυωίδὶ</strong></span> <span class='ocrx_word' id='word_1_293' title='bbox 440 4278 566 4343; x_wconf 90' lang='lat' dir='ltr'><strong>post</strong></span> <span class='ocrx_word' id='word_1_294' title='bbox 587 4268 930 4327; x_wconf 90' lang='lat' dir='ltr'><strong>comitissam</strong></span> <span class='ocrx_word' id='word_1_295' title='bbox 978 4266 1311 4325; x_wconf 87' lang='lat' dir='ltr'><strong>Mathildem</strong></span> <span class='ocrx_word' id='word_1_296' title='bbox 1338 4266 1613 4325; x_wconf 80' lang='lat' dir='ltr'><strong>deminata</strong></span> <span class='ocrx_word' id='word_1_297' title='bbox 1662 4266 1786 4325; x_wconf 87' lang='lat' dir='ltr'><strong>fuit.</strong></span> 
     </span>
    </p>
   </div>
   <div class='ocr_carea' id='block_1_44' title="bbox 180 4348 1650 4482">
    <p class='ocr_par' dir='ltr' id='par_1_44' title="bbox 180 4348 1650 4482">
     <span class='ocr_line' id='line_1_44' title="bbox 180 4348 1650 4482; baseline -0.005 -8"><span class='ocrx_word' id='word_1_298' title='bbox 180 4348 420 4479; x_wconf 58' lang='lat' dir='ltr'>M?5n33)</span> <span class='ocrx_word' id='word_1_299' title='bbox 446 4413 601 4469; x_wconf 80' lang='lat' dir='ltr'><strong>Abra</strong></span> <span class='ocrx_word' id='word_1_300' title='bbox 624 4412 827 4471; x_wconf 87' lang='lat' dir='ltr'><strong>Gracis</strong></span> <span class='ocrx_word' id='word_1_301' title='bbox 854 4411 1067 4479; x_wconf 91' lang='lat' dir='ltr'><strong>ancilla,</strong></span> <span class='ocrx_word' id='word_1_302' title='bbox 1109 4410 1452 4482; x_wconf 89' lang='lat' dir='ltr'><strong>pedissequa.</strong></span> <span class='ocrx_word' id='word_1_303' title='bbox 1481 4410 1650 4466; x_wconf 77' lang='lat' dir='ltr'><strong>Lsin.</strong></span> 
     </span>
    </p>
   </div>
   <div class='ocr_carea' id='block_1_45' title="bbox 258 4482 1793 4555">
    <p class='ocr_par' dir='ltr' id='par_1_45' title="bbox 258 4482 1793 4555">
     <span class='ocr_line' id='line_1_45' title="bbox 258 4482 1793 4555; baseline -0.003 -14"><span class='ocrx_word' id='word_1_304' title='bbox 258 4486 420 4553; x_wconf 90' lang='lat'>(534)</span> <span class='ocrx_word' id='word_1_305' title='bbox 446 4485 572 4540; x_wconf 89' lang='lat' dir='ltr'><strong>Jam</strong></span> <span class='ocrx_word' id='word_1_306' title='bbox 601 4494 720 4540; x_wconf 91' lang='lat' dir='ltr'><strong>tum</strong></span> <span class='ocrx_word' id='word_1_307' title='bbox 769 4499 901 4555; x_wconf 88' lang='lat' dir='ltr'><strong>ergo</strong></span> <span class='ocrx_word' id='word_1_308' title='bbox 947 4482 1338 4555; x_wconf 15' lang='lat' dir='ltr'><strong>(licetgrarius)</strong></span> <span class='ocrx_word' id='word_1_309' title='bbox 1366 4483 1672 4555; x_wconf 57' lang='lat' dir='ltr'><strong>Alemanni</strong></span> <span class='ocrx_word' id='word_1_310' title='bbox 1695 4496 1793 4551; x_wconf 89' lang='lat' dir='ltr'><strong>pro</strong></span> 
     </span>
    </p>
   </div>
   <div class='ocr_carea' id='block_1_46' title="bbox 178 4551 1875 4631">
    <p class='ocr_par' dir='ltr' id='par_1_46' title="bbox 178 4551 1875 4631">
     <span class='ocr_line' id='line_1_46' title="bbox 178 4551 1875 4631; baseline -0.004 -20"><span class='ocrx_word' id='word_1_311' title='bbox 178 4551 518 4631; x_wconf 66' lang='lat' dir='ltr'><strong>Germanis,</strong></span> <span class='ocrx_word' id='word_1_312' title='bbox 561 4563 624 4611; x_wconf 92' lang='lat' dir='ltr'><strong>ut</strong></span> <span class='ocrx_word' id='word_1_313' title='bbox 665 4551 859 4612; x_wconf 62' lang='lat' dir='ltr'><strong>etiam&#39;</strong></span> <span class='ocrx_word' id='word_1_314' title='bbox 891 4551 1037 4625; x_wconf 86' lang='lat' dir='ltr'><strong>apud</strong></span> <span class='ocrx_word' id='word_1_315' title='bbox 1088 4551 1469 4631; x_wconf 23' lang='lat' dir='ltr'><strong>Guilielmum‘</strong></span> <span class='ocrx_word' id='word_1_316' title='bbox 1498 4551 1794 4623; x_wconf 82' lang='lat' dir='ltr'><strong>Appulum.</strong></span> <span class='ocrx_word' id='word_1_317' title='bbox 1823 4551 1875 4614; x_wconf 92' lang='lat' dir='ltr'><strong>D</strong></span> 
     </span>
    </p>
   </div>
   <div class='ocr_carea' id='block_1_47' title="bbox 180 4629 377 4686">
    <p class='ocr_par' dir='ltr' id='par_1_47' title="bbox 180 4629 377 4686">
     <span class='ocr_line' id='line_1_47' title="bbox 180 4629 377 4686; baseline -0.03 0"><span class='ocrx_word' id='word_1_318' title='bbox 180 4629 377 4686; x_wconf 67' lang='lat' dir='ltr'><strong>Lars.</strong></span> 
     </span>
    </p>
   </div>
   <div class='ocr_carea' id='block_1_48' title="bbox 254 4694 1795 4782">
    <p class='ocr_par' dir='ltr' id='par_1_48' title="bbox 254 4694 1795 4782">
     <span class='ocr_line' id='line_1_48' title="bbox 254 4694 1795 4782; baseline 0 0"><span class='ocrx_word' id='word_1_319' title='bbox 254 4695 944 4782; x_wconf 47' lang='grc' dir='ltr'><strong>(⁵³⁵),ποαηοηκιξβείὲ</strong></span> <span class='ocrx_word' id='word_1_320' title='bbox 984 4694 1795 4782; x_wconf 25' lang='grc' dir='ltr'><strong>ιυρο.εςέριξςιξμιῒεὲιίρςωξ,Ην</strong></span> 
     </span>
    </p>
   </div>
   <div class='ocr_carea' id='block_1_49' title="bbox 178 4763 1793 4844">
    <p class='ocr_par' dir='ltr' id='par_1_49' title="bbox 178 4763 1793 4844">
     <span class='ocr_line' id='line_1_49' title="bbox 178 4763 1793 4844; baseline -0.006 -17"><span class='ocrx_word' id='word_1_321' title='bbox 178 4763 281 4844; x_wconf 81' lang='lat' dir='ltr'><strong>qui</strong></span> <span class='ocrx_word' id='word_1_322' title='bbox 334 4776 459 4838; x_wconf 86' lang='lat' dir='ltr'><strong>post</strong></span> <span class='ocrx_word' id='word_1_323' title='bbox 498 4766 726 4844; x_wconf 89' lang='lat' dir='ltr'><strong>nuptias_</strong></span> <span class='ocrx_word' id='word_1_324' title='bbox 758 4766 981 4844; x_wconf 70' lang='lat' dir='ltr'><strong>Qttonis</strong></span> <span class='ocrx_word' id='word_1_325' title='bbox 1011 4774 1067 4821; x_wconf 92' lang='lat' dir='ltr'><strong>et</strong></span> <span class='ocrx_word' id='word_1_326' title='bbox 1091 4763 1405 4844; x_wconf 77' lang='lat' dir='ltr'><strong>Adelh_eid_i_s</strong></span> <span class='ocrx_word' id='word_1_327' title='bbox 1427 4763 1604 4844; x_wconf 71' lang='lat' dir='ltr'><strong>adhuc</strong></span> <span class='ocrx_word' id='word_1_328' title='bbox 1628 4764 1793 4831; x_wconf 84' lang='lat' dir='ltr'><strong>vixit,</strong></span> 
     </span>
    </p>
   </div>
   <div class='ocr_carea' id='block_1_50' title="bbox 179 4836 1610 4899">
    <p class='ocr_par' dir='ltr' id='par_1_50' title="bbox 179 4836 1610 4899">
     <span class='ocr_line' id='line_1_50' title="bbox 179 4836 1610 4899; baseline -0.003 -7"><span class='ocrx_word' id='word_1_329' title='bbox 179 4836 685 4899; x_wconf 67' lang='lat' dir='ltr'><strong>s&#39;uccessoremQue</strong></span> <span class='ocrx_word' id='word_1_330' title='bbox 713 4836 904 4893; x_wconf 89' lang='lat' dir='ltr'><strong>habuit</strong></span> <span class='ocrx_word' id='word_1_331' title='bbox 951 4840 1226 4892; x_wconf 90' lang='lat' dir='ltr'><strong>Joannem</strong></span> <span class='ocrx_word' id='word_1_332' title='bbox 1255 4837 1414 4891; x_wconf 88' lang='lat' dir='ltr'><strong>XIII.</strong></span> <span class='ocrx_word' id='word_1_333' title='bbox 1440 4837 1610 4891; x_wconf 81' lang='lat' dir='ltr'><strong>les.</strong></span> 
     </span>
    </p>
   </div>
   <div class='ocr_carea' id='block_1_51' title="bbox 258 4905 1786 4984">
    <p class='ocr_par' dir='ltr' id='par_1_51' title="bbox 258 4905 1786 4984">
     <span class='ocr_line' id='line_1_51' title="bbox 258 4905 1786 4984; baseline -0.004 -18"><span class='ocrx_word' id='word_1_334' title='bbox 258 4913 423 4984; x_wconf 86' lang='lat'>(536)</span> <span class='ocrx_word' id='word_1_335' title='bbox 449 4905 779 4984; x_wconf 77' lang='lat' dir='ltr'><strong>Fabulosum</strong></span> <span class='ocrx_word' id='word_1_336' title='bbox 810 4916 866 4984; x_wconf 78' lang='lat' dir='ltr'><strong>et</strong></span> <span class='ocrx_word' id='word_1_337' title='bbox 890 4905 1498 4984; x_wconf 1' lang='lat' dir='ltr'><strong>(Romaniscahistoria</strong></span> <span class='ocrx_word' id='word_1_338' title='bbox 1538 4905 1786 4984; x_wconf 82' lang='lat' dir='ltr'><strong>dignum.</strong></span> 
     </span>
    </p>
   </div>
   <div class='ocr_carea' id='block_1_52' title="bbox 180 4976 1789 5040">
    <p class='ocr_par' dir='ltr' id='par_1_52' title="bbox 180 4976 1789 5040">
     <span class='ocr_line' id='line_1_52' title="bbox 180 4976 1789 5040; baseline -0.004 0"><span class='ocrx_word' id='word_1_339' title='bbox 180 4976 467 5040; x_wconf 74' lang='lat' dir='ltr'><strong>Ottonem</strong></span> <span class='ocrx_word' id='word_1_340' title='bbox 498 4982 577 5036; x_wconf 78' lang='grc' dir='ltr'><strong>Μ.</strong></span> <span class='ocrx_word' id='word_1_341' title='bbox 606 4979 746 5035; x_wconf 90' lang='lat' dir='ltr'><strong>clam</strong></span> <span class='ocrx_word' id='word_1_342' title='bbox 774 4977 844 5036; x_wconf 90' lang='lat' dir='ltr'><strong>ad</strong></span> <span class='ocrx_word' id='word_1_343' title='bbox 867 4977 1225 5036; x_wconf 83' lang='lat' dir='ltr'><strong>Adelheidem</strong></span> <span class='ocrx_word' id='word_1_344' title='bbox 1258 4976 1592 5033; x_wconf 89' lang='lat' dir='ltr'><strong>liberandam</strong></span> <span class='ocrx_word' id='word_1_345' title='bbox 1606 4976 1789 5033; x_wconf 72' lang='lat' dir='ltr'><strong>venis-</strong></span> 
     </span>
    </p>
   </div>
   <div class='ocr_carea' id='block_1_53' title="bbox 179 5054 1789 5191">
    <p class='ocr_par' dir='ltr' id='par_1_53' title="bbox 179 5054 1789 5191">
     <span class='ocr_line' id='line_1_53' title="bbox 179 5054 1789 5191; baseline -0.004 -10"><span class='ocrx_word' id='word_1_346' title='bbox 179 5054 496 5181; x_wconf 40' lang='lat' dir='ltr'><strong>“dfligi.</strong></span> <span class='ocrx_word' id='word_1_347' title='bbox 544 5119 817 5186; x_wconf 90' lang='lat' dir='ltr'><strong>Padolir.,</strong></span> <span class='ocrx_word' id='word_1_348' title='bbox 860 5120 1107 5175; x_wconf 74' lang='lat' dir='ltr'><strong>contulit.</strong></span> <span class='ocrx_word' id='word_1_349' title='bbox 1142 5119 1276 5191; x_wconf 87' lang='lat' dir='ltr'><strong>Agit</strong></span> <span class='ocrx_word' id='word_1_350' title='bbox 1317 5118 1405 5174; x_wconf 90' lang='lat' dir='ltr'><strong>hic</strong></span> <span class='ocrx_word' id='word_1_351' title='bbox 1456 5119 1670 5191; x_wconf 89' lang='lat' dir='ltr'><strong>Donizo</strong></span> <span class='ocrx_word' id='word_1_352' title='bbox 1720 5118 1789 5175; x_wconf 94' lang='lat' dir='ltr'><strong>de</strong></span> 
     </span>
    </p>
   </div>
   <div class='ocr_carea' id='block_1_54' title="bbox 180 5189 1790 5267">
    <p class='ocr_par' dir='ltr' id='par_1_54' title="bbox 180 5189 1790 5267">
     <span class='ocr_line' id='line_1_54' title="bbox 180 5189 1790 5267; baseline -0.004 -15"><span class='ocrx_word' id='word_1_353' title='bbox 180 5193 408 5267; x_wconf 80' lang='lat' dir='ltr'><strong>nuptiis</strong></span> <span class='ocrx_word' id='word_1_354' title='bbox 435 5190 865 5267; x_wconf 79' lang='lat' dir='ltr'><strong>Adelaidis_cum</strong></span> <span class='ocrx_word' id='word_1_355' title='bbox 884 5189 1317 5267; x_wconf 66' lang='lat' dir='ltr'><strong>Ottone_ltla_gno</strong></span> <span class='ocrx_word' id='word_1_356' title='bbox 1339 5189 1651 5267; x_wconf 67' lang='lat' dir='ltr'><strong>Germania</strong></span> <span class='ocrx_word' id='word_1_357' title='bbox 1666 5205 1790 5262; x_wconf 87' lang='lat' dir='ltr'><strong>rege</strong></span> 
     </span>
    </p>
   </div>
   <div class='ocr_carea' id='block_1_55' title="bbox 177 5260 1789 5340">
    <p class='ocr_par' dir='ltr' id='par_1_55' title="bbox 177 5260 1789 5340">
     <span class='ocr_line' id='line_1_55' title="bbox 177 5260 1789 5340; baseline -0.004 -18"><span class='ocrx_word' id='word_1_358' title='bbox 177 5260 459 5340; x_wconf 69' lang='lat' dir='ltr'><strong>peractis,</strong></span> <span class='ocrx_word' id='word_1_359' title='bbox 496 5263 667 5340; x_wconf 74' lang='lat' dir='ltr'><strong>inscio</strong></span> <span class='ocrx_word' id='word_1_360' title='bbox 707 5261 1035 5340; x_wconf 79' lang='lat' dir='ltr'><strong>Berengario</strong></span> <span class='ocrx_word' id='word_1_361' title='bbox 1082 5263 1154 5340; x_wconf 60' lang='lat' dir='ltr'><strong>II,</strong></span> <span class='ocrx_word' id='word_1_362' title='bbox 1196 5260 1368 5317; x_wconf 89' lang='lat' dir='ltr'><strong>Italia</strong></span> <span class='ocrx_word' id='word_1_363' title='bbox 1410 5277 1560 5340; x_wconf 69' lang='lat' dir='ltr'><strong>rege;</strong></span> <span class='ocrx_word' id='word_1_364' title='bbox 1616 5260 1789 5340; x_wconf 80' lang='lat' dir='ltr'><strong>iisque</strong></span> 
     </span>
    </p>
   </div>
   <div class='ocr_carea' id='block_1_56' title="bbox 174 5332 1789 5414">
    <p class='ocr_par' dir='ltr' id='par_1_56' title="bbox 174 5332 1789 5414">
     <span class='ocr_line' id='line_1_56' title="bbox 174 5332 1789 5414; baseline -0.004 -22"><span class='ocrx_word' id='word_1_365' title='bbox 174 5332 428 5409; x_wconf 73' lang='lat' dir='ltr'><strong>peractis</strong></span> <span class='ocrx_word' id='word_1_366' title='bbox 444 5376 459 5404; x_wconf 92' lang='lat'>,</span> <span class='ocrx_word' id='word_1_367' title='bbox 477 5409 486 5414; x_wconf 84' lang='lat'><strong>_</strong></span> <span class='ocrx_word' id='word_1_368' title='bbox 507 5332 690 5414; x_wconf 72' lang='lat' dir='ltr'><strong>subdit</strong></span> <span class='ocrx_word' id='word_1_369' title='bbox 754 5332 1042 5414; x_wconf 76' lang='lat' dir='ltr'><strong>recessisse</strong></span> <span class='ocrx_word' id='word_1_370' title='bbox 1059 5333 1342 5414; x_wconf 39' lang='lat' dir='ltr'><strong>&quot;Ottonern</strong></span> <span class='ocrx_word' id='word_1_371' title='bbox 1364 5403 1374 5413; x_wconf 38' lang='grc'><strong><em>⁸</em></strong></span> <span class='ocrx_word' id='word_1_372' title='bbox 1384 5332 1789 5414; x_wconf 60' lang='lat' dir='ltr'><strong>propriam</strong></span> 
     </span>
    </p>
   </div>
   <div class='ocr_carea' id='block_1_57' title="bbox 179 5402 1792 5475">
    <p class='ocr_par' dir='ltr' id='par_1_57' title="bbox 179 5402 1792 5475">
     <span class='ocr_line' id='line_1_57' title="bbox 179 5402 1792 5475; baseline -0.004 -11"><span class='ocrx_word' id='word_1_373' title='bbox 179 5402 428 5465; x_wconf 55' lang='lat' dir='ltr'><strong>terram.</strong></span> <span class='ocrx_word' id='word_1_374' title='bbox 448 5402 534 5460; x_wconf 77' lang='lat' dir='ltr'><strong>At</strong></span> <span class='ocrx_word' id='word_1_375' title='bbox 568 5403 1197 5475; x_wconf 28' lang='lat' dir='ltr'><strong>chronographusUSaxo</strong></span> <span class='ocrx_word' id='word_1_376' title='bbox 1231 5418 1261 5457; x_wconf 93' lang='lat' dir='ltr'><strong>a</strong></span> <span class='ocrx_word' id='word_1_377' title='bbox 1283 5402 1558 5475; x_wconf 81' lang='lat' dir='ltr'><strong>Leibnitio</strong></span> <span class='ocrx_word' id='word_1_378' title='bbox 1585 5403 1792 5475; x_wconf 84' lang='lat' dir='ltr'><strong>editus,</strong></span> 
     </span>
    </p>
   </div>
   <div class='ocr_carea' id='block_1_58' title="bbox 175 5472 1789 5547">
    <p class='ocr_par' dir='ltr' id='par_1_58' title="bbox 175 5472 1789 5547">
     <span class='ocr_line' id='line_1_58' title="bbox 175 5472 1789 5547; baseline -0.004 -12"><span class='ocrx_word' id='word_1_379' title='bbox 175 5479 557 5535; x_wconf 87' lang='lat' dir='ltr'><strong>continuator</strong></span> <span class='ocrx_word' id='word_1_380' title='bbox 593 5472 923 5547; x_wconf 83' lang='lat' dir='ltr'><strong>Reginonis,</strong></span> <span class='ocrx_word' id='word_1_381' title='bbox 960 5472 1157 5547; x_wconf 85' lang='lat' dir='ltr'><strong>aliique</strong></span> <span class='ocrx_word' id='word_1_382' title='bbox 1177 5472 1789 5547; x_wconf 22' lang='lat' dir='ltr'><strong>egregiiihistoricitrao</strong></span> 
     </span>
    </p>
   </div>
   <div class='ocr_carea' id='block_1_59' title="bbox 175 5544 1788 5617">
    <p class='ocr_par' dir='ltr' id='par_1_59' title="bbox 175 5544 1788 5617">
     <span class='ocr_line' id='line_1_59' title="bbox 175 5544 1788 5617; baseline -0.006 -10"><span class='ocrx_word' id='word_1_383' title='bbox 175 5550 342 5607; x_wconf 85' lang='lat' dir='ltr'><strong>dunt</strong></span> <span class='ocrx_word' id='word_1_384' title='bbox 380 5563 527 5603; x_wconf 89' lang='lat' dir='ltr'><strong>anno</strong></span> <span class='ocrx_word' id='word_1_385' title='bbox 561 5544 779 5602; x_wconf 59' lang='lat' dir='ltr'><strong>952&#39;ah</strong></span> <span class='ocrx_word' id='word_1_386' title='bbox 814 5547 1019 5617; x_wconf 86' lang='lat' dir='ltr'><strong>Ottone</strong></span> <span class='ocrx_word' id='word_1_387' title='bbox 1048 5544 1331 5617; x_wconf 12' lang='lat' dir='ltr'><strong>idejectum</strong></span> <span class='ocrx_word' id='word_1_388' title='bbox 1373 5544 1788 5617; x_wconf 87' lang='lat' dir='ltr'><strong>Berengarium,</strong></span> 
     </span>
    </p>
   </div>
   <div class='ocr_carea' id='block_1_60' title="bbox 176 5615 1792 5690">
    <p class='ocr_par' dir='ltr' id='par_1_60' title="bbox 176 5615 1792 5690">
     <span class='ocr_line' id='line_1_60' title="bbox 176 5615 1792 5690; baseline -0.004 -14"><span class='ocrx_word' id='word_1_389' title='bbox 176 5626 534 5690; x_wconf 85' lang='lat' dir='ltr'><strong>captamque</strong></span> <span class='ocrx_word' id='word_1_390' title='bbox 561 5619 631 5673; x_wconf 93' lang='lat' dir='ltr'><strong>ab</strong></span> <span class='ocrx_word' id='word_1_391' title='bbox 656 5632 721 5672; x_wconf 89' lang='lat' dir='ltr'><strong>eo</strong></span> <span class='ocrx_word' id='word_1_392' title='bbox 745 5616 949 5688; x_wconf 85' lang='lat' dir='ltr'><strong>regiam</strong></span> <span class='ocrx_word' id='word_1_393' title='bbox 978 5615 1170 5690; x_wconf 78' lang='lat' dir='ltr'><strong>urbem</strong></span> <span class='ocrx_word' id='word_1_394' title='bbox 1186 5615 1478 5690; x_wconf 82' lang='lat' dir='ltr'><strong>_Ticinum_,</strong></span> <span class='ocrx_word' id='word_1_395' title='bbox 1512 5615 1603 5671; x_wconf 91' lang='lat' dir='ltr'><strong>ubi</strong></span> <span class='ocrx_word' id='word_1_396' title='bbox 1628 5616 1792 5690; x_wconf 69' lang='lat' dir='ltr'><strong>etiam</strong></span> 
     </span>
    </p>
   </div>
   <div class='ocr_carea' id='block_1_61' title="bbox 175 5685 1793 5761">
    <p class='ocr_par' dir='ltr' id='par_1_61' title="bbox 175 5685 1793 5761">
     <span class='ocr_line' id='line_1_61' title="bbox 175 5685 1793 5761; baseline -0.004 -15"><span class='ocrx_word' id='word_1_397' title='bbox 175 5685 612 5761; x_wconf 12' lang='lat' dir='ltr'><strong>mipﬁtiwgregali</strong></span> <span class='ocrx_word' id='word_1_398' title='bbox 658 5685 1046 5761; x_wconf 9' lang='lat' dir='ltr'><strong>muniﬁcentia,</strong></span> <span class='ocrx_word' id='word_1_399' title='bbox 1077 5687 1368 5761; x_wconf 63' lang='lat' dir='ltr'><strong>celebrata.</strong></span> <span class='ocrx_word' id='word_1_400' title='bbox 1403 5686 1508 5761; x_wconf 78' lang='lat' dir='ltr'><strong>Hic</strong></span> <span class='ocrx_word' id='word_1_401' title='bbox 1552 5685 1793 5761; x_wconf 87' lang='lat' dir='ltr'><strong>ergo_di-</strong></span> 
     </span>
    </p>
   </div>
   <div class='ocr_carea' id='block_1_62' title="bbox 174 5755 1792 5828">
    <p class='ocr_par' dir='ltr' id='par_1_62' title="bbox 174 5755 1792 5828">
     <span class='ocr_line' id='line_1_62' title="bbox 174 5755 1792 5828; baseline -0.004 -10"><span class='ocrx_word' id='word_1_402' title='bbox 174 5755 533 5818; x_wconf 71' lang='lat' dir='ltr'><strong>scédendum</strong></span> <span class='ocrx_word' id='word_1_403' title='bbox 558 5776 589 5813; x_wconf 90' lang='lat' dir='ltr'><strong>a</strong></span> <span class='ocrx_word' id='word_1_404' title='bbox 621 5755 927 5825; x_wconf 75' lang='lat' dir='ltr'><strong>DonizOne,</strong></span> <span class='ocrx_word' id='word_1_405' title='bbox 958 5758 1052 5828; x_wconf 92' lang='lat' dir='ltr'><strong>qui</strong></span> <span class='ocrx_word' id='word_1_406' title='bbox 1075 5758 1152 5813; x_wconf 88' lang='lat' dir='ltr'><strong>rei</strong></span> <span class='ocrx_word' id='word_1_407' title='bbox 1178 5756 1401 5828; x_wconf 84' lang='lat' dir='ltr'><strong>quidem</strong></span> <span class='ocrx_word' id='word_1_408' title='bbox 1429 5755 1792 5828; x_wconf 82' lang='lat' dir='ltr'><strong>substantiam</strong></span> 
     </span>
    </p>
   </div>
   <div class='ocr_carea' id='block_1_63' title="bbox 172 5826 1792 5901">
    <p class='ocr_par' dir='ltr' id='par_1_63' title="bbox 172 5826 1792 5901">
     <span class='ocr_line' id='line_1_63' title="bbox 172 5826 1792 5901; baseline -0.004 -12"><span class='ocrx_word' id='word_1_409' title='bbox 172 5829 393 5901; x_wconf 81' lang='lat' dir='ltr'><strong>tradit,</strong></span> <span class='ocrx_word' id='word_1_410' title='bbox 439 5829 535 5887; x_wconf 86' lang='lat' dir='ltr'><strong>sed</strong></span> <span class='ocrx_word' id='word_1_411' title='bbox 563 5829 773 5900; x_wconf 86' lang='lat' dir='ltr'><strong>aliquot</strong></span> <span class='ocrx_word' id='word_1_412' title='bbox 811 5826 1247 5885; x_wconf 78' lang='lat' dir='ltr'><strong>circumstantias</strong></span> <span class='ocrx_word' id='word_1_413' title='bbox 1288 5826 1573 5900; x_wconf 83' lang='lat' dir='ltr'><strong>ignoravit.</strong></span> <span class='ocrx_word' id='word_1_414' title='bbox 1625 5828 1792 5883; x_wconf 86' lang='lat' dir='ltr'><strong>Unus</strong></span> 
     </span>
    </p>
   </div>
   <div class='ocr_carea' id='block_1_64' title="bbox 1823 420 3198 494">
    <p class='ocr_par' dir='ltr' id='par_1_64' title="bbox 1823 420 3198 494">
     <span class='ocr_line' id='line_1_64' title="bbox 1823 420 3198 494; baseline 0.002 -18"><span class='ocrx_word' id='word_1_415' title='bbox 1823 421 1877 483; x_wconf 84' lang='lat' dir='ltr'><strong>A</strong></span> <span class='ocrx_word' id='word_1_416' title='bbox 1907 425 2040 477; x_wconf 86' lang='lat' dir='ltr'><strong>Atto</strong></span> <span class='ocrx_word' id='word_1_417' title='bbox 2070 430 2233 492; x_wconf 90' lang='lat' dir='ltr'><strong>caput</strong></span> <span class='ocrx_word' id='word_1_418' title='bbox 2260 420 2475 494; x_wconf 88' lang='lat' dir='ltr'><strong>jactans</strong></span> <span class='ocrx_word' id='word_1_419' title='bbox 2521 420 2733 478; x_wconf 89' lang='lat' dir='ltr'><strong>audivit</strong></span> <span class='ocrx_word' id='word_1_420' title='bbox 2764 422 2927 479; x_wconf 88' lang='lat' dir='ltr'><strong>verba</strong></span> <span class='ocrx_word' id='word_1_421' title='bbox 2966 423 3198 481; x_wconf 88' lang='lat' dir='ltr'><strong>beanda.</strong></span> 
     </span>
    </p>
   </div>
   <div class='ocr_carea' id='block_1_65' title="bbox 1906 513 3381 588">
    <p class='ocr_par' dir='ltr' id='par_1_65' title="bbox 1906 513 3381 588">
     <span class='ocr_line' id='line_1_65' title="bbox 1906 513 3381 588; baseline 0.005 -21"><span class='ocrx_word' id='word_1_422' title='bbox 1906 515 2107 570; x_wconf 86' lang='lat' dir='ltr'><strong>Ventre</strong></span> <span class='ocrx_word' id='word_1_423' title='bbox 2147 513 2352 571; x_wconf 89' lang='lat' dir='ltr'><strong>famem</strong></span> <span class='ocrx_word' id='word_1_424' title='bbox 2374 524 2594 587; x_wconf 88' lang='lat' dir='ltr'><strong>gestans</strong></span> <span class='ocrx_word' id='word_1_425' title='bbox 2613 530 2775 572; x_wconf 90' lang='lat' dir='ltr'><strong>ursus</strong></span> <span class='ocrx_word' id='word_1_426' title='bbox 2803 532 3098 588; x_wconf 91' lang='lat' dir='ltr'><strong>suspensus</strong></span> <span class='ocrx_word' id='word_1_427' title='bbox 3116 518 3184 573; x_wconf 90' lang='lat' dir='ltr'><strong>ad</strong></span> <span class='ocrx_word' id='word_1_428' title='bbox 3212 533 3381 586; x_wconf 89' lang='lat' dir='ltr'><strong>escas,</strong></span> 
     </span>
    </p>
   </div>
   <div class='ocr_carea' id='block_1_66' title="bbox 1902 608 3491 682">
    <p class='ocr_par' dir='ltr' id='par_1_66' title="bbox 1902 608 3491 682">
     <span class='ocr_line' id='line_1_66' title="bbox 1902 608 3491 682; baseline 0.004 -19"><span class='ocrx_word' id='word_1_429' title='bbox 1902 608 2067 678; x_wconf 84' lang='lat' dir='ltr'><strong>Quod</strong></span> <span class='ocrx_word' id='word_1_430' title='bbox 2093 609 2356 681; x_wconf 87' lang='lat' dir='ltr'><strong>languore</strong></span> <span class='ocrx_word' id='word_1_431' title='bbox 2401 610 2573 677; x_wconf 90' lang='lat' dir='ltr'><strong>dolet,</strong></span> <span class='ocrx_word' id='word_1_432' title='bbox 2610 610 2750 666; x_wconf 85' lang='lat' dir='ltr'><strong>cervi</strong></span> <span class='ocrx_word' id='word_1_433' title='bbox 2798 612 3082 681; x_wconf 88' lang='lat' dir='ltr'><strong>componit</strong></span> <span class='ocrx_word' id='word_1_434' title='bbox 3109 627 3299 667; x_wconf 89' lang='lat' dir='ltr'><strong>amore</strong></span> <span class='ocrx_word' id='word_1_435' title='bbox 3325 619 3491 682; x_wconf 85' lang='lat'>(539),</span> 
     </span>
    </p>
   </div>
   <div class='ocr_carea' id='block_1_67' title="bbox 1903 701 3317 775">
    <p class='ocr_par' dir='ltr' id='par_1_67' title="bbox 1903 701 3317 775">
     <span class='ocr_line' id='line_1_67' title="bbox 1903 701 3317 775; baseline 0.002 -18"><span class='ocrx_word' id='word_1_436' title='bbox 1903 701 2100 757; x_wconf 81' lang='lat' dir='ltr'><strong>Visitet</strong></span> <span class='ocrx_word' id='word_1_437' title='bbox 2139 702 2422 759; x_wconf 84' lang='lat' dir='ltr'><strong>inﬁrmum</strong></span> <span class='ocrx_word' id='word_1_438' title='bbox 2448 720 2661 770; x_wconf 88' lang='lat' dir='ltr'><strong>cervus,</strong></span> <span class='ocrx_word' id='word_1_439' title='bbox 2693 704 2999 772; x_wconf 87' lang='lat' dir='ltr'><strong>mandavit,</strong></span> <span class='ocrx_word' id='word_1_440' title='bbox 3031 714 3092 760; x_wconf 90' lang='lat' dir='ltr'><strong>ut</strong></span> <span class='ocrx_word' id='word_1_441' title='bbox 3115 704 3317 775; x_wconf 91' lang='lat' dir='ltr'><strong>ipsum.</strong></span> 
     </span>
    </p>
   </div>
   <div class='ocr_carea' id='block_1_68' title="bbox 1905 794 3320 869">
    <p class='ocr_par' dir='ltr' id='par_1_68' title="bbox 1905 794 3320 869">
     <span class='ocr_line' id='line_1_68' title="bbox 1905 794 3320 869; baseline 0.003 -20"><span class='ocrx_word' id='word_1_442' title='bbox 1905 794 2007 849; x_wconf 91' lang='lat' dir='ltr'><strong>lvit</strong></span> <span class='ocrx_word' id='word_1_443' title='bbox 2032 810 2245 863; x_wconf 87' lang='lat' dir='ltr'><strong>cervus,</strong></span> <span class='ocrx_word' id='word_1_444' title='bbox 2277 795 2349 862; x_wconf 90' lang='lat' dir='ltr'><strong>ei,</strong></span> <span class='ocrx_word' id='word_1_445' title='bbox 2379 794 2515 852; x_wconf 91' lang='lat' dir='ltr'><strong>dum</strong></span> <span class='ocrx_word' id='word_1_446' title='bbox 2546 797 2856 868; x_wconf 84' lang='lat' dir='ltr'><strong>loqueretur</strong></span> <span class='ocrx_word' id='word_1_447' title='bbox 2876 798 3045 869; x_wconf 86' lang='lat'>(540),</span> <span class='ocrx_word' id='word_1_448' title='bbox 3087 796 3320 854; x_wconf 77' lang='lat' dir='ltr'><strong>adhaesit</strong></span> 
     </span>
    </p>
   </div>
   <div class='ocr_carea' id='block_1_69' title="bbox 1903 887 3214 961">
    <p class='ocr_par' dir='ltr' id='par_1_69' title="bbox 1903 887 3214 961">
     <span class='ocr_line' id='line_1_69' title="bbox 1903 887 3214 961; baseline 0.004 -19"><span class='ocrx_word' id='word_1_449' title='bbox 1903 887 2180 944; x_wconf 87' lang='lat' dir='ltr'><strong>Auricula</strong></span> <span class='ocrx_word' id='word_1_450' title='bbox 2199 888 2373 955; x_wconf 91' lang='lat' dir='ltr'><strong>cervi,</strong></span> <span class='ocrx_word' id='word_1_451' title='bbox 2404 888 2717 960; x_wconf 90' lang='lat' dir='ltr'><strong>discerpens</strong></span> <span class='ocrx_word' id='word_1_452' title='bbox 2734 890 3011 961; x_wconf 88' lang='lat' dir='ltr'><strong>unguibus</strong></span> <span class='ocrx_word' id='word_1_453' title='bbox 3025 932 3041 959; x_wconf 96' lang='lat'><strong>,</strong></span> <span class='ocrx_word' id='word_1_454' title='bbox 3060 898 3114 947; x_wconf 90' lang='lat' dir='ltr'><strong>et</strong></span> <span class='ocrx_word' id='word_1_455' title='bbox 3138 891 3214 947; x_wconf 90' lang='lat' dir='ltr'><strong>sic</strong></span> 
     </span>
    </p>
   </div>
   <div class='ocr_carea' id='block_1_70' title="bbox 1902 980 3134 1052">
    <p class='ocr_par' dir='ltr' id='par_1_70' title="bbox 1902 980 3134 1052">
     <span class='ocr_line' id='line_1_70' title="bbox 1902 980 3134 1052; baseline 0.003 -17"><span class='ocrx_word' id='word_1_456' title='bbox 1902 981 2203 1037; x_wconf 89' lang='lat' dir='ltr'><strong>Dimittens</strong></span> <span class='ocrx_word' id='word_1_457' title='bbox 2226 981 2431 1052; x_wconf 90' lang='lat' dir='ltr'><strong>ipsum,</strong></span> <span class='ocrx_word' id='word_1_458' title='bbox 2458 980 2653 1037; x_wconf 86' lang='lat' dir='ltr'><strong>direxit</strong></span> <span class='ocrx_word' id='word_1_459' title='bbox 2675 982 2855 1039; x_wconf 91' lang='lat' dir='ltr'><strong>denuo</strong></span> <span class='ocrx_word' id='word_1_460' title='bbox 2877 984 3134 1051; x_wconf 89' lang='lat' dir='ltr'><strong>missum,</strong></span> 
     </span>
    </p>
   </div>
   <div class='ocr_carea' id='block_1_71' title="bbox 1904 1074 3388 1148">
    <p class='ocr_par' dir='ltr' id='par_1_71' title="bbox 1904 1074 3388 1148">
     <span class='ocr_line' id='line_1_71' title="bbox 1904 1074 3388 1148; baseline 0.001 -18"><span class='ocrx_word' id='word_1_461' title='bbox 1904 1076 1988 1130; x_wconf 91' lang='lat' dir='ltr'><strong>Ut</strong></span> <span class='ocrx_word' id='word_1_462' title='bbox 2004 1074 2183 1131; x_wconf 89' lang='lat' dir='ltr'><strong>veniat</strong></span> <span class='ocrx_word' id='word_1_463' title='bbox 2204 1074 2495 1143; x_wconf 90' lang='lat' dir='ltr'><strong>mandans,</strong></span> <span class='ocrx_word' id='word_1_464' title='bbox 2529 1074 2693 1143; x_wconf 88' lang='lat' dir='ltr'><strong>dabo,</strong></span> <span class='ocrx_word' id='word_1_465' title='bbox 2725 1075 2769 1130; x_wconf 91' lang='lat' dir='ltr'><strong>si</strong></span> <span class='ocrx_word' id='word_1_466' title='bbox 2801 1076 3014 1131; x_wconf 89' lang='lat' dir='ltr'><strong>veneris</strong></span> <span class='ocrx_word' id='word_1_467' title='bbox 3040 1076 3140 1131; x_wconf 88' lang='lat' dir='ltr'><strong>tibi</strong></span> <span class='ocrx_word' id='word_1_468' title='bbox 3172 1092 3388 1148; x_wconf 89' lang='lat' dir='ltr'><strong>magna.</strong></span> 
     </span>
    </p>
   </div>
   <div class='ocr_carea' id='block_1_72' title="bbox 1904 1166 3319 1239">
    <p class='ocr_par' dir='ltr' id='par_1_72' title="bbox 1904 1166 3319 1239">
     <span class='ocr_line' id='line_1_72' title="bbox 1904 1166 3319 1239; baseline -0.001 -15"><span class='ocrx_word' id='word_1_469' title='bbox 1904 1168 2109 1224; x_wconf 86' lang='lat' dir='ltr'><strong>Cervus</strong></span> <span class='ocrx_word' id='word_1_470' title='bbox 2135 1167 2334 1225; x_wconf 90' lang='lat' dir='ltr'><strong>oblitus</strong></span> <span class='ocrx_word' id='word_1_471' title='bbox 2363 1176 2503 1235; x_wconf 90' lang='lat' dir='ltr'><strong>erat,</strong></span> <span class='ocrx_word' id='word_1_472' title='bbox 2535 1184 2659 1239; x_wconf 86' lang='lat' dir='ltr'><strong>qua</strong></span> <span class='ocrx_word' id='word_1_473' title='bbox 2689 1166 2824 1224; x_wconf 88' lang='lat' dir='ltr'><strong>fecit</strong></span> <span class='ocrx_word' id='word_1_474' title='bbox 2846 1169 3020 1224; x_wconf 88' lang='lat' dir='ltr'><strong>bestia</strong></span> <span class='ocrx_word' id='word_1_475' title='bbox 3038 1184 3179 1225; x_wconf 87' lang='lat' dir='ltr'><strong>sava</strong></span> <span class='ocrx_word' id='word_1_476' title='bbox 3314 1174 3319 1177; x_wconf 83' lang='grc'>’</span> 
     </span>
    </p>
   </div>
   <div class='ocr_carea' id='block_1_73' title="bbox 1903 1260 3211 1334">
    <p class='ocr_par' dir='ltr' id='par_1_73' title="bbox 1903 1260 3211 1334">
     <span class='ocr_line' id='line_1_73' title="bbox 1903 1260 3211 1334; baseline 0.001 -18"><span class='ocrx_word' id='word_1_477' title='bbox 1903 1262 2147 1318; x_wconf 91' lang='lat' dir='ltr'><strong>Accessit</strong></span> <span class='ocrx_word' id='word_1_478' title='bbox 2155 1261 2334 1334; x_wconf 87' lang='lat' dir='ltr'><strong>juxta,</strong></span> <span class='ocrx_word' id='word_1_479' title='bbox 2357 1261 2532 1317; x_wconf 90' lang='lat' dir='ltr'><strong>trahit</strong></span> <span class='ocrx_word' id='word_1_480' title='bbox 2556 1277 2803 1333; x_wconf 87' lang='lat' dir='ltr'><strong>unguem</strong></span> <span class='ocrx_word' id='word_1_481' title='bbox 2832 1261 3013 1317; x_wconf 90' lang='lat' dir='ltr'><strong>bellua</strong></span> <span class='ocrx_word' id='word_1_482' title='bbox 3042 1260 3211 1317; x_wconf 91' lang='lat' dir='ltr'><strong>cruda</strong></span> 
     </span>
    </p>
   </div>
   <div class='ocr_carea' id='block_1_74' title="bbox 1904 1354 3381 1426">
    <p class='ocr_par' dir='ltr' id='par_1_74' title="bbox 1904 1354 3381 1426">
     <span class='ocr_line' id='line_1_74' title="bbox 1904 1354 3381 1426; baseline -0.001 -15"><span class='ocrx_word' id='word_1_483' title='bbox 1904 1355 2191 1411; x_wconf 85' lang='lat' dir='ltr'><strong>Abstrahit</strong></span> <span class='ocrx_word' id='word_1_484' title='bbox 2209 1354 2527 1422; x_wconf 89' lang='lat' dir='ltr'><strong>auriculam,</strong></span> <span class='ocrx_word' id='word_1_485' title='bbox 2553 1370 2717 1426; x_wconf 89' lang='lat' dir='ltr'><strong>quam</strong></span> <span class='ocrx_word' id='word_1_486' title='bbox 2737 1370 2900 1410; x_wconf 88' lang='lat' dir='ltr'><strong>cervo</strong></span> <span class='ocrx_word' id='word_1_487' title='bbox 2932 1354 3163 1426; x_wconf 89' lang='lat' dir='ltr'><strong>liquerat</strong></span> <span class='ocrx_word' id='word_1_488' title='bbox 3180 1369 3381 1422; x_wconf 89' lang='lat' dir='ltr'><strong>unam;</strong></span> 
     </span>
    </p>
   </div>
   <div class='ocr_carea' id='block_1_75' title="bbox 1904 1447 3089 1520">
    <p class='ocr_par' dir='ltr' id='par_1_75' title="bbox 1904 1447 3089 1520">
     <span class='ocr_line' id='line_1_75' title="bbox 1904 1447 3089 1520; baseline 0.002 -17"><span class='ocrx_word' id='word_1_489' title='bbox 1904 1448 2010 1520; x_wconf 88' lang='lat' dir='ltr'><strong>Qui</strong></span> <span class='ocrx_word' id='word_1_490' title='bbox 2038 1447 2359 1519; x_wconf 90' lang='lat' dir='ltr'><strong>deturpatus</strong></span> <span class='ocrx_word' id='word_1_491' title='bbox 2385 1448 2546 1504; x_wconf 91' lang='lat' dir='ltr'><strong>rediit</strong></span> <span class='ocrx_word' id='word_1_492' title='bbox 2572 1448 2738 1504; x_wconf 90' lang='lat' dir='ltr'><strong>miser</strong></span> <span class='ocrx_word' id='word_1_493' title='bbox 2765 1448 3089 1505; x_wconf 86' lang='lat' dir='ltr'><strong>infatuatus.</strong></span> 
     </span>
    </p>
   </div>
   <div class='ocr_carea' id='block_1_76' title="bbox 1902 1540 3384 1610">
    <p class='ocr_par' dir='ltr' id='par_1_76' title="bbox 1902 1540 3384 1610">
     <span class='ocr_line' id='line_1_76' title="bbox 1902 1540 3384 1610; baseline -0.001 -12"><span class='ocrx_word' id='word_1_494' title='bbox 1902 1543 2083 1598; x_wconf 90' lang='lat' dir='ltr'><strong>Ursus</strong></span> <span class='ocrx_word' id='word_1_495' title='bbox 2108 1557 2302 1597; x_wconf 89' lang='lat' dir='ltr'><strong>amans</strong></span> <span class='ocrx_word' id='word_1_496' title='bbox 2328 1557 2575 1610; x_wconf 89' lang='lat' dir='ltr'><strong>cervum,</strong></span> <span class='ocrx_word' id='word_1_497' title='bbox 2605 1541 2775 1597; x_wconf 90' lang='lat' dir='ltr'><strong>mittit</strong></span> <span class='ocrx_word' id='word_1_498' title='bbox 2793 1541 2899 1597; x_wconf 91' lang='lat' dir='ltr'><strong>sibi</strong></span> <span class='ocrx_word' id='word_1_499' title='bbox 2925 1541 3107 1597; x_wconf 91' lang='lat' dir='ltr'><strong>denuo</strong></span> <span class='ocrx_word' id='word_1_500' title='bbox 3132 1540 3384 1609; x_wconf 86' lang='lat' dir='ltr'><strong>verbum,</strong></span> 
     </span>
    </p>
   </div>
   <div class='ocr_carea' id='block_1_77' title="bbox 1899 1633 3271 1706">
    <p class='ocr_par' dir='ltr' id='par_1_77' title="bbox 1899 1633 3271 1706">
     <span class='ocr_line' id='line_1_77' title="bbox 1899 1633 3271 1706; baseline -0.002 -16"><span class='ocrx_word' id='word_1_501' title='bbox 1899 1635 1981 1691; x_wconf 92' lang='lat' dir='ltr'><strong>Ut</strong></span> <span class='ocrx_word' id='word_1_502' title='bbox 2006 1641 2122 1690; x_wconf 91' lang='lat' dir='ltr'><strong>tute</strong></span> <span class='ocrx_word' id='word_1_503' title='bbox 2146 1642 2350 1702; x_wconf 88' lang='lat' dir='ltr'><strong>currat,</strong></span> <span class='ocrx_word' id='word_1_504' title='bbox 2376 1635 2505 1706; x_wconf 93' lang='lat' dir='ltr'><strong>quia</strong></span> <span class='ocrx_word' id='word_1_505' title='bbox 2529 1634 2645 1690; x_wconf 91' lang='lat' dir='ltr'><strong>vult</strong></span> <span class='ocrx_word' id='word_1_506' title='bbox 2671 1633 2775 1690; x_wconf 91' lang='lat' dir='ltr'><strong>sibi</strong></span> <span class='ocrx_word' id='word_1_507' title='bbox 2800 1633 3036 1705; x_wconf 88' lang='lat' dir='ltr'><strong>pandere</strong></span> <span class='ocrx_word' id='word_1_508' title='bbox 3063 1633 3234 1690; x_wconf 90' lang='lat' dir='ltr'><strong>multa</strong></span> <span class='ocrx_word' id='word_1_509' title='bbox 3258 1653 3271 1687; x_wconf 90' lang='lat'>:</span> 
     </span>
    </p>
   </div>
   <div class='ocr_carea' id='block_1_78' title="bbox 1901 1726 3277 1798">
    <p class='ocr_par' dir='ltr' id='par_1_78' title="bbox 1901 1726 3277 1798">
     <span class='ocr_line' id='line_1_78' title="bbox 1901 1726 3277 1798; baseline 0.001 -17"><span class='ocrx_word' id='word_1_510' title='bbox 1901 1731 2108 1783; x_wconf 85' lang='lat' dir='ltr'><strong>Amens</strong></span> <span class='ocrx_word' id='word_1_511' title='bbox 2150 1735 2207 1784; x_wconf 89' lang='lat' dir='ltr'><strong>et</strong></span> <span class='ocrx_word' id='word_1_512' title='bbox 2241 1727 2441 1784; x_wconf 91' lang='lat' dir='ltr'><strong>stultus</strong></span> <span class='ocrx_word' id='word_1_513' title='bbox 2467 1727 2709 1798; x_wconf 87' lang='lat' dir='ltr'><strong>perrexit</strong></span> <span class='ocrx_word' id='word_1_514' title='bbox 2733 1742 2926 1783; x_wconf 87' lang='lat' dir='ltr'><strong>cervus</strong></span> <span class='ocrx_word' id='word_1_515' title='bbox 2955 1726 3025 1783; x_wconf 91' lang='lat' dir='ltr'><strong>ad</strong></span> <span class='ocrx_word' id='word_1_516' title='bbox 3062 1741 3277 1796; x_wconf 90' lang='lat' dir='ltr'><strong>ursum,</strong></span> 
     </span>
    </p>
   </div>
   <div class='ocr_carea' id='block_1_79' title="bbox 1826 1803 3015 1892">
    <p class='ocr_par' dir='ltr' id='par_1_79' title="bbox 1826 1803 3015 1892">
     <span class='ocr_line' id='line_1_79' title="bbox 1826 1803 3015 1892; baseline 0 -16"><span class='ocrx_word' id='word_1_517' title='bbox 1826 1803 1875 1866; x_wconf 83' lang='grc' dir='ltr'>Β</span> <span class='ocrx_word' id='word_1_518' title='bbox 1904 1821 2134 1892; x_wconf 89' lang='lat' dir='ltr'><strong>Aspicit,</strong></span> <span class='ocrx_word' id='word_1_519' title='bbox 2166 1819 2374 1877; x_wconf 89' lang='lat' dir='ltr'><strong>arridet</strong></span> <span class='ocrx_word' id='word_1_520' title='bbox 2398 1820 2656 1887; x_wconf 88' lang='lat' dir='ltr'><strong>venienti,</strong></span> <span class='ocrx_word' id='word_1_521' title='bbox 2677 1818 2827 1876; x_wconf 90' lang='lat' dir='ltr'><strong>fatur</strong></span> <span class='ocrx_word' id='word_1_522' title='bbox 2856 1820 3015 1891; x_wconf 90' lang='lat' dir='ltr'><strong>eique</strong></span> 
     </span>
    </p>
   </div>
   <div class='ocr_carea' id='block_1_80' title="bbox 1904 1912 3379 1985">
    <p class='ocr_par' dir='ltr' id='par_1_80' title="bbox 1904 1912 3379 1985">
     <span class='ocr_line' id='line_1_80' title="bbox 1904 1912 3379 1985; baseline 0 -16"><span class='ocrx_word' id='word_1_523' title='bbox 1904 1918 2077 1970; x_wconf 90' lang='lat' dir='ltr'><strong>Dente</strong></span> <span class='ocrx_word' id='word_1_524' title='bbox 2112 1922 2336 1985; x_wconf 87' lang='lat' dir='ltr'><strong>repente</strong></span> <span class='ocrx_word' id='word_1_525' title='bbox 2363 1912 2551 1969; x_wconf 88' lang='lat' dir='ltr'><strong>furens</strong></span> <span class='ocrx_word' id='word_1_526' title='bbox 2578 1913 2854 1985; x_wconf 88' lang='lat' dir='ltr'><strong>captivum</strong></span> <span class='ocrx_word' id='word_1_527' title='bbox 2886 1912 3118 1969; x_wconf 88' lang='lat' dir='ltr'><strong>dissecat</strong></span> <span class='ocrx_word' id='word_1_528' title='bbox 3150 1929 3333 1985; x_wconf 89' lang='lat' dir='ltr'><strong>ungue</strong></span> <span class='ocrx_word' id='word_1_529' title='bbox 3366 1932 3379 1969; x_wconf 88' lang='lat'><strong>:</strong></span> 
     </span>
    </p>
   </div>
   <div class='ocr_carea' id='block_1_81' title="bbox 1902 2005 3283 2078">
    <p class='ocr_par' dir='ltr' id='par_1_81' title="bbox 1902 2005 3283 2078">
     <span class='ocr_line' id='line_1_81' title="bbox 1902 2005 3283 2078; baseline -0.001 -16"><span class='ocrx_word' id='word_1_530' title='bbox 1902 2008 2029 2063; x_wconf 91' lang='lat' dir='ltr'><strong>Vita</strong></span> <span class='ocrx_word' id='word_1_531' title='bbox 2071 2008 2341 2078; x_wconf 89' lang='lat' dir='ltr'><strong>privatus,</strong></span> <span class='ocrx_word' id='word_1_532' title='bbox 2370 2006 2520 2078; x_wconf 91' lang='lat' dir='ltr'><strong>vulpi</strong></span> <span class='ocrx_word' id='word_1_533' title='bbox 2566 2005 2731 2062; x_wconf 91' lang='lat' dir='ltr'><strong>datur</strong></span> <span class='ocrx_word' id='word_1_534' title='bbox 2759 2006 2886 2077; x_wconf 88' lang='lat' dir='ltr'><strong>igne</strong></span> <span class='ocrx_word' id='word_1_535' title='bbox 2933 2007 3283 2074; x_wconf 84' lang='lat' dir='ltr'><strong>cremandus,</strong></span> 
     </span>
    </p>
   </div>
   <div class='ocr_carea' id='block_1_82' title="bbox 1900 2098 3355 2172">
    <p class='ocr_par' dir='ltr' id='par_1_82' title="bbox 1900 2098 3355 2172">
     <span class='ocr_line' id='line_1_82' title="bbox 1900 2098 3355 2172; baseline -0.001 -17"><span class='ocrx_word' id='word_1_536' title='bbox 1900 2101 2092 2172; x_wconf 89' lang='lat' dir='ltr'><strong>Vulpis</strong></span> <span class='ocrx_word' id='word_1_537' title='bbox 2129 2116 2259 2156; x_wconf 89' lang='lat' dir='ltr'><strong>eum</strong></span> <span class='ocrx_word' id='word_1_538' title='bbox 2286 2108 2522 2167; x_wconf 91' lang='lat' dir='ltr'><strong>torrens,</strong></span> <span class='ocrx_word' id='word_1_539' title='bbox 2554 2108 2680 2170; x_wconf 90' lang='lat' dir='ltr'><strong>post</strong></span> <span class='ocrx_word' id='word_1_540' title='bbox 2706 2114 2835 2155; x_wconf 92' lang='lat' dir='ltr'><strong>urso</strong></span> <span class='ocrx_word' id='word_1_541' title='bbox 2860 2098 3057 2154; x_wconf 90' lang='lat' dir='ltr'><strong>detulit</strong></span> <span class='ocrx_word' id='word_1_542' title='bbox 3098 2114 3355 2166; x_wconf 87' lang='lat' dir='ltr'><strong>omnem;</strong></span> 
     </span>
    </p>
   </div>
   <div class='ocr_carea' id='block_1_83' title="bbox 1900 2191 3489 2261">
    <p class='ocr_par' dir='ltr' id='par_1_83' title="bbox 1900 2191 3489 2261">
     <span class='ocr_line' id='line_1_83' title="bbox 1900 2191 3489 2261; baseline -0.003 -11"><span class='ocrx_word' id='word_1_543' title='bbox 1900 2195 2006 2250; x_wconf 88' lang='lat' dir='ltr'><strong>Cor</strong></span> <span class='ocrx_word' id='word_1_544' title='bbox 2034 2194 2270 2250; x_wconf 91' lang='lat' dir='ltr'><strong>retinens</strong></span> <span class='ocrx_word' id='word_1_545' title='bbox 2292 2201 2531 2261; x_wconf 87' lang='lat' dir='ltr'><strong>tantum,</strong></span> <span class='ocrx_word' id='word_1_546' title='bbox 2556 2192 2691 2249; x_wconf 91' lang='lat' dir='ltr'><strong>sciat</strong></span> <span class='ocrx_word' id='word_1_547' title='bbox 2727 2208 2888 2248; x_wconf 90' lang='lat' dir='ltr'><strong>ursus</strong></span> <span class='ocrx_word' id='word_1_548' title='bbox 2928 2191 3068 2247; x_wconf 91' lang='lat' dir='ltr'><strong>illius</strong></span> <span class='ocrx_word' id='word_1_549' title='bbox 3096 2191 3245 2258; x_wconf 82' lang='lat'>(541)</span> <span class='ocrx_word' id='word_1_550' title='bbox 3279 2199 3489 2257; x_wconf 84' lang='lat' dir='ltr'><strong>astum;</strong></span> 
     </span>
    </p>
   </div>
   <div class='ocr_carea' id='block_1_84' title="bbox 1901 2283 3387 2356">
    <p class='ocr_par' dir='ltr' id='par_1_84' title="bbox 1901 2283 3387 2356">
     <span class='ocr_line' id='line_1_84' title="bbox 1901 2283 3387 2356; baseline -0.003 -12"><span class='ocrx_word' id='word_1_551' title='bbox 1901 2289 2083 2344; x_wconf 89' lang='lat' dir='ltr'><strong>Ursus</strong></span> <span class='ocrx_word' id='word_1_552' title='bbox 2108 2286 2315 2343; x_wconf 89' lang='lat' dir='ltr'><strong>habens</strong></span> <span class='ocrx_word' id='word_1_553' title='bbox 2343 2301 2594 2353; x_wconf 90' lang='lat' dir='ltr'><strong>carnem,</strong></span> <span class='ocrx_word' id='word_1_554' title='bbox 2624 2300 2720 2341; x_wconf 91' lang='lat' dir='ltr'><strong>cor</strong></span> <span class='ocrx_word' id='word_1_555' title='bbox 2761 2283 2905 2340; x_wconf 90' lang='lat' dir='ltr'><strong>cervi</strong></span> <span class='ocrx_word' id='word_1_556' title='bbox 2955 2283 3210 2356; x_wconf 88' lang='lat' dir='ltr'><strong>quaritat</strong></span> <span class='ocrx_word' id='word_1_557' title='bbox 3229 2292 3387 2351; x_wconf 87' lang='lat' dir='ltr'><strong>ante;</strong></span> 
     </span>
    </p>
   </div>
   <div class='ocr_carea' id='block_1_85' title="bbox 1899 2377 3386 2452">
    <p class='ocr_par' dir='ltr' id='par_1_85' title="bbox 1899 2377 3386 2452">
     <span class='ocr_line' id='line_1_85' title="bbox 1899 2377 3386 2452; baseline -0.002 -17"><span class='ocrx_word' id='word_1_558' title='bbox 1899 2379 2207 2452; x_wconf 83' lang='lat' dir='ltr'><strong>Respondit</strong></span> <span class='ocrx_word' id='word_1_559' title='bbox 2230 2379 2423 2451; x_wconf 89' lang='lat' dir='ltr'><strong>vulpis,</strong></span> <span class='ocrx_word' id='word_1_560' title='bbox 2445 2394 2543 2435; x_wconf 91' lang='lat' dir='ltr'><strong>cor</strong></span> <span class='ocrx_word' id='word_1_561' title='bbox 2567 2394 2680 2434; x_wconf 90' lang='lat' dir='ltr'><strong>non</strong></span> <span class='ocrx_word' id='word_1_562' title='bbox 2705 2377 2919 2447; x_wconf 89' lang='lat' dir='ltr'><strong>habuit,</strong></span> <span class='ocrx_word' id='word_1_563' title='bbox 2939 2392 3118 2448; x_wconf 89' lang='lat' dir='ltr'><strong>neque</strong></span> <span class='ocrx_word' id='word_1_564' title='bbox 3137 2377 3346 2449; x_wconf 90' lang='lat' dir='ltr'><strong>sumpsi</strong></span> <span class='ocrx_word' id='word_1_565' title='bbox 3372 2395 3386 2431; x_wconf 91' lang='lat'><strong>:</strong></span> 
     </span>
    </p>
   </div>
   <div class='ocr_carea' id='block_1_86' title="bbox 1902 2470 3491 2541">
    <p class='ocr_par' dir='ltr' id='par_1_86' title="bbox 1902 2470 3491 2541">
     <span class='ocr_line' id='line_1_86' title="bbox 1902 2470 3491 2541; baseline -0.001 -13"><span class='ocrx_word' id='word_1_566' title='bbox 1902 2474 2056 2529; x_wconf 90' lang='lat' dir='ltr'><strong>Dixit</strong></span> <span class='ocrx_word' id='word_1_567' title='bbox 2078 2473 2125 2529; x_wconf 89' lang='lat' dir='ltr'><strong>ei</strong></span> <span class='ocrx_word' id='word_1_568' title='bbox 2162 2489 2383 2528; x_wconf 91' lang='lat' dir='ltr'><strong>rursum</strong></span> <span class='ocrx_word' id='word_1_569' title='bbox 2416 2494 2428 2528; x_wconf 90' lang='lat'>:</span> <span class='ocrx_word' id='word_1_570' title='bbox 2462 2473 2572 2528; x_wconf 90' lang='lat' dir='ltr'><strong>Cor</strong></span> <span class='ocrx_word' id='word_1_571' title='bbox 2601 2487 2728 2528; x_wconf 89' lang='lat' dir='ltr'><strong>mox</strong></span> <span class='ocrx_word' id='word_1_572' title='bbox 2758 2472 2903 2527; x_wconf 92' lang='lat' dir='ltr'><strong>volo.</strong></span> <span class='ocrx_word' id='word_1_573' title='bbox 2951 2470 3145 2541; x_wconf 87' lang='lat' dir='ltr'><strong>Vulpis</strong></span> <span class='ocrx_word' id='word_1_574' title='bbox 3164 2470 3234 2526; x_wconf 90' lang='lat' dir='ltr'><strong>ad</strong></span> <span class='ocrx_word' id='word_1_575' title='bbox 3258 2486 3491 2527; x_wconf 89' lang='lat' dir='ltr'><strong>ursum:</strong></span> 
     </span>
    </p>
   </div>
   <div class='ocr_carea' id='block_1_87' title="bbox 1901 2563 3351 2638">
    <p class='ocr_par' dir='ltr' id='par_1_87' title="bbox 1901 2563 3351 2638">
     <span class='ocr_line' id='line_1_87' title="bbox 1901 2563 3351 2638; baseline 0.001 -18"><span class='ocrx_word' id='word_1_576' title='bbox 1901 2569 2049 2621; x_wconf 90' lang='lat' dir='ltr'><strong>Dum</strong></span> <span class='ocrx_word' id='word_1_577' title='bbox 2067 2566 2327 2638; x_wconf 84' lang='lat' dir='ltr'><strong>quasitus</strong></span> <span class='ocrx_word' id='word_1_578' title='bbox 2347 2564 2505 2620; x_wconf 90' lang='lat' dir='ltr'><strong>adest</strong></span> <span class='ocrx_word' id='word_1_579' title='bbox 2526 2573 2631 2631; x_wconf 89' lang='lat' dir='ltr'><strong>ter,</strong></span> <span class='ocrx_word' id='word_1_580' title='bbox 2654 2563 2824 2620; x_wconf 89' lang='lat' dir='ltr'><strong>corde</strong></span> <span class='ocrx_word' id='word_1_581' title='bbox 2852 2579 3040 2620; x_wconf 89' lang='lat' dir='ltr'><strong>carere</strong></span> <span class='ocrx_word' id='word_1_582' title='bbox 3065 2563 3351 2635; x_wconf 89' lang='lat' dir='ltr'><strong>probatur.</strong></span> 
     </span>
    </p>
   </div>
   <div class='ocr_carea' id='block_1_88' title="bbox 1901 2654 3315 2727">
    <p class='ocr_par' dir='ltr' id='par_1_88' title="bbox 1901 2654 3315 2727">
     <span class='ocr_line' id='line_1_88' title="bbox 1901 2654 3315 2727; baseline -0.002 -13"><span class='ocrx_word' id='word_1_583' title='bbox 1901 2660 2035 2714; x_wconf 80' lang='lat' dir='ltr'><strong>Hac</strong></span> <span class='ocrx_word' id='word_1_584' title='bbox 2058 2657 2157 2713; x_wconf 90' lang='lat' dir='ltr'><strong>tibi</strong></span> <span class='ocrx_word' id='word_1_585' title='bbox 2184 2658 2257 2713; x_wconf 89' lang='lat' dir='ltr'><strong>sit</strong></span> <span class='ocrx_word' id='word_1_586' title='bbox 2297 2656 2485 2724; x_wconf 90' lang='lat' dir='ltr'><strong>chara,</strong></span> <span class='ocrx_word' id='word_1_587' title='bbox 2526 2672 2684 2712; x_wconf 90' lang='lat' dir='ltr'><strong>meus</strong></span> <span class='ocrx_word' id='word_1_588' title='bbox 2714 2661 2868 2722; x_wconf 81' lang='lat' dir='ltr'><strong>Atto,</strong></span> <span class='ocrx_word' id='word_1_589' title='bbox 2904 2654 3090 2711; x_wconf 87' lang='lat' dir='ltr'><strong>fabula</strong></span> <span class='ocrx_word' id='word_1_590' title='bbox 3135 2657 3315 2727; x_wconf 90' lang='lat' dir='ltr'><strong>plana.</strong></span> 
     </span>
    </p>
   </div>
   <div class='ocr_carea' id='block_1_89' title="bbox 1899 2746 3359 2820">
    <p class='ocr_par' dir='ltr' id='par_1_89' title="bbox 1899 2746 3359 2820">
     <span class='ocr_line' id='line_1_89' title="bbox 1899 2746 3359 2820; baseline -0.003 -13"><span class='ocrx_word' id='word_1_591' title='bbox 1899 2755 2034 2807; x_wconf 84' lang='lat' dir='ltr'><strong>Atto</strong></span> <span class='ocrx_word' id='word_1_592' title='bbox 2073 2762 2472 2820; x_wconf 87' lang='lat' dir='ltr'><strong>recognoscens</strong></span> <span class='ocrx_word' id='word_1_593' title='bbox 2495 2764 2595 2804; x_wconf 90' lang='lat' dir='ltr'><strong>cur</strong></span> <span class='ocrx_word' id='word_1_594' title='bbox 2624 2748 2728 2804; x_wconf 90' lang='lat' dir='ltr'><strong>hoc</strong></span> <span class='ocrx_word' id='word_1_595' title='bbox 2748 2746 3047 2811; x_wconf 87' lang='lat' dir='ltr'><strong>referebat,</strong></span> <span class='ocrx_word' id='word_1_596' title='bbox 3081 2747 3151 2803; x_wconf 92' lang='lat' dir='ltr'><strong>ob</strong></span> <span class='ocrx_word' id='word_1_597' title='bbox 3166 2746 3272 2803; x_wconf 88' lang='lat' dir='ltr'><strong>hoc</strong></span> <span class='ocrx_word' id='word_1_598' title='bbox 3300 2762 3359 2803; x_wconf 90' lang='lat' dir='ltr'><strong>se</strong></span> 
     </span>
    </p>
   </div>
   <div class='ocr_carea' id='block_1_90' title="bbox 1898 2839 3387 2911">
    <p class='ocr_par' dir='ltr' id='par_1_90' title="bbox 1898 2839 3387 2911">
     <span class='ocr_line' id='line_1_90' title="bbox 1898 2839 3387 2911; baseline -0.003 -11"><span class='ocrx_word' id='word_1_599' title='bbox 1898 2842 2235 2900; x_wconf 83' lang='lat' dir='ltr'><strong>Constrinxit</strong></span> <span class='ocrx_word' id='word_1_600' title='bbox 2258 2857 2511 2909; x_wconf 91' lang='lat' dir='ltr'><strong>sursum,</strong></span> <span class='ocrx_word' id='word_1_601' title='bbox 2557 2856 2672 2895; x_wconf 89' lang='lat' dir='ltr'><strong>non</strong></span> <span class='ocrx_word' id='word_1_602' title='bbox 2689 2840 2926 2911; x_wconf 89' lang='lat' dir='ltr'><strong>amplius</strong></span> <span class='ocrx_word' id='word_1_603' title='bbox 2965 2841 3087 2910; x_wconf 91' lang='lat' dir='ltr'><strong>ipse</strong></span> <span class='ocrx_word' id='word_1_604' title='bbox 3124 2839 3387 2895; x_wconf 91' lang='lat' dir='ltr'><strong>deorsum</strong></span> 
     </span>
    </p>
   </div>
   <div class='ocr_carea' id='block_1_91' title="bbox 1900 2931 3314 3003">
    <p class='ocr_par' dir='ltr' id='par_1_91' title="bbox 1900 2931 3314 3003">
     <span class='ocr_line' id='line_1_91' title="bbox 1900 2931 3314 3003; baseline -0.004 -10"><span class='ocrx_word' id='word_1_605' title='bbox 1900 2934 2219 3003; x_wconf 90' lang='lat' dir='ltr'><strong>Descendit,</strong></span> <span class='ocrx_word' id='word_1_606' title='bbox 2249 2934 2424 2991; x_wconf 90' lang='lat' dir='ltr'><strong>donec</strong></span> <span class='ocrx_word' id='word_1_607' title='bbox 2445 2949 2539 2990; x_wconf 87' lang='lat' dir='ltr'><strong>rex</strong></span> <span class='ocrx_word' id='word_1_608' title='bbox 2586 2933 2796 2989; x_wconf 90' lang='lat' dir='ltr'><strong>mansit</strong></span> <span class='ocrx_word' id='word_1_609' title='bbox 2843 2932 2915 2988; x_wconf 90' lang='lat' dir='ltr'><strong>ad</strong></span> <span class='ocrx_word' id='word_1_610' title='bbox 2943 2931 3314 2988; x_wconf 89' lang='lat' dir='ltr'><strong>obsidionem.</strong></span> 
     </span>
    </p>
   </div>
   <div class='ocr_carea' id='block_1_92' title="bbox 1904 3026 3352 3102">
    <p class='ocr_par' dir='ltr' id='par_1_92' title="bbox 1904 3026 3352 3102">
     <span class='ocr_line' id='line_1_92' title="bbox 1904 3026 3352 3102; baseline -0.004 -15"><span class='ocrx_word' id='word_1_611' title='bbox 1904 3034 2026 3087; x_wconf 78' lang='lat' dir='ltr'><strong>Rex</strong></span> <span class='ocrx_word' id='word_1_612' title='bbox 2056 3030 2283 3086; x_wconf 85' lang='lat' dir='ltr'><strong>firmans</strong></span> <span class='ocrx_word' id='word_1_613' title='bbox 2327 3044 2567 3102; x_wconf 90' lang='lat' dir='ltr'><strong>gressus,</strong></span> <span class='ocrx_word' id='word_1_614' title='bbox 2606 3043 2708 3084; x_wconf 88' lang='lat' dir='ltr'><strong>nec</strong></span> <span class='ocrx_word' id='word_1_615' title='bbox 2735 3043 2845 3082; x_wconf 90' lang='lat' dir='ltr'><strong>non</strong></span> <span class='ocrx_word' id='word_1_616' title='bbox 2903 3026 3172 3082; x_wconf 87' lang='lat' dir='ltr'><strong>exercitus</strong></span> <span class='ocrx_word' id='word_1_617' title='bbox 3214 3026 3352 3098; x_wconf 86' lang='lat' dir='ltr'><strong>ejus,</strong></span> 
     </span>
    </p>
   </div>
   <div class='ocr_carea' id='block_1_93' title="bbox 1906 3119 3494 3197">
    <p class='ocr_par' dir='ltr' id='par_1_93' title="bbox 1906 3119 3494 3197">
     <span class='ocr_line' id='line_1_93' title="bbox 1906 3119 3494 3197; baseline -0.004 -17"><span class='ocrx_word' id='word_1_618' title='bbox 1906 3126 2134 3197; x_wconf 88' lang='lat' dir='ltr'><strong>Pergere</strong></span> <span class='ocrx_word' id='word_1_619' title='bbox 2159 3139 2277 3180; x_wconf 90' lang='lat' dir='ltr'><strong>non</strong></span> <span class='ocrx_word' id='word_1_620' title='bbox 2304 3138 2559 3196; x_wconf 89' lang='lat' dir='ltr'><strong>usquam,</strong></span> <span class='ocrx_word' id='word_1_621' title='bbox 2607 3120 2790 3193; x_wconf 89' lang='lat' dir='ltr'><strong>capiar</strong></span> <span class='ocrx_word' id='word_1_622' title='bbox 2827 3122 2977 3189; x_wconf 84' lang='lat'>(542)</span> <span class='ocrx_word' id='word_1_623' title='bbox 3004 3119 3133 3189; x_wconf 90' lang='lat' dir='ltr'><strong>nisi,</strong></span> <span class='ocrx_word' id='word_1_624' title='bbox 3164 3119 3366 3191; x_wconf 89' lang='lat' dir='ltr'><strong>cogitat</strong></span> <span class='ocrx_word' id='word_1_625' title='bbox 3390 3134 3494 3173; x_wconf 91' lang='lat' dir='ltr'><strong>un-</strong></span> 
     </span>
    </p>
   </div>
   <div class='ocr_carea' id='block_1_94' title="bbox 3173 3215 3421 3283">
    <p class='ocr_par' dir='ltr' id='par_1_94' title="bbox 3173 3215 3421 3283">
     <span class='ocr_line' id='line_1_94' title="bbox 3173 3215 3421 3283; baseline -0.008 -16"><span class='ocrx_word' id='word_1_626' title='bbox 3173 3215 3192 3280; x_wconf 90' lang='lat'><strong>[</strong></span> <span class='ocrx_word' id='word_1_627' title='bbox 3230 3227 3421 3283; x_wconf 90' lang='lat' dir='ltr'><strong>quam.</strong></span> 
     </span>
    </p>
   </div>
   <div class='ocr_carea' id='block_1_95' title="bbox 1903 3305 3424 3377">
    <p class='ocr_par' dir='ltr' id='par_1_95' title="bbox 1903 3305 3424 3377">
     <span class='ocr_line' id='line_1_95' title="bbox 1903 3305 3424 3377; baseline -0.003 -10"><span class='ocrx_word' id='word_1_628' title='bbox 1903 3310 2056 3368; x_wconf 87' lang='lat' dir='ltr'><strong>Circa</strong></span> <span class='ocrx_word' id='word_1_629' title='bbox 2074 3326 2166 3367; x_wconf 91' lang='lat' dir='ltr'><strong>me</strong></span> <span class='ocrx_word' id='word_1_630' title='bbox 2194 3309 2356 3366; x_wconf 88' lang='lat' dir='ltr'><strong>factis</strong></span> <span class='ocrx_word' id='word_1_631' title='bbox 2383 3309 2549 3365; x_wconf 89' lang='lat' dir='ltr'><strong>semis</strong></span> <span class='ocrx_word' id='word_1_632' title='bbox 2572 3307 2735 3364; x_wconf 91' lang='lat' dir='ltr'><strong>simul</strong></span> <span class='ocrx_word' id='word_1_633' title='bbox 2764 3316 2820 3364; x_wconf 92' lang='lat' dir='ltr'><strong>et</strong></span> <span class='ocrx_word' id='word_1_634' title='bbox 2847 3307 3021 3363; x_wconf 90' lang='lat' dir='ltr'><strong>tribus</strong></span> <span class='ocrx_word' id='word_1_635' title='bbox 3049 3306 3209 3362; x_wconf 90' lang='lat' dir='ltr'><strong>annis</strong></span> <span class='ocrx_word' id='word_1_636' title='bbox 3256 3305 3424 3377; x_wconf 85' lang='lat'>(543),</span> 
     </span>
    </p>
   </div>
   <div class='ocr_carea' id='block_1_96' title="bbox 1904 3399 3282 3474">
    <p class='ocr_par' dir='ltr' id='par_1_96' title="bbox 1904 3399 3282 3474">
     <span class='ocr_line' id='line_1_96' title="bbox 1904 3399 3282 3474; baseline -0.004 -14"><span class='ocrx_word' id='word_1_637' title='bbox 1904 3407 2161 3459; x_wconf 88' lang='lat' dir='ltr'><strong>Attonem</strong></span> <span class='ocrx_word' id='word_1_638' title='bbox 2203 3403 2368 3460; x_wconf 85' lang='lat' dir='ltr'><strong>tadet</strong></span> <span class='ocrx_word' id='word_1_639' title='bbox 2408 3411 2526 3458; x_wconf 90' lang='lat' dir='ltr'><strong>tam</strong></span> <span class='ocrx_word' id='word_1_640' title='bbox 2572 3402 2791 3474; x_wconf 90' lang='lat' dir='ltr'><strong>longam</strong></span> <span class='ocrx_word' id='word_1_641' title='bbox 2836 3399 2978 3456; x_wconf 87' lang='lat' dir='ltr'><strong>ferre</strong></span> <span class='ocrx_word' id='word_1_642' title='bbox 3006 3400 3282 3471; x_wconf 88' lang='lat' dir='ltr'><strong>quietem;</strong></span> 
     </span>
    </p>
   </div>
   <div class='ocr_carea' id='block_1_97' title="bbox 1901 3493 3365 3565">
    <p class='ocr_par' dir='ltr' id='par_1_97' title="bbox 1901 3493 3365 3565">
     <span class='ocr_line' id='line_1_97' title="bbox 1901 3493 3365 3565; baseline -0.005 -11"><span class='ocrx_word' id='word_1_643' title='bbox 1901 3497 2096 3554; x_wconf 91' lang='lat' dir='ltr'><strong>Stabat</strong></span> <span class='ocrx_word' id='word_1_644' title='bbox 2137 3497 2287 3553; x_wconf 90' lang='lat' dir='ltr'><strong>enim</strong></span> <span class='ocrx_word' id='word_1_645' title='bbox 2316 3510 2559 3565; x_wconf 90' lang='lat' dir='ltr'><strong>sursum,</strong></span> <span class='ocrx_word' id='word_1_646' title='bbox 2594 3494 2832 3550; x_wconf 89' lang='lat' dir='ltr'><strong>faciebat</strong></span> <span class='ocrx_word' id='word_1_647' title='bbox 2871 3493 2953 3549; x_wconf 88' lang='lat' dir='ltr'><strong>nil</strong></span> <span class='ocrx_word' id='word_1_648' title='bbox 2989 3493 3092 3548; x_wconf 91' lang='lat' dir='ltr'><strong>nisi</strong></span> <span class='ocrx_word' id='word_1_649' title='bbox 3148 3493 3365 3557; x_wconf 91' lang='lat' dir='ltr'><strong>ludum,</strong></span> 
     </span>
    </p>
   </div>
   <div class='ocr_carea' id='block_1_98' title="bbox 1900 3584 3500 3660">
    <p class='ocr_par' dir='ltr' id='par_1_98' title="bbox 1900 3584 3500 3660">
     <span class='ocr_line' id='line_1_98' title="bbox 1900 3584 3500 3660; baseline -0.005 -13"><span class='ocrx_word' id='word_1_650' title='bbox 1900 3592 2077 3653; x_wconf 77' lang='lat' dir='ltr'><strong>Nocte</strong></span> <span class='ocrx_word' id='word_1_651' title='bbox 2120 3589 2252 3647; x_wconf 89' lang='lat' dir='ltr'><strong>foris</strong></span> <span class='ocrx_word' id='word_1_652' title='bbox 2306 3590 2544 3646; x_wconf 89' lang='lat' dir='ltr'><strong>missum</strong></span> <span class='ocrx_word' id='word_1_653' title='bbox 2592 3587 2821 3660; x_wconf 90' lang='lat' dir='ltr'><strong>pepulit,</strong></span> <span class='ocrx_word' id='word_1_654' title='bbox 2860 3584 3126 3643; x_wconf 89' lang='lat' dir='ltr'><strong>mandans</strong></span> <span class='ocrx_word' id='word_1_655' title='bbox 3175 3585 3341 3641; x_wconf 90' lang='lat' dir='ltr'><strong>breve</strong></span> <span class='ocrx_word' id='word_1_656' title='bbox 3369 3584 3500 3640; x_wconf 91' lang='lat' dir='ltr'><strong>scri-</strong></span> 
     </span>
    </p>
   </div>
   <div class='ocr_carea' id='block_1_99' title="bbox 3180 3676 3422 3749">
    <p class='ocr_par' dir='ltr' id='par_1_99' title="bbox 3180 3676 3422 3749">
     <span class='ocr_line' id='line_1_99' title="bbox 3180 3676 3422 3749; baseline 0 -18"><span class='ocrx_word' id='word_1_657' title='bbox 3180 3682 3187 3689; x_wconf 86' lang='lat'>&#39;</span> <span class='ocrx_word' id='word_1_658' title='bbox 3206 3676 3226 3749; x_wconf 82' lang='lat'>[</span> <span class='ocrx_word' id='word_1_659' title='bbox 3263 3685 3422 3748; x_wconf 88' lang='lat' dir='ltr'><strong>ptum</strong></span> 
     </span>
    </p>
   </div>
   <div class='ocr_carea' id='block_1_100' title="bbox 1904 3768 3180 3849">
    <p class='ocr_par' dir='ltr' id='par_1_100' title="bbox 1904 3768 3180 3849">
     <span class='ocr_line' id='line_1_100' title="bbox 1904 3768 3180 3849; baseline -0.006 -16"><span class='ocrx_word' id='word_1_660' title='bbox 1904 3775 2097 3834; x_wconf 89' lang='lat' dir='ltr'><strong>Ottoni</strong></span> <span class='ocrx_word' id='word_1_661' title='bbox 2138 3775 2275 3849; x_wconf 91' lang='lat' dir='ltr'><strong>regi,</strong></span> <span class='ocrx_word' id='word_1_662' title='bbox 2307 3773 2556 3847; x_wconf 88' lang='lat' dir='ltr'><strong>rogitans</strong></span> <span class='ocrx_word' id='word_1_663' title='bbox 2598 3781 2663 3829; x_wconf 91' lang='lat' dir='ltr'><strong>ut</strong></span> <span class='ocrx_word' id='word_1_664' title='bbox 2705 3787 2820 3829; x_wconf 90' lang='lat' dir='ltr'><strong>non</strong></span> <span class='ocrx_word' id='word_1_665' title='bbox 2844 3768 3180 3844; x_wconf 88' lang='lat' dir='ltr'><strong>pedetentim</strong></span> 
     </span>
    </p>
   </div>
   <div class='ocr_carea' id='block_1_101' title="bbox 1903 3866 3387 3940">
    <p class='ocr_par' dir='ltr' id='par_1_101' title="bbox 1903 3866 3387 3940">
     <span class='ocr_line' id='line_1_101' title="bbox 1903 3866 3387 3940; baseline -0.005 -15"><span class='ocrx_word' id='word_1_666' title='bbox 1903 3873 1987 3925; x_wconf 91' lang='lat' dir='ltr'><strong>De</strong></span> <span class='ocrx_word' id='word_1_667' title='bbox 2023 3884 2221 3940; x_wconf 88' lang='lat' dir='ltr'><strong>prope,</strong></span> <span class='ocrx_word' id='word_1_668' title='bbox 2256 3867 2487 3925; x_wconf 83' lang='lat' dir='ltr'><strong>ﬁdenter</strong></span> <span class='ocrx_word' id='word_1_669' title='bbox 2522 3867 2625 3924; x_wconf 91' lang='lat' dir='ltr'><strong>sibi</strong></span> <span class='ocrx_word' id='word_1_670' title='bbox 2672 3866 2769 3923; x_wconf 89' lang='lat' dir='ltr'><strong>sed</strong></span> <span class='ocrx_word' id='word_1_671' title='bbox 2814 3880 3135 3921; x_wconf 90' lang='lat' dir='ltr'><strong>succurrere</strong></span> <span class='ocrx_word' id='word_1_672' title='bbox 3181 3871 3387 3932; x_wconf 87' lang='lat' dir='ltr'><strong>tentet;</strong></span> 
     </span>
    </p>
   </div>
   <div class='ocr_carea' id='block_1_102' title="bbox 1903 3957 3386 4033">
    <p class='ocr_par' dir='ltr' id='par_1_102' title="bbox 1903 3957 3386 4033">
     <span class='ocr_line' id='line_1_102' title="bbox 1903 3957 3386 4033; baseline -0.007 -14"><span class='ocrx_word' id='word_1_673' title='bbox 1903 3964 2361 4021; x_wconf 87' lang='lat' dir='ltr'><strong>Commemorans</strong></span> <span class='ocrx_word' id='word_1_674' title='bbox 2388 3962 2491 4030; x_wconf 89' lang='lat' dir='ltr'><strong>illi,</strong></span> <span class='ocrx_word' id='word_1_675' title='bbox 2520 3960 2669 4033; x_wconf 90' lang='lat' dir='ltr'><strong>quod</strong></span> <span class='ocrx_word' id='word_1_676' title='bbox 2691 3958 2905 4015; x_wconf 88' lang='lat' dir='ltr'><strong>dudum</strong></span> <span class='ocrx_word' id='word_1_677' title='bbox 2940 3957 3239 4029; x_wconf 88' lang='lat' dir='ltr'><strong>sponderat</strong></span> <span class='ocrx_word' id='word_1_678' title='bbox 3266 3957 3386 4029; x_wconf 89' lang='lat' dir='ltr'><strong>ipsi.</strong></span> 
     </span>
    </p>
   </div>
   <div class='ocr_carea' id='block_1_103' title="bbox 1903 4052 3321 4124">
    <p class='ocr_par' dir='ltr' id='par_1_103' title="bbox 1903 4052 3321 4124">
     <span class='ocr_line' id='line_1_103' title="bbox 1903 4052 3321 4124; baseline -0.005 -11"><span class='ocrx_word' id='word_1_679' title='bbox 1903 4058 2037 4113; x_wconf 89' lang='lat' dir='ltr'><strong>Otto</strong></span> <span class='ocrx_word' id='word_1_680' title='bbox 2074 4055 2263 4114; x_wconf 89' lang='lat' dir='ltr'><strong>videns</strong></span> <span class='ocrx_word' id='word_1_681' title='bbox 2291 4054 2522 4112; x_wconf 90' lang='lat' dir='ltr'><strong>missum</strong></span> <span class='ocrx_word' id='word_1_682' title='bbox 2553 4053 2773 4111; x_wconf 89' lang='lat' dir='ltr'><strong>latatur</strong></span> <span class='ocrx_word' id='word_1_683' title='bbox 2800 4060 2887 4109; x_wconf 89' lang='lat' dir='ltr'><strong>sat</strong></span> <span class='ocrx_word' id='word_1_684' title='bbox 2921 4067 3084 4124; x_wconf 88' lang='lat' dir='ltr'><strong>super</strong></span> <span class='ocrx_word' id='word_1_685' title='bbox 3111 4052 3321 4124; x_wconf 88' lang='lat' dir='ltr'><strong>ipsum;</strong></span> 
     </span>
    </p>
   </div>
   <div class='ocr_carea' id='block_1_104' title="bbox 1901 4188 3501 4261">
    <p class='ocr_par' dir='ltr' id='par_1_104' title="bbox 1901 4188 3501 4261">
     <span class='ocr_line' id='line_1_104' title="bbox 1901 4188 3501 4261; baseline -0.003 -12"><span class='ocrx_word' id='word_1_686' title='bbox 1901 4201 2117 4249; x_wconf 90' lang='lat' dir='ltr'><strong>tantum</strong></span> <span class='ocrx_word' id='word_1_687' title='bbox 2148 4192 2429 4247; x_wconf 90' lang='lat' dir='ltr'><strong>Ditmarus</strong></span> <span class='ocrx_word' id='word_1_688' title='bbox 2456 4189 2552 4247; x_wconf 92' lang='lat' dir='ltr'><strong>lib.</strong></span> <span class='ocrx_word' id='word_1_689' title='bbox 2584 4206 2633 4247; x_wconf 82' lang='lat'><strong>11</strong></span> <span class='ocrx_word' id='word_1_690' title='bbox 2663 4190 2865 4247; x_wconf 90' lang='lat' dir='ltr'><strong>Chron.</strong></span> <span class='ocrx_word' id='word_1_691' title='bbox 2896 4188 3109 4261; x_wconf 81' lang='lat' dir='ltr'><strong>aliquid</strong></span> <span class='ocrx_word' id='word_1_692' title='bbox 3141 4188 3305 4244; x_wconf 88' lang='lat' dir='ltr'><strong>habet</strong></span> <span class='ocrx_word' id='word_1_693' title='bbox 3352 4189 3501 4261; x_wconf 91' lang='lat' dir='ltr'><strong>quod</strong></span> 
     </span>
    </p>
   </div>
   <div class='ocr_carea' id='block_1_105' title="bbox 1903 4259 3354 4329">
    <p class='ocr_par' dir='ltr' id='par_1_105' title="bbox 1903 4259 3354 4329">
     <span class='ocr_line' id='line_1_105' title="bbox 1903 4259 3354 4329; baseline -0.004 -9"><span class='ocrx_word' id='word_1_694' title='bbox 1903 4263 1973 4320; x_wconf 91' lang='lat' dir='ltr'><strong>ab</strong></span> <span class='ocrx_word' id='word_1_695' title='bbox 2030 4262 2133 4319; x_wconf 90' lang='lat' dir='ltr'><strong>hac</strong></span> <span class='ocrx_word' id='word_1_696' title='bbox 2159 4263 2473 4318; x_wconf 89' lang='lat' dir='ltr'><strong>narratione</strong></span> <span class='ocrx_word' id='word_1_697' title='bbox 2501 4277 2608 4317; x_wconf 91' lang='lat' dir='ltr'><strong>non</strong></span> <span class='ocrx_word' id='word_1_698' title='bbox 2638 4263 2880 4329; x_wconf 79' lang='lat' dir='ltr'><strong>multum</strong></span> <span class='ocrx_word' id='word_1_699' title='bbox 2929 4259 3159 4316; x_wconf 79' lang='lat' dir='ltr'><strong>abludit.</strong></span> <span class='ocrx_word' id='word_1_700' title='bbox 3193 4263 3354 4317; x_wconf 78' lang='lat' dir='ltr'><strong>MUB.</strong></span> 
     </span>
    </p>
   </div>
   <div class='ocr_carea' id='block_1_106' title="bbox 1975 4338 3494 4411">
    <p class='ocr_par' dir='ltr' id='par_1_106' title="bbox 1975 4338 3494 4411">
     <span class='ocr_line' id='line_1_106' title="bbox 1975 4338 3494 4411; baseline -0.002 -14"><span class='ocrx_word' id='word_1_701' title='bbox 1975 4347 2121 4411; x_wconf 81' lang='lat'>(537)</span> <span class='ocrx_word' id='word_1_702' title='bbox 2163 4342 2379 4410; x_wconf 76' lang='lat' dir='ltr'><strong>Vulpis,</strong></span> <span class='ocrx_word' id='word_1_703' title='bbox 2407 4338 2681 4406; x_wconf 88' lang='lat' dir='ltr'><strong>machina,</strong></span> <span class='ocrx_word' id='word_1_704' title='bbox 2724 4338 2828 4395; x_wconf 88' lang='lat' dir='ltr'><strong>sub</strong></span> <span class='ocrx_word' id='word_1_705' title='bbox 2856 4354 2965 4411; x_wconf 91' lang='lat' dir='ltr'><strong>qua</strong></span> <span class='ocrx_word' id='word_1_706' title='bbox 2993 4338 3121 4395; x_wconf 89' lang='lat' dir='ltr'><strong>tecti</strong></span> <span class='ocrx_word' id='word_1_707' title='bbox 3162 4338 3384 4409; x_wconf 86' lang='lat' dir='ltr'><strong>milites,</strong></span> <span class='ocrx_word' id='word_1_708' title='bbox 3416 4348 3494 4409; x_wconf 89' lang='lat' dir='ltr'><strong>ut,</strong></span> 
     </span>
    </p>
   </div>
   <div class='ocr_carea' id='block_1_107' title="bbox 1903 4408 2610 4477">
    <p class='ocr_par' dir='ltr' id='par_1_107' title="bbox 1903 4408 2610 4477">
     <span class='ocr_line' id='line_1_107' title="bbox 1903 4408 2610 4477; baseline -0.004 -7"><span class='ocrx_word' id='word_1_709' title='bbox 1903 4414 1982 4470; x_wconf 90' lang='lat' dir='ltr'><strong>sic</strong></span> <span class='ocrx_word' id='word_1_710' title='bbox 1998 4408 2204 4477; x_wconf 85' lang='lat' dir='ltr'><strong>&#39;dicam,</strong></span> <span class='ocrx_word' id='word_1_711' title='bbox 2236 4408 2415 4468; x_wconf 77' lang='lat' dir='ltr'><strong>caute.</strong></span> <span class='ocrx_word' id='word_1_712' title='bbox 2437 4412 2610 4467; x_wconf 72' lang='lat' dir='ltr'><strong>Lais.-</strong></span> 
     </span>
    </p>
   </div>
   <div class='ocr_carea' id='block_1_108' title="bbox 1975 4488 2995 4560">
    <p class='ocr_par' dir='ltr' id='par_1_108' title="bbox 1975 4488 2995 4560">
     <span class='ocr_line' id='line_1_108' title="bbox 1975 4488 2995 4560; baseline -0.005 -11"><span class='ocrx_word' id='word_1_713' title='bbox 1975 4496 2124 4560; x_wconf 85' lang='lat'>(538)</span> <span class='ocrx_word' id='word_1_714' title='bbox 2154 4490 2292 4547; x_wconf 89' lang='lat' dir='ltr'><strong>Cod.</strong></span> <span class='ocrx_word' id='word_1_715' title='bbox 2316 4500 2431 4546; x_wconf 92' lang='lat' dir='ltr'><strong>ant.</strong></span> <span class='ocrx_word' id='word_1_716' title='bbox 2462 4488 2790 4546; x_wconf 88' lang='lat' dir='ltr'><strong>Lavaclello.</strong></span> <span class='ocrx_word' id='word_1_717' title='bbox 2821 4489 2995 4544; x_wconf 77' lang='lat' dir='ltr'><strong>LEIB.</strong></span> 
     </span>
    </p>
   </div>
   <div class='ocr_carea' id='block_1_109' title="bbox 1979 4566 3492 4646">
    <p class='ocr_par' dir='ltr' id='par_1_109' title="bbox 1979 4566 3492 4646">
     <span class='ocr_line' id='line_1_109' title="bbox 1979 4566 3492 4646; baseline -0.002 -16"><span class='ocrx_word' id='word_1_718' title='bbox 1979 4575 2120 4646; x_wconf 86' lang='lat'>(539)</span> <span class='ocrx_word' id='word_1_719' title='bbox 2164 4571 2322 4629; x_wconf 89' lang='lat' dir='ltr'><strong>Cervi</strong></span> <span class='ocrx_word' id='word_1_720' title='bbox 2372 4570 2605 4628; x_wconf 90' lang='lat' dir='ltr'><strong>habendi</strong></span> <span class='ocrx_word' id='word_1_721' title='bbox 2642 4585 2833 4626; x_wconf 90' lang='lat' dir='ltr'><strong>amore</strong></span> <span class='ocrx_word' id='word_1_722' title='bbox 2899 4568 3062 4642; x_wconf 85' lang='lat' dir='ltr'><strong>ﬁngit</strong></span> <span class='ocrx_word' id='word_1_723' title='bbox 3113 4584 3170 4637; x_wconf 83' lang='lat' dir='ltr'><strong>se</strong></span> <span class='ocrx_word' id='word_1_724' title='bbox 3215 4566 3492 4643; x_wconf 88' lang='lat' dir='ltr'><strong>languere.</strong></span> 
     </span>
    </p>
   </div>
   <div class='ocr_carea' id='block_1_110' title="bbox 1907 4647 2079 4704">
    <p class='ocr_par' dir='ltr' id='par_1_110' title="bbox 1907 4647 2079 4704">
     <span class='ocr_line' id='line_1_110' title="bbox 1907 4647 2079 4704; baseline -0.012 -2"><span class='ocrx_word' id='word_1_725' title='bbox 1907 4647 2079 4704; x_wconf 68' lang='lat' dir='ltr'><strong>L313.</strong></span> 
     </span>
    </p>
   </div>
   <div class='ocr_carea' id='block_1_111' title="bbox 1976 4723 3365 4793">
    <p class='ocr_par' dir='ltr' id='par_1_111' title="bbox 1976 4723 3365 4793">
     <span class='ocr_line' id='line_1_111' title="bbox 1976 4723 3365 4793; baseline -0.002 -10"><span class='ocrx_word' id='word_1_726' title='bbox 1976 4731 2122 4793; x_wconf 87' lang='lat'>(540)</span> <span class='ocrx_word' id='word_1_727' title='bbox 2144 4725 2283 4781; x_wconf 90' lang='lat' dir='ltr'><strong>Cod.</strong></span> <span class='ocrx_word' id='word_1_728' title='bbox 2312 4723 2579 4790; x_wconf 89' lang='lat' dir='ltr'><strong>Padolir.,</strong></span> <span class='ocrx_word' id='word_1_729' title='bbox 2603 4723 2695 4778; x_wconf 89' lang='lat' dir='ltr'><strong>sed</strong></span> <span class='ocrx_word' id='word_1_730' title='bbox 2708 4723 2836 4777; x_wconf 83' lang='lat' dir='ltr'><strong>dum</strong></span> <span class='ocrx_word' id='word_1_731' title='bbox 2852 4723 3175 4791; x_wconf 79' lang='lat' dir='ltr'><strong>loqueretur.</strong></span> <span class='ocrx_word' id='word_1_732' title='bbox 3198 4726 3365 4780; x_wconf 75' lang='lat' dir='ltr'><strong>Mus.</strong></span> 
     </span>
    </p>
   </div>
   <div class='ocr_carea' id='block_1_112' title="bbox 1975 4803 3207 4877">
    <p class='ocr_par' dir='ltr' id='par_1_112' title="bbox 1975 4803 3207 4877">
     <span class='ocr_line' id='line_1_112' title="bbox 1975 4803 3207 4877; baseline -0.003 -16"><span class='ocrx_word' id='word_1_733' title='bbox 1975 4806 2124 4877; x_wconf 82' lang='lat'>(541)</span> <span class='ocrx_word' id='word_1_734' title='bbox 2152 4805 2288 4860; x_wconf 89' lang='lat' dir='ltr'><strong>Cod.</strong></span> <span class='ocrx_word' id='word_1_735' title='bbox 2316 4803 2543 4874; x_wconf 80' lang='lat' dir='ltr'><strong>Begien.</strong></span> <span class='ocrx_word' id='word_1_736' title='bbox 2559 4843 2577 4870; x_wconf 91' lang='lat'><strong>,</strong></span> <span class='ocrx_word' id='word_1_737' title='bbox 2602 4818 2763 4857; x_wconf 81' lang='lat' dir='ltr'><strong>ursus</strong></span> <span class='ocrx_word' id='word_1_738' title='bbox 2780 4807 2842 4857; x_wconf 85' lang='lat' dir='ltr'><strong>ut</strong></span> <span class='ocrx_word' id='word_1_739' title='bbox 2857 4804 3025 4858; x_wconf 72' lang='lat' dir='ltr'><strong>illius.</strong></span> <span class='ocrx_word' id='word_1_740' title='bbox 3048 4805 3207 4863; x_wconf 78' lang='lat' dir='ltr'><strong>Mun.</strong></span> 
     </span>
    </p>
   </div>
   <div class='ocr_carea' id='block_1_113' title="bbox 1975 4886 2720 4955">
    <p class='ocr_par' dir='ltr' id='par_1_113' title="bbox 1975 4886 2720 4955">
     <span class='ocr_line' id='line_1_113' title="bbox 1975 4886 2720 4955; baseline -0.004 -14"><span class='ocrx_word' id='word_1_741' title='bbox 1975 4887 2119 4955; x_wconf 79' lang='grc'>(542)</span> <span class='ocrx_word' id='word_1_742' title='bbox 2149 4886 2342 4955; x_wconf 73' lang='grc' dir='ltr'><strong>ϐαρίαί</strong></span> <span class='ocrx_word' id='word_1_743' title='bbox 2376 4886 2502 4939; x_wconf 78' lang='lat' dir='ltr'><strong>nisi.</strong></span> <span class='ocrx_word' id='word_1_744' title='bbox 2546 4886 2720 4939; x_wconf 80' lang='lat' dir='ltr'><strong>LBIB.</strong></span> 
     </span>
    </p>
   </div>
   <div class='ocr_carea' id='block_1_114' title="bbox 1975 4961 3498 5090">
    <p class='ocr_par' dir='ltr' id='par_1_114' title="bbox 1975 4961 3498 5090">
     <span class='ocr_line' id='line_1_114' title="bbox 1975 4961 3498 5090; baseline 0.001 -70"><span class='ocrx_word' id='word_1_745' title='bbox 1975 4965 2119 5090; x_wconf 45' lang='lat'>(5413:)</span> <span class='ocrx_word' id='word_1_746' title='bbox 2145 4967 2283 5021; x_wconf 88' lang='lat' dir='ltr'><strong>Cum</strong></span> <span class='ocrx_word' id='word_1_747' title='bbox 2307 4962 2594 5020; x_wconf 89' lang='lat' dir='ltr'><strong>Lotharius</strong></span> <span class='ocrx_word' id='word_1_748' title='bbox 2620 4979 2718 5018; x_wconf 88' lang='lat' dir='ltr'><strong>rex</strong></span> <span class='ocrx_word' id='word_1_749' title='bbox 2752 4961 3068 5020; x_wconf 79' lang='lat' dir='ltr'><strong>Adelheida</strong></span> <span class='ocrx_word' id='word_1_750' title='bbox 3093 4965 3330 5020; x_wconf 90' lang='lat' dir='ltr'><strong>maritus</strong></span> <span class='ocrx_word' id='word_1_751' title='bbox 3352 4982 3498 5021; x_wconf 87' lang='lat' dir='ltr'><strong>anno</strong></span> 
     </span>
     <span class='ocr_line' id='line_1_115' title="bbox 1975 5034 3494 5090; baseline 0 0"><span class='ocrx_word' id='word_1_752' title='bbox 1975 5043 2029 5090; x_wconf 90' lang='lat'><strong>0.</strong></span> <span class='ocrx_word' id='word_1_753' title='bbox 2123 5035 2369 5090; x_wconf 89' lang='lat' dir='ltr'><strong>ovembri</strong></span> <span class='ocrx_word' id='word_1_754' title='bbox 2400 5050 2591 5089; x_wconf 91' lang='lat' dir='ltr'><strong>mense</strong></span> <span class='ocrx_word' id='word_1_755' title='bbox 2619 5034 2838 5090; x_wconf 87' lang='lat' dir='ltr'><strong>obierit.</strong></span> <span class='ocrx_word' id='word_1_756' title='bbox 2869 5044 2924 5090; x_wconf 91' lang='lat' dir='ltr'><strong>et</strong></span> <span class='ocrx_word' id='word_1_757' title='bbox 2948 5036 3080 5090; x_wconf 93' lang='lat' dir='ltr'><strong>Otto</strong></span> <span class='ocrx_word' id='word_1_758' title='bbox 3114 5036 3190 5089; x_wconf 89' lang='lat' dir='ltr'><strong>M.</strong></span> <span class='ocrx_word' id='word_1_759' title='bbox 3215 5052 3343 5090; x_wconf 89' lang='lat' dir='ltr'><strong>ann.</strong></span> <span class='ocrx_word' id='word_1_760' title='bbox 3368 5042 3494 5090; x_wconf 80' lang='grc'>951.</span> 
     </span>
    </p>
   </div>
   <div class='ocr_carea' id='block_1_115' title="bbox 1901 5034 3494 5104">
    <p class='ocr_par' dir='ltr' id='par_1_115' title="bbox 1901 5034 3494 5104">
     <span class='ocr_line' id='line_1_116' title="bbox 1901 5034 3494 5104; baseline -0.001 -11"><span class='ocrx_word' id='word_1_761' title='bbox 1901 5034 2030 5103; x_wconf 78' lang='grc'>950,</span> <span class='ocrx_word' id='word_1_762' title='bbox 2070 5034 2369 5091; x_wconf 86' lang='lat' dir='ltr'><strong>Novembri</strong></span> <span class='ocrx_word' id='word_1_763' title='bbox 2400 5050 2591 5089; x_wconf 91' lang='lat' dir='ltr'><strong>mense</strong></span> <span class='ocrx_word' id='word_1_764' title='bbox 2619 5034 2838 5101; x_wconf 90' lang='lat' dir='ltr'><strong>obierit,</strong></span> <span class='ocrx_word' id='word_1_765' title='bbox 2869 5044 2924 5090; x_wconf 91' lang='lat' dir='ltr'><strong>et</strong></span> <span class='ocrx_word' id='word_1_766' title='bbox 2948 5036 3080 5091; x_wconf 93' lang='lat' dir='ltr'><strong>Otto</strong></span> <span class='ocrx_word' id='word_1_767' title='bbox 3114 5036 3190 5089; x_wconf 89' lang='lat' dir='ltr'><strong>M.</strong></span> <span class='ocrx_word' id='word_1_768' title='bbox 3215 5052 3343 5091; x_wconf 89' lang='lat' dir='ltr'><strong>ann.</strong></span> <span class='ocrx_word' id='word_1_769' title='bbox 3368 5042 3494 5104; x_wconf 82' lang='grc'>951,</span> 
     </span>
    </p>
   </div>
   <div class='ocr_carea' id='block_1_116' title="bbox 1899 5104 3497 5165">
    <p class='ocr_par' dir='ltr' id='par_1_116' title="bbox 1899 5104 3497 5165">
     <span class='ocr_line' id='line_1_117' title="bbox 1899 5104 3497 5165; baseline -0.001 -2"><span class='ocrx_word' id='word_1_770' title='bbox 1899 5109 1983 5165; x_wconf 91' lang='lat' dir='ltr'><strong>vel</strong></span> <span class='ocrx_word' id='word_1_771' title='bbox 2004 5112 2114 5165; x_wconf 80' lang='lat'><strong>952</strong></span> <span class='ocrx_word' id='word_1_772' title='bbox 2135 5108 2189 5161; x_wconf 88' lang='lat' dir='ltr'><strong>in</strong></span> <span class='ocrx_word' id='word_1_773' title='bbox 2221 5107 2432 5162; x_wconf 88' lang='lat' dir='ltr'><strong>Italiam</strong></span> <span class='ocrx_word' id='word_1_774' title='bbox 2460 5121 2587 5161; x_wconf 90' lang='lat' dir='ltr'><strong>cum</strong></span> <span class='ocrx_word' id='word_1_775' title='bbox 2613 5106 2857 5160; x_wconf 85' lang='lat' dir='ltr'><strong>exercitu</strong></span> <span class='ocrx_word' id='word_1_776' title='bbox 2890 5108 3112 5161; x_wconf 85' lang='lat' dir='ltr'><strong>veniens</strong></span> <span class='ocrx_word' id='word_1_777' title='bbox 3136 5104 3497 5163; x_wconf 81' lang='lat' dir='ltr'><strong>Adelheidem</strong></span> 
     </span>
    </p>
   </div>
   <div class='ocr_carea' id='block_1_117' title="bbox 1900 5176 3498 5250">
    <p class='ocr_par' dir='ltr' id='par_1_117' title="bbox 1900 5176 3498 5250">
     <span class='ocr_line' id='line_1_118' title="bbox 1900 5176 3498 5250; baseline -0.001 -13"><span class='ocrx_word' id='word_1_778' title='bbox 1900 5181 1958 5237; x_wconf 92' lang='lat' dir='ltr'><strong>in</strong></span> <span class='ocrx_word' id='word_1_779' title='bbox 2020 5178 2322 5237; x_wconf 88' lang='lat' dir='ltr'><strong>Canusiana</strong></span> <span class='ocrx_word' id='word_1_780' title='bbox 2378 5192 2502 5250; x_wconf 88' lang='lat' dir='ltr'><strong>arce</strong></span> <span class='ocrx_word' id='word_1_781' title='bbox 2552 5176 2834 5250; x_wconf 85' lang='lat' dir='ltr'><strong>obsessam</strong></span> <span class='ocrx_word' id='word_1_782' title='bbox 2867 5177 3498 5250; x_wconf 27' lang='lat' dir='ltr'><strong>Aliberaverit,__ejusque</strong></span> 
     </span>
    </p>
   </div>
   <div class='ocr_carea' id='block_1_118' title="bbox 1902 5245 3495 5325">
    <p class='ocr_par' dir='ltr' id='par_1_118' title="bbox 1902 5245 3495 5325">
     <span class='ocr_line' id='line_1_119' title="bbox 1902 5245 3495 5325; baseline -0.001 -19"><span class='ocrx_word' id='word_1_783' title='bbox 1902 5251 2156 5325; x_wconf 80' lang='lat' dir='ltr'><strong>conjugio</strong></span> <span class='ocrx_word' id='word_1_784' title='bbox 2195 5250 2272 5325; x_wconf 84' lang='lat' dir='ltr'><strong>sit</strong></span> <span class='ocrx_word' id='word_1_785' title='bbox 2300 5249 2523 5325; x_wconf 76' lang='lat' dir='ltr'><strong>petitus,</strong></span> <span class='ocrx_word' id='word_1_786' title='bbox 2547 5247 2727 5303; x_wconf 88' lang='lat' dir='ltr'><strong>tribus</strong></span> <span class='ocrx_word' id='word_1_787' title='bbox 2752 5246 2910 5303; x_wconf 92' lang='lat' dir='ltr'><strong>annis</strong></span> <span class='ocrx_word' id='word_1_788' title='bbox 2927 5264 3060 5325; x_wconf 72' lang='lat' dir='ltr'><strong>cum</strong></span> <span class='ocrx_word' id='word_1_789' title='bbox 3090 5245 3323 5325; x_wconf 54' lang='lat' dir='ltr'><strong>dimidio</strong></span> <span class='ocrx_word' id='word_1_790' title='bbox 3352 5245 3495 5325; x_wconf 82' lang='lat' dir='ltr'><strong>obsi-</strong></span> 
     </span>
    </p>
   </div>
   <div class='ocr_carea' id='block_1_119' title="bbox 1902 5318 3497 5390">
    <p class='ocr_par' dir='ltr' id='par_1_119' title="bbox 1902 5318 3497 5390">
     <span class='ocr_line' id='line_1_120' title="bbox 1902 5318 3497 5390; baseline -0.003 -11"><span class='ocrx_word' id='word_1_791' title='bbox 1902 5318 2022 5379; x_wconf 57' lang='lat' dir='ltr'><strong>dio&#39;</strong></span> <span class='ocrx_word' id='word_1_792' title='bbox 2048 5318 2325 5381; x_wconf 78' lang='lat' dir='ltr'><strong>Canusina</strong></span> <span class='ocrx_word' id='word_1_793' title='bbox 2377 5319 2574 5375; x_wconf 89' lang='lat' dir='ltr'><strong>durare</strong></span> <span class='ocrx_word' id='word_1_794' title='bbox 2632 5334 2747 5374; x_wconf 93' lang='lat' dir='ltr'><strong>non</strong></span> <span class='ocrx_word' id='word_1_795' title='bbox 2787 5320 2986 5390; x_wconf 91' lang='lat' dir='ltr'><strong>potuit.</strong></span> <span class='ocrx_word' id='word_1_796' title='bbox 3024 5318 3142 5373; x_wconf 87' lang='lat' dir='ltr'><strong>Etsi</strong></span> <span class='ocrx_word' id='word_1_797' title='bbox 3181 5318 3497 5375; x_wconf 89' lang='lat' dir='ltr'><strong>Chronicon</strong></span> 
     </span>
    </p>
   </div>
   <div class='ocr_carea' id='block_1_120' title="bbox 1904 5390 3495 5465">
    <p class='ocr_par' dir='ltr' id='par_1_120' title="bbox 1904 5390 3495 5465">
     <span class='ocr_line' id='line_1_121' title="bbox 1904 5390 3495 5465; baseline -0.002 -16"><span class='ocrx_word' id='word_1_798' title='bbox 1904 5410 2131 5465; x_wconf 15' lang='lat' dir='ltr'><strong>quoque,</strong></span> <span class='ocrx_word' id='word_1_799' title='bbox 2160 5390 2816 5465; x_wconf 77' lang='lat' dir='ltr'><strong>Novaliciense_reginam</strong></span> <span class='ocrx_word' id='word_1_800' title='bbox 2852 5390 3030 5446; x_wconf 88' lang='lat' dir='ltr'><strong>tribus</strong></span> <span class='ocrx_word' id='word_1_801' title='bbox 3059 5403 3202 5460; x_wconf 89' lang='lat' dir='ltr'><strong>pene</strong></span> <span class='ocrx_word' id='word_1_802' title='bbox 3256 5390 3411 5446; x_wconf 90' lang='lat' dir='ltr'><strong>annis</strong></span> <span class='ocrx_word' id='word_1_803' title='bbox 3440 5392 3495 5446; x_wconf 89' lang='lat' dir='ltr'><strong>in</strong></span> 
     </span>
    </p>
   </div>
   <div class='ocr_carea' id='block_1_121' title="bbox 1902 5462 2709 5520">
    <p class='ocr_par' dir='ltr' id='par_1_121' title="bbox 1902 5462 2709 5520">
     <span class='ocr_line' id='line_1_122' title="bbox 1902 5462 2709 5520; baseline -0.004 0"><span class='ocrx_word' id='word_1_804' title='bbox 1902 5462 2081 5520; x_wconf 77' lang='lat' dir='ltr'><strong>castro</strong></span> <span class='ocrx_word' id='word_1_805' title='bbox 2112 5462 2273 5519; x_wconf 90' lang='lat' dir='ltr'><strong>fuisse</strong></span> <span class='ocrx_word' id='word_1_806' title='bbox 2294 5462 2516 5519; x_wconf 89' lang='lat' dir='ltr'><strong>scribat.</strong></span> <span class='ocrx_word' id='word_1_807' title='bbox 2538 5462 2709 5517; x_wconf 64' lang='lat' dir='ltr'><strong>Lam.</strong></span> 
     </span>
    </p>
   </div>
   <div class='ocr_carea' id='block_1_122' title="bbox 1973 5538 3495 5598">
    <p class='ocr_par' dir='ltr' id='par_1_122' title="bbox 1973 5538 3495 5598">
     <span class='ocr_line' id='line_1_123' title="bbox 1973 5538 3495 5598; baseline -0.001 -1"><span class='ocrx_word' id='word_1_808' title='bbox 1973 5543 2121 5598; x_wconf 87' lang='lat' dir='ltr'><strong>Utut</strong></span> <span class='ocrx_word' id='word_1_809' title='bbox 2172 5542 2285 5596; x_wconf 91' lang='lat' dir='ltr'><strong>Leo</strong></span> <span class='ocrx_word' id='word_1_810' title='bbox 2334 5539 2603 5597; x_wconf 89' lang='lat' dir='ltr'><strong>Ostiensis</strong></span> <span class='ocrx_word' id='word_1_811' title='bbox 2650 5547 2704 5595; x_wconf 92' lang='lat' dir='ltr'><strong>et</strong></span> <span class='ocrx_word' id='word_1_812' title='bbox 2751 5547 2941 5595; x_wconf 90' lang='lat' dir='ltr'><strong>auctor</strong></span> <span class='ocrx_word' id='word_1_813' title='bbox 2989 5538 3229 5595; x_wconf 90' lang='lat' dir='ltr'><strong>chronici</strong></span> <span class='ocrx_word' id='word_1_814' title='bbox 3279 5541 3495 5598; x_wconf 87' lang='lat' dir='ltr'><strong>Novali-</strong></span> 
     </span>
    </p>
   </div>
   <div class='ocr_carea' id='block_1_123' title="bbox 1902 5610 3495 5683">
    <p class='ocr_par' dir='ltr' id='par_1_123' title="bbox 1902 5610 3495 5683">
     <span class='ocr_line' id='line_1_124' title="bbox 1902 5610 3495 5683; baseline -0.003 -13"><span class='ocrx_word' id='word_1_815' title='bbox 1902 5614 2100 5670; x_wconf 92' lang='lat' dir='ltr'><strong>ciensis</strong></span> <span class='ocrx_word' id='word_1_816' title='bbox 2120 5612 2368 5683; x_wconf 87' lang='lat' dir='ltr'><strong>scribant</strong></span> <span class='ocrx_word' id='word_1_817' title='bbox 2390 5610 2709 5683; x_wconf 80' lang='lat' dir='ltr'><strong>Adelaidem</strong></span> <span class='ocrx_word' id='word_1_818' title='bbox 2740 5611 3008 5683; x_wconf 88' lang='lat' dir='ltr'><strong>reginam,</strong></span> <span class='ocrx_word' id='word_1_819' title='bbox 3030 5626 3160 5683; x_wconf 88' lang='lat' dir='ltr'><strong>mox</strong></span> <span class='ocrx_word' id='word_1_820' title='bbox 3194 5616 3495 5683; x_wconf 84' lang='lat' dir='ltr'><strong>Augustam</strong></span> 
     </span>
    </p>
   </div>
   <div class='ocr_carea' id='block_1_124' title="bbox 1901 5681 3495 5751">
    <p class='ocr_par' dir='ltr' id='par_1_124' title="bbox 1901 5681 3495 5751">
     <span class='ocr_line' id='line_1_125' title="bbox 1901 5681 3495 5751; baseline -0.003 -11"><span class='ocrx_word' id='word_1_821' title='bbox 1901 5701 1966 5740; x_wconf 90' lang='lat' dir='ltr'><strong>ac</strong></span> <span class='ocrx_word' id='word_1_822' title='bbox 1995 5681 2279 5739; x_wconf 89' lang='lat' dir='ltr'><strong>mulierem</strong></span> <span class='ocrx_word' id='word_1_823' title='bbox 2316 5691 2590 5751; x_wconf 85' lang='lat' dir='ltr'><strong>sanctam,</strong></span> <span class='ocrx_word' id='word_1_824' title='bbox 2614 5681 2792 5736; x_wconf 88' lang='lat' dir='ltr'><strong>tribus</strong></span> <span class='ocrx_word' id='word_1_825' title='bbox 2822 5682 2982 5735; x_wconf 88' lang='lat' dir='ltr'><strong>annis</strong></span> <span class='ocrx_word' id='word_1_826' title='bbox 3020 5681 3495 5737; x_wconf 47' lang='lat' dir='ltr'><strong>Canossa‘obses—</strong></span> 
     </span>
    </p>
   </div>
   <div class='ocr_carea' id='block_1_125' title="bbox 1902 5751 3497 5823">
    <p class='ocr_par' dir='ltr' id='par_1_125' title="bbox 1902 5751 3497 5823">
     <span class='ocr_line' id='line_1_126' title="bbox 1902 5751 3497 5823; baseline -0.003 -12"><span class='ocrx_word' id='word_1_827' title='bbox 1902 5771 2019 5811; x_wconf 89' lang='lat' dir='ltr'><strong>sam</strong></span> <span class='ocrx_word' id='word_1_828' title='bbox 2060 5752 2248 5820; x_wconf 85' lang='lat' dir='ltr'><strong>fuisse,</strong></span> <span class='ocrx_word' id='word_1_829' title='bbox 2284 5770 2395 5809; x_wconf 91' lang='lat' dir='ltr'><strong>non</strong></span> <span class='ocrx_word' id='word_1_830' title='bbox 2442 5753 2495 5809; x_wconf 91' lang='lat' dir='ltr'><strong>id</strong></span> <span class='ocrx_word' id='word_1_831' title='bbox 2540 5760 2685 5807; x_wconf 90' lang='lat' dir='ltr'><strong>certe</strong></span> <span class='ocrx_word' id='word_1_832' title='bbox 2724 5751 2903 5823; x_wconf 79' lang='lat' dir='ltr'><strong>tradit</strong></span> <span class='ocrx_word' id='word_1_833' title='bbox 2940 5752 3201 5823; x_wconf 51' lang='lat' dir='ltr'><strong>Donizo,</strong></span> <span class='ocrx_word' id='word_1_834' title='bbox 3226 5751 3329 5823; x_wconf 76' lang='lat' dir='ltr'><strong>Sed</strong></span> <span class='ocrx_word' id='word_1_835' title='bbox 3374 5760 3497 5823; x_wconf 93' lang='lat' dir='ltr'><strong>post</strong></span> 
     </span>
    </p>
   </div>
   <div class='ocr_carea' id='block_1_126' title="bbox 1903 5820 3495 5892">
    <p class='ocr_par' dir='ltr' id='par_1_126' title="bbox 1903 5820 3495 5892">
     <span class='ocr_line' id='line_1_127' title="bbox 1903 5820 3495 5892; baseline -0.002 -11"><span class='ocrx_word' id='word_1_836' title='bbox 1903 5825 2283 5883; x_wconf 84' lang='lat' dir='ltr'><strong>liberationem</strong></span> <span class='ocrx_word' id='word_1_837' title='bbox 2314 5832 2369 5881; x_wconf 90' lang='lat' dir='ltr'><strong>et</strong></span> <span class='ocrx_word' id='word_1_838' title='bbox 2406 5823 2627 5892; x_wconf 89' lang='lat' dir='ltr'><strong>nuptias</strong></span> <span class='ocrx_word' id='word_1_839' title='bbox 2658 5820 2938 5877; x_wconf 85' lang='lat' dir='ltr'><strong>Adelaidis</strong></span> <span class='ocrx_word' id='word_1_840' title='bbox 2966 5820 3132 5877; x_wconf 88' lang='lat' dir='ltr'><strong>refert</strong></span> <span class='ocrx_word' id='word_1_841' title='bbox 3156 5820 3495 5878; x_wconf 77' lang='lat' dir='ltr'><strong>obsidionem</strong></span> 
     </span>
    </p>
   </div>
  </div>
