4010 6164
614 230 715 297 963

611 363 807 416 Fortes
834 364 1074 413 armatos
1113 353 1401 421 collectos,
1445 350 1614 419 venit}
1632 349 1701 403 ad
1728 363 1887 420 agros

612 456 865 519 Veronae,
896 463 1129 529 pensans
1144 446 1472 517 Berengerio
1497 443 1625 500 dare
1645 443 1810 509 bella,

608 543 991 614 Transivitque
1021 540 1231 598 Padum
1270 539 1494 610 cupiens
1514 536 1751 608 reperire
1781 533 2015 589 relatum
2056 534 2199 605 (544)

612 638 822 709 Regem
849 639 1139 703 Canossaa,
1168 647 1464 703 secumque
1489 646 1621 687 suos
1651 627 1811 686 simul
1840 642 2051 683 omnes.

611 732 696 787 Ad
719 730 977 801 Ligurem
1006 743 1195 801 regem
1211 725 1460 799 pervenit
1485 724 1635 781 fama
1657 731 1881 794 repente

606 824 845 891 Ottonis,
878 837 1044 896 quem
1080 828 1301 893 propter
1329 819 1398 874 ab
1416 818 1701 875 obsidione
1725 814 1952 871 recessit

609 918 796 973 Armis
826 931 890 971 ac
934 914 1114 970 turbis
1158 912 1528 970 circumdatus
1554 910 1805 981 undique
1837 906 2021 963 multis

610 1009 806 1066 Obviat
833 1009 885 1064 in
911 1016 1068 1079 prato
1111 1009 1371 1064 Fontana:
1414 1021 1510 1060 rex
1553 1002 1684 1070 sibi;
1716 1002 1924 1057 clamor

608 1104 698 1160 Fit
725 1102 909 1157 subito
936 1099 1178 1173 grandis,
1208 1097 1431 1154 frameis
1454 1098 1763 1152 lacerantur
1788 1102 1841 1149 et
1864 1092 2051 1157 hastis,

608 1195 844 1251 Ensibus
872 1194 1125 1250 incidunt
1167 1208 1248 1259 se,
1288 1192 1449 1263 longe
1499 1196 1758 1261 personat
1794 1188 1958 1254 ictus,

607 1290 759 1344 Gens
796 1288 1104 1343 Alemanna
1147 1286 1291 1356 capit
1329 1284 1739 1355 Berengerium,
1781 1281 2055 1351 superatis

607 1384 763 1436 Tunc
780 1379 1185 1452 Longobardis;
1206 1392 1466 1448 campum
1484 1376 1616 1447 legit
1644 1377 1802 1442 Otto,
1824 1373 2056 1429 retraxit

605 1474 756 1529 Illico
783 1473 937 1529 frena
964 1481 1137 1539 retro,
1158 1471 1406 1542 gaudens
1433 1469 1501 1526 de
1524 1485 1653 1540 rege
1673 1476 1907 1533 retento,

606 1570 786 1637 Quam
807 1566 969 1621 citius
996 1565 1171 1637 quivit
1192 1564 1332 1620 ﬁnes
1360 1562 1607 1635 proprios
1634 1561 1910 1633 repetivit,

602 1658 972 1729 Compedibus
984 1672 1171 1729 regem
1188 1656 1440 1729 gravibus
1455 1655 1761 1726 stringebat
1780 1654 2045 1709 inermem
2071 1669 2084 1705 :

567 1760 573 1769 '
601 1756 790 1807 Donec
818 1752 967 1807 enim
997 1750 1132 1805 vixit
1166 1750 1528 1821 Berengerius
1555 1748 1706 1803 stetit
1746 1747 1853 1802 illic
1882 1751 2047 1813 (545).

601 1844 838 1901 Posthac
864 1843 1122 1900 Albertus
1172 1841 1597 1901 laudaturﬁlius
1619 1841 1737 1911 ejus

604 1941 673 1993 Et
692 1937 1071 2011 Longobardis
1101 1952 1196 1993 rex
1225 1956 1237 1992 :
1267 1934 1428 1992 fortis
1446 1935 1536 1990 hic
1556 1933 1766 1989 exstitit
1790 1932 1978 1988 armis.

600 2032 763 2085 Stans
798 2031 855 2085 in
883 2045 1050 2102 equo,
1095 2030 1282 2085 dextra
1329 2028 1374 2084 si
1401 2027 1668 2099 percussit
1714 2041 1810 2081 sua
1838 2040 2192 2097 quemquam,

602 2125 731 2178 Mox
751 2122 949 2179 cecidit
970 2123 1153 2193 longe,
1186 2119 1436 2176 concisso
1467 2120 1615 2190 (546)
1643 2120 1843 2189 saepius
1872 2134 2013 2174 osse.

601 2214 821 2271 Attonis
838 2229 1027 2285 pacem
1045 2213 1260 2284 penitus
1273 2212 1603 2282 contempsit
1621 2226 1839 2278 amare;

600 2306 923 2378 Sumptibus
961 2310 1094 2361 Atto
1127 2320 1288 2377 sagax
1318 2320 1498 2360 arcem
1529 2304 1809 2376 prOpriam
1840 2302 1972 2359 satis
1995 2311 2190 2359 armat.

601 2402 725 2456 Rex
748 2399 1004 2471 equitans
1042 2413 1167 2456 acer
1207 2396 1574 2454 circumdedit
1605 2397 1756 2452 illius
1798 2412 1981 2452 arcem

598 2496 871 2564 Tempora
889 2508 985 2564 per
999 2491 1131 2548 bina
1146 2500 1335 2548 ternos
1348 2505 1676 2561 mensesque
1694 2505 1792 2561 per
1815 2490 1977 2547 iram.

598 2590 886 2642 Incassum
912 2594 1105 2650 certas,
1140 2592 1315 2657 pater,
1346 2599 1381 2640 o
1426 2598 1543 2651 rex,
1581 2590 1643 2638 ut
1678 2591 1804 2638 tuus
1838 2598 2011 2653 erras,

596 2681 726 2735 Non
755 2679 936 2750 capiar
950 2678 1170 2750 quippe,
1193 2675 1322 2745 nisi,
1354 2675 1534 2733 donec
1561 2675 1778 2744 vixeris,
1810 2676 1899 2731 hic
1927 2684 2057 2731 stes.

598 2778 730 2829 Atto
761 2771 948 2827 videns
976 2787 1211 2843 usquam
1240 2784 1435 2843 regem
1465 2769 1751 2825 discedere
1790 2784 2080 2841 nunquam

595 2865 811 2923 Ottonis
838 2879 1061 2921 rursum
1084 2863 1221 2936 petit
1247 2862 1536 2931 auxilium,
1567 2862 1675 2918 cito
1704 2878 1868 2919 cursu

594 2958 652 3013 Si
680 2958 875 3030 nequit
905 2958 1018 3030 ipse
1046 2972 1178 3013 suus
1205 2957 1387 3012 veniat
1413 2956 1498 3011 vel
1517 2954 1665 3011 ﬁlius
1700 2971 1864 3023 unus,

593 3051 832 3107 Nomine
874 3050 1190 3122 Litulphus,
1248 3050 1528 3118 mittatur;
1581 3056 1637 3104 et
1676 3046 1880 3119 absque
1938 3048 2183 3104 tumultu

1618 226 1708 280 AD
1747 222 1972 279 OPERA
2011 223 2067 278 S.
2106 219 2425 276 GREGORII
2461 216 2899 275 APPENDICES.
3358 242 3377 249 ο
3737 224 3810 276 96$

2234 349 2285 412 Α
2318 347 2437 400 Hoc
2460 345 2695 415 aenigma
2727 351 2873 415 peto,
2914 342 3053 398 mihi
3080 355 3262 408 narra,
3294 354 3389 397 rex
3418 341 3509 410 ait,
3525 357 3656 414 ergo.

2306 440 2488 509 Reges
2516 443 2648 493 Atto
2699 436 2838 493 duos
2866 438 3135 492 comitatu
3163 435 3301 492 dixit
3330 436 3389 490 in
3433 451 3539 490 uno

2306 534 2432 587 Non
2461 530 2623 587 decet
2656 546 2776 587 esse
2805 530 2967 586 simul
2997 547 3010 584 :
3058 538 3189 586 tunc
3231 528 3519 585 consilium
3564 544 3675 600 cape
3732 532 3808 601 pri-

3377 621 3395 694 l
3447 637 3598 677 mum
3638 623 3762 691 (549}.

2306 718 2455 788 Quid
2490 717 2698 774 faciam
2723 731 2823 790 pro
2862 732 2975 785 me,
3005 713 3278 790 quidquid
3316 722 3376 769 tu
3415 714 3625 783 dixeris,
3652 715 3733 769 hoc
3757 730 3814 769 me

2301 811 2558 884 Spondeo
2607 811 2900 867 facturum.
2941 809 3252 882 Respondit
3270 809 3430 881 eique
3453 807 3744 878 Litulphus:

2304 910 2434 961 Atto
2471 906 2700 961 bellator
2727 903 3078 960 comedamus
3109 904 3166 958 in
3194 902 3322 970 hoc,
3349 903 3448 967 ait,
3483 917 3628 973 agro,

2304 1003 2477 1055 Nocte
2492 1000 2839 1070 quiescamus
2858 996 3160 1063 modicum,
3181 1004 3306 1067 post
3323 995 3442 1051 haec
3455 994 3748 1068 gradiamur.

2304 1092 2562 1159 Nuntius,
2609 1100 2671 1148 ut
2710 1090 2915 1158 videat,
2952 1088 3022 1145 de
3063 1089 3269 1145 nostris
3293 1087 3435 1143 illico
3467 1094 3662 1161 pergat,

2301 1185 2545 1255 Qualiter
2587 1184 2841 1240 Albertus
2879 1189 3084 1250 manet,
3132 1197 3197 1237 ac
3221 1181 3503 1236 exercitus
3551 1180 3675 1252 ejus.

2302 1279 2440 1349 Regi
2466 1285 2663 1333 cuncta
2682 1277 2869 1343 libent,
2896 1289 3021 1348 quae
3046 1273 3262 1329 dixerat
3288 1278 3442 1340 Atto,
3464 1272 3712 1344 facitque;

2304 1371 2578 1442 Principio
2604 1370 2736 1426 lucis
2758 1368 2864 1425 fuit
2891 1370 2949 1423 in
2977 1376 3199 1441 pratove
3225 1365 3441 1422 Paludis
3463 1366 3605 1437 (550)

2303 1465 2508 1520 Missus
2526 1465 2594 1519 ab
2619 1463 2846 1519 Alberto
2870 1461 3103 1529 rediens,
3126 1465 3331 1517 Attone
3360 1469 3602 1530 reperto,

2303 1558 2450 1613 Dixit
2466 1557 2514 1613 ei
2542 1577 2555 1612 :
2579 1558 2740 1612 Certe
2778 1555 3015 1627 pecudes
3036 1559 3180 1623 (551)
3209 1554 3285 1623 lii,
3314 1553 3359 1610 si
3396 1553 3566 1608 simul
3590 1559 3753 1616 essent,

2305 1654 2367 1707 In
2390 1650 2568 1707 subito
2597 1659 2824 1721 possent
2850 1665 2951 1721 per
2971 1664 3067 1704 eos
3087 1646 3327 1714 comedi,
3358 1654 3522 1718 puto,
3554 1645 3746 1713 domne,

2229 1761 2277 1822 Β
2303 1744 2461 1801 Tanti
2501 1752 2647 1800 sunt.
2691 1743 2838 1809 Istis,
2878 1742 3046 1809 dicat,
3077 1740 3237 1814 jubet
3280 1745 3437 1809 Atto,
3481 1739 3581 1795 sibi
3613 1738 3698 1794 nil.

2304 1840 2440 1893 Atto
2480 1837 2708 1910 loquens
2724 1836 2840 1909 regi
2868 1835 3103 1891 mutavit
3130 1833 3289 1889 verba
3319 1830 3553 1889 ferentis
3596 1849 3611 1886 :

2305 1933 2355 1987 Ο
2400 1931 2447 1986 si
2498 1946 2593 1986 rex
2663 1938 2843 1986 essent
2871 1928 3080 1984 inimici
3129 1927 3272 1983 forte
3324 1927 3579 1983 bidentes

2304 2024 2511 2093 Assati,
2553 2039 2687 2080 sane
2724 2038 3009 2095 possemus
3059 2020 3252 2077 rodere
3297 2036 3534 2089 carnes;

2307 2117 2480 2173 Indue
2509 2117 2766 2185 loricam,
2796 2116 2965 2188 capiti
2997 2116 3207 2189 galeam
3226 2129 3447 2186 quoque
3474 2113 3649 2178 ﬁrma,

2304 2213 2374 2265 Et
2398 2212 2650 2284 clypeum
2671 2211 2819 2282 jacta
2844 2209 3005 2277 collo,
3038 2208 3294 2264 manibus
3310 2208 3457 2263 refer
3487 2207 3701 2270 hastam,

2305 2308 2459 2360 Irrue
2486 2303 2780 2360 confestim
2809 2318 2973 2374 super
2999 2302 3202 2374 ipsum,
3228 2317 3378 2356 nunc
3405 2308 3523 2356 stat
3551 2298 3753 2355 inermis.

2302 2398 2632 2466 Thoracam,
2676 2412 2946 2469 parmam,
2997 2396 3242 2467 galeam,
3284 2411 3382 2451 rex
3417 2394 3650 2466 sumpsit
3688 2400 3733 2447 et
3763 2389 3829 2445 ha-

3594 2486 3611 2559 [
3650 2494 3780 2542 stam.

2302 2584 2586 2642 Teutonici
2610 2582 2786 2641 fortes
2824 2589 3177 2656 sumpserunt
3223 2594 3379 2637 arma
3404 2581 3497 2637 vel
3545 2593 3731 2646 omnes,

2298 2681 2459 2734 Ibant
2493 2679 2766 2751 privatim,
2795 2686 3067 2750 quantum
3089 2684 3365 2749 poterant,
3404 2674 3702 2746 glomerati.

2297 2772 2477 2827 Sensit
2504 2786 2708 2843 eosque
2755 2770 2994 2843 phalanx
3034 2769 3243 2828 Alberti
3288 2783 3480 2840 sparsa
3504 2784 3597 2841 per
3613 2765 3777 2838 ampla.

2298 2866 2486 2920 Plures
2512 2869 2655 2932 (552)
2684 2872 2994 2930 currerunt,
3038 2870 3093 2918 et
3113 2862 3220 2918 hoc
3250 2861 3369 2933 regi
3397 2860 3705 2917 retulerunt.

2296 2957 2380 3013 Ad
2411 2958 2751 3013 matutinum
2778 2972 2872 3013 rex
2907 2956 3029 3027 jam
3081 2961 3392 3011 surrexerat
3434 2954 3724 3027 hymnum;

2294 3050 2382 3106 Nil
2402 3048 2756 3120 stupefactus,
2775 3051 2875 3118 ait,
2889 3049 3037 3116 volo,
3057 3056 3195 3120 quot
3212 3054 3362 3117 sunt,
3383 3054 3449 3102 ut
3472 3046 3705 3111 videatis,

593 3144 747 3200 Mille
792 3144 942 3200 viros
990 3150 1277 3215 promptos
1320 3158 1450 3197 cum
1477 3148 1609 3198 nato
1655 3140 1839 3213 dirigit
1866 3142 1999 3198 Otto
2042 3146 2188 3211 (547)
2226 3124 2271 3187 Ο
2304 3146 2528 3199 Nostros
2569 3151 2734 3214 atque
2757 3151 2915 3198 vocet
2936 3140 3070 3198 tuba
3108 3156 3374 3212 spargens
3415 3140 3654 3213 undique
3677 3148 3832 3192 vocem.

592 3238 806 3294 Italiam
847 3246 1061 3305 notam,
1095 3245 1255 3294 caute
1277 3234 1541 3308 venitque
1579 3235 1876 3291 Veronam.

591 3333 855 3388 Canossae
895 3330 1104 3404 degens
1153 3345 1251 3387 rex
1277 3329 1453 3386 audiit
1487 3328 1634 3385 hunc
1673 3338 1738 3385 ut
1759 3327 1971 3399 adesse,

589 3427 772 3481 Dante
821 3440 1018 3480 sonum
1046 3438 1219 3481 cornu
1266 3421 1502 3495 perrexit
1530 3421 1832 3494 Bagisium.
1875 3426 2009 3479 Mox

589 3514 866 3591 Linquéns
892 3519 1171 3574 Veronam
1202 3516 1501 3587 Litulphus
1523 3499 1675 3572 venit
1715 3515 1785 3572 ad
1808 3515 2006 3573 horam

587 3610 1025 3682 Vespertinalem
1067 3616 1285 3679 pratum
1322 3608 1593 3674 Bottonis,
1622 3616 1677 3663 et
1703 3616 1831 3664 ante

589 3706 769 3773 Quam
788 3717 894 3757 nox
924 3707 1065 3757 tetra
1082 3700 1245 3763 foret,
1275 3700 1382 3756 fuit
1401 3703 1533 3755 Atto
1560 3700 1776 3756 locutus
1789 3701 1860 3758 ad
1883 3714 2076 3757 aurem

586 3794 753 3866 Regis
776 3793 1016 3863 Litulphi
1045 3795 1194 3861 (548)
1223 3810 1239 3849 :
1265 3792 1519 3859 Salveris,
1548 3793 1643 3859 ait,
1674 3793 1796 3858 sibi;
1818 3792 2029 3865 jungit:

589 3891 716 3944 Stat
740 3886 885 3941 male
912 3901 1039 3941 cum
1077 3893 1230 3956 gatto
1259 3901 1386 3941 mus
1417 3885 1475 3939 in
1498 3900 1656 3940 sacco
1693 3886 1858 3941 simul
1905 3894 2073 3942 arcto.

588 4048 841 4113 Canosee,
879 4061 1045 4118 quam
1088 4043 1223 4100 nihil
1254 4042 1485 4116 impedit
1522 4058 1630 4115 quo
1682 4043 1867 4101 minus
1895 4044 2184 4103 credamus

588 4126 925 4190 protractam
957 4118 1099 4172 ultra
1125 4131 1300 4172 annos
1323 4125 1456 4190 tres.
1481 4118 1647 4172 Mun.

682 4190 805 4260 544)
834 4189 1060 4245 Dictum
1094 4203 1306 4260 regem.
1340 4189 1512 4260 LBVIB.

680 4257 804 4325 545)
834 4265 999 4317 Poeta
1029 4257 1318 4332 confundit
1354 4259 1587 4332 primam
1616 4257 1843 4315 Ottonis
1875 4259 2179 4332 expeditio-

585 4329 764 4406 nem,_
793 4347 902 4406 qua
954 4329 1439 4401 Berengarium’in
1493 4329 1963 4406 ﬁdem_suscepit'
1996 4335 2183 4406 regina

587 4401 888 4475 Adheleide
947 4411 1441 4475 contentus,_cum
1492 4401 1762 4475 secunda,
1811 4401 1918 4475 qua
1958 4401 2179 4475 captum

590 4489 757 4545 regno
800 4473 1059 4545 privavit,
1084 4481 1140 4528 et
1171 4472 1228 4527 in
1277 4472 1635 4529 Germaniam
1666 4472 1963 4528 transtulit.
2006 4472 2174 4531 LBIB.

658 4543 817 4609 (546)
836 4543 974 4601 Cod.
1010 4550 1151 4613 ant.,
1180 4546 1401 4599 conciso.
1434 4545 1607 4598 Lam.

654 4616 801 4686 (547)
831 4614 1152 4686 Ludolphus
1183 4616 1239 4686 iu
1283 4614 1501 4669 Italiam
1544 4619 1739 4686 contra
1781 4615 2181 4685 Berengarium

584 4684 984 4755 expeditionem
1013 4684 1273 4756 suscepit
1301 4700 1449 4740 anno
1491 4689 1619 4752 957,
1649 4684 1836 4756 ibique
1863 4684 2000 4740 obiit
2022 4695 2180 4743 ante-

584 4701 984 4755 expeaiuonem
1030 4701 1273 4810 suscegit
1301 4701 1449 4740 anno
1491 4701 1619 4752 957,
1649 4701 1836 4756 imque
1863 4701 2000 4740 onut
2022 4701 2179 4743 ante-

584 4771 754 4883 quam
774 4756 1133 4828 Berengarius
1155 4772 1185 4810 a
1240 4757 1442 4811 Ottone
1467 4764 1774 4827 caperetur,
1801 4756 1951 4828 quod
1966 4756 2179 4814 factum

623 4841 814 4882 emum
834 4843 982 4881 anno
1002 4832 1127 4883 964.
1154 4827 1329 4883 Canto
1354 4835 1542 4883 autem
1568 4835 1722 4883 patre
1745 4836 1963 4883 tantum
1982 4829 2179 4883 virium

623 4841 814 4898 emum
834 4827 982 4881 anno
1002 4832 1127 4898 964.
1146 4827 1329 4898 (Capto
1354 4835 1542 4883 autem
1566 4835 1722 4897 patre
1745 4827 1963 4883 tantum
1982 4829 2179 4885 virium

586 4897 891 4953 Adalberto
920 4912 1034 4952 non
1082 4896 1183 4952 fuit
1216 4896 1289 4969 Aut
1330 4896 1631 4953 Canossahi
1671 4899 1912 4954 obsideri
1969 4909 2176 4969 posset,

583 4984 690 5024 nec
719 4976 842 5039 post
872 4977 1106 5043 patrem,
1143 4966 1399 5043 sed_cum
1424 4978 1578 5039 patre
1604 4971 1865 5043 regnavit.
1906 4966 2049 5043 Male
2072 4966 2169 5043 igi4

583 5048 676 5095 tur
700 5037 901 5112 noster
919 5046 1043 5107 post
1070 5038 1172 5094 hac
1190 5037 1269 5106 (id
1282 5048 1376 5112 est
1422 5037 1583 5111 capto
1614 5037 1785 5112 pa'tre)
1816 5037 2121 5097 laudatum'
2143 5059 2177 5097 a

583 5110 951 5179 Longobarsz
977 5125 1164 5181 regem
1190 5109 1424 5181 scripsit.
1452 5109 1619 5167 Lam.

653 5185 802 5254 (548)
833 5184 957 5236 Non
982 5196 1098 5254 rex,
1127 5180 1227 5235 sed
1255 5181 1397 5254 regis
1429 5181 1571 5254 filius
1608 5181 1716 5237 fuit
1742 5181 2089 5254 Ludolphus,
2120 5191 2178 5239 et

582 5251 695 5308 dux
722 5252 1065 5308 Alamanniae
1111 5251 1441 5309 constitutus
1464 5253 1533 5309 ab
1581 5254 1783 5309 Ottone
1815 5251 1978 5311 Patre
2028 5270 2175 5310 anno

468 5315 475 5322 “
581 5330 708 5379 950.
736 5327 893 5381 Mus.
1972 5356 1978 5360 ‹

649 5400 802 5461 (549)
831 5394 965 5450 Cod.
998 5395 1225 5467 Regien.
1261 5413 1274 5450 :
1307 5396 1445 5466 Cape
1466 5396 1887 5467 primus.Mnn.

656 5472 802 5539 (550)
827 5470 890 5521 In
911 5482 1013 5539 ms.
1042 5537 1055 5539 _
1071 5468 1255 5539 codice
1276 5468 1491 5523 Estensi
1523 5468 1945 5523 membrauaceo
1981 5473 2036 5523 et
2055 5483 2173 5539 per-

577 5538 837 5612 antiquo,_
870 5537 1014 5612 unde
1042 5537 1196 5612 hausi
1240 5537 1532 5612 historiam
1585 5540 1915 5612 Regiensem
1956 5540 2016 5594 in
2056 5537 2173 5596 hoc

577 5624 747 5680 opere
777 5607 1067 5682 edendam,
1096 5610 1297 5682 legitur
1325 5610 1550 5682 historia
1592 5607 1699 5682 ρξ’
1722 5611 1895 5667 Gestis
1937 5613 2169 5682 comitis-

574 5678 647 5735 sic
675 5678 984 5736 Mathildis.
1007 5681 1108 5733 Est
1130 5678 1320 5736 autem
1334 5681 1587 5750 Epitome
1614 5680 1860 5737 historia).
1878 5681 2117 5738 metricae
2138 5698 2171 5737 a

576 5752 865 5805 Donizone
888 5751 1232 5819 compositae,
1277 5766 1439 5821 prosa
1469 5750 1719 5807 oratione
1759 5750 2031 5820 confecta,
2080 5760 2168 5808 at-

2297 3240 2511 3292 Interea
2538 3243 2748 3303 cantet,
2779 3234 2926 3304 volo,
2960 3234 3192 3290 missam
3220 3233 3515 3306 presbyter
3539 3242 3673 3290 ante.

2297 3328 2556 3385 Ofﬁcium
2575 3344 2795 3385 sacrum
2819 3327 2954 3384 dum
2975 3328 3245 3400 psallitur,
3266 3325 3321 3382 hi
3336 3342 3591 3384 remeare
3618 3328 3757 3389 (553),

2295 3425 2421 3478 Jam
2434 3438 2625 3495 prope,
2650 3422 2915 3490 dicentes,
2941 3428 3071 3477 sunt
3092 3420 3263 3489 mille,
3294 3420 3559 3477 videntur
3571 3426 3625 3476 et
3644 3433 3757 3475 esse.

2294 3517 2417 3570 Rex
2441 3516 2525 3571 vix
2554 3523 2797 3586 armatus
2820 3529 2950 3570 cum
2984 3514 3171 3585 paucis
3198 3520 3253 3568 et
3273 3513 3525 3586 galeatus

2290 3608 2438 3663 Exiit
2462 3608 2531 3664 ad
2561 3608 2785 3677 bellum,
2816 3605 3108 3678 Litulphus
3142 3621 3243 3663 rex
3270 3605 3373 3661 sibi
3397 3604 3614 3663 ferrum

2292 3701 2533 3773 Porrigit
2562 3700 2864 3772 extemplo,
2895 3702 2987 3755 rex
3027 3699 3434 3771 Longobardus
3456 3699 3518 3773 in
3542 3699 3706 3772 ipsum

2292 3795 2609 3851 Extendens
2652 3793 2886 3861 hastam,
2930 3792 3224 3849 thoracam
3269 3792 3635 3865 membraque
3668 3790 3839 3846 damnat

2291 3887 2555 3958 Litulphi,
2587 3887 2759 3942 vitam
2788 3886 2881 3958 qui
2902 3886 3086 3942 statim
3116 3884 3353 3956 perdidit
3381 3886 3564 3956 ipsam
3589 3889 3735 3953 (554).

2293 4060 2397 4117 que
2424 4045 2542 4102 hac
2582 4045 2653 4100 ibi
2682 4045 2937 4118 leguntur
2964 4064 2977 4100 :
3004 4046 3076 4101 Et
3117 4045 3268 4100 venit
3289 4045 3598 4118 praedictus
3646 4039 3843 4118 Ιιίίὲιβέἒ.

2291 4109 2410 4173 cum
2452 4109 3038 4188 pradictisvmilitibus
3075 4109 3318 4186 quadarn
3364 4116 3454 4170 die
3501 4118 3686 4173 mensis
3709 4109 3841 4188 Medii

2292 4182 2529 4257 ejusdem
2557 4192 2691 4242 anni
2723 4205 2757 4242 a
2783 4190 2999 4243 civitate
3034 4182 3253 4242 Vci’ome
3291 4202 3460 4256 usque
3484 4189 3561 4243 ad
3587 4200 3744 4241 arcem
3754 4182 3843 4257 ρα-

2289 4255 2541 4315 nusinam
2560 4275 2660 4329 per
2703 4275 2873 4313 unum
2888 4260 3050 4316 diem.
3068 4261 3137 4314 Ει
3160 4260 3275 4312 alia
3291 4255 3378 4313 die
3393 4258 3737 4329 sequentith
3749 4255 3846 4329 Par-

2288 4347 2456 4401 mam,
2504 4320 2790 4401 et‘accepit
2828 4346 3083 4401 coronam,
3132 4320 3773 4401 Langobardr‘iaxAlmm

2289 4400 2605 4473 hujusmodi
2635 4400 2993 4473 coronatione
3022 4400 3309 4473 silentium
3325 4400 3474 4470 apud
3506 4400 3731 4473 reliquos
3743 4408 3846 4449 scn-

2291 4471 2509 4556 ptores;
2541 4473 2662 4556 silet
2707 4481 2773 4555 et.
2806 4472 2917 4556 ipse
2949 4471 3196 4553 Donizo,
3223 4472 3269 4527 si
3296 4472 3683 4556 tamenni‘llius
3702 4475 3848 4556 vellit?

2207 4529 2261 4594 Β
2293 4529 2571 4599 habemus.
2618 4543 2801 4614 Pergit
2822 4529 2969 4599 idem
3001 4529 3237 4614 scriptor
3270 4561 3283 4598 :
3313 4546 3387 4599 Et
3403 4543 3579 4597 rediit
3600 4534 3850 4596 cundictis
3940 4529 3941 4587 ἲ

2289 4614 2585 4679 militibus,
2617 4619 2667 4669 et
2695 4631 2816 4670 cum
2835 4617 3021 4670 comite
3054 4614 3286 4680 Attonc;
3308 4618 3357 4668 et
3376 4629 3547 4668 mam;
3574 4615 3849 4680 αηηατᾳρο-
3940 4616 3941 4680 (

2291 4688 2411 4742 dem
2439 4687 2531 4742 die
2559 4678 2619 4741 in
2639 4692 2794 4756 prato
2812 4686 3141 4754 Antognano
3162 4678 3274 4739 ivit
3288 4689 3477 4739 contra
3501 4698 3674 4753 regem
3691 4678 3850 4756 Λζιξετσ

2293 4764 2425 4813 tum
2447 4751 2935 4828 ﬁlium-quondam
2967 4751 3114 4827 regis
3142 4757 3491 4824 Bellengarii.
3524 4751 3852 4828 Eipraeliual

2291 4830 2370 4883 ibi
2394 4822 2601 4897 factum
2638 4822 2753 4896 fuit
2778 4831 2916 4882 inter
2949 4822 3460 4898 utramquepartem
3494 4826 3556 4880 ii:
3575 4822 3710 4879 dicto
3721 4822 3853 4898 ρνᾳίο

2290 4886 2617 4969 Αηέορηαηο
2638 4886 2812 4969 ἀριιά
2858 4886 3205 4968 Οαφίηετῑὶτη
3244 4886 3514 4969 infertur,
3562 4904 3685 4969 rete.
3721 4886 3852 4969 'lnira‘

2291 4955 2511 5027 Doni'io
2533 4955 2728 5026 auctor
2756 4978 2861 5035 est,
2894 4955 3231 5024 tuinulatum
3280 4955 3443 5023 fuisse
3494 4955 3767 5022 Lituli'um
3800 4955 3853 5012 ad

2289 5041 2474 5097 locum
2490 5041 3063 5113 Antonianumtmun.
3336 5111 3357 5113 Α
3424 5110 3434 5113 _
3642 5108 3683 5113 _
3764 5100 3775 5113 ,
3826 5042 3833 5045 ’

2361 5118 2506 5181 (551)
2539 5116 2674 5168 Haec
2698 5110 3046 5167 emendanda
3091 5116 3225 5182 puto
3249 5125 3316 5166 ex
3335 5110 3601 5182 Epitome
3642 5108 3853 5182 Doni?

2287 5169 2393 5251 nis‘,
2416 5169 2539 5256 qua:
2571 5183 2740 5256 estin
2768 5198 2871 5256 ms.
2905 5182 3029 5238 cod.
3062 5169 3341 5256 Regiensi,
3382 5169 3476 5256 ubi
3504 5179 3635 5256 haec,
3656 5178 3729 5232 ita
3751 5169 3854 5256 effe;

2286 5244 2484 5309 runtur
2510 5273 2523 5311 :
2546 5255 2776 5310 Rediens
2800 5255 2970 5317 dicit,
2993 5254 3138 5323 quod
3151 5244 3204 5308 si
3225 5256 3323 5307 isti
3322 5244 3339 5315 ρ
3367 5255 3461 5321 qui
3472 5255 3640 5305 erant
3651 5264 3717 5303 ea:
3726 5244 3858 5324 pilai}.

2287 5327 2504 5380 Attonis
2555 5330 2608 5379 et
2642 5325 2848 5394 Litulﬁ,
2876 5311 3046 5380 essent
3060 5311 3395 5394 μακρῶςίὰ
3423 5328 3604 5385 coctce,
3632 5311 3768 5394 quoi}
3792 5311 3854 5364 illi

2285 5412 2369 5450 eos
2410 5396 2673 5450 comedere
2690 5389 2906 5465 possent
2935 5389 3100 5451 tanta:
3137 5396 3455 5465 quantitatis
3496 5396 3678 5446 erant.
3736 5389 3853 5452 Lch

2287 5466 2447 5538 igitur
2464 5471 2619 5538 coctw
2633 5467 2882 5537 pecudes.
2908 5468 3065 5523 MUR.

2358 5536 2501 5607 (552)
2523 5533 2659 5593 Cod:
2689 5545 2828 5606 ant.,
2858 5553 3097 5605 currer.,
3111 5535 3168 5591 id
3190 5543 3273 5591 est
3291 5538 3591 5591 currerunt.
3620 5533 3784 5587 LIIB.

2356 5614 2499 5677 (553)
2521 5609 2661 5664 Cod.
2689 5608 2947 5681 Padolir.,
2974 5611 3301 5681 remearunt.
3328 5610 3487 5681 Mus.
3600 5674 3651 5681 __
3725 5668 3738 5681 ,

2356 5665 2497 5746 (554)
2534 5681 2760 5735 Fabula.
2789 5665 3116 5751 Ludolphus
3154 5678 3352 5733 morbo
3381 5676 3541 5733 obiit.
3583 5665 3849 5751 _H_epida!l;

2283 5730 2403 5808 nu‘s'
2413 5730 2498 5807 ait
2535 5730 3046 5822 iéﬁrEEoFr‘éBiiiE
3056 5730 3538 5819 “anno—957praz
3567 5730 3768 5805 dolore,
3805 5730 3851 5789 id
