4052 6180
246 239 346 293 965
366 258 375 261 '

242 361 394 417 Gens
419 362 721 417 Alemanna
745 362 938 418 dolens
965 364 1213 431 tremuit,
1241 365 1521 437 nimioque
1549 367 1746 424 timore

238 458 369 510 Atto
390 454 536 510 levat
562 440 775 523 vocem,
803 455 1079 511 confortat
1104 459 1541 530 Teutonicosque
1570 479 1585 513 :

237 546 327 603 Ad
355 548 510 620 cujus
538 562 730 604 vocem
762 557 945 604 totum
967 566 1218 621 sprevere
1247 551 1529 607 timorem.

233 629 430 696 Partes
451 648 584 696 tunc
604 640 785 697 ambae
811 657 975 712 grave
1000 641 1268 699 damnum
1293 645 1616 701 sustinuere.

233 734 501 803 Quamvis
526 750 654 790 cum
683 735 911 804 damno,
951 752 1210 808 campum
1234 740 1411 794 tenuit
1430 748 1617 795 tamen
1645 741 1776 795 Atto
1819 758 1834 795 :

230 828 356 882 Rex
386 828 578 898 procul
599 826 857 884 Albertus
885 828 1092 885 studuit
1113 830 1414 899 discedere,
1440 841 1622 888 certus

230 919 398 990 Quod
424 936 537 976 non
566 919 621 975 in
653 936 890 994 regnum
913 923 1286 994 requiesceret
1313 925 1570 997 amplius,
1610 927 1761 983 exsul

226 1021 280 1069 A
308 1027 485 1084 regno
508 1013 658 1085 (555)
685 1012 889 1083 factus,
919 1017 1272 1086 pertransivit
1288 1033 1450 1095 mare
1470 1034 1756 1091 magnum.

221 1106 482 1163 Partibus
511 1107 571 1163 in
594 1107 800 1164 nostris
826 1123 942 1165 non
968 1109 1111 1165 ultra
1134 1109 1283 1165 venit
1310 1109 1401 1165 hic
1426 1110 1632 1179 hostis;

222 1200 289 1256 Si
316 1198 595 1256 dilexisset
612 1215 723 1267 me,
753 1199 831 1257 sic
846 1200 990 1257 male
1017 1217 1129 1259 non
1148 1201 1237 1259 hic
1266 1202 1463 1260 abisset
1482 1208 1650 1271 (556).

220 1295 308 1349 Ex
341 1293 562 1365 propria
603 1301 767 1366 gente
800 1293 966 1365 (557),
996 1311 1106 1351 non
1137 1296 1367 1353 ulterius
1403 1298 1508 1354 sibi
1538 1314 1724 1371 regem

218 1386 597 1458 Longobarda
631 1387 765 1459 petit
788 1403 941 1460 gens,
972 1390 1279 1458 constituit,
1308 1406 1486 1463 neque
1506 1393 1721 1464 quaerit.

216 1482 388 1535 Tunc
415 1481 584 1536 etiam
610 1480 820 1537 mensis
850 1480 1073 1537 Madius
1100 1482 1332 1539 ﬂorebat
1352 1484 1410 1540 in
1434 1484 1618 1541 herbis

215 1573 379 1628 Anni
404 1574 670 1646 nongenti
693 1572 952 1645 quindeni
975 1575 1119 1647 (558)
1146 1584 1280 1633 tunc
1302 1593 1520 1650 quoque
1542 1578 1722 1636 Verbi.

210 1670 360 1723 Atto
389 1666 621 1723 cadaver
646 1666 853 1723 habens
869 1668 1134 1741 Litulphi,
1160 1670 1364 1726 viscera
1390 1672 1546 1743 plane

211 1759 374 1815 Illius
398 1760 635 1816 extraxit
658 1759 726 1817 de
748 1776 999 1833 corpore,
1022 1777 1186 1833 quem
1207 1779 1306 1820 sua
1334 1764 1544 1836 planxit

212 1853 394 1921 Gens,
420 1868 483 1909 ea
509 1860 645 1910 tunc
671 1855 890 1911 tumulo
919 1856 1100 1927 posuit
1123 1855 1468 1930 condigniter
1494 1874 1626 1915 uno.

209 1946 441 2002 Dicitur
467 1946 691 2003 ecclesia
722 1946 869 2019 (559)
896 1951 1130 2021 Prosper
1146 1951 1523 2007 sanctissimus
1540 1951 1647 2020 illa,

210 2042 280 2095 In
309 2055 424 2112 qua
448 2039 764 2097 conduntur
784 2057 890 2097 nec
912 2057 1026 2097 non
1067 2042 1222 2099 locus
1261 2046 1679 2115 Antonianum;

209 2134 457 2204 Corpus,
476 2134 820 2190 aromatibus
841 2135 1129 2192 conditum
1155 2136 1354 2209 quippe
1372 2136 1611 2207 deintus,

207 2228 371 2283 Patri
397 2226 717 2283 confortans
737 2228 918 2300 ipsum
942 2228 1163 2297 direxit,
1194 2238 1250 2286 et
1272 2230 1534 2288 hortans:

208 2324 299 2378 Ne
320 2321 557 2378 nimium
589 2321 829 2396 plangas,
856 2324 1059 2395 poteris
1087 2324 1211 2396 quia
1238 2325 1458 2382 vincere
1496 2342 1714 2399 magna,

207 2416 266 2473 Si
302 2415 519 2471 veneris
550 2416 763 2480 statim,
792 2415 1182 2489 Longobardos
1209 2418 1517 2491 superahis,

207 2509 455 2565 Illorum
482 2506 624 2582 fugit
638 2509 901 2581 quoniam
927 2525 1059 2579 rex;
1091 2510 1137 2565 si
1159 2511 1331 2569 modo
1352 2515 1547 2582 curris,

206 2602 721 2674 Langobardorum
752 2618 983 2675 regnum
1024 2602 1395 2663 dominaberis
1414 2606 1613 2663 horum

204 2696 355 2753 Otto
385 2695 456 2751 de
477 2703 607 2752 nato
635 2695 866 2751 nimium
895 2695 1095 2766 doluit,
1123 2698 1399 2754 tumulato

204 2798 364 2869 Ipso,
389 2792 682 2850 confestim
703 2795 907 2850 multos
933 2809 1031 2850 rex
1054 2795 1169 2867 ipse
1195 2796 1405 2851 revexit

203 2890 435 2945 Italiam
462 2903 677 2957 secum,
699 2905 865 2961 quem
894 2889 1116 2962 paciﬁca
1144 2891 1414 2963 petierunt

200 2990 408 3048 Cuncti
439 2988 759 3057 Lombardi,
777 2990 883 3047 sibi
909 2990 1099 3047 dantes
1118 2991 1316 3062 oppida
1340 2992 1533 3064 gratis,

201 3092 355 3146 Cum
380 3087 581 3161 quibus
608 3096 666 3145 et
688 3091 933 3144 Romam
962 3088 1120 3161 petiit
1139 3089 1397 3163 regnique
1423 3106 1677 3151 coronam

201 3194 253 3246 A
285 3205 432 3261 papa
453 3189 598 3262 cepit
627 3188 851 3244 feliciter
874 3188 1106 3260 indeque
1128 3188 1315 3247 crevit.

202 3284 542 3342 Muneribus
570 3286 789 3357 magnis
816 3291 1083 3341 Attonem
1109 3284 1244 3341 ditat
1270 3293 1326 3343 et
1346 3287 1491 3357 altis,

198 3385 306 3441 Cui
340 3382 612 3439 nonnullo
637 3386 792 3452 (560)
816 3385 1111 3442 comitatus
1143 3385 1383 3442 contulit
1408 3388 1576 3457 ultro,

202 3486 318 3539 Per
348 3495 517 3554 quem
543 3482 831 3553 regnabat,
857 3482 933 3538 nil
964 3483 1171 3540 mirum
1196 3483 1241 3540 si
1266 3487 1588 3557 peramabat

202 3654 297 3704 est
344 3659 616 3729 mcerore.
645 3645 957 3729 ‘Ditmarus
1001 3644 1096 3729 lib.
1133 3660 1203 3702 ιι.
1251 3645 1503 3729 Sigonius
1547 3649 1817 3729 suspicio-

197 3735 340 3789 nem
402 3718 735 3789 accelerataa,
772 3717 1004 3789 mortis_
1046 3717 1433 3789 Berengarium
1496 3717 1816 3779 sustinuisse

199 3788 476 3847 afﬁrmat.
505 3790 668 3845 Unus
717 3786 1079 3845 Widikindus
1114 3786 1457 3845 Donnizonis
1508 3794 1813 3850 narrationi

198 3861 404 3919 favere
434 3859 601 3915 videri
632 3859 921 3931 possitlib.
968 3874 1041 3915 ιιι
1069 3858 1157 3914 his
1187 3860 1362 3916 verbis
1389 3879 1403 3916 :
1437 3863 1550 3929 Quo
1583 3864 1817 3931 (Ludol-

199 3933 348 4005 pho)
377 3936 570 4005 agente
595 3930 671 3998 (in
701 3930 868 4005 Italia)
893 3947 1096 3985 annum
1124 3931 1250 4005 fere
1277 3936 1445 3986 totum
1470 3930 1611 3988 diem
1640 3941 1818 3991 extre-

199 4003 363 4057 inum
407 4004 561 4064 obiit,
612 4003 731 4074 toti,
747 4005 1069 4074 Francorum
1108 4003 1335 4074 imperio
1363 4005 1676 4074 relinquens
1722 4023 1817 4061 suo

196 4074 434 4149 puluere
454 4074 656 4149 vulnus
695 4073 928 4139 durum;
959 4072 1054 4149 sed
1094 4075 1293 4149 pulnus
1321 4072 1408 4129 hic
1438 4072 1547 4149 pro
1584 4078 1814 4149 jactura,

198 4144 460 4210 laesione,
489 4144 662 4215 accipi
710 4151 909 4215 potest,
940 4142 1042 4199 nisi
1087 4141 1232 4198 forte
1262 4141 1556 4215 legendum
1584 4141 1692 4202 'suo
1720 4141 1815 4215 fu-l

202 4230 368 4271 nere.
422 4214 777 4270 Hermannus
822 4221 1138 4269 contractus
1180 4214 1395 4270 Canusii
1427 4215 1496 4271 ad
1545 4216 1692 4273 hunc
1720 4214 1806 4273 an.

200 4286 525 4361 commissa
564 4301 747 4361 pugna
815 4286 1154 4361 Ludolpbum
1177 4355 1189 4361 Α
1211 4287 1428 4361 vicisse,
1493 4289 1812 4361 cunctisque

202 4359 314 4432 sibi
341 4372 472 4432 cum
502 4355 675 4432 Italia:
701 4370 875 4427 regno
906 4355 1242 4432 subjugatis,
1270 4358 1465 4432 eodem
1492 4374 1635 4414 anno
1668 4355 1812 4432 apud

206 4428 526 4485 Plumbiam
545 4429 841 4483 immaturo
869 4427 1024 4484 obitu
1038 4428 1145 4482 vita
1171 4427 1493 4485 decessisse.
1528 4432 1701 4488 Lam.

1152 234 1437 296 APPEND.
1480 243 1565 299 Ill.
1605 274 1676 284 —
1711 242 2128 304 MONUMENTA
2172 242 2632 309 GREGORIANA.

1864 376 1915 436 A

3436 259 3539 313 966

2568 374 2811 431 CAPUT
2840 377 2908 430 II.

1946 467 2131 533 Refert
2170 469 2397 524 Canossa
2424 484 2653 523 amorem
2678 469 2899 523 Attonis
2924 484 3052 537 erga
3082 485 3157 536 se,
3182 476 3232 527 et
3275 473 3536 541 quomodo

2013 541 2301 612 acquisivit
2343 555 2567 609 corpora
2606 546 2908 609 martyrum
2957 543 3186 597 Victoris
3215 547 3265 596 et
3294 543 3532 612 Coronw,

2014 615 2063 662 et
2081 610 2138 663 S.
2172 611 2512 679 Apollonium
2548 614 2846 680 episcopum
2872 615 2923 666 et
2946 614 3319 679 confessorem.

1947 700 2227 757 Ditescens
2253 705 2386 758 Atto
2406 718 2526 758 mea
2549 703 2755 759 moenia
2779 703 2939 760 duxit
2964 705 3023 759 in
3044 706 3239 773 altum,

1940 794 2049 848 Per
2074 808 2166 849 me
2193 793 2342 849 dives
2369 802 2502 861 erat,
2538 810 2634 851 sua
2662 812 2759 866 per
2786 812 2875 852 me
2897 808 3091 854 cuncta
3114 801 3353 870 tenebat,

1940 888 2021 941 Ac
2045 884 2167 942 ideo
2208 894 2423 954 cuncta,
2454 887 2744 943 veniebant
2768 905 2891 960 quae
2913 891 3014 946 sibi
3039 893 3286 963 pulchra,

1939 980 2187 1047 Lqricas,
2218 979 2422 1047 hastas,
2454 979 2692 1052 clypeos,
2720 997 2877 1038 enses
2903 984 3044 1039 mihi
3067 985 3320 1054 mandat,

1938 1072 2187 1128 Artubus
2216 1088 2281 1128 ex
2313 1073 2482 1128 sacris
2507 1072 2783 1129 decoravit
2805 1090 2914 1140 me,
2941 1077 3091 1132 velut
3116 1080 3287 1134 armis

1939 1167 2059 1221 Rex
2106 1165 2332 1237 quidam
2374 1166 2567 1236 donat,
2612 1167 2712 1223 sibi
2755 1168 3144 1241 Victoremque
3180 1175 3327 1238 (561)
3358 1176 3531 1231 Coro-

3292 1262 3461 1333 (nam.

1936 1348 2165 1404 Pmnam
2192 1346 2438 1414 cervicis,
2469 1362 2602 1404 nam
2631 1363 2731 1421 pro
2759 1347 3070 1407 diademate
3092 1352 3215 1409 coeli

1934 1442 2208 1497 Sustinuit
2230 1440 2390 1497 miles
2417 1442 2601 1497 Victor
2620 1444 2998 1499 sanctissimus
3023 1444 3146 1512 iste,

1935 1534 2136 1590 Sancta
2162 1533 2270 1589 fuit
2293 1534 2402 1590 Iota
2439 1550 2732 1607 secumque
2756 1552 2950 1592 cruore
2975 1538 3212 1593 Corona.

1934 1628 2111 1684 Duxit
2137 1626 2227 1682 hic
2252 1627 2353 1683 hos
2381 1631 2534 1695 Atto,
2564 1629 2769 1684 multos
2789 1629 2927 1685 alios
2951 1645 3168 1701 quoque
3189 1639 3425 1698 sanctos,

1857 1738 1906 1801 Β
1936 1720 2233 1792 Relliquias
2258 1721 2391 1777 alias
2417 1721 2567 1777 dedit
2581 1722 2655 1776 illi
2676 1722 2860 1778 Brixia
2886 1739 3113 1795 magna;

1936 1817 2077 1870 Nam
2120 1821 2304 1886 caput,
2356 1829 2418 1870 ac
2456 1815 2747 1871 humerum
2777 1815 3034 1871 dextrum
3086 1817 3399 1890 pariterque
3453 1817 3531 1873 la-

2950 1904 2960 1915 '
3227 1906 3460 1975 [certum

1933 1995 2112 2067 Hujus
2136 1994 2411 2065 Apollonii
2428 1995 2574 2067 (562)
2588 1995 2936 2053 vehementer
2957 1996 3355 2054 honoriﬁcandi

1933 2087 2113 2145 Offert
2139 2088 2309 2160 gratis
2336 2087 2403 2143 ei.
2429 2088 2763 2145 Gotefredus
2795 2090 3082 2161 episcopus
3100 2091 3215 2161 egit

1931 2183 2071 2250 Hoc,
2106 2182 2235 2253 quia
2261 2180 2330 2237 de
2356 2181 2558 2237 lumbis
2584 2190 2706 2237 erat
2726 2190 2881 2238 ortus
2908 2182 3166 2254 principis
3192 2182 3387 2256 hujus;

1932 2274 2035 2330 Hic
2062 2276 2258 2346 praesul
2290 2290 2506 2331 sacram
2527 2277 2792 2332 reseravit
2819 2277 3065 2348 corporis
3089 2292 3297 2346 arcam,

1930 2371 2013 2423 Ac
2037 2368 2214 2424 secuit
2241 2370 2512 2436 membra,
2539 2385 2702 2425 cruor
2725 2378 2780 2426 et
2808 2385 2941 2427 mox
2967 2371 3170 2443 prodiit
3196 2379 3373 2429 extra.

1928 2459 2092 2518 Unde
2120 2460 2304 2517 bonus
2332 2463 2579 2535 princeps
2605 2464 2766 2521 valde
2785 2465 3040 2533 miratus,
3067 2465 3250 2521 eidem

1928 2555 2200 2610 Continuo
2224 2564 2387 2611 terra:
2415 2558 2673 2627 propriae,
2698 2558 3083 2630 decimamque
3113 2567 3352 2616 monetae

1928 2649 2115 2715 Vovit,
2144 2657 2200 2704 et
2226 2649 2320 2705 hic
2343 2665 2534 2707 secum
2554 2667 2708 2707 sacra
2736 2652 2891 2709 duxit
2911 2654 3137 2725 pignora
3169 2656 3349 2710 laetus.

1925 2743 2058 2797 Post
2077 2741 2198 2798 haec
2225 2743 2499 2797 excelsum
2519 2743 2731 2800 studuit
2754 2746 2858 2800 sibi
2888 2745 3091 2817 ﬁngere
3113 2748 3404 2817 templum,

1922 2834 2249 2906 Divinasque
2310 2834 2527 2891 scholas
2570 2837 2740 2907 (563),
2800 2846 3059 2893 canerent
3118 2855 3243 2909 qua:
3294 2839 3523 2895 dulciter

3268 2925 3451 2998 [horas

1924 3017 2098 3073 Nocte
2123 3014 2212 3073 die
2238 3015 2489 3087 Christo,
2519 3016 2712 3073 statuit
2738 3016 2820 3073 vir
2842 3016 3061 3089 opimus
3079 3017 3135 3079 in
3158 3018 3310 3091 ipso;

1856 3108 1901 3170 C
1930 3111 2151 3182 Organa
2171 3119 2479 3180 cantorum,
2514 3110 2799 3167 fabrefecit
2817 3110 3041 3168 vocibus
3064 3111 3285 3180 horum,

1920 3205 2061 3260 Cum
2087 3204 2284 3274 quibus
2304 3204 2361 3259 in
2390 3204 2594 3261 sanctis
2611 3204 2919 3276 jubilarent
2943 3205 3174 3261 vocibus
3204 3205 3349 3262 altis.

1920 3298 2258 3352 Ornamenta
2281 3296 2456 3364 bona,
2484 3297 2771 3353 rutilantes
2793 3306 2956 3369 atque
2983 3314 3218 3355 coronas

1918 3389 2001 3442 Ex
2032 3405 2170 3444 auro
2194 3388 2345 3445 claro
2374 3389 2543 3444 simul
2574 3398 2914 3462 argentoque
2942 3392 3172 3463 probato

1921 3481 2155 3548 Obtulit,
2188 3481 2275 3539 hae
2302 3497 2430 3538 vero
2447 3497 2681 3538 numero
2710 3491 2841 3538 sunt
2873 3483 2959 3539 bis
2985 3484 3258 3540 duodena:
3283 3487 3434 3555 (564)

1917 3645 2180 3720 Annales
2201 3644 2271 3702 ad
2308 3661 2514 3720 annum
2542 3650 2647 3702 957
2675 3646 2919 3704 referunt
2948 3645 3185 3704 Liudolﬁ
3237 3665 3435 3720 corpus
3473 3652 3526 3707 in

1918 3715 2279 3792 Germaniam
2319 3718 2649 3792 translatum
2694 3735 2729 3771 α
2788 3720 3085 3773 venerabili
3099 3715 3525 3792 archiepiscopo

1925 3789 2217 3845 Vilehelmo
2248 3790 2424 3856 fratre
2458 3790 2595 3858 ejus,
2621 3791 2919 3859 Moguntiaz
2963 3791 3113 3859 apud
3136 3789 3385 3846 sanctum
3420 3789 3524 3847 Ᾰι-

1920 3860 2115 3914 banum
2156 3861 2434 3934 honoriﬁce
2475 3862 2802 3934 tumuletum
2838 3862 3041 3934 fuisse.
3074 3865 3143 3916 Et
3184 3864 3410 3934 quidem
3442 3864 3523 3917 vi.

1918 3945 2071 4003 scera
2129 3938 2348 3986 tantum
2390 3931 2447 3985 in
2491 3931 2720 4003 ecclesia
2780 3932 2982 4003 sancti_
3011 3931 3267 4003 Prospéri
3308 3934 3524 3989 tumulo

1918 4001 2139 4063 tradita,
2167 4017 2371 4072 corpus
2422 4016 2551 4073 vero
2579 4002 2647 4057 ad
2680 4008 2890 4073 patrem
2936 4001 3005 4057 ab
3034 4001 3239 4059 Attene
3266 4006 3523 4070 missum,

1918 4071 2519 4142 testaturipseDonizo.
2543 4071 2702 4129 Mun'.

1992 4146 2138 4215 (560)
2162 4143 2320 4215 (Cod.
2354 4144 2576 4215 Regien.
2606 4163 2628 4215 7:
2685 4145 2789 4200 Cui
2814 4146 3114 4201 nonnullos.
3165 4144 3272 4215 Qui
3318 4144 3527 4201 fuerint

1917 4212 2320 4298 isticomitatus
2358 4212 2556 4298 A‘ttoni
2580 4214 2646 4298 (is
2670 4212 3524 4298 etiam.Adelbertus'appellatur)

1918 4233 2008 4268 isu
2029 4233 2320 4268 comitatus
2358 4233 2553 4269 Atiam
2582 4233 2646 4279 us
2670 4233 2838 4271 etiam
2867 4233 3187 4273 Aaeloertus
3205 4233 3524 4343 appellatur)

1918 4283 1986 4339 ab
2014 4286 2220 4339 Ottone
2257 4286 2353 4355 M._
2388 4290 2657 4355 Augusto,
2683 4286 3004 4353 contributi,
3060 4288 3233 4342 indica
3276 4297 3319 4342 it
3364 4286 3525 4342 nobis

1917 4354 2104 4409 charta
2146 4353 2500 4428 aBacchinio
2541 4354 2789 4426 evulgata
2843 4357 2901 4409 in
2950 4357 3215 4428 Append.
3275 4356 3347 4411 ad
3393 4357 3520 4412 hist.

1919 4433 2152 4498 monast.
2196 4425 2627 4498 Padolironens.,
2662 4425 2785 4498 pag.
2818 4432 2872 4496 3,
2907 4425 3173 4483 ubi—anno
3202 4434 3307 4483 967
3346 4427 3526 4483 nomi-

285 4503 438 4567 (555)
466 4502 636 4554 Anno
675 4503 779 4554 957
812 4496 1132 4569 Ludolphus
1174 4514 1204 4554 e
1246 4499 1378 4553 vivis
1418 4500 1663 4557 sublatus
1711 4510 1811 4559 est.
1840 4505 1892 4567 D
1922 4506 2110 4552 natum
2135 4496 2367 4569 legimus
2407 4496 2918 4569 Adalberturit,_qui
2946 4502 2997 4551 et
3034 4498 3190 4564 Atto,
3219 4500 3399 4566 gratia
3426 4501 3528 4554 Dei

204 4574 409 4643 Neque
450 4571 638 4626 statim
667 4567 1016 4643 Adelbertus:
1038 4569 1207 4643 Italia;
1232 4569 1502 4643 valedixit,
1544 4573 1640 4643 sed
1667 4589 1812 4630 anno
1876 4584 2086 4643 (comes
2121 4567 2487 4643 Mutinmsis._
2508 4570 2629 4622 Imo
2658 4567 2820 4643 simul
2844 4570 3133 4643 _Begiensis
3155 4569 3523 4643 civitatism-

201 4639 435 4698 tanium
458 4646 567 4697 962
594 4656 703 4712 quo
731 4642 866 4712 Otto
898 4641 979 4712 Μ.
999 4640 1057 4694 in
1091 4639 1305 4696 Italiam
1328 4641 1632 4699 descendit.
1665 4646 1814 4702 Con-

204 4713 463 4769 tinuator
509 4710 813 4784 Reginonis
869 4710 943 4767 ad
988 4726 1194 4784 annum
1261 4717 1368 4784 963
1422 4713 1635 4781 scribit,
1685 4725 1815 4772 tunc

204 4798 343 4839 eum
373 4784 433 4838 in
484 4782 767 4857 Corsicam
811 4795 870 4838 se
907 4782 1222 4857 recepisse._
1250 4782 1401 4857 Illius
1445 4792 1633 4857 autem
1662 4796 1816 4857 pater

205 4854 576 4924 Berengarius
602 4868 702 4909 rex
752 4854 809 4909 in
833 4868 957 4909 arce
994 4853 1168 4909 sancti
1194 4853 1396 4924 Leonis
1435 4854 1630 4911 eodem
1663 4853 1813 4914 tem-

207 4940 351 4998 pore
380 4923 419 4981 ἑ
450 4925 857 4998 Germanorum
881 4925 1125 4998 exercitu
1147 4923 1529 4998 obsidebatur.
1577 4929 1740 4986 Mun.

286 4999 442 5063 (556)
470 4996 702 5053 Codices
730 4995 904 5051 nostri
944 5012 961 5049 :
992 4998 1112 5053 Non
1139 4996 1264 5052 hinc
1291 4997 1534 5053 abiisset.
1577 5000 1742 5057 Mun.

285 5073 436 5136 (551)
478 5069 623 5141 Ergo
665 5067 880 5141 Donizo
912 5066 1142 5123 natione
1186 5067 1819 5141 Langobardosputavit

209 5137 613 5211 Berengariuin
639 5146 697 5194 et
728 5137 1083 5194 Adelbertum
1109 5156 1123 5193 :
1151 5137 1511 5209 quod'tamen
1539 5139 1817 5199 afﬁrmare

210 5225 318 5283 ego
346 5210 461 5266 non
488 5210 688 5283 ausim.
722 5212 880 5283 Mus.

288 5284 443 5353 (558)
471 5281 766 5351 Quindeni,
796 5280 853 5335 id
882 5286 967 5337 est
993 5279 1441 5352 quinquiesdeni;
1462 5279 1558 5337 sed
1584 5283 1819 5342 addendi

212 5362 349 5408 sunt
380 5361 621 5423 septem.
654 5354 825 5423 Lstn.
858 5421 865 5423 ξ
1050 5378 1055 5383 ~

290 5421 458 5489 (559)
487 5423 677 5493 Qualis
730 5421 895 5478 fuerit
958 5423 1184 5480 ecclesia
1233 5422 1370 5491 haec,
1422 5423 1573 5481 disce
1623 5439 1653 5478 a
1699 5439 1811 5480 ms.

213 5494 812 5565 EpitomeDonizonis,
840 5508 1006 5565 quam
1023 5510 1185 5565 supra
1209 5496 1509 5551 memoravi
1532 5495 1816 5550 inEstensi

212 5565 551 5621 bibliotheca
573 5574 861 5621 servatam.
902 5570 981 5621 Et
1006 5580 1171 5620 comes
1207 5567 1340 5621 Atto
1367 5567 1646 5635 honoriﬁce
1672 5581 1822 5636 sepe-

215 5637 342 5692 livit
364 5636 691 5708 praedictum
718 5636 991 5704 Litulfum
1033 5637 1108 5691 ad
1145 5639 1433 5692 Ecclesium
1460 5640 1649 5693 Sancti
1687 5639 1821 5691 Pro-

212 5709 370 5778 spari
395 5708 463 5762 de
490 5708 833 5776 Antequam,
860 5723 981 5777 qua:
1003 5712 1269 5778 estprope
1290 5712 1516 5777 pratum
1550 5710 1827 5777 Carpineti

216 5777 284 5832 in
311 5778 423 5835 loco
451 5778 547 5833 ubi
592 5778 797 5834 dicitur
840 5781 1091 5836 Zianum.
1140 5777 1370 5851 Antiqui
1415 5780 1821 5835 Germanorum

1874 4642 2028 4712 i’mes
2055 4638 2183 4712 fuit,
2211 4639 2675 4712 testegdiplomate
2707 4637 2953 4709 ejusdem
2975 4638 3198 4693 Ottonis
3221 4637 3367 4712 apud
3402 4642 3523 4712 Ug-

1925 4710 2133 4766 hellum
2172 4711 2228 4765 in
2278 4711 2404 4765 Ital.
2445 4709 2577 4781 Sac.
2620 4718 2765 4781 tom.
2798 4712 2863 4774 V,
2897 4724 3019 4781 pag.
3072 4715 3227 4764 1582.
3277 4709 3354 4764 lbi
3379 4709 3522 4765 enim

1924 4797 2067 4839 anno
2092 4786 2197 4836 964
2221 4782 2427 4836 mentio
2451 4780 2511 4835 lit
2539 4778 2831 4835 Adalbcrti
2857 4778 3052 4851 incliti
3068 4782 3282 4836 comitis
3300 4784 3525 4851 Begien-

1924 4857 2019 4921 sis,
2059 4856 2168 4907 sive
2212 4854 2531 4908 Mutinensis
2573 4851 2749 4920 ﬁdelis
2784 4850 2982 4906 nostrt.’
3028 4850 3206 4916 Adde,
3257 4850 3525 4910 Attonem

1925 4925 2109 4996 ipsum
2138 4922 2196 4977 in
2219 4923 2430 4996 chartis
2468 4921 2773 4996 Theudaldi
2799 4921 3044 4996 ejusﬁlii
3071 4923 3231 4979 titulo
3264 4926 3524 4978 marchio-

1925 4992 2011 5067 n'is
2038 4994 2234 5050 donari
2276 4993 2422 5067 apud
2463 4993 2720 5067 eumdem
2747 4992 3102 5067 Bacchinium
3140 5010 3276 5067 pag.
3318 4996 3523 5067 16136-

1926 5066 2071 5123 datae
2113 5064 2473 5136 Appendicis.
2506 5067 2647 5136 Cum
2699 5065 2759 5119 in
2802 5065 2970 5120 nullis
3013 5064 3235 5121 chartis
3264 5066 3387 5136 ipso
3413 5065 3523 5136 _vi-

1928 5147 2087 5194 vente
2111 5133 2442 5209 conscriptis
2469 5135 2627 5209 aliter
2653 5150 2821 5209 quam
2850 5151 3020 5209 comes
3047 5133 3349 5209 appelletur
3378 5133 3522 5190 idem

1931 5212 2092 5277 Atto,
2129 5207 2450 5279 suspicandi
2480 5207 2633 5263 locus
2661 5216 2748 5263 est
2775 5207 2957 5277 ipsum
2988 5207 3306 5279 defunctum
3349 5222 3396 5279 a7
3418 5222 3524 5279 no-

1927 5280 2082 5336 tariis
2149 5277 2473 5351 ampliores”
2516 5279 2703 5335 titulos
2750 5279 3039 5351 recepisse,
3096 5287 3159 5351 ut
3209 5277 3527 5333 Theudaldo

1928 5351 2229 5407 marchioni
2248 5349 2376 5423 ‘cjus
2404 5349 2516 5405 ﬁlio
2545 5354 2725 5423 major
2752 5349 3087 5423 accresceret
3124 5350 3321 5404 honor.
3354 5353 3520 5406 Mun.
3612 5355 3620 5363 ‘

2004 5424 2145 5492 (561)
2176 5421 2302 5478 νὶάζ
2329 5422 2607 5492 Martyrol.
2636 5425 2801 5477 Rom.
2828 5428 2893 5475 14
2924 5421 3076 5492 Maii.
3106 5423 3273 5477 Lam.

2003 5498 2146 5558 (562)
2175 5493 2315 5548 Vide
2346 5491 2628 5563 Martyrol.
2662 5495 2830 5547 Rom.
2866 5500 2896 5547 7
2925 5491 3080 5563 Julii.
3103 5494 3276 5547 Lam.

1999 5568 2146 5630 (563)
2198 5562 2500 5635 Collegium
2566 5563 2858 5620 hominum
2933 5562 3106 5617 sacris
3147 5563 3521 5634 operantium.

1930 5635 2151 5772 uigili)
2191 5704 2454 5762 Videatur
2502 5704 2710 5777 adjecta
2757 5701 2845 5757 hic
2887 5702 3081 5759 relatio
3144 5703 3213 5760 de
3274 5702 3527 5757 thesauro

1929 5776 2189 5832 Ecclesia:
2211 5777 2515 5834 Canusinae.
2540 5779 2706 5831 Lam.
