4052 6180
216 208 314 260 969

1115 206 1402 265 APPEND.
1443 206 1529 261 III.
1571 234 1639 248 -—
1676 206 2094 267 MONUMENTA
2130 209 2588 267 GREGORIANA.

3399 218 3503 274 970

211 332 570 406 Micrologum
617 332 821 389 librum
852 336 999 399 (572)
1024 333 1129 388 sibi
1157 334 1328 391 dictat
1356 334 1541 392 Guido
1591 338 1803 408 peritus
1832 344 1885 405 Α
1915 343 2069 411 Quos
2097 347 2361 413 superant
2385 341 2471 397 isti
2502 339 2752 397 bellando
2781 339 2989 398 duriter
3032 342 3192 416 ipsis;

210 426 470 493 Musicus,
488 426 878 493 etmonachus,
890 443 990 482 nec
1004 442 1111 482 non
1127 426 1391 483 heremita
1406 427 1677 498 beandus,
1691 440 1796 487 etc.

838 532 1075 588 CAPUT
1100 533 1190 585 VI.

207 634 360 699 Quod
403 635 656 688 nonnulli
688 635 1019 689 marchiones
1063 635 1446 702 Longobardia:
1472 636 1802 691 studuerunt

276 720 531 774 separare
557 706 904 760 Chonradum
934 724 968 759 a
1002 708 1301 773 Bonifacio,
1336 713 1387 759 et
1416 709 1557 775 quod
1577 710 1802 775 Bonifa-

276 780 386 830 cius
400 778 563 830 duxit
582 794 803 831 umorem
838 780 1165 831 comitissam
1181 779 1505 840 Richildam,
1538 784 1586 833 et
1607 780 1671 832 de
1689 794 1803 832 ma-

276 864 382 915 gno
415 848 564 909 bello,
585 850 730 917 quod
746 854 856 902 tota
870 851 989 915 fere
1012 850 1387 917 Longobardia
1416 852 1547 916 fecit
1568 865 1685 903 cum
1706 853 1801 904 Bo-

275 920 503 985 nifacio,
537 924 587 973 et
629 921 902 975 Chonrado
941 923 1002 974 in
1044 920 1323 988 Cuviliolo,
1378 923 1474 990 qui
1520 927 1597 976 est
1636 937 1803 991 prope

283 994 545 1059 Reginam
581 992 787 1045 urbem.

198 1082 290 1139 Ad
330 1083 495 1138 Iaicos
522 1082 714 1139 fratres
745 1082 935 1139 redeat
958 1083 1130 1156 stylus
1156 1083 1243 1139 hic
1268 1084 1435 1141 modo
1465 1086 1623 1157 plane

198 1177 437 1231 Illorum
463 1191 677 1231 summa
706 1178 962 1233 Canossa:
992 1193 1121 1232 cura
1150 1175 1440 1245 redundat,

192 1274 281 1329 Ut
305 1271 543 1344 genitor,
568 1272 647 1327 vel
674 1287 827 1339 avus,
855 1272 936 1328 sic
959 1272 1108 1327 illam
1132 1287 1349 1343 semper
1378 1279 1652 1341 amarunt,

195 1366 361 1421 Pacis
385 1374 680 1434 amatores,
702 1365 871 1422 fortes
898 1374 1027 1422 sunt
1046 1375 1213 1438 utque
1244 1366 1457 1434 leones;

195 1462 271 1516 Hi
305 1478 495 1534 pacem
525 1478 714 1517 veram
743 1478 869 1517 cum
889 1463 1243 1534 prosperitate
1272 1461 1549 1527 tenebant,

194 1555 471 1611 Invidiam
500 1572 720 1625 saevam,
748 1565 972 1629 propter
992 1572 1129 1628 quos
1160 1556 1336 1627 major
1355 1555 1589 1611 habebat

196 1650 699 1721 Longobardorum
728 1651 993 1706 comitum
1034 1666 1183 1721 pars,
1210 1666 1371 1705 more
1402 1651 1694 1705 malorum.

1908 435 1973 488 In
2004 435 2180 505 prima
2210 435 2390 491 fronte
2406 434 2720 491 Bonifacius
2743 435 2941 490 incutit
2964 434 3181 506 hostes;

1910 526 2070 583 Miles
2095 545 2225 584 eum
2254 528 2476 600 quidam
2506 528 2787 601 qumrebat
2805 544 2936 585 voce
2965 527 3158 599 ferina,

1910 620 2007 676 Cui
2037 620 2146 676 dux
2198 622 2428 693 insignis
2454 631 2621 694 caput
2659 622 2901 690 abstulit,
2934 624 3194 680 omnibus
3221 625 3326 683 illis

1914 714 2115 785 Ingens
2144 716 2404 770 successit
2436 714 2673 771 formido
2702 716 2919 785 mortis,
2944 726 2997 772 et
3019 718 3182 786 ensis,

1914 807 2066 875 Quos
2093 806 2250 863 caedit
2289 808 2452 864 dente
2483 815 2628 875 (578)
2664 810 2842 865 valido
2866 809 3184 868 Bonifacius
3208 827 3358 869 ense.

1912 901 2164 972 Cumque
2211 900 2463 973 fatigatus
2504 903 2673 957 nimis
2699 912 2861 971 esset,
2892 920 3005 960 non
3028 914 3315 978 superatus

1911 994 2088 1050 Vertit
2111 1010 2337 1066 equum,
2357 996 2568 1051 cunctis
2592 996 2949 1067 gaudentibus
2972 998 3216 1069 undique
3234 1002 3431 1070 turbis,

1915 1088 2172 1144 Deseruit
2207 1088 2412 1143 bellum
2437 1087 2713 1155 frendens,
2744 1089 2812 1145 ad
2848 1106 3013 1161 quem
3050 1093 3206 1163 quasi
3259 1111 3476 1164 cervus,

1915 1181 2241 1237 Chonradus
2265 1182 2466 1246 cultus,
2495 1199 2608 1255 quo
2633 1199 2753 1238 non
2787 1191 2869 1238 est
2915 1183 3112 1241 fortior
3152 1187 3319 1255 ullus,

1915 1275 2056 1330 Exiit
2084 1290 2151 1331 ex
2189 1275 2348 1343 lucis,
2376 1291 2503 1332 cum
2534 1276 2840 1349 quingentis
2860 1276 2971 1332 fere
2999 1279 3173 1333 scutis
3205 1298 3220 1334 :

1915 1371 2024 1425 Cur
2049 1368 2121 1424 ita
2148 1369 2317 1424 frater
2345 1369 2463 1425 abis
2490 1370 2728 1440 prudens
2752 1370 2846 1438 ait,
2880 1385 2913 1425 ο
2933 1370 3179 1427 Bonifaci
3202 1375 3227 1426 ?

1914 1463 2081 1517 Sume
2110 1472 2232 1518 tuas
2262 1464 2421 1530 vires,
2467 1464 2677 1534 placeat
2718 1479 3046 1535 mecumque
3091 1464 3295 1535 redire,

1918 1556 2183 1611 Hostibus
2209 1555 2294 1611 his
2318 1572 2544 1626 campus
2564 1572 2673 1612 non
2695 1556 2877 1626 detur,
2896 1557 2993 1613 sed
3020 1558 3327 1616 redeamus.

1918 1652 2153 1705 Hortatu
2181 1650 2335 1721 cujus
2367 1648 2682 1706 Bonifacius
2714 1651 2857 1707 illico
2886 1650 3080 1721 fultus,

192 1745 339 1798 Nam
371 1743 621 1799 animum
664 1749 805 1811 (573)
836 1753 1030 1799 curant
1055 1760 1179 1799 cum
1210 1742 1578 1799 sollicitudine
1628 1740 1801 1798 multa
1840 1728 1888 1789 Β
1921 1743 2151 1798 Vexillis
2177 1744 2349 1799 tensis
2394 1743 2556 1799 rediit
2579 1759 2705 1799 cum
2732 1741 2898 1800 fratre
2935 1745 3139 1801 recenti
3167 1764 3181 1801 :

195 1841 326 1893 Hos
354 1838 497 1893 inter
526 1836 719 1893 fratres
750 1834 1053 1893 fraternam
1086 1837 1282 1893 laedere
1305 1853 1513 1908 pacem,

192 1930 307 1987 Sed
335 1930 467 1987 dum
495 1930 792 1987 fraternum
821 1940 1099 2003 nequeunt
1126 1930 1325 1986 elidere
1349 1946 1567 1986 sensum

192 2028 279 2081 Ex
311 2026 442 2097 ipsis
465 2035 644 2082 ortam
665 2026 953 2083 Chonrado
975 2034 1108 2082 tunc
1128 2025 1261 2081 dare
1289 2040 1550 2096 sponsam

190 2121 528 2188 Promisere,
563 2120 730 2175 nimis
775 2120 993 2191 juvenis
1020 2119 1165 2192 quod
1205 2118 1435 2174 credidit
1462 2118 1586 2184 illis,

190 2213 385 2269 Servis
412 2213 686 2268 nonnullis
721 2212 970 2284 privatim
1002 2211 1235 2283 denique
1259 2211 1518 2283 sumptis,

191 2307 437 2380 Majoris
460 2306 640 2363 fratris
661 2307 776 2362 sine
804 2314 961 2373 nutu,
994 2306 1164 2378 pergit
1190 2306 1362 2360 inanis

189 2400 284 2458 Ad
318 2401 555 2457 comites
585 2401 728 2466 illos,
751 2416 889 2473 quos
915 2400 1079 2465 visos,
1107 2400 1314 2471 respuit
1343 2399 1483 2467 illos,

194 2495 473 2552 Germani
499 2503 738 2550 mentem
765 2494 1010 2564 placavit,
1036 2509 1165 2549 mox
1195 2494 1554 2548 vehementer

191 2589 355 2645 Facti
370 2589 690 2655 concordes,
713 2587 927 2643 confusi
957 2596 1088 2644 sunt
1111 2588 1182 2642 ob
1214 2586 1269 2642 id
1297 2585 1515 2651 hostes;

192 2682 309 2753 Qui
337 2698 470 2738 cum
497 2682 807 2747 Chonrado,
840 2698 1046 2750 servos,
1082 2681 1260 2735 ierant
1290 2678 1510 2734 titulato
1539 2680 1713 2747 (574),

191 2778 457 2835 Omnino
496 2778 745 2850 princeps
781 2778 976 2833 doctus
1005 2774 1322 2831 Bonifacius
1352 2774 1454 2828 iste

192 2873 385 2944 Ejecit
413 2871 593 2943 longe,
618 2870 861 2927 dominis
878 2870 995 2925 aliis
1020 2869 1171 2925 dedit
1200 2883 1416 2923 omnes.

194 2964 460 3022 Marchio
489 2964 793 3020 Richildam
818 2971 1153 3035 praetaxatus
1173 2962 1535 3027 comitissam,

193 3061 346 3132 Qum
376 3056 669 3114 Giselberti
699 3057 766 3114 de
795 3058 1060 3131 sanguine
1098 3055 1355 3129 principis
1386 3062 1561 3111 exstat
1592 3053 1741 3120 (575)

192 3152 380 3209 Duxit
402 3151 459 3206 in
485 3167 736 3221 uxorem,
765 3150 941 3207 fuerat
967 3150 1093 3222 quia
1123 3149 1275 3205 dives
1301 3150 1514 3204 honore
1542 3165 1555 3202 :

194 3249 340 3303 Hec
389 3261 622 3317 agapem
658 3245 887 3300 multam
920 3244 1129 3299 miseris
1175 3243 1343 3299 dabat
1374 3252 1537 3313 atque
1574 3238 1805 3303 tributa,

194 3343 341 3397 Hac
368 3336 623 3395 defuncta
637 3338 782 3411 jacet
805 3338 923 3393 sine
946 3336 1371 3410 pignoribusque
1392 3338 1623 3407 Nogara:
1638 3340 1721 3402 (57
1732 3340 1806 3401 6).

194 3436 459 3504 Cumque
486 3432 653 3488 duces
685 3432 775 3488 isti
803 3432 1013 3487 cunctis
1048 3440 1228 3487 essent
1257 3429 1490 3485 inimicis

193 3530 422 3594 Fortes,
454 3536 507 3581 et
534 3525 771 3598 grandes
799 3526 942 3582 velut
973 3534 1155 3582 essent
1174 3524 1371 3595 quippe
1400 3524 1663 3594 gigantes,

196 3624 367 3677 Tunc
394 3621 625 3692 populus
649 3620 860 3676 multus
888 3620 1347 3690 inimicorumque
1385 3615 1676 3682 tumultus,

198 3717 292 3770 Ex
320 3729 493 3785 regno
509 3722 626 3768 toto
651 3729 975 3785 prosperans
1000 3712 1053 3767 in
1080 3711 1347 3769 Cuviliolo
1382 3715 1527 3776 (577)

198 3805 552 3879 Aggreditur
579 3815 817 3875 certans,
844 3807 981 3863 istos
1005 3806 1293 3863 devincere
1322 3813 1563 3871 tentans,

286 3994 438 4056 (572)
468 3992 682 4062 Auctor
705 3988 824 4062 ejus
852 3988 1034 4045 Guido
1075 3987 1377 4045 monachus
1406 3984 1814 4042 Benedictinus.

206 4062 476 4127 Vossius,
507 4064 585 4115 De
614 4061 806 4117 scient.
855 4062 1147 4127 mathem,
1190 4075 1307 4130 cap.
1339 4066 1427 4125 22,
1460 4074 1579 4129 pag.
1611 4063 1677 4112 9f)
1706 4071 1819 4111 non

206 4149 396 4189 unum
443 4140 586 4187 errat
623 4147 892 4199 errorem,
928 4131 1289 4187 Trithemium
1340 4145 1536 4198 nempe
1579 4136 1817 4193 secutus,

204 4220 346 4261 cum
392 4218 517 4257 eum
576 4203 826 4258 floruisse
899 4203 1101 4257 scribat
1145 4218 1288 4257 anno
1346 4205 1498 4255 1070.
1552 4201 1823 4254 Praeterea

212 4276 567 4331 monachum
585 4273 717 4329 facit
735 4274 971 4330 coenobii
988 4273 1159 4329 sancti
1183 4272 1437 4327 Leufredi
1467 4269 1613 4340 apud
1637 4268 1823 4324 Ebroi-

207 4362 434 4411 censes,
469 4356 585 4400 tum
623 4347 677 4401 S.
718 4351 786 4399 It.
830 4347 894 4400 Ε.
929 4344 1287 4412 cardinalem,
1339 4352 1395 4399 et
1442 4359 1551 4397 non
1596 4341 1762 4396 alium
1790 4356 1820 4395 a

208 4416 596 4483 Guitmundo,
619 4417 981 4486 quiadversus
1006 4416 1385 4486 Berengarium
1404 4412 1822 4469 hzeresiarcham

209 4488 464 4560 scripsit.
501 4486 726 4543 Vivebat
754 4499 938 4543 autem
970 4487 1151 4543 Guido
1200 4486 1637 4560 iste‘mouachus
1676 4499 1822 4538 reve-

1909 1837 2149 1892 Pristina
2201 1837 2340 1891 bella
2369 1845 2593 1905 novant,
2628 1838 2862 1893 inimicis
2890 1853 2972 1894 vae
3009 1854 3226 1911 quoque
3255 1838 3505 1898 donant:
3538 1862 3549 1869 ν

1912 1932 2053 1984 Nam
2071 1930 2367 2001 perimunt,
2393 1930 2638 1998 caedunt,
2663 1946 2999 2003 campusque
3017 1948 3211 1989 cruore
3230 1934 3477 2006 repletur

1911 2023 2285 2095 Cornipedum
2311 2040 2467 2079 crura
2496 2023 2637 2079 fiunt
2660 2023 2736 2079 ibi
2751 2024 3011 2097 sanguine
3035 2026 3224 2096 rubra,

1908 2119 2062 2190 Quos
2092 2117 2161 2171 illi
2203 2117 2450 2183 volvunt,
2483 2116 2721 2189 fugiunt,
2773 2118 3024 2174 tribuunt
3068 2120 3213 2174 male
3239 2118 3514 2189 dorsum;

1913 2212 2069 2266 Tunc
2097 2219 2304 2282 strages
2363 2210 2585 2282 grandis
2633 2210 2923 2267 hominum
2960 2210 3085 2282 fuit,
3118 2228 3259 2285 eque
3287 2214 3515 2271 caballis

1913 2305 2129 2360 Lancea
2158 2304 2307 2376 quod
2346 2304 2533 2376 longa,
2565 2304 2717 2376 quasi
2762 2304 2985 2361 brachia
3016 2305 3188 2375 mille,
3220 2306 3291 2362 sit
3314 2308 3513 2378 audax,

1915 2399 2078 2453 Estve.
2102 2397 2366 2453 Bonifacii
2397 2398 2577 2454 visum
2616 2399 2828 2453 cunctis
2857 2399 3114 2468 inimicis,

1915 2490 2299 2561 Chonradique
2328 2500 2478 2562 spata
2505 2499 2729 2547 centum
2765 2492 2979 2548 cubitos
3007 2493 3157 2564 quasi
3188 2492 3325 2551 lata.

1916 2584 2023 2653 Qui
2056 2584 2241 2653 procul
2266 2583 2425 2654 ejecti
2452 2584 2536 2638 vix
2574 2584 2927 2657 hospitioque
2956 2588 3181 2655 reversi,

1920 2676 2155 2732 Lumina
2177 2684 2455 2731 vertentes
2476 2686 2597 2748 post
2620 2685 2833 2749 tergum
2864 2694 3008 2749 sape
3026 2680 3305 2737 timentes.

1921 2769 2245 2827 Chonradus
2273 2769 2498 2837 ductor,
2524 2771 2844 2826 Bonifacius
2890 2772 3123 2844 inclytus
3173 2773 3342 2840 ultor,

1925 2862 2187 2920 Condunt
2212 2862 2426 2934 vaginis
2459 2879 2758 2919 mucrones
2791 2865 3054 2933 sanguine
3083 2864 3305 2932 tinctos,

1927 2960 2186 3029 Dumque
2206 2972 2366 3011 suum
2414 2956 2567 3028 ponit
2595 2956 2935 3023 Chonradus,
2966 2956 3106 3012 ﬂens
3137 2956 3250 3012 fero
3276 2957 3449 3027 vobis,

1929 3050 2170 3106 Candida
2201 3050 2396 3118 lorica,
2426 3050 2599 3106 cernit
2625 3048 2774 3122 quod
2805 3051 3071 3123 sanguine
3095 3051 3288 3120 stillat,

1842 3124 1887 3186 (ί
1924 3146 2061 3199 Ecce
2086 3143 2265 3200 sciens
2292 3144 2487 3200 vulnus
2515 3143 2737 3200 fratrem
2771 3142 3049 3200 confortat
3077 3145 3388 3211 alumnum,

1916 3239 2252 3309 Illorumque
2278 3236 2511 3309 phalanx
2543 3253 2808 3309 campum
2841 3238 3061 3309 collegit
3095 3247 3151 3294 et
3179 3254 3353 3306 arma,

1924 3331 2069 3388 Urbs
2092 3346 2309 3403 quoque
2341 3332 2557 3402 Regina
2589 3330 2889 3387 Chonrado
2919 3331 3013 3387 dat
3039 3332 3372 3388 medicinam

1920 3424 2141 3480 Exstitit
2160 3424 2248 3479 hic
2268 3424 2448 3480 clarus
2472 3425 2637 3481 miles
2667 3434 2959 3497 postquam
2985 3424 3101 3481 fere
3124 3441 3309 3493 sanus,

1920 3519 2107 3590 Surgit
2129 3518 2386 3587 ludendo,
2418 3535 2529 3573 non
2557 3534 2614 3573 se
2634 3518 2874 3574 custodit
2901 3519 3132 3585 edendo,

1923 3613 2087 3668 Unde
2123 3612 2284 3667 nimis
2315 3613 2557 3666 multum
2597 3621 2951 3667 commotum
2992 3611 3175 3668 denuo
3204 3612 3404 3668 vulnus

1928 3707 2028 3760 Per
2060 3706 2239 3777 plures
2283 3721 2459 3761 annos
2485 3705 2637 3760 fratri
2668 3706 2830 3760 fletus
2865 3706 2991 3760 tulit
3016 3706 3175 3773 altos,

1926 3800 2063 3853 Nam
2086 3799 2303 3869 juvenis
2329 3799 2551 3870 pulcher
2585 3798 2651 3854 de
2681 3814 2909 3871 corpore
2945 3799 3146 3870 migrat
3168 3799 3225 3853 in
3254 3798 3417 3865 urbe;

1998 3975 2369 4032 Acrostichon
2400 3976 2521 4031 vide
2550 3977 2604 4031 in
2636 3976 2825 4032 litteris
2854 3975 3151 4031 initialibus
3178 3975 3378 4030 horum
3415 3990 3528 4031 ver-

1929 4063 2114 4115 suum,
2142 4057 2195 4103 et
2218 4049 2464 4119 quidem,
2495 4048 2793 4119 duplicem,
2835 4063 3031 4117 nempe
3070 4047 3253 4104 Guido
3276 4086 3290 4112 ,
3319 4046 3523 4101 Guido-

1929 4119 2127 4190 Incipit
2151 4129 2333 4175 autem
2349 4120 2604 4189 prologus
2630 4120 2748 4174 libri
2774 4135 2786 4171 :
2829 4122 2892 4174 Ut
2921 4136 3001 4172 me
3030 4125 3082 4172 et
3110 4120 3381 4172 naturalis
3407 4133 3521 4171 con.

1929 4191 2085 4253 ditio,
2117 4196 2169 4245 et
2188 4193 2401 4245 honoris
2418 4193 2666 4256 imitatio,
2700 4193 2998 4243 communis
3011 4190 3266 4246 utilitatis
3294 4190 3526 4255 diligen-

1932 4266 2038 4315 tem
2066 4264 2291 4328 faceret,
2324 4264 2458 4329 σιερὶ
2478 4264 2619 4315 inter
2653 4263 2767 4315 alia
2788 4265 3047 4315 musicam
3075 4265 3259 4330 pueris
3294 4262 3528 4325 tradere,

1932 4339 2037 4403 etc.
2095 4333 2247 4387 Alios
2284 4332 2359 4387 rei
2396 4332 2618 4387 musica:
2643 4332 2932 4403 scriptores
2971 4332 3350 4402 complectitur
3383 4330 3526 4385 idem

1930 4401 2121 4458 codex.
2154 4408 2306 4459 Mun.

2004 4475 2307 4539 (573)Cod.
2338 4482 2448 4529 ant.
2481 4492 2493 4528 :
2527 4477 2661 4531 Nam
2690 4476 2939 4528 nimium.
2972 4474 3141 4527 Insue.

208 4542 398 4626 8,3:
426 4559 612 4614 litteris
639 4542 906 4614 musicam
942 4542 1119 4613 artem
1162 4557 1463 4612 mandabat
1490 4572 1632 4611 anno
1663 4561 1821 4623 1022,
1852 4545 1904 4610 D
1934 4548 2073 4626 __In
2092 4545 2278 4602 codice
2303 4562 2519 4618 quoque
2550 4546 2805 4618 Regiensi
2838 4544 3062 4599 habetur
3083 4542 3257 4599 {Nam
3276 4543 3524 4596 nimium.

213 4632 401 4704 patria
435 4630 713 4696 Aretinus,
748 4632 884 4704 etin
930 4627 1662 4704 Pompusianomonasterio
1693 4642 1826 4704 euut

212 4698 408 4759 tritus.
444 4706 574 4773 Ejus
602 4711 787 4757 autem
816 4703 953 4757 liber
981 4698 1109 4756 ante
1131 4700 1579 4770 quadringentos,
1612 4707 1669 4753 ut
1689 4698 1826 4773 mihi

218 4770 544 4841 videbatur,
592 4789 764 4827 annos
799 4789 961 4827 manu
992 4779 1266 4836 exaratus,
1304 4780 1614 4825 asservatur
1652 4770 1829 4841 adhuc

218 4848 280 4901 in
307 4840 531 4901 celebri
547 4845 873 4900 bibliotheca
905 4843 1273 4900 Ambrosiaua
1298 4857 1423 4897 cum
1444 4842 1611 4895 hocce
1630 4840 1824 4896 titulo:

215 4918 547 4985 Micrologus
571 4917 631 4971 id
652 4922 729 4971 est
758 4916 923 4972 brevis
947 4932 1125 4972 sermo
1165 4915 1229 4969 de
1257 4916 1481 4968 musica.
1506 4911 1830 4968 Prmcedunt

220 4988 282 5044 hi
314 5003 509 5044 versus
531 5007 544 5041 :

300 5129 550 5187 Gliscunt
578 5128 743 5183 corda
764 5129 891 5182 meis
923 5128 1197 5181 hominum
1230 5126 1439 5181 mollita
1466 5124 1750 5189 Cumanis,

302 5204 427 5255 Una
462 5201 596 5253 mihi
619 5203 791 5253 virtus
821 5204 1127 5253 numeratos
1156 5198 1378 5252 contulit
1410 5200 1581 5264 ictus;

306 5274 369 5326 In
408 5272 525 5325 cceli
545 5288 748 5326 summo
775 5272 1092 5339 gratissima
1120 5270 1365 5323 carmina
1395 5269 1585 5335 fundo,

300 5344 452 5398 Dans
482 5344 622 5395 aulae
652 5344 855 5396 Christi
874 5356 1072 5395 munus
1098 5356 1217 5394 cum
1240 5354 1360 5393 voce
1384 5341 1640 5395 ministri.

304 5414 510 5471 Ordine
535 5430 615 5468 me
636 5416 819 5483 pinati,
850 5416 1027 5483 primo
1059 5415 1157 5481 qui
1192 5412 1431 5465 carmina
1453 5413 1610 5478 ﬁnxi.

305 5487 602 5555 Gymnasio
622 5500 799 5538 musas
824 5486 1033 5554 placuit
1057 5499 1298 5537 revocare
1322 5483 1542 5543 solutas,

310 5554 381 5612 Ut
402 5562 627 5625 pateant
659 5560 863 5625 parvis,
892 5557 1094 5610 habitae
1122 5557 1223 5608 viis
1253 5556 1507 5608 hactenus
1538 5554 1685 5607 altis.

310 5628 545 5683 Invidia:
568 5629 729 5682 telum
751 5629 987 5697 perimat
1015 5627 1226 5681 dilectio
1251 5640 1472 5679 mecum.

311 5701 451 5753 Dira
474 5700 694 5771 quidem
710 5693 877 5769 pestis
908 5699 1033 5753 tulit
1061 5699 1240 5771 omnia
1269 5694 1538 5771 commoda
1566 5693 1729 5771 terris

321 5768 523 5827 Ordine
548 5786 631 5825 me
648 5768 832 5841 pinxi,
855 5772 1041 5839 primo
1065 5770 1163 5837 qui
1185 5769 1430 5822 carmina
1452 5768 1610 5836 ﬁnxi.

530 5861 757 5915 PATBOL.
796 5859 1060 5913 CXLVIII.

1934 4620 2095 4675 Mnn.

2007 4694 2152 4756 (574)
2207 4690 2326 4744 Hoc
2383 4697 2465 4743 est
2523 4701 2705 4744 servos
2756 4687 2898 4756 illos,
2946 4686 3039 4757 qui
3082 4700 3210 4739 cum
3272 4682 3531 4753 praedicto

1934 4760 2223 4819 Chonrado
2263 4760 2451 4814 ierant.
2486 4763 2565 4814 Ita
2594 4768 2646 4813 et
2678 4757 2819 4813 infra
2875 4765 3201 4831 praetexatus
3246 4771 3346 4826 pro
3372 4766 3529 4812 antea

1934 4841 2290 4888 memoratus.
2324 4834 2487 4886 Mue.

2008 4909 2150 4969 (575)
2172 4902 2305 4958 Cod.
2330 4911 2461 4969 ant.,
2487 4918 2600 4963 ean,
2624 4900 2678 4955 id
2700 4909 2783 4956 est
2806 4904 2933 4956 exit.
2969 4900 3137 4955 LEIB.

2006 4976 2191 5030 Codex
2219 4973 2534 5029 Padolirou.
2564 4982 2616 5028 et
2656 4974 2769 5043 ipse
2797 4981 2980 5041 aperte
3006 4971 3194 5043 habet,
3235 4974 3370 5025 emit.
3392 4971 3528 5043 .lam

1927 5062 2047 5117 cap.
2080 5053 2133 5115 8,
2168 5061 2288 5117 pag.
2324 5052 2391 5101 55
2420 5042 2685 5117 Antiquit.
2711 5048 2907 5117 Esten.
2934 5042 3170 5117 ostendi,
3192 5042 3529 5117 _Richildam

1930 5113 2071 5174 hanc
2123 5113 2441 5173 comitissam
2476 5113 2589 5171 non
2620 5115 2910 5173 Giselberti
2950 5114 3164 5170 comitis
3189 5113 3533 5168 Lucemburo

1929 5190 2137 5262 gensis,
2165 5189 2260 5262 sed
2279 5190 2515 5262 quidem
2554 5186 2848 5243 Giselberti
2874 5188 2927 5242 in
2956 5188 3108 5262 Italia
3130 5186 3341 5262 comitis
3371 5184 3529 5262 Pala-

1932 5256 1999 5316 tii
2026 5261 2192 5316 filiam
2210 5256 2400 5324 fuisse,
2430 5270 2484 5315 et
2508 5276 2572 5316 ex
2590 5263 2807 5314 natione
2823 5258 3232 5326 Langobardica
3258 5256 3525 5327 originem

1932 5333 2179 5388 traxisse.
2215 5334 2378 5387 Mun.

2007 5410 2149 5469 (576)
2181 5406 2245 5457 In
2277 5402 2478 5477 oppido
2508 5399 2856 5477 Veronensis.
2879 5397 3012 5477 agri.
3044 5398 3233 5477 Mus;
3325 5466 3337 5477 _
3454 5465 3465 5477 .

2006 5480 2153 5540 (577)
2199 5470 2507 5529 Msféodex
2546 5476 2730 5528 Esten.
2766 5470 2857 5526 ubi
2890 5470 3149 5539 Epitome
3191 5470 3527 5540 Donizonis,

1937 5539 2056 5602 haec
2111 5545 2419 5615 suppeditat
2443 5567 2453 5601 :
2497 5547 2567 5599 Et
2596 5546 2689 5598 hoc
2713 5544 2825 5615 fuit
2850 5544 2906 5594 in
2929 5541 3059 5615 villa
3090 5539 3345 5615 Cuvilioli
3370 5546 3532 5615 prope

1938 5611 2194 5686 Reginam
2221 5611 2499 5672 civitatem
2533 5632 2634 5685 per
2679 5613 2910 5667 milliare
2937 5617 2987 5666 et
3013 5612 3322 5667 dimidium.
3368 5611 3529 5663 Nunc

1942 5688 2188 5744 Coviolo.
2224 5690 2276 5742 Μ
2285 5703 2385 5743 un.

2013 5762 2157 5825 (578)
2187 5758 2321 5815 Cod.
2359 5756 2693 5826 ant.,dense.
2726 5755 2898 5809 Lm).

3115 5847 3173 5895 3!
