4052 6180
576 217 671 269 971
1580 209 1671 261 AD
1709 178 1939 261 0pm
1975 206 2032 261 s.
2071 202 2391 260 ensoonn
2426 200 2863 258 APPENDICES.
3743 203 3826 254 972

572 336 661 393 Ad
685 336 842 409 cujus
863 336 1021 393 funus
1062 332 1264 389 Trinus
1288 331 1557 405 rogitatur
1586 339 1641 387 et
1678 334 1863 399 Unus,
2191 332 2245 395 Α
2346 328 2499 384 Clara
2544 326 2711 382 fuisse
2742 312 2855 381 scio
2883 331 3034 396 gesta
3060 320 3348 379 Bonifacii.

577 432 660 487 Ut
682 431 782 486 sibi
822 436 1047 501 peccata
1071 426 1245 482 donet
1273 425 1629 497 requiemque
1673 425 1915 482 beatam.
2271 421 2531 495 Quisquis
2560 428 2709 475 amat
2739 419 2939 476 rutilos
2964 419 3195 474 retinere
3219 415 3473 473 decenter
3495 416 3728 481 honores,

577 525 757 597 Hujus
785 529 930 590 (579)
957 518 1023 578 ad
1050 523 1334 593 exsequias
1369 530 1496 577 sunt
1528 521 1745 594 agmina
1784 528 1970 577 sancta
1996 518 2165 591 petita
2342 520 2514 571 Actus
2551 514 2667 587 ejus
2708 522 2876 582 amet,
2926 521 3120 569 noscat
3152 527 3245 568 eos
3289 511 3504 567 rutilos.

574 622 855 690 Quatenus
874 618 927 672 in
952 617 1157 673 coelum
1181 624 1461 687 praestent,
1489 615 1635 688 quod
1664 616 1742 671 eis
1769 615 2011 670 societur
2042 632 2055 670 :
2273 609 2500 681 Ingenio
2538 609 2710 681 viguit
2748 624 2912 664 sensu
2946 607 3138 662 similis
3167 605 3428 673 Danielis,

573 710 899 768 Pontiﬁcum
936 718 1131 780 enatus,
1159 726 1227 767 ex
1280 711 1433 767 omni
1477 716 1762 765 stemmate
1808 710 1985 764 clerus
2344 706 2495 759 Dum
2545 719 2679 774 puer
2706 703 2824 773 ipse
2870 701 2994 768 fuit,
3022 700 3241 773 ingenio
3266 699 3456 771 viguit.

572 803 763 860 Adfuit
786 803 855 861 ad
880 813 1099 861 tantum
1141 812 1276 861 tunc
1315 802 1575 861 athletam
1606 801 2021 859 tumulandum.
2274 797 2515 853 Pulcher
2551 806 2606 853 et
2632 797 2883 869 egregius
2905 796 3181 867 speciosus
3210 802 3436 864 eratque
3467 792 3705 859 decorus,

578 897 841 970 Egregius
882 898 1049 955 frater
1093 914 1339 967 sumens,
1389 897 1682 969 fratrisque
1726 896 1955 953 cadaver
2346 891 2610 947 Providus
2637 898 2702 945 ut
2740 889 2968 961 Joseph,
2998 888 3226 961 pulcher
3271 896 3324 944 et
3345 888 3613 959 egregius.

571 993 787 1050 Detulit
808 992 878 1049 ad
899 1001 1081 1049 tutum
1117 1001 1355 1064 patrum,
1380 1000 1688 1047 matrumve
1707 993 2036 1063 sepulcrum,
2274 987 2470 1042 Factus
2500 992 2561 1039 ut
2582 992 2665 1041 est
2684 985 2919 1057 juvenis,
2942 983 3143 1039 meruit
3171 989 3520 1053 statuamque
3545 982 3711 1037 Saulis

572 1085 790 1143 Scilicet
813 1084 884 1141 ad
911 1086 1186 1158 templum
1216 1086 1550 1142 Canusinum
1583 1084 1947 1141 reverendum
1972 1101 1986 1140 :
2346 1082 2611 1151 Prospere
2640 1087 2834 1135 cuncta
2864 1078 3023 1150 regit,
3055 1075 3231 1132 factus
3257 1083 3319 1130 ut
3346 1084 3431 1131 est
3447 1074 3677 1147 juvenis.

570 1182 888 1236 Innumerae
916 1187 1105 1252 gentes
1148 1195 1336 1236 secum
1368 1180 1436 1235 de
1476 1178 1643 1234 fratre
1670 1178 1918 1235 dolentes
2273 1176 2335 1229 In
2364 1174 2555 1230 cuneis
2582 1174 2831 1246 equitans
2855 1171 3086 1228 humero
3120 1170 3247 1228 Saul
3295 1171 3522 1237 eminet,
3558 1170 3681 1241 ipsis

574 1274 943 1341 Concurrunt,
976 1287 1135 1329 voces
1154 1272 1221 1329 de
1247 1272 1339 1328 tali
1362 1273 1605 1344 dantque
1635 1272 1859 1328 barone.
2344 1268 2450 1323 Hic
2479 1283 2698 1340 quoque
2728 1268 2907 1338 major
2935 1273 3055 1321 erat
3077 1266 3139 1321 in
3167 1264 3357 1321 cuneis
3382 1264 3643 1336 equitans.

574 1372 678 1426 Ast
707 1368 800 1423 ubi
838 1366 1094 1424 conditus
1120 1366 1278 1422 miles
1315 1365 1419 1423 fuit
1448 1366 1549 1422 iste
1593 1367 1821 1439 peritus,
2271 1360 2493 1418 Viribus
2518 1377 2640 1417 acer
2678 1368 2795 1417 erat
2818 1360 2999 1418 Goliae
3028 1359 3174 1415 velut
3203 1358 3289 1414 ille
3325 1366 3657 1431 peremptor,

573 1460 806 1533 Spiritus
834 1477 862 1515 a
899 1460 1073 1532 poenis
1105 1460 1242 1515 liber
1270 1467 1433 1531 queat
1458 1468 1518 1515 ut
1550 1457 1669 1516 fore
1698 1459 1878 1527 tetris,
2345 1456 2454 1526 Qui
2480 1455 2659 1523 labiis,
2691 1455 2966 1522 manibus,
2999 1453 3204 1509 viribus
3242 1469 3364 1508 acer
3406 1460 3546 1509 erat.

572 1554 763 1610 Donat
780 1553 1073 1625 Apollonio
1107 1562 1292 1611 sancto
1318 1556 1628 1611 Germanus
1669 1555 1722 1609 in
1752 1554 1840 1610 illo
2271 1552 2597 1605 Innumeras
2622 1547 3089 1619 habuitsapientis
3115 1562 3246 1619 opes
3276 1546 3613 1613 Salomonis,

571 1651 843 1719 Tempore
870 1647 1215 1706 fructiferam
1240 1658 1452 1705 curtem
1500 1649 1777 1721 Cagnaula
1802 1656 2051 1705 vocatam
2198 1719 2215 1721 Α
2342 1647 2484 1700 Nam
2514 1642 2707 1699 mundi
2745 1658 2976 1714 pompas
3004 1643 3324 1697 innumeras
3353 1639 3581 1707 habuit;

574 1742 721 1799 Anni
760 1742 974 1800 terdeni
1008 1751 1139 1799 tunc
1162 1744 1320 1798 Verbi
1351 1744 1496 1799 mille
1526 1719 1716 1799 sereni.
2192 1719 2241 1783 Β
2270 1741 2381 1794 Res
2408 1738 2508 1793 sibi
2534 1738 2679 1793 nulla
2717 1736 2869 1794 deest
2895 1744 3076 1805 terrae,
3100 1735 3377 1807 pontique,
3410 1735 3649 1806 polique,

1181 1847 1419 1903 CAPUT
1436 1848 1557 1901 VII.
2162 1871 2166 1875 ρ
2345 1833 2411 1887 Se
2454 1832 2731 1904 sapienter
2755 1847 2946 1903 agens,
2978 1846 3065 1887 res
3095 1829 3199 1885 sibi
3228 1829 3375 1884 nulla
3406 1828 3582 1896 deest,

644 1938 779 2006 Quot
822 1940 1153 1995 marchioncs
1204 1942 1404 2009 sepulti
1444 1944 1571 1995 sunt
1598 1939 1747 2010 apud
1775 1938 2087 1994 Canossam.
2273 1926 2483 1983 NObiiiS
2510 1925 2600 1981 hic
2625 1925 2811 1982 ἀίάίοίῖ
2829 1925 2949 1997 Pius
2976 1924 3184 1979 ουηοιίδ
3208 1922 3430 1994 ἀδρδίιίε
3467 1938 3617 1989 esse;

568 2033 765 2089 Laudo
794 2034 1031 2089 Canossa
1059 2036 1265 2099 Deum,
1297 2033 1436 2088 mihi
1466 2033 1557 2104 qui
1583 2032 1852 2088 concessit
1877 2049 2161 2089 amoenum
2348 2020 2560 2092 Largiri
2603 2020 2776 2075 valide
2804 2018 3004 2075 nobilis
3033 2018 3119 2074 hic
3150 2017 3363 2073 didicit.

568 2124 814 2195 Tempus
836 2124 1039 2180 habere
1062 2125 1222 2180 bonis
1254 2142 1382 2181 cum
1418 2126 1750 2196 principibus
1792 2126 2089 2198 generosis,
2275 2114 2453 2171 Prisca
2480 2112 2682 2186 Sibylla
2713 2114 2878 2180 οθυίῐν
2903 2129 3089 2185 quem.
3120 2111 3207 2167 οιιῖ
3234 2110 3402 2167 mOdO
3433 2108 3641 2165 οτεάίῐθ
3662 2104 3831 2171 cuncti.

571 2219 727 2288 Quos
755 2217 925 2275 habui
946 2220 1095 2274 vivos
1122 2218 1308 2274 dulces
1332 2219 1591 2275 dominos
1619 2221 1926 2288 etamicos,
2346 2207 2555 2275 scribo,
2581 2206 2732 2279 (100d
2760 2223 2826 2264 cx
2848 2208 2952 2262 ίεῒο
2988 2207 3164 2278 Prisca
3192 2204 3397 2277 Sibylla
3424 2205 3597 2259 canit-

569 2310 873 2367 Defunctos
900 2320 1128 2368 cunctos
1174 2313 1350 2368 merui
1376 2313 1647 2369 tumulare
1662 2315 1949 2386 sepulcro;
2276 2305 2409 2359 Esse
2448 2305 2492 2359 Β
2520 2302 2853 2375 Ρΐίηοίρίυῐη
2893 2302 3047 2357 ἀυοίε
3076 2301 3207 2357 ius“
3242 2300 3389 2369 (535)
3418 2297 3654 2355 nominis
3679 2296 3831 2368 huius:

567 2405 702 2461 Inde
714 2420 873 2461 meus
886 2406 1156 2478 planctus,
1173 2408 1352 2477 dolor,
1368 2408 2164 2480 etlacrymaarevelantur(580)
2346 2399 2473 2453 N011
2503 2397 2712 2452 ratione
2738 2405 2887 2452 caret
2906 2411 3025 2451 esse
3048 2398 3091 2451 Β
3118 2394 3471 2467 Ρτίηθίρίυω·

570 2500 811 2555 Maxime
848 2501 1087 2556 natalem
1130 2501 1344 2558 celebro
1392 2501 1532 2559 dum
1578 2502 1771 2559 mortis
1798 2518 2017 2559 amarae.
2272 2490 2561 2564 Limpidus
2585 2498 2748 2563 atque
2776 2490 2955 2547 bonus
2972 2488 3108 2546 facie
3140 2487 3459 2545 Bonifacius
3495 2494 3684 2551 exstat,

566 2592 856 2650 Pontiﬁces
887 2594 1048 2651 ambo
1111 2600 1258 2663 (581)
1289 2604 1420 2652 sunt
1448 2612 1478 2651 a
1505 2604 1723 2668 patrum
1766 2598 1955 2668 procul
1985 2605 2161 2652 antro.
2347 2585 2574 2641 Artibus
2601 2588 2757 2654 (586)
2780 2592 2836 2639 εἴ
2871 2583 3033 2640 ἀίεῒίε
3064 2581 3324 2654 limpidus
3366 2590 3541 2654 atque
3564 2582 3745 2636 bonus-

563 2685 711 2749 Mors
740 2687 1079 2761 lldegardam
1102 2690 1245 2762 rapit
1267 2690 1390 2746 idus
1413 2691 1574 2746 tertio
1600 2691 1767 2747 Sabat
1787 2696 1958 2759 (582).
2274 2682 2406 2736 Esse
2434 2679 2731 2751 prOphetat
2756 2695 2886 2735 eum
2916 2677 3267 2750 locupletem,
3298 2676 3715 2748 paciﬁcumque.

564 2782 693 2839 ldus
719 2784 934 2839 Attonis
963 2785 1207 2839 animam
1236 2784 1433 2841 Februi
1461 2785 1583 2840 tulit
1603 2786 1755 2841 olim.
2343 2774 2621 2830 Victorem
2640 2764 2851 2846 iugiter
2869 2788 2986 2829 esse
3011 2770 3300 2844 prophetat
3325 2785 3477 2827 eum.

565 2873 698 2930 Idus
718 2883 909 2931 octavo
931 2875 1099 2931 Madii
1124 2882 1291 2945 (583),
1321 2877 1450 2947 ﬂeo,
1476 2877 1655 2934 condo
1691 2877 2016 2935 Tedaldum.
2269 2872 2403 2940 Quw
2460 2868 2656 2924 mlliicl‘
2702 2867 2906 2924 cecinit
2957 2866 3025 2923 de
3068 2876 3144 2937 te,
3217 2865 3356 2921 bone
3397 2864 3539 2933 dux,
3612 2856 3833 2923 imbuis“.

572 2967 707 3024 ldus
735 2977 791 3025 tu
844 2970 979 3026 Julii
1008 2969 1365 3027 Chonradum
1399 2972 1559 3028 tertio
1588 2972 1765 3044 punis.
2338 2965 2477 3019 Vera
2505 2960 2672 3018 fuisse
2690 2978 2832 3032 reor,
2864 2976 2986 3033 quae
3012 2959 3207 3016 mulier
3234 2958 3448 3015 cecinit.

563 3061 892 3135 Rodulphus
919 3072 1093 3120 terras
1115 3064 1346 3133 dimisit,
1368 3072 1421 3121 et
1445 3072 1569 3122 ante
1596 3065 1876 3122 Kalendas

2204 3124 2241 3135 Α
2270 3054 2449 3112 Multa
2491 3055 2673 3111 locuta
2704 3054 2806 3110 fuit
2834 3054 2904 3110 de
2932 3054 3170 3120 Christo,
3192 3052 3543 3124 judicioque,

572 3124 797 3229 Augusti
826 3157 981 3213 denis
1007 3124 1347 3230 duojunctis
1373 3159 1575 3232 quippe
1589 3159 1800 3217 diebus.
2198 3124 2243 3188 ϐ
2346 3148 2591 3221 Fineque
2618 3149 2684 3221 de
2706 3148 2897 3203 mundi
2927 3147 3103 3203 Πιυιίᾶ
3130 3147 3307 3203 locum
3341 3144 3488 3213 Ῐιιίῐὸ

564 3250 736 3306 Binos
766 3259 893 3307 ante
922 3251 1037 3308 dies
1063 3255 1343 3325 Augustus
1370 3251 1607 3326 denique
1644 3254 1811 3309 ﬁnem
2279 3243 2470 3300 Nobile
2501 3242 2816 3321 conjugi‘um
2847 3241 3039 3298 tribuit
3080 3245 3251 3309 Deus,
3288 3248 3344 3295 et
3380 3240 3480 3295 tibi
3515 3240 3750 3312 dignum,

571 3345 753 3415 Quam
780 3354 1019 3418 caperet,
1038 3351 1181 3402 terra
1204 3345 1309 3403 fuit
1325 3355 1377 3403 et
1405 3347 1575 3419 proba
1598 3348 1799 3405 Guillia
1820 3351 1974 3416 (584)
1999 3355 2163 3405 tecta.
2346 3338 2545 3409 Μδευδ
2580 3336 2798 3391 Βθθῖτίπ
2828 3343 2912 3391 θεῖ
2936 3334 3123 3391 While
3151 3334 3496 3407 coniugium-

567 3438 684 3494 Hos
711 3454 844 3495 saxo
871 3440 979 3495 texi
1008 3457 1135 3497 cum
1157 3441 1295 3497 natis
1318 3449 1485 3513 atque
1510 3442 1724 3514 puellis,
2274 3431 2454 3502 Stirpe
2474 3429 2578 3486 fuit
2615 3429 2796 3501 genita
2819 3428 2984 3502 regali
3022 3432 3168 3495 (587)
3198 3428 3424 3500 pulchra
3462 3427 3679 3484 Beatrix
3697 3423 3834 3497 (588i.

571 3532 731 3602 Quos
762 3535 905 3590 Deus
929 3532 1001 3590 ad
1022 3535 1203 3591 caulas
1226 3536 1466 3607 paradisi
1493 3534 1661 3591 ducat
1687 3544 1742 3592 et
1761 3536 1913 3592 aulas
1937 3552 1951 3589 :
2347 3524 2613 3597 Majorcm
2642 3523 2831 3578 mundi
2860 3524 3027 3595 stirpe
3066 3521 3173 3578 fuit
3194 3523 3399 3595 genita.

563 3627 691 3682 Non
718 3625 892 3683 baadis
916 3628 1065 3684 misti
1114 3628 1309 3685 sinceri
1335 3629 1448 3684 sint
1463 3628 1562 3686 sed
1597 3630 1774 3697 ovilia,
2274 3616 2561 3690 Splenduit
2588 3617 2700 3689 ipsa
2729 3617 2845 3672 Lire
2881 3616 3093 3688 procul,
3126 3625 3181 3671 et
3210 3615 3463 3671 Rachelis
3494 3615 3716 3680 honore,

570 3718 780 3774 Pascua
806 3736 916 3791 quo
946 3720 1145 3777 Christi
1170 3730 1397 3792 pascant
1421 3721 1537 3777 sine
1578 3721 1684 3778 ﬁne
1724 3722 1965 3797 benigni.
1991 3700 2167 3779 Amen

1991 3700 2167 3779 Amen
2346 3714 2429 3769 Ut
2457 3712 2678 3784 sapiens
2711 3712 2875 3766 Saraa
2902 3709 3180 3782 splenduit
3208 3709 3322 3782 ipsa
3347 3710 3579 3781 procul;

1137 3827 1386 3882 CAPUT
1424 3827 1572 3880 vm,
2274 3808 2399 3863 Una
2423 3805 2595 3878 ﬁgura
2621 3804 2945 3871 Beatricem,
2966 3800 3313 3860 Bonifacium
3341 3803 3457 3872 dat,

568 3912 733 3986 Cujus
761 3920 1007 3995 staturae,
1030 3922 1082 3995 et
1103 3921 1255 3995 cujus
1267 3920 1563 3995 qualitatis
1589 3920 1806 3995 exstitit
1831 3918 2164 3995 Bonifacius,
2345 3899 2657 3995 Ambomm
2680 3914 2886 3955 nomen
2914 3914 3023 3995 “Pa
3060 3897 3237 3995 βευτε
3268 3899 3313 3952 Β
3340 3896 3453 3953 δεῖ·

786 3994 837 4043 et
866 3990 1002 4058 quid
1028 3990 1094 4044 de
1122 3993 1236 4059 ipso
1273 3992 1481 4060 Sibylla
1531 3990 1977 4060 prophetizavit.'
2274 3994 2414 4050 Sunt
2432 3992 2674 4049 bonitate
2703 4008 2879 4065 pares,
2908 3992 3240 4048 simulantur
3278 3996 3421 4058 (589)
3450 3990 3751 4055 nobilitate,

569 4083 740 4141 Gesta
770 4086 1044 4143 Bonifacii
1092 4090 1328 4159 populus
1365 4105 1558 4161 precor
1600 4088 1791 4146 audiat
1810 4090 1993 4147 omnis
2022 4108 2036 4147 :
2344 4087 2687 4145 Conveniunt
2713 4085 2873 4156 bene,
2897 4086 2991 4158 qui
3013 4093 3145 4142 sunt
3167 4085 3415 4143 bonitate
3438 4100 3622 4158 pares.

644 4255 786 4318 (579)
815 4254 951 4312 Cod.
977 4255 1234 4327 Regien.:
1267 4257 1453 4329 Cujus.
1484 4259 1659 4315 LEIB.
2344 4260 2549 4313 Verum
2587 4257 2640 4313 hi
2666 4272 2855 4313 versus
2874 4256 3091 4329 nullum
3124 4272 3251 4313 cum
3271 4252 3719 4329 antecedentibus
3735 4262 3843 4329 seq-

640 4330 782 4394 (580)
807 4324 1217 4402 In_msto.'cod.
1245 4324 1519 4402 Regiensi,
1542 4333 1865 4387 relevantur.
1894 4331 2053 4387 Mum
2274 4344 2397 4384 sum
2429 4329 2717 4402 recidentes
2744 4328 3100 4402 transferendi
3132 4337 3283 4383 erant
3312 4326 3454 4402 infra
3508 4326 3581 4383 ad
3626 4340 3736 4402 cap.
3762 4324 3840 4402 i6-

649 4392 808 4473 (581)
831 4399 893 4455 Id
923 4409 1007 4455 est
1047 4392 1365 4457 Gotefridus
1392 4392 1678 4473 episcopus
1728 4402 2026 4457 Brixiensis
2046 4445 2061 4469 ,
2112 4412 2165 4459 et
2271 4402 2412 4473 Tum
2443 4400 2530 4454 hic
2566 4400 2792 4473 deerant
2818 4399 2932 4473 alii,
2960 4416 3099 4473 quos
3127 4416 3276 4473 nunc
3304 4399 3534 4473 suppleo
3562 4414 3627 4454 ex
3656 4392 3848 4473 duobus

566 4470 1198 4563 ThedaldusepiseOpus
1218 4465 1487 4530 Aretinus
1511 4465 1767 4529 tumulati
1795 4473 1850 4527 in
1875 4474 1988 4528 suis
2018 4465 2165 4545 q'uis-
2191 4500 2242 4563 Β
2276 4471 2433 4563 [tristis
2458 4471 2711 4563 Ριρεὶφὲ
2737 4487 2797 4525 ac
2816 4465 3244 4527 Padol'ironensi.
3276 4465 3546 4551 Dialogus
3576 4482 3702 4563 ergo
3723 4465 3847 4563 linter

577 4559 681 4615 que
704 4536 968 4598 ecclesiis:
997 4536 1157 4601 MU'n.
1460 4580 1461 4583 η
1592 4614 1601 4615 7
2032 4536 2050 4545 ’
2192 4536 2241 4563 υ
2270 4536 2627 4615 Canossam'et
2648 4545 2952 4605 Mantuam,
2976 4551 3167 4615 utpote
3192 4558 3304 4597 non
3324 4536 3612 4615 pertinens
3637 4536 3703 4615 ad
3723 4536 3848 4615 hunc

639 4619 781 4680 (582)
822 4616 927 4688 Pro
955 4616 1192 4671 Sabbato
1222 4614 1753 4688 scriptumgvidetur.
1804 4617 1875 4670 At
1918 4616 2041 4686 quis
2072 4616 2161 4671 hic
2268 4612 2475 4679 locum,
2524 4614 2663 4688 infra
2718 4623 2845 4688 post
2890 4605 3162 4670 narratam
3220 4605 3484 4669 Bonifacii
3533 4605 3848 4669 marchionis

568 4685 719 4741 locus
756 4683 1016 4753 Sabbato,
1064 4704 1192 4743 cum
1226 4683 1433 4744 mensis
1477 4686 1723 4744 facienda
1775 4694 1859 4743 est
1908 4683 2160 4744 mentio?
2265 4693 2505 4740 mortem
2535 4683 2950 4756 legetui.Mun.

570 4759 780 4838 ΜΨῨ-.
806 4829 859 4838 --
901 4827 931 4838 ..
989 4831 1015 4838 -

2337 4761 2483 4838 (585)
2509 4758 2803 4838 fortassis,
2822 4760 2959 4838 iii/it.
2977 4758 3147 4838 Μιτιι.

642 4827 957 4908 (585)1ylaii.
989 4831 1152 4885 LBIB.
1192 4900 1205 4908 _
1281 4900 1292 4908 _
1446 4904 1486 4908 _
1559 4905 1591 4908 Α
1664 4903 1723 4908 __
1816 4904 1839 4908 _
1989 4904 2041 4908 ῃ
2337 4829 2485 4908 (586)
2509 4827 3361 4908 histuscod._Regien.,Actibus.
3393 4829 3558 4908 Non.

642 4892 705 4954 In
734 4892 990 4972 Epitome
1022 4908 1160 4955 msta
1192 4900 1389 4972 legitur
1418 4904 1619 4958 :Tertio
1656 4903 1785 4959 Idus
1804 4904 1933 4957 Jan.
1984 4904 2041 4958 Μ
2052 4917 2150 4958 un.
2335 4892 2480 4972 (587)
2518 4900 2777 4972 Beatricis
2810 4892 3041 4955 ducissaz
3090 4892 3312 4955 brevem
3337 4898 3583 4953 tabulam
3609 4892 3844 4971 genealo-

641 4975 784 5052 (58‘4)
822 4969 1028 5052 Eadem
1052 4969 1491 5052 Epitorﬁetrnsta
1521 4994 1533 5029 :
1576 4976 1647 5052 Et
1676 4976 1949 5052 corpitissa
1976 4975 2155 5052 Guz'lia
2263 4969 2587 5052 gicamA’vide
2608 4972 3155 5052 pag_.‘64,n4ntiquit..
3185 4975 3371 5052 listen.
3406 4973 3574 5052 Iliun.

559 5043 859 5114 penultz’mo
884 5040 972 5095 die
1014 5038 1463 5112 (antepenultimo
1507 5044 1859 5098 scribendum
1896 5050 2030 5108 erat)
2068 5045 2157 5101 die
2264 5038 2486 5114 ’(588)
2528 5038 2963 5107 Ηδόνῐνὶάιι,’ἰίιίδ
2990 5038 3206 5099 Henrici
3231 5043 3495 5113 Aucupis,
3515 5054 3680 5098 soror
3706 5038 3849 5092 Otto-

567 5112 833 5183 Augusti,
874 5117 1202 5187 cumppueris
1227 5119 1277 5169 et
1321 5116 1517 5187 puellis
1536 5114 1721 5187 jaceat
1751 5117 1809 5168 in
1834 5131 1938 5187 uno
1974 5131 2160 5169 monu-
2264 5112 2351 5170 nis
2376 5115 2560 5187 Magni
2592 5115 3109 5187 peperitﬂugonem
3132 5112 3417 5187 (Capetum
3441 5114 3621 5187 vulgo)
3655 5120 3846 5187 regem,

566 5178 761 5266 merito.
794 5178 1109 5266 Estadhuc
1139 5185 1193 5266 in
1214 5178 1682 5266 ltiufinensislagri
1717 5186 2022 5266 .montib‘us
2069 5201 2157 5266 ρει·
2264 5192 2320 5266 et
2358 5178 2687 5266 Beat'rice'm',
2740 5201 2862 5256 quae
2911 5178 3423 5266 :iiuptamFri'derico
3462 5178 3684 5266 seniori
3724 5178 3843 5234 'duci

566 5257 785 5311 stellum
814 5256 1060 5328 Cuilliae,
1110 5257 1198 5311 cui
1254 5255 1503 5312 fortassis
1533 5254 1760 5311 illustris
1804 5256 1920 5312 haec
1950 5256 2158 5313 femina
2265 5257 2711 5328 Mosellanorum,
2745 5254 2953 5328 peperit
3003 5254 3059 5328 ei
3078 5256 3473 5328 Theodericum
3506 5254 3728 5328 ducem,
3766 5264 3845 5328 pa-

563 5326 965 5401 nomendedit.
1049 5319 1058 5325 ’
1551 5398 1565 5401 ᾼ
1594 5398 1603 5401 Α
1886 5400 1913 5401 η
2262 5335 2406 5383 trem
2457 5319 2721 5401 Friderici
2745 5319 2935 5395 idiicis,
2976 5327 3135 5401 cujus
3166 5329 3279 5401 ﬁlia
3308 5327 3589 5401 fuit_h_a_2c_
3617 5319 3842 5401 Beatri}.

634 5401 697 5454 ln
723 5398 884 5454 editis
910 5397 1208 5481 hucusque,
1238 5406 1412 5481 atque.
1425 5398 1567 5481 apud
1590 5398 1768 5481 ipsum
1800 5400 2155 5481 Ifeibnitium,
2265 5406 2327 5453 ut
2347 5414 2411 5452 ex
2438 5397 2667 5481 antiqua
2708 5389 3025 5481 genealogis!
3043 5389 3232 5481 'saneti
3264 5397 3527 5479 Arnulphi
3573 5396 3721 5481 bene
3760 5389 3845 5481 ob:

563 5478 881 5552 quanquam
914 5470 959 5526 is
1010 5470 1251 5526 Vaticani
1292 5469 1649 5552 codicis_ope
1690 5471 2037 5552 fuerit_usus,
2069 5473 2149 5552 luj
2261 5470 2509 5552 servavit
2535 5469 2733 5525 FrancI
2773 5472 2906 5552 Mar.
2946 5469 3317 5552 Florentinus,
3367 5469 3458 5543 qui
3496 5482 3600 5552 _res
3624 5473 3842 5552 magi)!!!

559 5531 681 5615 fata
710 5531 796 5597 hic
824 5539 1047 5598 fuerunt
1071 5558 1195 5598 ossa
1224 5542 1459 5599 carmini
1493 5531 1820 5600 Donizonis.
1853 5546 2001 5600 Nam
2028 5531 2154 5615 post
2261 5540 2558 5615 Math‘ildis,
2590 5550 2643 5596 et
2686 5544 2955 5615 majorum
3000 5543 3115 5614 ejus
3139 5531 3403 5615 praeclaro
3426 5538 3707 5596 volumine
3736 5531 3845 5589 illu-

560 5612 707 5670 hunc
734 5629 957 5669 versum
997 5615 1430 5686 consequebatur
1460 5633 1475 5671 :
2029 5612 2045 5615 “
2260 5612 2473 5668 stravit.
2505 5615 2681 5670 Lsrn.

630 5704 932 5833 impong
954 5679 1233 5832 nunquam
1259 5708 1394 5777 petit
1416 5710 1467 5763 et
1489 5706 1659 5762 clerus
1682 5720 1811 5761 suus
1838 5705 2038 5769 ullam,
2329 5687 2477 5756 (589)
2508 5686 2731 5759 Corrige
2759 5702 2825 5744 ex
2868 5686 3121 5760 Regiensi
3143 5693 3311 5753 msto,
3342 5683 3671 5741 similantur.
3696 5679 3838 5735 Men.

688 5791 823 5831 ama
886 5791 1054 5833 mna.
1084 5792 1113 5833 e
1140 5792 1238 5833 c...

688 5791 823 5831 ama
847 5791 1054 5846 atoma,
1084 5791 1238 5833 etc...
