4010 6164
134 175 237 228 973

134 294 375 354 Praebuit
401 296 553 352 Italia
578 297 921 353 Bonifacium
950 315 1296 369 generosum,

204 394 384 461 Atque
410 391 707 447 Beatricem
738 393 911 448 Gallia
943 391 1050 449 fert
1081 395 1245 451 Italis.

134 485 279 540 Huic
309 484 467 539 veluti
497 485 702 540 mundo
732 486 808 541 sic
837 488 1001 542 ambo
1030 492 1263 544 beentur
1284 490 1507 563 olympo

202 579 388 635 Ambo
410 578 536 650 polo
564 580 787 636 rutilent
816 580 921 636 huc
941 581 1104 637 veluti
1134 582 1367 641 mundo.

727 684 971 740 CAPUT
1010 687 1116 740 1X.

129 786 263 842 Cum
294 791 498 855 quanta
536 789 709 855 gloria
750 794 801 843 et
830 790 1022 845 honore
1068 792 1233 845 duxit
1264 792 1381 846 dua:
1411 798 1459 847 et
1489 796 1725 851 marchio

274 860 590 925 Bonifacius
619 862 880 916 illustrem
908 864 1237 917 ducatricem
1266 866 1579 921 Beatricem.

131 965 234 1017 Det
274 966 411 1017 Deus
439 965 498 1016 in
537 965 697 1019 claris
731 968 951 1020 cameris
978 968 1079 1021 tibi
1109 975 1253 1021 stare
1289 969 1512 1023 Beatricc
1545 969 1716 1039 (590).

129 1057 429 1112 Heroicum
456 1073 679 1113 carmen
694 1059 850 1129 cupio
873 1076 1019 1115 nunc
1039 1070 1195 1116 ornet
1213 1070 1443 1118 ovanter

126 1151 297 1206 Facta
327 1150 483 1206 ducis
514 1152 699 1223 magni
728 1153 1001 1209 Bonifacii
1030 1155 1390 1211 memorandi.

127 1244 395 1301 Primitus
430 1244 576 1301 hunc
618 1247 813 1314 noscit,
863 1258 1134 1319 quantum
1165 1250 1253 1318 sit,
1304 1250 1504 1315 Gallia,
1549 1249 1724 1321 fortis,

128 1340 275 1396 Cum
302 1346 491 1395 natam
517 1340 669 1396 rutili
700 1340 860 1398 ducis
889 1343 1113 1414 expetiit
1140 1343 1380 1399 Federici
1413 1349 1579 1411 (591).

127 1432 375 1505 Conjuge
436 1450 563 1491 cum
628 1436 845 1508 propria
912 1436 1190 1493 Mathildis
1269 1440 1421 1507 (592)
1490 1438 1726 1511 denique

1466 1532 1650 1600 [dicta.

126 1624 236 1677 Iste
262 1623 569 1679 Beatricem
598 1622 887 1680 Federicus
916 1624 1085 1681 donat
1108 1624 1305 1682 habere

129 1717 280 1771 Huic
318 1716 629 1785 Bonifaeio;
678 1719 769 1789 qui
817 1718 927 1774 dux
971 1736 1099 1776 cum
1140 1729 1390 1792 pergeret
1438 1720 1547 1790 illo,

130 1812 377 1866 Ornatus
407 1827 634 1882 magnos
660 1828 848 1869 secum
880 1814 1028 1881 tulit,
1064 1823 1222 1886 atque
1247 1815 1510 1885 caballos,

128 1904 244 1961 Sub
289 1904 517 1976 pedibus
557 1922 792 1977 quorum
835 1907 1118 1979 chalybem
1148 1924 1260 1964 non
1300 1926 1503 1980 ponere
1548 1910 1726 1966 solum

126 2000 156 2052 J
164 2006 399 2065 usserat,
420 2010 703 2071 argentum
729 2001 822 2057 sed
846 2018 1064 2073 ponere,
1093 2003 1166 2058 sit
1193 2004 1349 2075 quasi
1374 2002 1613 2073 ferrum;

129 2097 265 2149 Esse
288 2108 673 2165 repercussum
703 2096 915 2151 clavum
940 2097 1110 2152 voluit
1136 2114 1351 2170 quoque
1380 2098 1595 2155 nullum

130 2190 212 2242 Ex
238 2187 345 2243 hoc
370 2196 429 2243 ut
464 2196 653 2260 gentes
679 2199 902 2260 possent
924 2192 1167 2262 reperire
1198 2192 1321 2264 quis
1349 2201 1509 2248 esset.

128 2282 465 2352 Cornipedes
487 2292 739 2351 currunt,
768 2293 1055 2356 argentum
1083 2285 1214 2341 dum
1236 2287 1429 2353 resilit,
1451 2295 1584 2343 tunc

127 2376 423 2447 Colligitur
460 2377 681 2448 passim,
715 2379 914 2449 passim
946 2380 1215 2451 reperitur
1242 2381 1303 2435 in
1334 2382 1480 2452 agris

132 2473 180 2525 Α
211 2471 414 2541 p0pulo
439 2479 601 2528 terra:
624 2480 834 2529 testans
854 2474 997 2545 quod
1028 2475 1179 2530 dives
1206 2474 1295 2529 hic
1319 2482 1489 2542 esset;

130 2564 399 2636 Egregius
428 2566 676 2638 princeps
706 2576 835 2623 tunc
859 2568 1024 2638 gessit
1051 2566 1291 2639 plurima
1325 2568 1487 2640 digne

130 2660 271 2728 Quae
295 2658 578 2716 scribenda
600 2660 802 2729 forent,
830 2662 1003 2733 stylus
1027 2670 1212 2717 autem
1236 2662 1407 2717 currit
1430 2677 1618 2717 amore

133 2750 221 2807 Ad
246 2750 523 2808 dominam
561 2762 806 2810 nostram
834 2761 1003 2824 (593),
1029 2771 1195 2827 quam
1219 2756 1374 2835 val-dc
1400 2772 1619 2811 carmen

1381 2849 1654 2922 [adoptat;

132 2944 288 2997 Hanc
312 2957 547 3013 sponsus
571 2942 728 3011 ditat,
758 2944 965 2999 ditatur
1002 2953 1054 2999 et
1084 2944 1198 3015 ipse
1230 2960 1325 3015 per
1347 2944 1549 3015 ipsam,

131 3037 352 3102 Servos,
375 3036 616 3105 ancillas,
647 3037 716 3092 ab
744 3054 807 3092 ea
830 3046 975 3093 tenet
1000 3038 1195 3110 oppida
1223 3043 1395 3107 (594),
1419 3038 1592 3103 villas,

129 3130 309 3186 Gallia
329 3130 618 3185 nobiscum
652 3148 745 3202 per
764 3148 885 3188 eam
912 3132 1198 3188 dominum
1224 3133 1385 3189 timet
1406 3134 1593 3189 istum.

130 3224 267 3292 Quis
295 3223 546 3295 princeps
573 3226 765 3281 Gallus
794 3226 912 3297 plus
936 3226 1042 3281 isto
1072 3226 1226 3282 dives
1254 3235 1309 3282 et
1337 3228 1478 3284 altus

130 3318 308 3373 Italiae
334 3323 559 3391 regnat?
588 3318 703 3375 Sibi
734 3320 905 3376 Gallia
932 3320 1165 3391 plurima
1198 3330 1418 3393 praestat

128 3410 573 3483 Longobardiam
594 3413 870 3469 deducens
894 3413 1032 3469 hanc
1061 3415 1424 3469 comitissam.

127 3507 434 3561 Occurrere
464 3506 683 3577 quidem
715 3507 963 3579 Ligures,
996 3508 1308 3581 pariterque
1339 3508 1616 3577 Quirites;

130 3599 417 3655 Exsultant
438 3599 651 3671 inopes,
681 3601 1027 3673 congaudent
1055 3601 1294 3658 maxime
1316 3602 1475 3670 dites;

127 3695 232 3748 Per
265 3709 484 3748 menses
506 3700 697 3750 ternos
722 3694 861 3751 ﬁunt
887 3695 1147 3763 convivia,
1174 3712 1302 3753 vero

126 3788 255 3843 Non
290 3787 365 3842 ibi
388 3789 664 3860 pigmenta
696 3794 838 3855 (595)
860 3790 1137 3857 tritantur,
1160 3790 1256 3847 sed
1272 3789 1425 3863 quasi
1449 3788 1619 3862 spelta

128 3880 216 3937 Ad
240 3898 467 3937 cursum
487 3881 721 3955 lympha:
741 3883 1186 3939 molendinantur
1212 3884 1441 3951 ibidem;

129 3975 371 4047 Gurgite
394 3976 460 4031 de
489 3977 636 4048 putei
667 3986 828 4049 potus
856 3977 1196 4050 trahiturque
1226 3978 1373 4050 lyaei;

134 4072 215 4124 Ex
238 4070 345 4125 alio
369 4079 532 4141 puteo
559 4072 823 4128 refluebat
844 4072 991 4144 potio
1018 4088 1181 4141 vero;

129 4163 306 4219 Situla
337 4164 605 4236 pendebat
625 4181 690 4221 ex
704 4175 1000 4239 argentove
1025 4174 1239 4236 catena,

208 4330 355 4391 (590)
391 4328 451 4381 In
480 4326 617 4400 Cod.
651 4328 903 4400 Riegien”
935 4333 984 4383 te
1007 4333 1171 4384 stare.
1204 4331 1363 4385 Mnn.

204 4403 355 4462 (59!)
390 4399 552 4454 Ducis
580 4398 950 4471 Lotharingiaz
979 4400 1301 4471 superioris,
1339 4415 1435 4456 seu
1484 4398 1730 4457 Mosella-

129 4484 361 4524 norum.
387 4471 555 4526 Lern.

1047 178 1328 231 APPEND.
1373 178 1457 232 ΙΙΙ.
1499 207 1569 219 --
1605 178 2022 236 MONUMENTA
2060 181 2524 237 GREGORIANA.

3268 266 3269 273 γ
3326 190 3427 243 9⁸74

1758 311 1807 373 Α
1836 308 1974 362 Cum
1998 306 2197 377 quibus
2215 306 2464 361 hauritur
2484 305 2793 362 dulcissima
2818 306 2989 377 potio,
3022 309 3209 363 vinum
3235 328 3248 363 :

1836 400 2020 456 Obbas
2044 401 2124 455 vel
2153 402 2335 455 lances
2358 400 2426 456 ad
2457 417 2707 457 mensam
2732 401 2839 457 fert
2864 417 3059 474 equus,
3089 411 3253 475 atque

1836 498 2077 566 Argento
2108 496 2398 566 splendent
2436 512 2570 552 auro
2602 512 2817 568 quoque
2846 498 3062 553 vascula
3087 514 3320 567 mensae;

1836 591 2119 661 Tympana
2170 605 2297 644 cum
2357 589 2602 658 citharis,
2648 591 2920 663 stivisque,
2960 592 3196 664 lyrisque
3232 603 3429 650 sonant

3224 687 3353 759 Illic,

1834 776 1917 826 Ac
1947 771 2099 828 dedit
2128 772 2356 845 insignis
2379 774 2487 829 dux
2518 775 2744 847 praemia
2766 776 3003 833 maxima
3023 776 3209 833 nimis.

1837 869 1899 922 In
1929 871 2153 939 Marego
2194 873 2340 934 (596)
2368 867 2510 924 facta
2539 870 2806 926 sunthaec
2824 872 3068 928 convivia
3094 889 3316 946 magna.

1832 960 2039 1016 Nobilis
2060 968 2112 1015 et
2137 962 2336 1031 conjux
2364 978 2597 1033 puerum
2620 966 2828 1035 peperit
2853 965 3206 1035 chericum;

1833 1053 1965 1109 Inde
2001 1054 2331 1121 Beatricem;
2362 1056 2683 1113 Mathildem
2724 1074 2850 1115 vero
2882 1059 3103 1128 deinde,

1839 1150 1974 1217 Qua:
1999 1148 2199 1204 similis
2220 1150 2402 1219 matri,
2437 1152 2591 1207 color
2618 1152 2693 1207 illi
2716 1153 2957 1209 maxime
2986 1152 3175 1225 patris,

1836 1246 1915 1298 Ex
1937 1242 2056 1298 aliis
2088 1242 2183 1298 fari
2206 1244 2383 1313 pueris
2407 1244 2540 1300 dum
2564 1247 2737 1317 gestio
2760 1247 2969 1317 saltim,

1834 1339 1964 1392 Mox
1990 1336 2187 1393 nimius
2208 1338 2403 1393 crescit
2426 1341 2683 1409 gemitus,
2704 1340 2864 1397 dolor
2888 1358 2950 1397 ac
2980 1342 3274 1412 iuvenescit
3301 1362 3314 1398 :

1833 1433 1967 1487 H320
1998 1433 2330 1487 monimenta
2354 1441 2568 1503 patrum
2595 1434 2854 1490 retinebit
2879 1444 2937 1490 ut
2958 1437 3161 1506 optima
3184 1446 3425 1492 matrum

1832 1526 2011 1582 Patris
2040 1526 2235 1594 honor,
2270 1526 2541 1597 genitricis
2577 1544 2752 1594 amor,
2783 1528 2950 1585 decus
2980 1530 3098 1585 haec
3125 1530 3184 1583 ﬁt
3209 1546 3420 1586 eorum.

1839 1623 1995 1676 Hanc
2023 1621 2400 1693 Longobardis
2424 1624 2577 1677 Deus
2608 1622 2722 1678 istis
2747 1624 2983 1678 contulit
3009 1624 3163 1679 annis
3195 1643 3206 1679 :

1760 1728 1804 1790 Β
1836 1718 1997 1771 Nunc
2026 1714 2356 1783 dimittatur,
2377 1723 2589 1771 tantum
2623 1716 2687 1771 de
2709 1726 2856 1788 patre
2884 1717 3189 1789 loquamur.

1832 1814 1938 1867 Ista
1966 1825 2068 1867 suo
2087 1808 2220 1866 felix
2257 1826 2386 1865 nam
2423 1819 2672 1881 tempore
2708 1827 2925 1866 carmen
2964 1809 3208 1866 habebit.

2450 1959 2686 2013 CAPUT
2724 1958 2801 2013 X.

1835 2093 1984 2161 Quod
2012 2112 2110 2150 rea;
2140 2095 2455 2150 Clionradus
2485 2100 2734 2151 Parmam
2761 2098 2947 2151 vicerit
2969 2096 3113 2167 (597)
3140 2096 3363 2166 adjutus
3392 2112 3426 2151 a

1903 2170 2203 2234 Boni/“acto,
2238 2175 2288 2223 et
2316 2169 2461 2237 quod
2488 2169 2632 2221 idem
2658 2185 2774 2230 rem,
2802 2169 3047 2238 idemque
3068 2171 3303 2225 τηανοὴἱο
3327 2170 3424 2239 ju-

1904 2245 2144 2295 ramento
2172 2240 2544 2308 fwderatiom’s
2565 2241 2761 2310 (juncti
2778 2243 2927 2307 sint).

1836 2377 2175 2448 Praepetibus
2205 2377 2395 2448 palmis
2421 2377 2607 2434 redeat
2634 2379 2806 2451 stylus
2832 2376 3033 2435 addere
3062 2377 3282 2450 chartis,

1836 2472 2085 2541 Qualiter
2122 2474 2371 2542 Augusto
2400 2469 2713 2527 Bonifacius
2741 2473 2972 2545 inclytus
3000 2474 3147 2530 ultor

1834 2564 2070 2633 Profuit,
2092 2571 2148 2619 et
2169 2579 2355 2619 secum
2383 2564 2582 2636 pepigit
2601 2565 2957 2621 memorabile
2979 2565 3174 2623 foedus.

1833 2658 2189 2730 Chrysopolis
2245 2641 2393 2729 (598)
2431 2658 2642 2714 dudum
2683 2660 3013 2715 ercorum
3053 2659 3259 2717 dicitur
3307 2680 3426 2731 usu,

1836 2754 2020 2807 Aurea
2045 2750 2145 2807 sub
2169 2752 2344 2823 lingua
2369 2759 2529 2807 sonat
2550 2752 2666 2807 haec
2691 2752 2825 2807 urbs
2853 2768 2969 2808 esse
2995 2752 3215 2822 Latina,

1837 2845 2050 2902 Scilicet
2086 2845 2220 2901 urbs
2268 2850 2483 2915 Parma,
2519 2861 2643 2918 quae
2683 2846 3037 2917 grammatica
3069 2856 3255 2904 manet
3297 2849 3425 2913 alta,

1836 2946 1999 2995 Artes
2027 2956 2091 2995 ac
2118 2949 2329 3011 septem
2351 2939 2595 2996 studiose
2616 2948 2745 2995 sunt
2775 2939 2848 2995 ibi
2872 2940 3026 2997 lecta:
3057 2958 3072 2997 :

1834 3034 2061 3090 Caesaris
2086 3033 2202 3092 haec
2230 3036 2371 3091 vallo
2390 3033 2664 3091 Cbonradi
2694 3034 2932 3107 cingitur
2954 3043 3139 3092 arcto:

1764 3128 1807 3189 C
1836 3129 1915 3184 Ut
1942 3128 2191 3201 capiatur
2229 3129 2399 3197 enim,
2425 3128 2583 3201 jubet
2608 3128 2782 3201 ipsam
2815 3146 3049 3201 pungere
3078 3130 3196 3187 telis

1842 3221 2037 3291 Plebis,
2061 3238 2189 3277 mox
2212 3225 2379 3279 armis
2400 3223 2463 3278 ﬁt
2481 3231 2687 3296 strages
2717 3240 2782 3279 ex
2802 3224 3143 3281 Alemannis.

1837 3316 2095 3372 Paciﬂcus
2122 3317 2343 3388 quidam
2366 3318 2550 3373 necuit
2572 3317 2655 3373 bis
2675 3327 2910 3389 quatuor
2932 3319 3033 3388 ira,

1836 3412 2045 3467 Proluit
2073 3411 2215 3467 unde
2239 3411 2396 3468 furor
2415 3428 2573 3485 mage
2594 3414 2855 3483 Caesario,
2884 3413 3024 3471 illico
3052 3430 3214 3472 muro

1837 3506 2087 3577 Applicat
2112 3515 2351 3563 armatos
2378 3506 2656 3575 custodes,
2686 3524 2749 3564 ac
2776 3508 3037 3581 galeatos,

1837 3601 2063 3657 Mandat
2088 3600 2219 3658 hero
2248 3610 2441 3658 nostro
2465 3601 2743 3659 Bonifacio
2780 3603 2920 3660 bene
2943 3604 3109 3659 docto

1838 3697 2120 3767 Quatenus
2155 3704 2429 3765 accurrat,
2464 3695 2617 3768 juvet
2646 3696 2838 3753 urbem
2887 3696 3135 3770 frangere
3173 3699 3427 3765 stultam;

1837 3788 1942 3857 Qui
1966 3788 2147 3845 subito
2172 3790 2407 3861 sumptis
2427 3790 2674 3861 equitum
2700 3791 2945 3862 peditum
2971 3806 3188 3863 quoque
3214 3792 3432 3863 turmis,

1839 3882 2008 3939 Urbis
2033 3882 2103 3939 ad
2127 3883 2397 3940 excidium
2423 3884 2726 3957 properavit
2756 3885 2898 3957 regis
2918 3886 3145 3942 amicus.

1837 3978 1959 4047 Quo
1988 3978 2101 4033 viso
2126 3977 2274 4034 cives
2301 3976 2599 4050 trepidant,
2631 3986 2995 4051 reputantque
3020 3980 3223 4051 perire;

1840 4071 2064 4143 Absque
2096 4081 2285 4127 tenore
2322 4072 2486 4143 pedes
2524 4071 2734 4129 adeunt
2778 4089 2911 4129 mox
2967 4074 3131 4146 regis,
3190 4081 3246 4129 et
3286 4072 3434 4132 azdes

1840 4166 1921 4220 Ac
1951 4173 2136 4236 portas
2172 4164 2321 4221 urbis
2348 4176 2728 4221 reseraverunt
2754 4166 2856 4222 sibi
2897 4168 3098 4223 cuncti.

1912 4325 2059 4396 (596)
2088 4327 2349 4381 Vetustus
2386 4332 2581 4381 auctor
2625 4326 2909 4397 Epitomes
2950 4335 3105 4383 mstae
3134 4327 3194 4382 in
3226 4327 3429 4383 biblio-

1840 4395 1995 4452 theca
2038 4398 2251 4452 Esteusi
2287 4397 2377 4452 hic
2406 4395 2707 4453 audiendus
2741 4416 2753 4451 :
2788 4402 2856 4453 Et
2884 4415 3020 4462 eam,
3067 4399 3257 4466 inquit,
3286 4400 3427 4454 scili-

1840 4477 1927 4523 cet
1966 4469 2300 4538 Beatricem,
2343 4486 2461 4525 cum
2494 4484 2689 4541 magno
2732 4470 2928 4525 honore
2966 4473 3024 4524 in
3070 4472 3432 4539 episcopatui):

204 4545 355 4613 (592)
390 4544 600 4613 Nempe
630 4542 911 4598 Mathildis
940 4543 1025 4597 illa
1052 4542 1351 4598 Hermanni
1376 4542 1586 4600 Suevize
1617 4542 1718 4598 du-
1754 4547 1803 4609 D
1838 4543 2075 4595 Mantua:
2111 4541 2295 4603 duxit,
2331 4547 2380 4596 et
2418 4542 2497 4595 ibi
2517 4540 2644 4608 fecit
2676 4544 2894 4610 nuptias
2921 4544 2979 4596 in
3010 4543 3137 4605 loco,
3170 4542 3267 4596 ubi
3295 4540 3431 4598 dict.

126 4612 204 4685 cis
230 4612 368 4685 ﬁlia,
401 4629 519 4683 qua:
540 4612 732 4684 nupsit
756 4614 1039 4671 Frederico
1063 4615 1434 4684 Lotharingize
1474 4616 1723 4685 superio-

127 4684 203 4739 ris
248 4683 401 4739 duci.
446 4683 636 4756 Atque
654 4686 779 4740 hinc
826 4686 880 4740 in
917 4702 1117 4758 magna
1145 4688 1419 4742 comitissa
1462 4683 1724 4741 Mdihildc

1833 4616 1927 4666 tur
1952 4614 2174 4679 Marago
2192 4613 2366 4681 juxta
2392 4615 2586 4680 ﬂumen
2608 4614 2820 4666 Menctz’.
2852 4615 3013 4669 Mun.

1905 4688 2050 4749 (597)
2082 4684 2217 4738 Cod.
2251 4684 2500 4754 Regien.,
2547 4686 2697 4738 vicit.
2752 4683 2897 4737 Infra
2931 4701 3029 4754 pro
3059 4685 3431 4751 fmderationis

123 4764 461 4830 renovatum
485 4754 625 4830 avia:
656 4767 917 4813 maternae
939 4754 1144 4814 nomen
1172 4774 1269 4830 pro
1293 4758 1517 4829 antiquo
1548 4773 1722 4826 more,
1822 4756 2006 4825 juncti
2022 4758 2151 4830 siut,
2180 4754 2328 4830 idem
2348 4755 2519 4809 codex
2545 4754 2708 4809 habet
2722 4756 2987 4830 fmderatt
3009 4760 3339 4830 sunt._l\Iun.

126 4828 221 4898 qui
244 4826 428 4881 adhuc
449 4828 611 4899 viget.
642 4833 800 4885 Mue.

201 4904 351 4964 (593)
386 4898 596 4954 Scilicet
624 4900 695 4955 ad
719 4915 979 4971 magnam
1008 4901 1351 4957 comitissam
1382 4898 1723 4968 Mathildem,

131 4969 199 5025 de
226 4986 343 5041 qua
385 4986 497 5043 pra:
522 4972 733 5028 caeteris
758 4969 1033 5044 agendum
1069 4974 1167 5028 sibi
1199 4978 1468 5029 statuerat
1491 4972 1724 5027 Donizo.

128 5045 299 5099 Man.

202 5118 357 5179 (594)
408 5115 697 5171 Albericus
749 5114 942 5170 Trium
1011 5116 1269 5173 Fontium
1326 5114 1626 5171 monachus
1674 5114 1732 5169 in

130 5185 417 5242 Chronico
437 5185 590 5241 edito
617 5202 712 5243 per
738 5186 1077 5243 Leibnitium
1108 5189 1175 5243 ad
1204 5203 1411 5242 annum
1446 5192 1585 5241 1076
1615 5185 1733 5241 hac

129 5257 355 5312 habet:
404 5257 685 5312 Mathtldis
724 5259 995 5313 marchisa
1043 5265 1245 5313 terram
1294 5276 1449 5313 suam
1500 5260 1732 5312 viriliter

128 5332 306 5391 rexit,
337 5334 388 5383 et
407 5330 683 5383 abbatiam
713 5332 1083 5384 canonicorum
1106 5333 1279 5385 sancti
1308 5331 1455 5384 Petri
1475 5330 1548 5384 ad
1576 5346 1732 5384 mon-

129 5406 204 5455 tes
224 5402 405 5467 juxta
443 5404 670 5456 Bricutm
697 5403 752 5455 in
790 5402 1003 5456 dioecesi
1018 5404 1241 5456 Μετρηδὶ
1269 5402 1545 5467 fundavit.
1579 5403 1640 5455 In
1666 5416 1727 5455 ea

128 5487 263 5543 ergo
317 5472 539 5543 regione
582 5473 690 5527 veri
737 5473 872 5526 mihi
924 5472 1132 5527 videtur
1184 5473 1359 5527 simile
1412 5474 1515 5527 sita
1562 5471 1727 5527 fuisse

130 5542 333 5626 oppida
368 5542 490 5615 quae
512 5546 729 5599 Beatrix
761 5545 812 5598 in
847 5543 1043 5626 dotem
1069 5543 1251 5626 attulit
1275 5542 1724 5626 Bonifaciomar-

130 5614 343 5681 chioni,
371 5614 603 5687 quaeque
626 5631 817 5671 eorum
847 5615 968 5671 lilia:
992 5614 1243 5670 Mathildi
1272 5616 1325 5671 in
1352 5616 1726 5675 hmrcditatem

131 5695 433 5743 cesserunt.
461 5690 623 5743 Mun.

201 5763 355 5824 (595)
394 5762 673 5814 Aromata.
708 5759 879 5813 Lens.

1904 4831 2049 4892 (598)
2093 4828 2230 4897 Cum
2259 4826 2627 4897 Hieronymus
2670 4826 3005 4883 Albertutius
3040 4827 3095 4882 in
3142 4828 3301 4885 libro.
3350 4832 3432 4885 De

1835 4897 2062 4953 urbibus
2101 4896 2294 4962 Italiae,
2348 4896 2617 4953 vetustam
2666 4898 3073 4967 insrriptionem
3104 4900 3210 4954 sibi
3257 4902 3429 4955 visam

1836 4969 2093 5031 dixisset,
2125 4969 2179 5023 in
2218 4985 2325 5040 qua
2354 4972 2547 5025 Parma
2581 4969 2687 5024 dici
2718 4969 2987 5025 videretur
3025 4990 3035 5025 :
3065 4973 3211 5026 Julia
3235 4975 3431 5026 civitas

1840 5041 2200 5115 Chrysopolis,
2228 5040 2485 5115 Leander
2506 5042 2765 5115 Albertus
2800 5042 3023 5115 negavit
3052 5042 3195 5112 apud
3219 5051 3431 5115 veteres

1838 5129 2041 5168 nomen
2083 5114 2263 5181 Juliw,
2305 5122 2399 5167 aut
2429 5113 2805 5182 Chrysopoleos
2833 5113 2903 5170 de
2943 5116 3143 5169 Parma
3170 5114 3428 5183 reperiri;

1840 5184 2252 5256 inscriptionem
2280 5193 2465 5240 autem
2507 5185 2912 5255 supposititiam
2943 5200 3079 5256 esse.
3112 5184 3163 5241 Si
3190 5185 3431 5239 Domni-

1841 5255 2035 5312 zonem
2064 5264 2318 5312 nostrum
2350 5255 2589 5327 legisset,
2622 5256 2835 5327 aequius
2870 5255 3180 5327 iudicasset.
3219 5256 3287 5310 Et
3313 5271 3431 5311 rem

1839 5327 2004 5383 hodie
2033 5336 2183 5383 extra
2230 5328 2663 5383 controversiam
2705 5327 2938 5383 collocat
2978 5342 3292 5398 anonymus
3320 5331 3433 5382 Ra-

1841 5415 2037 5471 vennas
2062 5398 2407 5470 geographus
2427 5415 2599 5471 nuper
2622 5399 2821 5465 editus,
2851 5398 2993 5469 apud
3014 5414 3200 5468 quem,
3229 5398 3322 5454 lib.
3352 5415 3429 5471 1v,

1836 5470 2069 5525 habetur
2124 5489 2136 5525 :
2170 5472 2315 5525 Julia
2360 5470 2719 5541 ChrySopoIis,
2765 5486 2881 5539 qua:
2910 5474 2987 5523 cst
3022 5472 3258 5539 Parma;
3289 5470 3435 5541 quod

1835 5542 2004 5613 probe
2033 5543 2240 5596 notavit
2266 5542 2651 5597 Porcheronus
2675 5542 2861 5597 editor.
2894 5546 3253 5611 Anonymum
3283 5542 3434 5599 illum

1833 5612 2051 5684 adjuvat
2074 5614 2305 5679 Donizo,
2338 5622 2394 5667 et
2419 5615 2485 5667 ab
2510 5628 2573 5667 eo
2599 5612 2905 5684 adjuvatur.
2942 5612 3112 5684 Lam.

1905 5680 2199 5755 Gruterus,
2230 5699 2354 5756 pag.
2376 5690 2504 5749 492,
2528 5680 2773 5756 num'V.,
2805 5680 3225 5756 inscriptionem
3249 5681 3431 5747 affert,

1837 5756 1931 5813 ubi
1960 5756 2161 5827 legitur
2188 5753 2482 5811 {Colonia
2517 5754 2664 5807 Julia
2712 5753 2959 5819 Augusta
2992 5754 3323 5812 Parmensis.
3364 5756 3435 5810 At
