4052 6180
231 273 333 325 977

227 398 351 451 Hoc
377 394 515 452 dans
531 404 888 469 praeceptum,
916 398 959 455 si
984 414 1132 455 nunc
1162 415 1254 470 per
1274 414 1402 455 eum
1431 408 1715 472 caperetur

222 491 482 547 Castrum
523 507 638 547 non
664 492 805 547 ultra
851 501 1089 561 montes,
1134 501 1195 549 ut
1223 501 1471 565 pergeret
1503 494 1671 563 ultra,

225 587 521 655 Expeteret
542 584 729 656 plane,
777 587 1032 642 statimve
1062 593 1207 643 retro
1240 596 1528 644 remearet.

222 678 483 735 Castrum
526 678 847 750 pradictum
875 680 1189 752 Burgundia
1222 682 1427 752 plantat
1454 681 1711 754 iniquum

221 774 288 828 In
312 772 427 844 jus,
465 773 778 830 Castrenses
809 778 952 841 (608)
980 790 1106 829 cum
1150 790 1241 830 rex
1269 773 1375 831 fert
1415 774 1542 831 inde
1570 774 1816 843 clientes,

215 867 286 921 Se
313 866 480 922 nimis
505 866 766 936 exaltant,
786 868 1068 939 spatiendo
1095 884 1192 940 per
1205 884 1335 925 arva
1366 872 1521 937 (609)
1549 869 1810 927 relaxant.

218 960 467 1032 Contigit
492 960 668 1017 audiri
691 960 841 1033 quod
868 961 980 1018 dux
998 961 1313 1018 Bonifacius
1337 962 1463 1017 illuc

214 1055 361 1110 Cum
386 1054 765 1127 Longobardis
795 1056 1025 1128 propriis
1041 1065 1361 1127 properaret
1389 1056 1447 1111 in
1479 1057 1670 1125 armis,

216 1150 303 1203 De
333 1147 533 1220 quibus
548 1149 844 1217 exsultant,
865 1150 992 1221 quia
1018 1150 1249 1206 credunt
1278 1150 1463 1206 tollere
1482 1160 1705 1207 cunctas

213 1241 426 1297 Causas
468 1241 690 1298 illorum
735 1246 878 1309 (610)
912 1261 925 1296 :
969 1251 1121 1299 vetat
1159 1252 1244 1299 ast
1267 1243 1372 1299 hoc
1414 1244 1590 1300 exitus
1616 1244 1815 1300 horum

212 1336 549 1406 Internaque
583 1340 725 1401 (611)
764 1335 850 1392 die
892 1336 1147 1407 princeps
1185 1338 1417 1393 accessit
1466 1337 1672 1394 ibidem

212 1428 499 1500 Disposita
528 1428 689 1485 docte
728 1445 824 1500 per
853 1439 1028 1501 partes
1056 1431 1257 1503 quippe
1298 1431 1532 1487 cohorte

211 1522 459 1577 Barbara
479 1538 612 1593 gens
635 1530 690 1578 et
711 1532 865 1578 atrox
888 1524 1137 1594 proprios
1164 1524 1275 1580 cito
1296 1525 1502 1581 muniit
1521 1530 1671 1581 artus
1688 1566 1702 1593 ,

208 1616 451 1687 Agmine
498 1625 708 1672 scutato
739 1617 926 1687 procul
962 1618 1111 1687 exiit,
1144 1626 1199 1673 et
1242 1620 1452 1690 galeato

208 1712 400 1780 Atque
450 1718 605 1781 putat
631 1718 849 1766 scutum
896 1710 1148 1767 bellando
1179 1710 1430 1783 frangere
1464 1712 1703 1782 durum;

205 1801 488 1859 Funditus
507 1804 613 1859 ulla
643 1803 881 1875 phalanx
904 1820 1155 1876 parmam
1185 1804 1594 1862 Bonifacianam

206 1896 507 1953 Praevaluit
532 1912 813 1969 nunquam
849 1897 1187 1970 dirumpere,
1240 1915 1341 1954 nec
1369 1900 1510 1955 valet
1537 1916 1804 1973 unquam,

207 1993 425 2047 Exorto
451 1990 615 2057 bello,
645 2007 779 2064 gens
816 1989 985 2047 effera
1015 1992 1229 2048 cadere
1256 1991 1402 2048 ferro
1433 2011 1447 2047 :
1552 1982 1553 1985 “

206 2070 437 2141 Acriter
454 2085 708 2156 incapit;
736 2084 844 2141 dux
866 2086 1046 2141 acrius
1075 2087 1315 2157 undique
1336 2086 1519 2155 cadit,

204 2180 590 2250 Hortaturque
618 2194 749 2234 suos
775 2180 1060 2251 persistere
1099 2189 1321 2251 pectore
1351 2180 1515 2246 duro,

205 2272 487 2328 Cornibus
516 2280 681 2344 atque
709 2272 854 2328 tubis
882 2273 1111 2329 reboare
1157 2289 1251 2344 per
1288 2273 1456 2329 ardua
1488 2274 1692 2344 multis,

208 2369 406 2421 Donec
435 2373 583 2439 terga
611 2366 803 2422 darent
823 2367 1035 2433 hostes;
1069 2367 1214 2421 intus
1236 2366 1586 2438 repedarent.

202 2462 346 2516 Hac
385 2460 482 2515 ubi
512 2460 655 2517 dicta
700 2459 853 2516 dedit
898 2468 1117 2530 gentem
1144 2468 1355 2516 terrore
1396 2460 1626 2532 replevit

200 2554 361 2610 Gens
385 2552 772 2626 Longobarda,
802 2552 1090 2626 tenuitque
1119 2553 1353 2609 viriliter
1376 2569 1554 2623 arma,

199 2650 274 2702 Et
292 2662 535 2703 sonuere
564 2647 743 2713 tubas,
767 2655 822 2703 et
845 2646 1079 2718 grandia
1104 2662 1313 2703 cornua
1340 2647 1517 2718 plura.

199 2741 362 2797 Gens
403 2739 615 2796 timens
643 2743 787 2808 (612)
816 2749 961 2797 tetra
993 2739 1152 2796 rediit
1199 2742 1434 2811 graviter
1463 2748 1765 2797 retrocessa
1787 2782 1800 2809 ,

199 2837 284 2890 Ac
315 2834 473 2905 petiit
500 2842 740 2890 castrum
784 2835 1009 2905 cupiens
1060 2850 1118 2890 se
1146 2834 1402 2891 claudere
1443 2843 1692 2903 tantum;

198 2930 327 2984 Hoc
358 2943 472 2983 non
499 2929 747 2999 permisit
774 2930 933 2985 velox
964 2928 1270 2984 Bonifacius
1294 2928 1408 2996 illi,

198 3021 313 3078 Sed
329 3022 498 3078 simul
526 3023 780 3091 intravit,
809 3021 1004 3094 jaculis
1022 3021 1315 3078 transfodit
1340 3021 1543 3078 amaris
1573 3041 1588 3079 :

198 3116 488 3173 Continuo
506 3115 619 3188 regi
649 3124 900 3172 castrum
926 3116 1231 3184 mandavit,
1250 3115 1479 3172 inermis

196 3211 285 3265 Ut
311 3208 539 3264 veniens
556 3209 743 3276 tollat,
786 3210 1020 3282 patriam
1050 3211 1174 3281 quia
1205 3210 1376 3281 gliscit
1402 3218 1457 3264 et
1499 3219 1626 3281 opta

195 3306 329 3373 Ipse
349 3303 544 3374 suique
567 3318 749 3371 suam,
782 3303 1057 3359 nullamve
1086 3320 1301 3359 moram
1327 3304 1455 3359 dare
1483 3311 1692 3358 curant.

197 3398 345 3452 Hac
372 3412 513 3451 nova
541 3405 840 3453 noscentes
864 3413 957 3453 rex
988 3406 1149 3468 atque
1175 3396 1339 3452 duces
1359 3397 1698 3467 comitesque

197 3488 491 3555 Laudant,
533 3489 824 3557 mirantur,
854 3489 999 3562 quod
1043 3497 1286 3545 castrum
1317 3490 1385 3544 sit
1409 3491 1516 3544 cito
1559 3498 1801 3560 captum,

194 3582 294 3638 Ad
340 3582 491 3653 quod
521 3583 823 3639 tollendum
865 3582 1067 3639 direxit
1093 3599 1188 3638 rex
1240 3591 1292 3638 et
1322 3582 1659 3647 habendum,

196 3675 465 3731 Athletas
492 3676 687 3745 claros,
718 3676 824 3733 illis
845 3677 985 3732 duce
1032 3676 1200 3732 dante
1226 3677 1401 3732 relato
1448 3676 1619 3747 (613).

194 3773 361 3827 Tunc
409 3769 760 3842 Langobardi
794 3786 921 3825 cum
952 3770 1191 3842 principe
1231 3770 1588 3842 magniﬁcati,

198 3863 292 3919 Ad
324 3864 531 3935 proprii
562 3865 692 3919 tecti
723 3864 969 3936 requiem
1000 3864 1235 3931 rediere,
1262 3863 1451 3920 refecti

200 3959 288 4013 Ex
321 3955 519 4026 opibus
547 3957 761 4028 magnis
788 3958 1025 4028 sumptis
1052 3957 1243 4012 virtute
1289 3957 1369 4012 vel
1399 3958 1588 4026 armis,

198 4051 464 4120 Cumque
493 4049 637 4105 redit
669 4050 920 4121 princeps
947 4054 1118 4119 (614),
1151 4051 1324 4105 victor
1345 4050 1607 4105 mirabilis
1630 4050 1801 4121 idem,

202 4143 456 4215 Contigit
483 4143 537 4197 in
567 4143 761 4199 castris
794 4147 947 4212 (615)
976 4142 1264 4214 cujusdam
1307 4152 1488 4198 castra
1521 4144 1666 4214 (616)
1709 4160 1800 4200 re-

914 4244 917 4247 ’
1495 4240 1513 4304 [
1559 4236 1728 4307 pasci,

195 4330 433 4401 Campis
472 4329 727 4396 desertis,
759 4338 834 4393 et,
862 4335 924 4386 ut
970 4338 1052 4386 est
1082 4345 1208 4386 mos
1242 4346 1466 4401 pergere
1498 4332 1691 4397 servis,

198 4426 282 4482 Ex
319 4422 510 4496 pueris
531 4422 692 4479 multi
720 4431 1011 4494 coeperunt
1040 4439 1262 4480 currere
1292 4422 1479 4479 furtim

1132 244 1421 330 ΑΡΡέΝι).
1462 276 1549 331 lll.
1592 306 1659 316 -
1697 275 2124 335 MONUMENTA
2161 277 2621 333 GREGORIANA.
2704 238 2705 241 γ

1850 405 1899 468 Α
1936 402 2019 458 Ad
2048 411 2259 475 segetes
2287 403 2477 469 ﬂavas,
2527 410 2581 457 et
2614 401 2770 474 equis
2809 401 2908 457 has
2935 401 3134 459 ducere
3163 402 3415 475 ﬂagrant,

3422 282 3525 335 978

1927 495 2058 553 Inde
2113 496 2321 569 virique
2361 497 2466 552 loci
2495 496 2728 568 graviter
2754 496 2988 551 nimium
3009 513 3227 568 quoque
3250 498 3405 563 moti,

1925 592 2169 663 Arreptis
2197 590 2383 657 armis,
2411 606 2542 646 mox
2572 590 2965 661 armigerisque
2985 590 3207 645 caballis

1923 685 2171 740 Cervices
2199 687 2351 753 (617)
2387 684 2647 751 tundunt,
2679 692 2733 739 et
2752 699 2922 754 equos
2967 684 3068 739 sibi
3100 685 3341 739 tollunt:

1922 776 2204 848 Burgundi
2230 777 2378 832 bruti
2409 776 2656 833 fecerunt
2687 777 2791 832 hoc
2820 778 2973 848 quasi
2999 778 3179 844 stulti;

1926 872 2069 926 Nam
2095 869 2206 925 dux
2248 870 2418 925 iratus
2448 870 2817 937 vehementer,
2864 880 2926 926 ut
2953 872 3156 926 assolet
3178 871 3338 938 altus,

1921 964 2198 1019 Terdenas
2243 962 2432 1019 hastas
2457 962 2603 1035 (618)
2634 963 2703 1018 ad
2735 971 2987 1019 castrum
3018 964 3240 1020 tendere
3272 964 3514 1032 mandat,

1922 1058 2057 1126 Qua
2078 1057 2347 1127 populum
2374 1062 2634 1112 cunctum
2662 1055 2902 1111 facerent
2922 1073 3252 1129 consurgere
3276 1075 3519 1126 rursum,

1922 1150 2010 1206 Ad
2034 1151 2208 1221 campi
2239 1166 2481 1223 pugnam
2501 1149 2755 1223 fugerent
2785 1152 2975 1220 procul
3019 1159 3181 1223 atque
3214 1156 3516 1219 recurrant,

1922 1247 2063 1302 Cum
2092 1243 2299 1299 fuerint
2325 1244 2477 1316 juxta
2508 1244 2815 1299 latitantem
2833 1244 3073 1316 denique
3094 1243 3315 1299 turbam
3342 1246 3513 1316 (619),

1921 1338 2193 1394 Noveritis
2214 1338 2433 1409 jussum
2476 1337 2632 1393 ducis
2661 1338 2822 1393 istius
2850 1354 2966 1393 esse
2994 1337 3336 1406 secundum;

1922 1435 2065 1489 Nam
2117 1432 2365 1503 procula
2413 1431 2590 1486 Castri
2647 1440 2780 1487 sunt
2836 1431 3090 1501 prasidio
3119 1431 3281 1486 simul
3302 1432 3409 1486 acti

1921 1524 2182 1581 Insidiosa
2212 1525 2447 1597 phalanx
2477 1541 2507 1580 e
2529 1525 2718 1581 multis
2745 1526 2990 1597 partibus
3027 1525 3179 1580 alans
3232 1528 3405 1593 (620),

1925 1618 2249 1691 Allobroges
2269 1627 2497 1675 cunctos
2521 1620 2776 1675 manibus
2801 1628 3028 1674 tenuere
3053 1620 3294 1675 reclusos

1923 1713 2173 1770 Marchio
2200 1713 2456 1770 terribilis
2485 1714 2697 1769 cunctis
2735 1712 3058 1769 abscindere
3088 1713 3225 1769 dixit

1838 1785 1887 1847 Β
1923 1807 2230 1876 Auriculas,
2254 1823 2437 1875 nasos,
2463 1815 2526 1862 ut
2541 1817 2687 1863 stent
2714 1824 2839 1863 cum
2864 1807 3078 1862 lumine
3106 1806 3291 1878 plano.

1915 1900 2179 1969 Quaedam
2208 1909 2461 1956 matrona
2491 1917 2589 1971 pro
2620 1908 2748 1956 nato
2774 1901 2970 1956 nobilis
2999 1909 3120 1955 orat

1915 1998 2139 2050 Parcere
2164 1994 2424 2066 dignetur
2451 1994 2577 2061 sibi,
2619 2002 2890 2065 quatenus
2916 1994 3143 2064 ipsaque
3171 1994 3401 2049 demum

1912 2092 2231 2158 Appensum
2257 2088 2479 2143 trutina
2499 2088 2758 2158 juvenem
2802 2087 3070 2159 praberet
3108 2087 3289 2142 eidem

1913 2187 2214 2253 Argentum
2241 2189 2480 2248 tantum,
2508 2190 2779 2253 quantum
2801 2179 3127 2251 pensavcrit,
3158 2180 3364 2235 album.

1912 2276 2073 2331 Absit
2110 2274 2193 2330 bis
2236 2273 2402 2343 fatur,
2435 2275 2665 2331 barbam
2695 2273 2991 2347 quatiendo
3022 2274 3290 2341 minatur,

1912 2368 2207 2424 Posteritas
2234 2377 2411 2424 vestra
2440 2368 2587 2439 volo,
2616 2385 2726 2440 quo
2751 2369 2888 2425 sciat
2916 2367 3032 2422 hac
3062 2368 3134 2422 ita
3159 2376 3328 2438 gesta,

1914 2465 2104 2517 Donec
2121 2462 2358 2517 mundus
2377 2462 2499 2528 erit,
2523 2460 2838 2517 Bonifacius
2866 2461 2954 2515 hic
2973 2460 3122 2532 quod
3147 2460 3400 2526 adhasit,

1912 2556 2163 2622 Dicatur,
2198 2570 2426 2624 prorsus
2447 2570 2538 2609 me
2565 2570 2675 2609 non
2700 2555 2826 2609 licet
2855 2568 2971 2609 esse
2992 2564 3301 2610 retrorsum
3330 2560 3496 2621 (621).

1912 2648 2104 2703 Incisa
2131 2663 2309 2711 nares,
2345 2663 2408 2701 ac
2446 2662 2606 2702 aures
2662 2647 2863 2717 quippe
2917 2656 3115 2702 secata

1913 2742 2047 2808 Illis,
2080 2749 2187 2795 tres
2210 2741 2531 2812 clypeisunt
2553 2756 2620 2795 ex
2643 2739 2727 2794 his
2747 2739 2994 2811 undique
3025 2740 3192 2811 pleni,

1912 2837 2050 2891 Cum
2084 2850 2216 2889 sano
2268 2842 2466 2888 cuncto
2507 2842 2655 2889 coetu
2687 2849 2950 2905 magnove
2976 2833 3264 2902 triumpho

1911 2926 1992 2983 Ad
2020 2928 2304 2999 proprium
2331 2934 2539 2982 tectum
2567 2926 2647 2981 sic
2673 2934 2754 2981 est
2772 2926 2882 2981 dux
2906 2925 3009 2981 iste
3027 2939 3322 2996 regressus.

2508 3034 2731 3088 CAPUT
2764 3032 2874 3087 XII

3479 2978 3499 3007 \

1836 3171 1880 3233 ο
1914 3143 1984 3195 De
2010 3144 2157 3223 σκετο
2196 3141 2339 3223 qvod
2364 3140 2600 3233 τηίξνσνιίε)
2626 3138 3301 3233 ﬁmi/Iamiam?
3318 3136 3498 3233 5333?:

1985 3214 2096 3266 rica
2128 3207 2245 3279 regii
2268 3211 2514 3275 secundo,
2541 3215 2590 3263 et
2619 3210 2683 3263 de
2712 3210 2916 3277 grandi
2946 3210 3082 3263 dono
3118 3208 3262 3276 quod
3280 3207 3505 3276 quidam

1984 3298 2165 3337 servus
2204 3284 2320 3352 ejus
2345 3282 2494 3336 dedit
2527 3282 2690 3335 cidem
2726 3284 2860 3348 regi.

1914 3393 2192 3465 Magniﬁci
2226 3392 2404 3448 vultus
2425 3408 2519 3446 rex
2550 3392 2875 3462 Italiamque
2920 3390 3190 3445 secundus
3234 3392 3375 3459 (622)

1913 3488 2071 3542 Venit
2106 3487 2378 3541 Henricus
2428 3486 2594 3555 (623),
2636 3484 2872 3555 sapiens,
2917 3483 3208 3556 iucundus,
3261 3484 3500 3555 Opimus,

1912 3582 2304 3652 Mandavitque
2332 3581 2475 3650 (624)
2499 3594 2595 3644 sua
2621 3577 2900 3633 Bonifacio
2934 3594 3072 3633 nova
3105 3578 3289 3648 plura;

1914 3678 1977 3730 Et
2007 3674 2264 3746 quoniam
2285 3689 2469 3729 secum
2503 3671 2783 3727 laudatum
2813 3672 2977 3727 vellet
3004 3679 3241 3738 acetum,

1912 3773 2024 3825 Arx
2055 3768 2199 3841 quod
2229 3766 2496 3839 gestabat,
2547 3782 2669 3837 qua
2699 3765 2759 3819 iit
2786 3768 3024 3821 Canossa
3054 3772 3263 3833 vocata,

1910 3866 2150 3935 Imperat
2176 3860 2390 3932 argenti
2436 3869 2685 3932 vegetem
2733 3859 2914 3914 subito
2940 3858 3218 3925 fabricari,

1911 3958 2073 4012 Binos
2100 3964 2261 4026 atque
2279 3954 2444 4010 boves
2464 3954 2574 4009 dux
2608 3961 3039 4024 carpentumque
3063 3954 3326 4024 jugumve

1910 4051 2047 4105 Cum
2077 4049 2253 4103 bobus
2284 4048 2419 4104 vivis
2447 4047 2565 4103 hac
2592 4047 2704 4119 regi
2732 4045 2980 4102 marchio
3012 4046 3179 4100 misit.

1909 4142 2146 4197 Charum
2165 4157 2257 4197 rex
2285 4141 2495 4197 donum
2517 4141 2692 4195 tenuit
2712 4155 3084 4211 magnumque
3102 4138 3386 4194 decorum.

1910 4235 2079 4305 Regis
2101 4243 2230 4289 tunc
2246 4234 2442 4304 hospes
2470 4241 2590 4288 erat
2621 4234 2748 4288 urbs
2777 4233 3052 4288 Placentia
3081 4231 3245 4300 forte,

1911 4327 2159 4383 Prudens
2187 4326 2374 4381 mirari
2398 4327 2582 4381 nullus
2604 4326 2673 4381 de
2704 4342 2928 4381 munere
2976 4325 3069 4380 tali

1914 4420 2085 4476 Debet
2111 4420 2281 4488 enim,
2311 4418 2534 4491 quando
2572 4418 2754 4474 scierit
2774 4417 2928 4472 ducis
2958 4418 3112 4472 istius
3139 4418 3322 4489 amplo

276 4622 431 4689 (608)
461 4617 693 4690 Quando
723 4633 817 4674 rex
841 4633 968 4674 cum
995 4617 1108 4673 suis
1144 4617 1411 4673 militibus
1463 4618 1571 4674 sive
1601 4619 1799 4674 vassa]-
1830 4578 1881 4641 D
1906 4616 2046 4675 stra,
2111 4610 2166 4666 id
2210 4620 2309 4690 est_
2335 4611 2519 4682 copias
2563 4607 2827 4665 Bonifacii
2874 4609 3103 4677 victum,
3148 4616 3204 4663 et
3241 4608 3497 4679 pabulum

203 4692 274 4748 Iis
299 4690 531 4746 recedit.
564 4692 735 4745 [ειη.

278 4765 358 4818 Ex
389 4761 513 4816 cod.
558 4760 819 4833 Regiensi
872 4760 991 4817 hac
1038 4760 1113 4815 ita
1154 4760 1369 4828 corrige
1417 4777 1430 4814 :
1486 4762 1663 4833 Hujus
1712 4777 1801 4814 ca-

202 4839 463 4890 strenses.
511 4833 617 4901 Qui
658 4832 733 4888 ’in
782 4832 885 4887 hoc
944 4847 1102 4888 versu
1165 4833 1377 4885 clientes
1435 4832 1803 4901 appellantur,

201 4913 339 4961 sunt
367 4906 646 4973 armigeri,
670 4904 784 4958 sive
813 4905 1032 4965 milites,
1063 4918 1235 4972 eoque
1265 4901 1528 4957 vocabulo
1558 4918 1668 4972 pra
1697 4919 1808 4959 ca-

199 4978 337 5031 teris
366 4977 450 5030 usi
469 4983 597 5030 sunt
613 4974 822 5045 antiqui
849 4975 1147 5029 Annalium
1166 4973 1541 5029 Genuensium
1558 4982 1808 5032 auctores

206 5049 263 5103 in
288 5047 401 5103 hoc
434 5061 599 5117 opere
628 5046 938 5117 evulgandi.
977 5047 1135 5102 Mue.

278 5117 431 5189 (609)
487 5118 729 5189 Pradasr
762 5131 856 5186 per
915 5132 1075 5187 agros
1120 5117 1521 5189 agunt._Le1n.

278 5187 432 5256 (610)
468 5191 689 5253 Causas,
718 5188 775 5245 id
803 5195 885 5243 est
926 5203 1013 5243 res
1057 5203 1252 5243 eorum
1298 5187 1629 5259 depradari;
1665 5203 1806 5254 cosa,

205 5277 298 5317 res
343 5261 511 5315 Italis.
550 5262 722 5315 Lam.

276 5336 431 5397 (611)
460 5334 526 5385 In
577 5335 852 5400 ternaque.
874 5331 1041 5387 Lern.

282 5404 433 5474 (612)
474 5406 537 5456 In
570 5411 803 5472 utroque
840 5417 969 5467 ms.,
1010 5417 1119 5473 quo
1159 5416 1281 5455 sum
1335 5417 1489 5467 usus,
1544 5402 1808 5458 habetur:

208 5476 457 5544 Gen-sque
488 5476 637 5528 timet
660 5478 817 5539 tetra,
840 5474 1004 5544 rediit
1026 5476 1269 5544 graviter
1290 5478 1433 5527 retro
1457 5489 1613 5527 casa.
1648 5476 1809 5529 Mun.

280 5543 432 5615 (613)
465 5547 613 5599 Duce
630 5546 820 5608 relato,
853 5543 911 5599 id
937 5552 1019 5599 est
1046 5543 1381 5614 supradicto;
1412 5544 1467 5600 id
1488 5545 1596 5600 illis
1619 5544 1810 5615 dante,

205 5632 304 5671 seu
327 5616 610 5671 tradente.
640 5617 810 5669 Lais.

264 5691 434 5751 .(614)
460 5689 523 5741 In
551 5686 730 5741 reditu
764 5682 1048 5740 Bonifacii.
1078 5687 1243 5741 Lam.

285 5759 431 5827 (615)
460 5758 597 5813 Cod.
626 5758 882 5827 Regien.,
908 5757 969 5827 in
988 5759 1178 5811 castri.
1208 5760 1371 5813 Mus.

284 5826 432 5899 (616)
475 5827 664 5885 Codex
707 5826 880 5899 antiq.
910 5826 965 5883 in
995 5830 1158 5883 castri
1183 5828 1462 5897 cujusdam
1483 5829 1683 5896 campis
1714 5843 1808 5882 ca-

1912 4698 2247 4753 comparare.
2282 4685 2448 4738 LEIB.

1987 4752 2127 4825 (617)
2157 4756 2344 4808 Forte:
2381 4756 2613 4809 Cervices
2632 4754 2822 4821 pueris
2845 4752 3101 4815 tundunt,
3133 4756 3181 4807 et
3212 4768 3372 4822 equos
3390 4755 3498 4807 sibi

1914 4824 1989 4898 (id
2016 4824 2257 4898 est'illis)
2284 4826 2496 4898 tollunt.
2529 4830 2702 4879 LEIB.

1990 4897 2131 4965 (618)
2162 4896 2406 4963 Triginta
2438 4896 2695 4950 hastatos.
2739 4896 2910 4949 LEIB.

1990 4970 2137 5035 (619)
2170 4966 2413 5022 Collocat
2438 4967 2697 5037 populum
2729 4975 3010 5030 cunctum,
3035 4981 3128 5020 seu
3162 4981 3384 5019 onmem
3410 4967 3508 5019 mi-

1921 5040 2071 5095 litem
2120 5053 2283 5108 suum
2313 5037 2367 5092 in
2416 5036 2645 5093 insidiis.
2686 5037 2931 5108 Triginta
2965 5036 3083 5091 illos
3128 5053 3191 5091 ex
3240 5053 3419 5106 pugna
3454 5038 3509 5090 in

1919 5126 2115 5182 campo
2161 5107 2352 5181 fugere
2394 5109 2554 5181 jubet
2588 5107 2877 5180 usquead
2934 5108 3121 5163 locum
3165 5108 3503 5163 insidiarum.

1919 5184 2086 5238 Lam.

1993 5258 2141 5325 (620)
2170 5252 2376 5319 Alans;
2422 5254 2656 5322 spirans.
2691 5252 2862 5307 LEIB.

1993 5319 2138 5397 (621)
2158 5325 2279 5379 Non
2302 5325 2429 5380 licet
2452 5319 2543 5380 ine
2568 5333 2872 5379 retrorsum
2898 5322 2999 5389 ire,
3022 5330 3078 5379 et
3105 5319 3249 5378 dicta
3278 5329 3509 5377 mutare.

1920 5397 2087 5452 LBIB.

1992 5468 2133 5536 (622)
2179 5471 2399 5524 Tertius
2429 5467 2762 5533 Germania,
2803 5464 3074 5519 secundus
3106 5466 3291 5520 Italia.
3334 5468 3509 5519 LEIB.

1993 5544 2140 5607 (623)
2164 5542 2301 5595 Acta
2335 5549 2462 5595 sunt
2506 5540 2622 5594 hac
2640 5542 2958 5601 ann01046,
2995 5551 3105 5605 quo
3142 5538 3408 5590 llenricus
3432 5538 3507 5590 lll

1925 5606 2111 5683 poStea
2133 5611 2277 5666 inter
2295 5613 2656 5681 imperatores
2670 5607 2945 5665 secundus
2968 5606 3183 5661 Italiam
3199 5616 3278 5661 est
3299 5608 3505 5677 ingrcs-

1923 5700 2037 5739 sus.
2068 5685 2222 5737 Mue.

1991 5752 2135 5825 (624)
2162 5754 2290 5810 Suo.
2324 5752 2495 5808 L313.
