4010 6164
626 279 728 332 979

625 406 786 458 Dono
825 388 1041 456 fufsisse
1107 413 1330 455 servum
1370 399 1620 470 regisque
1643 397 1875 466 dedisse,

624 496 850 550 Mantua
875 509 1002 549 cum
1031 492 1576 565 regem,.pariterque
1603 491 1802 549 ducem
1825 491 2108 549 retineret.
2165 511 2170 518 κ

627 591 780 645 Tunc
810 603 998 645 comes
1029 589 1173 659 (625)
1207 585 1462 644 Albertus
1511 586 1628 643 vice
1651 586 1823 656 dives,
1845 588 2086 644 maxime
2106 602 2220 644 ser-

1949 684 1968 749 [
2025 696 2145 738 vus.

629 776 994 849 Praedictique
1030 775 1217 844 ducis,
1247 776 1526 832 habitator
1549 782 1606 832 et
1631 775 1800 848 ipsius
1847 775 2000 839 urbis
2033 815 2047 840 ,

632 871 967 942 Cornipedes
985 879 1206 927 centum
1226 871 1370 941 (626)
1400 870 1542 925 tilios
1571 870 1659 940 qui
1679 870 1804 942 jure
1821 868 2112 936 nitescunt,

591 993 598 996 -
633 965 772 1020 Cum
801 964 1025 1021 rudibus
1055 965 1222 1032 sellis,
1270 963 1500 1020 rudibus
1535 961 1706 1020 frenis
1741 963 1823 1019 vel
1856 962 2082 1018 habenis

633 1061 878 1114 Mutatos
900 1061 1045 1128 (627)
1079 1066 1323 1125 centum,
1360 1073 1470 1113 non
1503 1065 1746 1113 mutatos
1765 1073 1983 1129 quoque
2003 1065 2225 1113 centum

631 1156 866 1208 Astures
891 1152 1145 1223 pulchros
1176 1153 1290 1224 regi
1331 1150 1491 1209 simul
1520 1152 1719 1208 obtulit
1774 1151 1937 1206 ultro.

639 1247 770 1318 Quis
806 1248 890 1302 vir
919 1246 1006 1302 hic
1034 1261 1153 1302 esse
1183 1253 1364 1314 sonat,
1391 1246 1482 1317 qui
1524 1246 1680 1301 vobis
1705 1243 1848 1318 (628)
1876 1245 1999 1300 talia
2023 1243 2228 1301 donat?

637 1339 847 1396 Clamat
872 1340 1080 1412 regina.
1120 1339 1218 1396 Cui
1256 1339 1394 1395 dixit
1442 1355 1537 1395 rex
1568 1338 1720 1411 quasi
1742 1339 1982 1394 mirans:

634 1433 741 1507 Qui
777 1434 862 1488 vir
891 1438 1033 1502 (629)
1066 1433 1232 1490 habet
1270 1449 1453 1489 servos
1490 1433 1682 1505 quales
1724 1433 2054 1501 Bonifacius,
2098 1446 2228 1504 ergo

639 1532 702 1584 In
743 1534 861 1582 toto
898 1543 1068 1600 regno
1109 1527 1348 1582 similem
1377 1527 1481 1583 sibi
1518 1543 1627 1583 non
1659 1543 1761 1599 ego
1801 1535 2010 1598 specto.

637 1622 892 1680 Servulus
929 1622 1034 1678 iste
1066 1637 1198 1678 suus
1220 1621 1421 1677 referat
1448 1622 1604 1690 mihi,
1627 1621 1775 1694 quod
1795 1621 1896 1676 sibi
1920 1637 2068 1676 nunc
2091 1621 2226 1677 vult.

634 1717 719 1772 Nil
749 1715 899 1772 aliud
927 1731 1139 1788 quaero,
1166 1715 1310 1785 volo,
1335 1731 1437 1772 nec
1456 1718 1640 1788 cupio,
1673 1731 1851 1788 neque
1869 1731 2030 1788 spero

633 1816 686 1868 A
714 1819 792 1878 te,
822 1810 879 1866 ni
920 1817 1136 1866 tantum
1180 1826 1336 1866 meus
1363 1819 1424 1866 ut
1461 1810 1718 1866 dominus
1773 1812 1847 1866 sit
1874 1818 2122 1879 amatus;

639 1908 757 1962 Hoc
784 1904 862 1961 ait
887 1904 1146 1960 Albertus
1177 1904 1316 1976 regi,
1343 1919 1509 1976 quem
1543 1921 1638 1960 rex
1685 1903 1942 1976 rogitavit

635 1998 722 2053 Ad
750 1999 1024 2069 propriam
1045 2013 1298 2054 mensam
1321 2013 1510 2054 secum
1531 1997 1795 2069 prandere
1823 1995 2118 2065 refertam;

634 2094 757 2147 Hoc
795 2092 980 2147 timuit
1007 2092 1260 2159 verbum,
1291 2091 1556 2146 Bonifacii
1593 2091 1721 2162 quia
1746 2106 1957 2147 servus.

636 2184 900 2241 Mandere
934 2200 1046 2240 non
1069 2201 1314 2256 unquam
1354 2200 1545 2241 secum
1589 2183 1696 2240 fuit
1736 2200 1901 2241 ausus
1947 2185 2017 2242 ad
2057 2201 2225 2242 unam

635 2281 887 2334 Mensam
926 2294 1053 2334 cum
1089 2294 1236 2350 rege,
1270 2280 1366 2351 qui
1412 2278 1745 2335 manducare
1794 2287 2015 2351 repente

636 2372 889 2428 Debebat
916 2371 1076 2438 forte,
1111 2388 1276 2444 quem
1296 2388 1391 2428 rex
1416 2380 1525 2428 stat
1543 2373 1783 2444 postulat
1803 2373 1873 2429 ob
1892 2388 2015 2429 rem

637 2467 988 2533 Praedictam,
1012 2466 1234 2523 tandem
1265 2467 1377 2523 dux
1400 2483 1521 2524 rem
1545 2469 1812 2524 concessit
1834 2467 2083 2524 eamdem

641 2563 782 2620 Cum
827 2560 965 2617 duce
1014 2575 1141 2632 rege
1182 2561 1342 2617 simul
1394 2562 1478 2618 vir
1509 2562 1630 2634 jam
1670 2563 1908 2634 scriptus
1970 2561 2085 2618 fere
2144 2561 2226 2617 vi-

1846 2661 1864 2725 [
1891 2673 1990 2712 vus
2013 2661 2157 2722 (630)

639 2753 860 2807 Intrans
889 2750 958 2808 ad
984 2766 1264 2819 mensam,
1292 2751 1392 2807 sed
1413 2767 1636 2822 parvam
1663 2751 1886 2823 suscipit
1913 2766 2116 2806 escam.

640 2846 753 2902 Rex
786 2843 891 2900 sibi
947 2852 1252 2901 mastrucas
1285 2848 1433 2912 (631)
1464 2853 1586 2916 post
1622 2860 1803 2901 escam
1837 2844 2077 2901 maxime
2100 2845 2225 2914 pul-

2021 2941 2040 3007 [
2074 2937 2230 2994 chras

638 3033 909 3099 Donavit,
935 3029 1136 3088 ﬂorent
1154 3032 1358 3103 pariter
1384 3047 1630 3105 quoques
1643 3031 1979 3103 pelliciones,

638 3129 756 3183 Hoc
783 3127 926 3199 regis
955 3142 1158 3182 munus
1186 3125 1339 3182 ducis
1365 3126 1434 3181 ad
1458 3141 1731 3182 cameram
1759 3126 1920 3192 tulit;
1952 3142 2121 3182 unum

641 3223 713 3277 Et
748 3221 966 3276 corium
994 3220 1158 3285 cervi,
1195 3219 1342 3290 quod
1368 3220 1616 3275 nummis
1644 3219 1761 3291 ipse
1789 3219 2049 3291 replevit;

637 3313 902 3385 Principis
933 3321 1058 3369 ante
1088 3312 1254 3385 pedes
1292 3312 1510 3381 cecidit,
1546 3313 1650 3369 sibi
1690 3329 1912 3385 parcere
1958 3328 2230 3385 quaerens,

638 3411 847 3465 Mensa:
874 3407 1040 3480 regali
1061 3407 1210 3478 quod
1235 3423 1424 3464 secum
1449 3407 1804 3480 participarit.

638 3501 737 3560 llle
766 3510 1090 3573 potestatem
1120 3517 1354 3557 noscens
1375 3501 1638 3567 retinere,
1663 3501 1820 3557 beate

640 3595 875 3656 Indulsit
904 3611 1081 3664 servo,
1121 3595 1335 3651 facinus
1371 3604 1561 3649 tamen
1598 3593 1702 3650 hoc
1728 3594 2086 3667 prohibendo.

1245 3706 1476 3761 CAPUT
1496 3707 1656 3760 XIII.

642 3813 795 3884 Quod
814 3811 1108 3882 aliquando
1137 3812 1197 3864 in
1227 3811 1441 3884 consilio
1470 3826 1584 3875 suo,
1631 3810 1921 3878 aliquando
1970 3812 2233 3868 occasione

708 3884 912 3952 vigilia:
936 3885 1100 3937 noctis
1131 3883 1389 3938 Henricus
1431 3898 1529 3936 rem
1570 3885 1797 3936 tentavit
1855 3897 2039 3950 cape-re
2067 3885 2231 3937 Boni-

713 3957 938 4025 facium.

640 4066 894 4148 Quotidie
911 4065 1162 4136 princeps
1190 4078 1441 4119 crescens
1473 4060 1787 4117 Bonifacius
1810 4061 1913 4116 iste

638 4163 799 4218 Alma
826 4159 961 4215 fides
979 4159 1157 4230 ipsum
1187 4157 1436 4214 servabat
1471 4157 1596 4230 jure
1625 4155 1945 4226 benignum.

644 4255 855 4312 Invidia
892 4260 1071 4308 tactus
1107 4252 1280 4307 nimia
1322 4268 1413 4307 rex
1442 4251 1560 4324 jam
1603 4259 1948 4306 memoratus

643 4349 865 4421 Ingenio
895 4346 1064 4402 crudo
1089 4345 1384 4404 meditatur
1403 4345 1665 4418 prendere
1693 4344 1839 4401 furto

643 4443 822 4510 illum,
853 4443 954 4498 sub
969 4443 1106 4498 cmlo
1129 4441 1305 4513 potuit
1320 4457 1484 4512 quem
1511 4440 1776 4510 prendere
1793 4455 1977 4495 nemo.

637 4540 798 4598 Stans
827 4539 883 4595 in
906 4536 1145 4593 conclavi
1173 4536 1400 4608 cupiens
1427 4551 1524 4591 rex
1561 4533 1837 4590 consiliari

712 4716 855 4777 (625)
883 4712 1057 4768 Comes
1087 4707 1339 4762 Albertus
1367 4709 1478 4761 vice
1504 4706 1557 4762 id
1583 4715 1666 4761 est
1712 4705 2029 4761 vicecomes.
2058 4706 2224 4761 Lmn.

712 4788 856 4850 (626)
894 4785 978 4836 An
1007 4781 1203 4846 balios,
1236 4779 1315 4834 vel
1362 4780 1580 4834 bodies?
1619 4778 1783 4834 Color
1813 4786 1895 4833 est
1938 4779 2028 4850 qui
2059 4778 2229 4835 Gallis

647 4857 771 4910 bay.
799 4857 973 4909 Lam.

711 4873 1236 4996 (1162171)Eit113utatos,_i_d
1267 4929 1350 4976 est
1388 4921 1589 4989 varios,
1622 4921 1869 4977 colorum
1906 4921 2228 4978 varietatem

611 4993 850 5053 Inuance'
868 5003 1060 5050 vocant
1082 4993 1240 5049 Galli.
1263 4996 1433 5048 Lam.

711 5074 855 5133 (628)
881 5069 946 5120 In
975 5065 1097 5120 cod.
1147 5065 1380 5128 listensi,
1412 5063 1504 5120 ubi
1535 5080 1696 5135 supra
1720 5063 1935 5119 laudata
1971 5066 2228 5136 Epitome

639 5148 783 5193 msta
813 5138 1063 5204 habetur,
1092 5137 1257 5189 nobis.
1285 5137 1438 5191 Mun.

709 5212 853 5274 (629)
891 5211 955 5276 ,In
1013 5207 1245 5279 eodicib.
1289 5210 1476 5262 Esten.
1541 5214 1592 5262 et
1631 5207 1858 5279 Begien.
1898 5209 2069 5276 :Quis
2115 5210 2224 5277 vir,

636 5295 840 5347 nempe
877 5278 1282 5351 interrogando.
1327 5281 1492 5334 Mun.

708 5356 853 5416 (630)
895 5354 1013 5406 Hoc
1061 5349 1162 5417 eSt,
1203 5366 1314 5421 pra:
1354 5352 1552 5405 timore
1594 5349 1678 5404 vix
1725 5349 1894 5417 vivus,
1929 5349 2225 5405 semimor-

637 5429 787 5477 tuus.
815 5425 977 5478 MUB.

707 5496 857 5560 (631)
884 5494 1068 5549 Vestis
1097 5509 1265 5564 genus
1309 5509 1372 5547 ex
1403 5493 1634 5562 pellibus
1673 5491 1934 5564 ferarum,
1986 5509 2097 5563 quo
2138 5508 2223 5547 se-

635 5565 1025 5634 ptentrionales
1054 5563 1306 5629 utuntur,
1336 5573 1390 5618 et
1410 5566 1538 5618 olim
1561 5563 1720 5619 Sardi
1746 5565 2057 5629 utebantur,
2089 5571 2224 5618 teste

633 5637 832 5701 Tullio,
856 5635 1158 5692 Prudentio
1175 5676 1190 5699 ,
1219 5637 1453 5691 Isidoro.
1473 5641 1673 5692 Bursas
1696 5637 2026 5704 cpitomator
2053 5644 2225 5690 mstus

633 5707 933 5762 Donizonis
962 5715 1041 5762 est
1069 5707 1382 5764 arbitratus.
1415 5707 1722 5762 Pelliciones
1752 5706 1888 5762 infra
1906 5711 1911 5772 ξ
1930 5707 2223 5761 memorati

632 5780 866 5837 fortasse
882 5778 1104 5834 fuerunt
1123 5781 1403 5847 augustius
1425 5779 1743 5850 earumdem
1766 5778 1996 5850 vestium
2019 5793 2218 5850 genus:

633 5869 759 5924 qua:
787 5867 890 5907 vox
929 5851 1073 5923 apud
1105 5850 1272 5906 Italos
1299 5859 1354 5906 et
1385 5852 1621 5906 Francos
1647 5847 1827 5903 adhuc
1852 5847 2217 5920 vigethun.

1632 240 1722 329 An
1762 274 1989 330 OPERA
2027 275 2078 331 s.
2122 275 2443 332 GREGOBII
2479 272 2911 329 APPENDICES.

3722 284 3788 336 980

2244 405 2294 466 Α
2329 399 2412 455 Ad
2456 414 2514 454 se
2545 397 2740 453 festine
2772 395 2883 452 dux
2915 404 2975 452 ut
3002 405 3152 453 catus
3181 397 3282 453 iste
3312 400 3516 463 veniret.

2325 492 2514 561 Jussit,
2541 500 2606 548 ut
2646 491 2752 546 hoc
2781 497 2902 546 astu
2930 491 3111 562 quiret
3136 492 3370 548 retinere
3397 502 3614 552 coactum
3638 515 3650 552 :

2327 589 2409 644 Ut
2435 594 2661 641 teneant
2695 584 2896 652 valvas,
2915 584 3075 657 jubet
3111 585 3336 652 aedituo,
3368 587 3496 643 bene
3519 589 3702 656 clausas,

2328 679 2494 736 Haud
2515 679 2621 735 nisi
2659 694 2718 735 se
2745 679 2939 751 quinto
2967 683 3116 746 (632)
3140 679 3445 736 Bonifacius
3469 681 3612 738 intret
3633 691 3675 738 et
3699 683 3790 739 intro

2335 774 2416 832 Ad
2447 773 2594 846 quod
2619 788 2715 829 rex
2740 773 2986 838 mandat,
3012 789 3135 829 mox
3165 790 3226 830 se
3253 774 3359 830 dux
3391 775 3465 830 ire
3490 776 3727 843 remandat,

2329 867 2606 925 Adversus
2629 867 2836 924 dictum
2858 867 3090 934 (633)jni|
3110 867 3334 924 doctum
3352 885 3500 941 posse
3514 867 3728 938 recordor,

2330 965 2472 1019 Nam
2493 961 2604 1018 dux
2621 963 2861 1034 privatos
2886 966 3032 1028 (634)
3053 963 3301 1034 proprios
3321 964 3426 1018 cito
3449 964 3792 1036 conglomeratos,

2333 1060 2415 1113 Ac
2440 1056 2578 1112 alios
2627 1057 2832 1112 multos
2877 1055 3083 1128 gladios
3127 1056 3231 1112 sub
3284 1065 3430 1114 veste
3489 1065 3689 1114 retrusos

2333 1152 2618 1206 Portantes
2655 1158 2780 1221 post
2798 1165 2856 1206 se
2886 1151 3146 1222 praecepit
3175 1165 3396 1223 pergere
3424 1160 3658 1224 prompte,

2333 1243 2621 1300 Nobilibus
2641 1251 2827 1315 septus
2855 1245 3166 1316 properavit
3195 1244 3438 1300 marchio
3463 1245 3632 1312 celsus,

2333 1338 2429 1400 Cui
2455 1337 2664 1409 regiam
2693 1337 2928 1409 primam
2957 1353 3197 1394 reserare
3225 1343 3371 1406 (635)
3397 1338 3584 1405 aeditui,
3612 1355 3731 1410 quam

2334 1431 2596 1487 Claudere
2619 1431 2899 1498 festinant,
2931 1431 3027 1487 sed
3071 1432 3131 1487 ﬁt
3177 1440 3453 1488 contracta
3492 1448 3578 1503 per
3620 1433 3734 1498 iram,

2333 1523 2694 1596 Progrediens
2711 1524 2858 1580 ultra
2889 1524 3228 1596 dirumpitur
3250 1534 3409 1597 atque
3440 1525 3656 1593 secunda,

2337 1619 2524 1676 Tertia
2549 1617 2816 1688 restabat,
2846 1618 2948 1674 sub
2973 1635 3080 1691 qua
3111 1627 3246 1675 tunc
3273 1636 3365 1675 rex
3389 1619 3652 1684 habitabat,

2340 1713 2637 1786 Frangitur
2668 1728 2730 1768 ac
2768 1713 2904 1785 ipsa,
2945 1729 3070 1769 cum
3106 1713 3220 1770 dux
3262 1719 3406 1783 (636)
3440 1713 3801 1770 circumdatusin-

3656 1810 3757 1874 [tm

2333 1902 2501 1960 Unde
2532 1902 2698 1958 nimis
2717 1909 2905 1959 motus
2928 1918 3024 1958 rex
3049 1902 3280 1959 callidus
3307 1910 3463 1974 atque
3483 1902 3685 1968 dolosus;

2336 1995 2483 2068 Quid
2500 1996 2696 2052 video?
2713 1996 2890 2066 Quid?
2916 1997 2992 2052 ait
3022 2017 3033 2052 :
3059 1996 3235 2052 miror
3253 1997 3320 2053 de
3344 2005 3415 2063 te,
3442 1995 3660 2052 Bonifaci.

2337 2093 2502 2149 Hunc
2524 2090 2716 2146 habuit
2742 2106 2954 2146 morem
2978 2090 3188 2162 jugiter
3211 2107 3334 2146 mea
3350 2107 3471 2146 nam
3493 2090 3671 2152 domus,
3695 2102 3802 2150 om,

2340 2187 2471 2240 Esse
2500 2184 2607 2239 mei
2651 2200 2869 2239 mecum
2891 2184 3039 2240 soliti
3073 2200 3297 2256 semper
3325 2201 3425 2255 que
3462 2182 3663 2239 fuerunt.

2338 2281 2458 2334 Hoc
2480 2278 2590 2334 dux
2614 2279 2900 2350 respondit
2931 2297 2946 2334 :
2979 2295 3170 2350 pacem
3214 2295 3304 2334 rex
3343 2279 3478 2334 illico
3515 2275 3736 2350 prompsit.

2336 2375 2454 2428 Hac
2486 2373 2604 2428 vice
2628 2389 2722 2428 rex
2761 2373 2900 2428 vidit
2930 2372 3076 2444 quod
3115 2389 3247 2444 eum
3291 2374 3505 2428 retinere
3526 2369 3736 2443 nequivit;

2340 2466 2548 2522 Idcirco
2594 2467 2768 2537 planis
2817 2481 3005 2538 pacem
3051 2467 3238 2522 verbis
3283 2465 3550 2522 simulavit.

2338 2562 2552 2616 Denuo
2569 2569 2920 2632 pertractans,
2943 2567 2998 2615 et
3018 2561 3276 2617 eumdem
3297 2560 3536 2633 prendere
3554 2564 3738 2630 captans,

2339 2657 2460 2710 Hoc
2510 2670 2657 2711 caco
2695 2657 2864 2711 Marte
2891 2654 3210 2711 faciendum
3240 2657 3432 2728 cogitat
3459 2662 3584 2725 apte.

2261 1786 2309 1848 Β

2337 2753 2614 2820 Tempore
2630 2759 2905 2805 nocturno
2934 2765 3096 2820 super
3119 2750 3308 2821 ipsum
3339 2747 3556 2822 postulat
3579 2746 3686 2801 ultra
3709 2743 3806 2808 (637}

2338 2844 2419 2898 Ut
2464 2843 2574 2898 dux
2600 2843 2712 2914 ipse
2748 2859 2944 2914 parum
2973 2842 3191 2914 vigilet;
3241 2843 3379 2899 foret
3405 2843 3500 2898 hoc
3531 2839 3614 2895 sibi
3639 2843 3805 2909 gratum;

2338 2937 2524 2994 Getuli
2553 2953 2767 2992 morem
2805 2937 2909 2991 scit
2951 2936 3195 3008 prudens
3242 2937 3411 3008 vulpis
3437 2937 3486 2992 in
3511 2949 3608 2989 ore.

2339 3029 2670 3102 Obsequium
2690 3030 2830 3102 regis
2850 3046 3205 3102 nequaquam
3230 3030 3468 3088 marchio
3482 3026 3661 3100 sprevit,

2340 3123 2598 3182 Cereolos
2620 3125 2826 3180 multos
2852 3124 2979 3180 fecit
3005 3140 3340 3196 componere
3356 3123 3588 3197 pulchros

2347 3219 2573 3274 Libram
2600 3218 2883 3274 candelam
2915 3235 3056 3276 cerae
3083 3220 3255 3276 simul
3281 3220 3451 3276 omnis
3489 3214 3692 3276 habebat,

2342 3315 2522 3384 Atque
2539 3312 2649 3367 suis
2677 3311 2890 3368 cunctis
2911 3327 3172 3368 accensas
3205 3313 3301 3369 has
3329 3313 3448 3369 dare
3487 3308 3639 3384 jussit,

2341 3408 2413 3461 Et
2437 3413 2610 3462 tentas
2635 3411 2777 3472 (638)
2799 3405 2981 3462 hastas
3000 3423 3166 3477 super
3185 3409 3333 3479 ipsas
3353 3408 3501 3478 ﬁgere
3525 3398 3714 3460 mandat,

2346 3503 2485 3554 Ante
2511 3515 2669 3555 suam
2701 3500 2934 3554 multam
2964 3498 3163 3555 faciem
3199 3501 3352 3572 jubet
3378 3501 3448 3554 ire
3469 3496 3718 3552 columnam

2342 3595 2494 3649 Cerae
2518 3592 2890 3665 splendentem
2927 3593 3131 3665 grandi
3179 3595 3250 3651 de
3279 3594 3490 3659 lumine,
3542 3597 3696 3655 nempe

2342 3685 2610 3741 Militibus
2649 3686 2870 3753 densus,
2896 3695 2950 3741 et
2986 3687 3129 3743 miro
3186 3687 3390 3743 lumine
3421 3691 3584 3755 septas

2341 3780 2512 3851 Regis
2539 3779 2608 3836 ad
2641 3779 2935 3850 hospitium
2969 3784 3325 3851 properabat;
3349 3780 3542 3850 longius
3565 3775 3702 3845 ipsum

2341 3874 2628 3945 Aspiciunt
2663 3873 2800 3928 servi
2833 3873 3138 3929 venientem
3170 3875 3403 3945 denique
3438 3871 3587 3943 regis,

2339 3971 2468 4024 Una
2516 3968 2662 4022 velut
2690 3967 2823 4022 silva
2877 3967 3129 4039 ﬂagraret
3151 3977 3294 4024 terra
3323 3967 3400 4022 vel
3428 3967 3552 4036 ipsa,

2342 4062 2431 4117 Sic
2456 4061 2767 4131 apparebat.
2801 4065 2921 4116 Rex
2954 4061 3059 4117 hoc
3086 4078 3307 4134 quoque
3337 4054 3670 4132 prospiciebat.

2341 4156 2546 4211 Contra
2588 4171 2751 4226 quem
2797 4171 3027 4210 noscens
3051 4155 3203 4210 idem
3233 4173 3324 4211 rex
3356 4155 3422 4209 nil
3449 4148 3594 4207 modo
3614 4153 3744 4215 posse,

2341 4251 2513 4306 Retro
2551 4249 2728 4304 redire
2759 4249 2857 4304 sibi
2879 4258 3058 4322 grates
3104 4263 3434 4322 magnasque
3461 4239 3658 4300 remisit.

2945 4345 3191 4399 CAPUT
3219 4345 3371 4398 XIV.

2411 4437 2562 4504 Quod
2594 4439 2902 4504 Bonifacius
2920 4438 3188 4491 studiosus
3243 4439 3356 4505 fuit
3389 4437 3443 4488 in
3483 4427 3652 4484 divinis
3695 4415 3809 4470 rebus.

2263 4541 2310 4602 1)
2344 4530 2569 4587 Actibus
2610 4541 2670 4586 ut
2711 4531 2899 4588 mundi
2933 4537 3079 4600 (639)
3111 4529 3418 4587 Bonifacius
3443 4527 3537 4581 iste
3562 4512 3741 4576 refulsit,

2264 3173 2310 3237 C

2337 4707 2558 4828 Ι’(632)
2591 4703 2944 4773 Quintusmet
2993 4701 3154 4759 :selb
3213 4699 3414 4766 funfte,
3462 4694 3527 4749 lui
3568 4678 3810 4754 ciuquiéme.
3908 4739 3909 4766 Ἰ

2389 4789 2507 4828 EIB.
3787 4820 3795 4828 _
3908 4795 3909 4826 ξ

2389 4789 2507 4829 ΕῘΒ.

2413 4860 2554 4920 (633)
2587 4853 2720 4910 COd.
2755 4855 2980 4926 Regien.
3017 4874 3029 4909 ε
3059 4856 3334 4911 Adversus
3378 4851 3588 4905 doct-um.

2339 4899 2429 4981 hic
2455 4899 2643 4982 sensus
2682 4899 2968 4990 :adveti‘sus
2998 4926 3274 4981 hominem
3302 4931 3543 4984 astutum,
3571 4927 3623 4967 ac
3647 4899 3812 4978 pruicn-

2338 5007 2451 5053 tem
2482 5001 2552 5053 nil
2600 4997 2870 5052 calliditas
2910 5007 3105 5069 potest.
3138 5002 3298 5054 Mue.

2410 5082 2554 5144 (634)
2584 5077 2919 5141 Familiares,
2951 5080 3061 5134 sive
3092 5078 3325 5133 famulos
3347 5088 3478 5130 suos.
3509 5069 3648 5123 MUR-

2410 5129 3040 5245 (6355‘Ex_cod.uantiq.
3070 5159 3267 5245 legitur
3310 5173 3322 5210 :

2337 5211 2503 5300 quam
2529 5211 2583 5285 id
2607 5237 2690 5284 est
2715 5211 3295 5318 ⁸ῙςιηίξοιέεςῚρφεᾶιιιὲιη
3321 5226 3538 5318 primani!

2337 5282 2603 5368 sera-sai,
2619 5282 2813 5354 'siaiim
2844 5282 3166 5356 meamea
3198 5282 3473 5368 Bonifacio
3486 5282 3717 5343 claudunt.
3741 5282 3756 5322 ε

2334 5373 2404 5428 ab
2452 5373 2570 5443 ejus
2593 5365 2821 5426 ’asseclis
2851 5388 3040 5428 rursus
3093 5369 3408 5439 effringitur.
3451 5365 3597 5422 LEIB.

2335 5526 2390 5579 Μ
2407 5416 2534 5506 Μέίὶ
2583 5466 2832 5523 quoque,
2886 5452 3086 5522 quibus
3142 5416 3289 5517 utor:
3351 5445 3533 5501 habent
3585 5416 3810 5488 reserari“!

2368 5545 2372 5548 ν
2401 5539 2492 5579 un.

2368 5539 2492 5579 lUR.

2406 5611 2547 5670 (636)
2584 5607 2851 5672 Fortasse,
2894 5623 3057 5675 quam
3096 5607 3227 5660 dum.
3261 5605 3410 5656 Mun.

2407 5689 2548 5754 (637)
2577 5689 2640 5741 lu
2679 5670 2920 5758 Regien.‘
2943 5686 3090 5753 cod.,
3125 5685 3359 5756 postulat
3377 5681 3522 5733 ultro.
3547 5670 3678 5758 aliis.

2404 5749 2548 5871 ea
2578 5749 3804 5871 seriei-feeit)"~.:5f.ff:“f:;£'fias

2404 5826 2546 5918 (639)
2579 5855 2710 5909 Post
2743 5850 2861 5908 haec
2889 5853 2946 5906 in
2993 5853 3217 5924 antiqua
3246 5847 3470 5919 epitome
3507 5840 3624 5892 msta
3661 5826 3804 5876 COdIClS
