4052 6180
243 250 336 304 981

239 373 333 430 Sic
364 371 499 428 eluit
520 370 577 427 in
601 371 764 427 factis
789 372 983 428 divinis
1011 388 1073 428 ac
1102 372 1430 429 venerandis
1459 392 1473 427 :

238 466 534 524 Pontiﬁces
561 481 751 523 sacros
786 465 979 522 habuit
1003 482 1171 539 quam
1202 468 1446 524 maxime
1473 468 1695 538 charos,

237 561 381 633 Ipsis
407 559 674 625 donabat,
703 575 830 632 qua
859 561 1074 617 censuit
1113 560 1198 617 his
1226 561 1346 618 fore
1377 570 1563 634 grata;

235 654 550 713 Psallebant
575 669 795 727 semper
822 654 1089 726 capellani
1118 663 1435 712 reverenter

238 751 420 805 Horas
448 757 747 805 nocturnas
776 748 880 805 sibi
912 749 1266 822 quotidieque
1297 750 1553 819 diurnas;

234 844 419 900 Nemo
452 842 722 915 capellam
753 859 919 915 super
944 844 1127 915 ipsum
1158 843 1305 915 (640)
1347 843 1546 916 prasul
1582 843 1835 900 habebat.

233 937 441 994 Dilexit
465 938 698 1008 clerum,
726 937 821 995 sed
840 952 907 995 eo
942 936 1274 995 monachum
1302 953 1474 1010 opage
1504 954 1694 995 verum
1722 957 1734 994 :

237 1032 466 1105 Propria
507 1041 730 1104 peccata
760 1048 1061 1105 generosus
1098 1032 1185 1088 hic
1229 1041 1395 1105 atque
1442 1031 1622 1103 piacla

234 1130 379 1184 Cum
422 1127 602 1183 studio
632 1142 836 1199 magno
883 1126 1163 1198 pandebat
1209 1126 1471 1183 fratribus
1510 1141 1656 1182 anno

234 1223 427 1289 Omni,
469 1236 752 1293 pomposa
794 1220 1017 1277 Christo
1063 1219 1482 1287 famulantibus,
1527 1235 1622 1276 ore

233 1320 379 1374 Cum
408 1316 651 1388 proprio,
684 1315 944 1387 plangens
972 1332 1100 1371 cum
1133 1315 1317 1383 corde,
1345 1324 1542 1386 petens
1580 1313 1831 1370 veniam-

233 1412 456 1467 Fratres
482 1425 545 1465 ac
574 1408 744 1465 abbas
770 1409 885 1480 ejus
912 1409 1104 1466 delicta
1135 1409 1427 1477 levabant;
1595 1411 1757 1481 [que;

237 1503 493 1561 Ecclesia
536 1519 773 1575 quorum
824 1504 989 1559 solito
1040 1502 1205 1559 dabat
1243 1505 1451 1575 optima
1492 1504 1660 1572 dona,

232 1601 352 1654 Rex
402 1598 610 1654 etenim
637 1613 928 1670 nunquam
970 1595 1124 1653 dedit
1165 1597 1308 1652 ullus
1353 1597 1426 1653 ibi
1469 1599 1715 1654 meliora.

231 1692 478 1765 Contigit
502 1692 581 1748 ire
620 1692 785 1747 semel
826 1692 978 1760 illuc,
1020 1707 1345 1764 moremque
1374 1699 1559 1748 tenere

231 1788 423 1854 Illum,
467 1802 633 1859 quem
670 1786 883 1842 dudum
921 1786 1158 1841 retinere
1189 1786 1399 1842 solebat
1430 1787 1489 1841 in
1517 1802 1644 1855 usu,

230 1880 451 1937 Scilicet
487 1878 745 1936 assistens
780 1880 849 1935 ad
879 1896 1017 1951 opus
1063 1879 1254 1935 divum
1288 1880 1469 1937 bonus
1496 1880 1634 1953 ipse,

230 1975 423 2031 Stabat
447 1974 503 2030 in
538 1974 753 2030 excelso
782 1974 949 2041 solio,
975 1989 1092 2029 non
1121 1973 1284 2042 corde
1312 1975 1575 2046 superbo;

228 2069 628 2141 Aspiciensque
656 2067 909 2135 chorum,
935 2066 1099 2123 facies
1127 2067 1257 2123 vidit
1279 2083 1577 2139 puerorum

227 2165 295 2219 In
339 2170 487 2223 terra
516 2178 739 2234 pronas,
772 2162 1072 2234 psallentes
1123 2160 1355 2218 dulciter
1401 2160 1587 2230 horas,

226 2260 311 2313 De
348 2256 550 2329 quibus
578 2255 883 2323 admirans,
916 2255 992 2311 ita
1018 2271 1117 2311 cur
1142 2262 1312 2323 stant,
1354 2271 1518 2328 seque
1562 2254 1821 2328 regirant.

235 2356 280 2411 Α
309 2348 601 2406 monachis
627 2349 842 2416 didicit,
864 2365 1086 2421 semper
1110 2348 1258 2420 quod
1288 2358 1457 2418 stant,
1485 2350 1562 2404 ita
1593 2348 1714 2418 ﬁxi;

226 2448 354 2502 Hoc
380 2460 495 2500 non
523 2443 725 2500 oblitus
761 2443 1038 2516 jucundus
1075 2442 1181 2498 dux
1226 2452 1280 2498 et
1309 2443 1545 2514 opimus,

222 2541 313 2595 Ire
344 2555 510 2610 super
547 2546 754 2594 tectum
799 2537 941 2593 clam
974 2537 1165 2608 templi
1197 2535 1325 2593 fecit
1355 2536 1646 2593 honestum

222 2632 541 2707 Quemdam
588 2632 791 2706 quippe
834 2631 1013 2687 virum
1061 2648 1189 2687 cum
1220 2632 1487 2699 nummis,
1537 2631 1655 2687 vult
1698 2629 1824 2702 quia

1530 2724 1758 2792 [mirum

216 2825 349 2894 Ipse
369 2820 572 2887 videre,
603 2819 794 2877 decem
816 2818 981 2876 libras
1006 2819 1090 2874 vir
1113 2819 1288 2891 jactat
1315 2818 1384 2874 ab
1417 2816 1536 2875 ade

216 2918 284 2972 In
324 2912 621 2986 medioque
644 2914 817 2971 choro
837 2914 1099 2985 strepitus
1118 2921 1299 2981 sonat,
1325 2921 1377 2968 et
1398 2928 1716 2984 puerorum,

216 3012 483 3081 Quorum
512 3008 780 3081 palpebrae
810 3008 1023 3080 penitus
1051 3023 1153 3063 nec
1182 3008 1259 3063 sic
1298 3014 1540 3079 patuere,

212 3102 457 3176 Aspexit
478 3118 797 3168 nummum,
831 3102 1012 3174 tetigit
1042 3118 1155 3157 non
1184 3101 1330 3157 ullus
1356 3109 1411 3156 ct
1441 3116 1637 3155 unum.

212 3196 389 3254 Unde
416 3196 591 3267 magis
618 3195 864 3268 gaudens
893 3196 1190 3267 praclarus
1220 3194 1352 3262 dux,
1381 3195 1458 3250 ait
1489 3202 1676 3251 autem

216 3294 282 3345 In
306 3288 544 3345 modicis
570 3290 732 3345 annis
770 3298 897 3344 sunt
926 3288 980 3344 hi
1014 3288 1163 3360 pueri
1195 3288 1343 3343 velut
1373 3288 1505 3355 alni,

214 3384 383 3441 Talis
420 3381 676 3440 laudetur
713 3383 891 3454 jocus,
934 3398 998 3438 ac
1043 3382 1306 3437 recitetur
1332 3390 1570 3438 ametur.

834 3536 1079 3591 CAPUT
1103 3536 1232 3589 XV.

215 3674 378 3743 Quod
419 3690 455 3727 (ι
484 3671 691 3741 regibus
739 3674 1076 3727 Theutonicis
1116 3674 1262 3726 venit
1300 3687 1416 3726 mos
1462 3666 1819 3726 venundandi

290 3746 566 3807 ecclesias,
602 3750 652 3799 et
672 3745 816 3814 quod
854 3746 1170 3811 Bonifacius
1194 3746 1393 3815 accepit
1417 3743 1541 3799 inde
1558 3745 1824 3814 paeniten-

290 3820 434 3872 tiam
465 3832 505 3870 a
534 3817 784 3873 Guidone
815 3821 961 3881 (641)
990 3816 1200 3870 abbate.

212 3952 556 4012 Theutonici
586 3967 737 4023 reges
766 3968 1089 4023 perversum
1120 3953 1322 4025 dogma
1354 3962 1662 4024 sequentes,

212 4048 457 4120 Templa
488 4046 699 4103 dabant
737 4048 942 4103 summi
987 4047 1212 4102 Domini
1242 4047 1545 4119 sapissime
1575 4047 1824 4103 nummis

217 4141 563 4201 Prasulibus
607 4142 835 4209 cunctis,
880 4138 981 4197 sed
1027 4148 1083 4195 et
1125 4141 1308 4196 omnis
1352 4141 1643 4212 episcopus
1674 4141 1825 4197 urbis

215 4238 421 4295 Plebes
459 4235 749 4305 vendebat,
780 4250 914 4307 quas
953 4235 1055 4291 sub
1105 4250 1164 4291 se
1199 4234 1432 4307 quisque
1469 4234 1712 4307 regebat.

219 4398 482 4456 Estensis
520 4397 620 4452 ista
652 4395 928 4452 adduntur
961 4416 974 4451 :
1015 4400 1143 4453 Dum
1168 4399 1218 4451 et
1244 4394 1491 4450 marchio
1515 4396 1825 4462 Bonifacius

215 4474 336 4539 fuit
358 4471 601 4540 sapiens,
645 4471 927 4539 benignus,
953 4472 1006 4523 et
1022 4468 1280 4537 prudens,
1308 4473 1357 4522 et
1388 4469 1593 4536 largus,
1619 4473 1673 4523 et
1692 4485 1828 4539 pau—

212 4558 421 4614 perum
448 4545 681 4602 amator,
704 4546 759 4614 et_
783 4542 1103 4614 misericors,
1130 4544 1180 4593 et
1215 4540 1454 4614 omnibus
1480 4540 1752 4614 amabilis,
1777 4545 1826 4614 et

215 4611 279 4669 in
297 4614 546 4668 consiliis
564 4612 843 4682 providus,
866 4616 915 4665 et
936 4612 1217 4673 discretus,
1246 4611 1517 4677 facundus
1540 4615 1597 4665 in
1619 4612 1826 4679 loquela

217 4692 271 4741 et
291 4690 551 4740 constans
570 4686 773 4749 animo,
803 4683 1159 4738 Ecclesian
1182 4682 1445 4751 defensor,
1474 4686 1524 4736 et
1546 4684 1605 4735 in
1625 4683 1827 4737 divinis

216 4758 432 4827 ofﬁciis
476 4754 1009 4827 libenteraudiebat,
1040 4759 1103 4827 et;
1126 4753 1363 4827 donabat
1409 4753 1675 4827 Ecclesiis,
1720 4762 1826 4808 etc.

216 4822 364 4884 Hac
384 4826 573 4896 procul
599 4824 767 4880 dubio
785 4840 813 4879 e
831 4824 1137 4880 Donizonis
1158 4822 1399 4877 carmine
1421 4823 1674 4887 deducta,
1699 4840 1829 4879 cum

217 4908 421 4954 tamen
450 4897 587 4951 nihil
614 4897 814 4951 horum
851 4897 908 4951 in
935 4896 1095 4951 editis
1121 4902 1397 4951 occurrat.
1445 4897 1558 4949 Aut
1585 4911 1714 4966 ergo
1746 4896 1831 4951 in-

216 4968 519 5027 tercidisse
548 4967 822 5039 putandus
853 4975 937 5039 est
964 4967 1165 5038 aliquis
1193 4982 1401 5039 versus,
1430 4967 1831 5039 aut_Epitomes

218 5050 429 5099 auctor
449 5037 688 5096 reddidit
718 5039 810 5110 his
829 5038 1005 5094 verbis
1029 5037 1195 5109 caput
1224 5044 1258 5093 8
1292 5037 1457 5110 hujus
1487 5037 1612 5093 libri
1636 5052 1708 5106 ιι,
1739 5038 1831 5094 ubi

222 5121 367 5171 sunt
416 5109 605 5166 laudes
648 5109 931 5166 Bonifacii.
967 5112 1129 5167 Mua.

297 5186 459 5256 (640)
490 5182 665 5253 Ipsius
697 5182 899 5256 capella
917 5182 1488 5256 ornatioremLLmn.

292 5249 458 5321 (641)
482 5249 561 5308 lta
582 5249 801 5324 quoque
822 5252 879 5306 in
911 5253 1166 5323 Regiensi
1187 5251 1395 5324 codice.
1418 5255 1492 5324 In
1515 5249 1827 5324 Padoliron.

218 5326 460 5382 additur
489 5342 523 5379 a
557 5322 743 5380 sancto
776 5322 1035 5381 Guidoné.
1079 5325 1199 5379 Hoc
1232 5332 1316 5378 est
1342 5322 1538 5378 abbate
1583 5323 1830 5393 Pompo-

215 5398 371 5453 siani
404 5396 639 5452 canobii
668 5396 721 5450 in
760 5395 1089 5466 Ferrariensi
1115 5410 1246 5466 agro
1273 5410 1457 5449 versus
1484 5393 1831 5466 Adriaticum

217 5468 340 5525 siti.
380 5468 633 5522 Probata
663 5466 967 5521 sanctitatis
1000 5464 1206 5520 famam
1253 5466 1505 5536 adeptus,
1536 5465 1603 5520 ad
1631 5464 1831 5520 calum

216 5546 495 5595 evocatus
523 5546 607 5593 est
634 5554 778 5592 anno
818 5543 970 5600 1046,
1005 5539 1324 5592 Hermanno
1353 5540 1649 5594 Contracto
1673 5544 1831 5603 teste,

218 5610 466 5683 ejusque
502 5611 699 5683 Vitam
725 5607 1022 5683 Bollandus
1051 5608 1440 5683 ediditth-iun.

306 5683 464 5748 (642)
498 5681 619 5736 Msti
647 5679 881 5747 codices,
928 5695 1069 5733 nunc
1097 5680 1459 5746 Bo-nifacium.
1490 5680 1653 5735 Mus.

309 5751 460 5823 (643)
491 5751 623 5823 God.
664 5750 998 5823 Padoliron.,
1029 5754 1255 5823 amaris.
1284 5753 1443 5807 Mun.

308 5821 458 5892 (644)
501 5822 656 5879 Idem
686 5821 879 5891 codex,
912 5822 1057 5891 quod
1078 5838 1180 5892 per
1202 5836 1279 5879 se.
1311 5824 1475 5879 Mus.

1153 248 1439 303 APPEND.
1480 250 1563 306 III.
1605 278 1674 290 —
1710 250 2127 309 MONUMENTA
2166 251 2627 310 GREGORIANA.

3434 262 3537 317 982

1858 383 1911 446 Α
1942 377 2206 450 Exemplo
2250 394 2487 451 quorum
2529 378 2785 435 manibus
2825 395 2927 436 nec
2967 396 3081 437 non
3118 381 3388 438 laicorum

1947 472 2200 528 Ecclesia
2241 472 2443 528 Christi
2488 472 2874 529 vendebantur
2910 474 3215 530 maledictis

1946 565 2307 638 Presbyteris,
2336 566 2516 637 cleris,
2545 566 2693 640 quod
2722 573 2838 624 erat
2884 567 3140 624 confusio
3180 568 3379 640 plebis,

1945 660 2067 730 Qua
2107 658 2175 714 de
2193 675 2252 714 re
2281 660 2462 716 Guido
2509 676 2660 721 sacer
2687 661 2855 719 abbas
2883 662 3079 734 arguit,
3108 662 3220 719 imo

1943 752 2451 809 NuncBonil‘acius
2486 756 2635 824 (642)
2666 771 2732 810 ne
2761 754 3021 812 venderet
3047 756 3307 827 amplius,
3350 758 3535 830 ipsum

1944 851 2087 903 Ante
2117 846 2222 900 Dei
2261 848 2455 902 matris
2491 848 2657 903 altare
2687 848 2921 920 ﬂagellat
2949 864 3132 905 amare
3174 855 3320 917 (643)

1942 939 2276 995 Verberibus
2310 940 2548 1007 nudum,
2595 942 2685 1013 qui
2717 941 2921 998 deliciis
2951 951 3065 999 erat
3092 959 3247 1013 usus,

1942 1036 2235 1105 Pomposa
2261 1035 2406 1090 vovit
2430 1042 2563 1089 tunc
2592 1034 2882 1108 abbatique
2911 1036 3173 1101 Guidoni,

1942 1128 2240 1184 Ecclesiam
2261 1127 2469 1183 nullam
2496 1127 2641 1201 quod
2664 1130 2779 1199 ipse
2801 1132 2945 1197 (644)
2970 1130 3227 1186 venderet
3247 1147 3486 1204 unquam
3514 1154 3525 1189 :

1940 1224 2187 1294 Hoapro
2217 1230 2459 1293 peccato,
2492 1222 2679 1278 multis
2706 1223 2933 1295 aliisque
2963 1232 3175 1296 patrato

1941 1315 2101 1371 Vovit
2131 1315 2312 1373 adhuc
2351 1324 2543 1372 votum
2570 1318 2853 1373 nonnullis
2882 1317 3115 1388 denique
3144 1326 3361 1387 notum,

1938 1410 2154 1466 Scilicet
2183 1411 2252 1467 ad
2273 1412 2485 1467 cultum
2510 1410 2736 1479 Christi,
2765 1419 3125 1484 sanctumque
3146 1412 3457 1483 sepulcrum

1936 1506 2020 1560 De
2050 1520 2217 1577 prope
2241 1504 2474 1561 debebat
2504 1504 2651 1578 quod
2678 1521 2924 1577 pergere,
2949 1506 2994 1561 si
3022 1505 3126 1561 sibi
3158 1504 3319 1562 cedat

1936 1598 2082 1667 Vita,
2107 1599 2274 1665 salus,
2298 1606 2515 1654 tantum
2537 1599 2618 1654 vel
2640 1598 2709 1654 ad
2732 1614 2907 1654 unum
2931 1598 3161 1670 pleniter
3182 1614 3421 1666 annum;

1938 1694 2113 1764 Atque
2143 1707 2346 1748 novam
2376 1693 2604 1764 puppim
2633 1692 2749 1747 fieri
2781 1691 2891 1747 dux
2920 1691 3067 1748 illico
3088 1692 3276 1764 jussit,

1861 1762 1911 1824 Β
1937 1762 2197 1857 Sumptus
2219 1762 2391 1857 atque?
2409 1762 2552 1841 locat
2573 1802 2684 1858 quo
2713 1786 2983 1857 compleat
3012 1762 3131 1842 hac
3154 1801 3251 1842 sua
3272 1796 3415 1842 vota.

1931 1878 2038 1935 Sed
2066 1879 2344 1951 complere
2370 1880 2582 1951 nequit,
2607 1879 2731 1951 quia
2764 1895 2916 1936 mors
2944 1896 3057 1936 non
3095 1880 3198 1936 hoc
3226 1882 3328 1937 sibi
3360 1881 3527 1937 cedit.

1934 1976 2054 2046 Ipse
2087 1972 2179 2029 die
2215 1981 2365 2029 sexta
2413 1972 2559 2045 (645)
2589 1973 2724 2029 Maii
2762 1982 2887 2045 post
2915 1975 3117 2046 quippe
3144 1974 3421 2031 Kalendas

1934 2068 2186 2124 Deseruit
2205 2075 2434 2136 terram,
2466 2082 2633 2140 quem
2667 2066 2918 2123 Christus
2947 2067 3110 2123 ducat
3140 2068 3211 2124 ad

2972 2160 3224 2230 [athram
3256 2166 3423 2228 (646).

1934 2253 2167 2325 Quando
2197 2252 2508 2322 defunctus,
2530 2262 2692 2311 terra
2720 2253 2901 2323 datus,
2934 2260 3123 2325 estque
3151 2255 3421 2327 sepultus,

1933 2354 2092 2407 Tunc
2109 2350 2503 2422 quinquaginta
2528 2348 2639 2405 duo
2666 2356 2918 2421 tempora
2949 2349 3095 2404 mille
3117 2349 3219 2405 Dei
3248 2357 3423 2413 stant;

1934 2447 2157 2500 Mantua
2181 2459 2381 2515 corpus
2401 2443 2591 2511 habes,
2616 2442 2798 2499 honor
2818 2442 3012 2515 ingens
3037 2451 3118 2498 est
3135 2443 3257 2511 tibi,
3279 2451 3459 2514 grates

1932 2538 2066 2594 Inde
2094 2537 2295 2594 referre
2328 2540 2448 2593 Deo
2478 2536 2642 2592 debes
2668 2537 2999 2609 sapissime;
3030 2552 3159 2592 vero

1936 2631 2068 2704 Ejus
2096 2638 2156 2686 ut
2183 2647 2215 2686 a
2244 2630 2418 2703 poenis
2456 2629 2695 2685 animam
2725 2638 2911 2685 caveat
2938 2634 3086 2686 Deus
3115 2631 3198 2686 avi
3238 2636 3387 2698 (647)

1933 2724 2110 2783 Corde
2138 2728 2313 2779 Deum
2344 2732 2497 2780 recto
2526 2724 2732 2796 jugiter
2767 2724 2984 2796 pulsare
3014 2733 3330 2793 memento;

1933 2821 2164 2890 Propter
2187 2833 2353 2891 quem
2392 2817 2675 2874 Christum
2701 2827 2856 2890 roget
2884 2818 3066 2873 omnis
3089 2818 3262 2874 homo
3301 2818 3523 2874 cruciﬁ-

1932 2912 2174 2968 Tartarei
2204 2927 2393 2984 poenas
2418 2914 2567 2966 Deus
2604 2908 2757 2967 aufer
2794 2911 2951 2984 eique
2977 2919 3216 2979 catenas,
3257 2914 3409 2978 [xum
3437 2932 3453 2970 :

1933 3008 2072 3063 Cum
2101 3006 2311 3061 veneris
2340 3005 2511 3078 judex
2536 3021 2665 3062 cum
2703 3005 2921 3077 sanctis,
2951 3004 3020 3061 da
3048 3004 3152 3061 sibi
3176 3006 3387 3073 lucem;

1854 3126 1899 3190 Ο
1933 3099 2097 3170 Virgo
2126 3099 2305 3154 Maria
2334 3106 2517 3170 caput,
2548 3098 2799 3154 dextram
2826 3097 3168 3170 Michaelque
3203 3098 3417 3167 beatus,

1930 3198 2126 3251 Petrus
2154 3203 2209 3250 et
2245 3193 2515 3261 Andreas,
2546 3194 2872 3264 Apollonius
2904 3210 3126 3266 quoque
3155 3194 3347 3251 lavam

1934 3289 2084 3344 Illius
2098 3287 2382 3355 extollant,
2407 3296 2462 3343 et
2479 3303 2604 3343 eum
2629 3303 2792 3359 super
2806 3297 2951 3343 astra
2976 3288 3296 3345 recondant.
3322 3291 3525 3345 Amen.

2519 3391 2760 3447 CAPUT
2788 3392 2940 3446 XVI.

1940 3495 2159 3551 Urbana
2176 3494 2453 3547 altercatio
2478 3495 2625 3548 inter
2648 3494 2944 3547 Canossam
2957 3498 3008 3547 et
3026 3496 3308 3548 Mantuam
3333 3494 3401 3548 de
3415 3508 3504 3547 cor
3558 3518 3561 3519 ν

2103 3581 2232 3635 pore
2260 3565 2409 3619 ducis
2443 3569 2493 3618 et
2517 3566 2843 3619 marchionis
2873 3566 3145 3631 Bonifacii
3168 3569 3336 3631 (648).

2469 3681 2740 3723 CANOSSA
2793 3680 2990 3722 DICIT.

1931 3764 1995 3816 In
2026 3760 2239 3815 tumulo
2275 3767 2490 3831 patrum
2518 3759 2780 3835 dominus
2810 3775 2966 3815 meus
2992 3774 3112 3816 esse
3140 3759 3380 3815 locatum

1930 3856 2151 3927 Optavit
2182 3870 2382 3927 corpus
2411 3855 2694 3927 proprium
2717 3853 3053 3925 Bonifacius.
3090 3856 3213 3910 Hoc
3250 3861 3315 3910 tu

1930 3953 2133 4006 Verum
2178 3965 2516 4023 prasumens
2539 3950 2798 4023 rapuisti,
2838 3952 3086 4005 Mantua.
3115 3949 3227 4005 Cur
3258 3964 3345 4005 me

1930 4045 2168 4116 Corpore
2196 4044 2265 4101 de
2302 4052 2458 4100 tanto
2495 4044 2747 4110 turbasti,
2780 4059 2872 4098 me
2915 4042 3243 4114 spoliando?

2392 4153 2651 4193 MANTUA
2684 4151 3062 4193 BESPONDET.

1932 4232 2084 4289 Urbs
2109 4248 2207 4304 ego
2232 4248 2354 4288 sum
2395 4232 2532 4287 dicta
2570 4251 2582 4287 :
2607 4240 2668 4287 tu
2698 4232 2898 4287 diceris
2928 4248 3024 4286 arx
3051 4232 3341 4286 Canusina.

2007 4396 2153 4458 (645)
2185 4395 2279 4447 Est
2292 4391 2423 4446 mihi
2450 4390 2634 4446 charta
2665 4390 2977 4445 concordia
3008 4360 3150 4444 inter
3177 4388 3522 4446 Bonifacium

1895 4482 1901 4535 ς
1935 4472 2187 4519 nostrum
2222 4472 2383 4535 atque
2414 4465 2599 4519 Ottam
2631 4461 2961 4535 abbatissam
2999 4460 3361 4535 Parthenonis
3395 4462 3525 4535 _Bri-

1861 4522 1906 4585 D
1938 4536 2140 4592 xiensis
2186 4522 2397 4591 Sancta
2438 4535 2630 4601 Julia,
2674 4534 2873 4603 scripta
2915 4532 3098 4603 paucis
3141 4540 3263 4587 ante
3301 4532 3523 4601 diebus,

1936 4607 2216 4673 videlicet,
2273 4624 2409 4661 anno
2466 4608 2747 4661 millesimo
2798 4605 3250 4675 quinquagesimo
3296 4604 3523 4658 secundo

1935 4682 2194 4735 Henricus
2225 4682 2408 4748 gratia
2448 4681 2560 4741 Dei,
2604 4680 2733 4746 imp.
2768 4677 2937 4745 Aug.,
2978 4691 3119 4729 anno
3159 4677 3381 4748 imperii
3415 4675 3527 4743 ejus

1938 4756 2107 4817 sexto,
2141 4746 2334 4819 quarto
2364 4750 2627 4804 Kalendas
2657 4749 2897 4817 Aprilis,
2930 4748 3046 4801 ind.
3085 4750 3295 4818 quinta.
3330 4746 3527 4801 Actum

1939 4825 1995 4876 in
2023 4824 2235 4875 civitate
2263 4824 2501 4875 Mantua
2528 4823 2586 4873 in
2617 4822 2826 4874 Palatio
2853 4819 3021 4873 eidem
3064 4820 3396 4872 marchionis
3424 4822 3525 4874 Bo-

1938 4894 2164 4959 nifacii.
2202 4893 2385 4960 Quare
2414 4890 2582 4957 vides,
2623 4900 2771 4945 recte
2811 4889 2928 4945 hac
2958 4905 3257 4959 congruere
3281 4903 3409 4943 cum
3438 4888 3528 4960 iis,

1939 4979 2063 5035 qua
2126 4959 2289 5017 habet
2339 4962 2570 5035 Donizo.
2632 4961 2949 5031 Arnulphus
2988 4960 3408 5035 Mediolanensis
3448 4959 3531 5035 _i_n

1940 5030 2181 5091 Historia
2204 5050 2302 5089 sua
2322 5033 2666 5105 Bonifacium
2698 5030 2959 5105 perquam
2988 5047 3173 5087 senem
3204 5032 3359 5087 nobis
3379 5030 3529 5105 exhi-

1939 5106 2053 5162 bet.
2082 5108 2153 5162 Et
2182 5121 2366 5162 revera
2409 5121 2539 5160 cum
2568 5100 2789 5160 circiter
2809 5100 3035 5160 'annum
3066 5108 3204 5157 1004
3248 5100 3525 5156 marchio-

1940 5193 2273 5303 petmﬁigere
2299 5177 2549 5249 caperit,
2578 5192 2722 5233 anno
2756 5181 2914 5242 1052,
2958 5191 3125 5232 senex
3171 5172 3336 5229 fuerit
3360 5187 3529 5244 opor-
3576 5230 3583 5251 ε

1966 5266 1994 5303 e
2026 5290 2039 5303 .
2143 5265 2244 5303 un.

1939 5257 2039 5305 tet.
2079 5257 2244 5306 MUR.

2010 5324 2157 5387 (646)
2190 5323 2267 5375 Ex
2297 5318 2508 5375 insidiis
2533 5320 2766 5376 recisum
2794 5325 2984 5374 narrat
3010 5319 3361 5373 Hermannus
3388 5315 3532 5373 Con-

1940 5399 2149 5448 tractus
2190 5396 2349 5457 1052,
2396 5390 2544 5462 quod
2573 5400 2731 5462 poeta
2765 5388 3088 5446 dissimulat.
3122 5390 3295 5462 Lam.

2014 5462 2162 5534 (647)
2184 5465 2369 5529 Forte,
2388 5459 2523 5520 Deus
2539 5459 2667 5529 aevi;
2691 5462 2969 5517 Dominus
2984 5459 3529 5534 saculorum._Lnln.

2011 5536 2072 5589 In
2103 5531 2381 5590 cbdicibus
2411 5535 2565 5589 mstis
2604 5535 2799 5604 quibus
2835 5541 2981 5599 utor,
3011 5533 3149 5585 Deus
3177 5533 3297 5586 Levi.
3342 5531 3534 5600 Neque

1941 5606 2224 5661 codicibus
2251 5621 2389 5677 Opus
2412 5614 2552 5660 erat.
2581 5609 2744 5677 bina.

2014 5682 2158 5743 (648)
2206 5671 2575 5732 In'hactenus
2621 5675 2776 5731 editis
2814 5671 3248 5743 subsequebatur
3294 5686 3415 5741 cap.
3468 5676 3530 5724 17

1944 5748 2021 5805 ita
2047 5748 2367 5819 inscriptum
2401 5767 2415 5802 :
2458 5748 2593 5819 Quot
2630 5748 2789 5801 annis
2816 5745 2960 5819 viguit
2998 5746 3239 5819 Beatrim,
3286 5743 3530 5819 e_tc._Ve-

1944 5836 2069 5877 rum
2115 5814 2227 5877 hic'
2251 5817 2629 5876 interserenda
2675 5825 2760 5872 est
2804 5817 3017 5870 urbana
3065 5814 3348 5868 altercatio
3394 5814 3536 5868 inter
