4052 6180
545 268 649 323 983

540 393 682 450 Sunt
724 390 979 447 homines
1020 399 1258 450 mecum,
1296 381 1503 440 referas
1538 381 1688 455 quod
1735 384 1985 455 prospice
2013 400 2131 442 me-
2166 390 2219 455 Α

1637 477 1783 548 [cum
1832 478 1995 549 (649).

546 577 777 634 Divitias
815 573 1017 629 multas
1065 571 1273 635 habeo,
1323 587 1354 626 0
1401 572 1729 643 paupercula
1768 572 1956 627 stulta.

546 669 804 726 Flumine
835 682 959 723 sum
995 666 1201 733 cincta,
1238 665 1304 721 de
1330 664 1557 721 navibus
1586 665 1823 736 undique
1850 665 2031 722 ﬁrma.

545 767 669 822 Non
696 761 825 818 alibi
859 760 1010 833 juste
1039 759 1196 816 decet
1226 759 1330 815 hoc
1357 758 1460 814 nisi
1487 774 1688 831 corpus
1716 759 1774 814 in
1803 758 1961 815 urbe.

1082 867 1359 909 CANOSSA
1407 867 1605 909 DICIT.

545 950 714 1008 Urbis
740 947 912 1005 habes
940 963 1165 1015 nomen,
1208 948 1298 1001 sed
1330 962 1444 1001 non
1473 961 1531 1001 es
1558 944 1777 1017 grandis
1802 944 2033 1001 honore.

549 1045 607 1102 Si
637 1044 870 1116 populos
908 1043 1111 1099 multos
1150 1043 1375 1105 habeas,
1406 1050 1595 1097 tamen
1624 1042 1829 1113 absque
1853 1042 2142 1114 triumpho

548 1138 747 1194 Vivere
772 1145 827 1193 te
855 1137 1084 1203 scimus,
1120 1137 1228 1191 nisi
1255 1145 1308 1192 te
1327 1135 1487 1207 juvet
1512 1135 1649 1190 alter
1693 1135 1928 1192 amicus.

548 1234 749 1288 Contra
780 1240 833 1287 te
853 1232 992 1287 bella
1014 1232 1060 1286 si
1089 1240 1333 1303 surgant,
1366 1230 1584 1302 quidve,
1625 1230 1859 1300 misella,

549 1327 632 1381 Tu
676 1323 879 1380 facies?
917 1328 1067 1380 Dura
1095 1340 1207 1380 non
1248 1341 1306 1379 es
1340 1323 1673 1379 circumdata
1703 1340 1899 1392 muro;

555 1419 861 1475 Percuteris
898 1435 993 1490 per
1020 1434 1207 1489 aquas,
1241 1434 1337 1489 per
1363 1426 1554 1484 terras,
1582 1417 1803 1488 quando
1825 1417 2072 1473 rebellas.

553 1514 684 1584 Spes
711 1520 803 1568 tua
832 1522 955 1585 post
992 1527 1207 1584 sepem;
1253 1512 1501 1583 clypeum
1547 1511 1662 1566 vult
1687 1511 1860 1584 stipes
1906 1514 2060 1581 (650)
2095 1520 2151 1568 et

1362 1656 1378 1673 ,
1886 1623 2077 1664 ensem

555 1701 774 1768 Omnis,
816 1702 960 1757 enim
992 1708 1050 1757 tu
1080 1701 1155 1757 sic
1197 1700 1425 1757 evadere
1464 1700 1662 1772 vixque
1704 1701 1931 1769 valebis,

552 1796 743 1851 Prmlia
774 1796 816 1850 si
853 1798 1043 1851 saltem
1083 1810 1178 1866 per
1202 1803 1450 1865 tempora
1489 1803 1543 1850 te
1567 1794 1667 1849 tria
1705 1794 1947 1852 calcenta

553 1890 772 1945 Divitiae
797 1898 1031 1960 sumpta:
1055 1889 1184 1960 quin
1203 1888 1459 1944 deﬁcient
1495 1889 1592 1943 tibi
1622 1896 1859 1944 cunctae.

556 1982 775 2039 Putrida
808 1986 955 2049 (651)
987 1982 1359 2054 lympharum,
1392 1981 1737 2052 febriumque
1774 1991 2020 2038 moratus
2058 1998 2146 2037 ca-

1907 2078 2074 2142 [rum,

556 2169 814 2239 Algorem
843 2167 1033 2235 mittit,
1064 2166 1161 2222 sed
1199 2176 1253 2222 et
1287 2169 1484 2223 aestum
1531 2167 1621 2238 qui
1651 2166 1817 2223 nimis
1860 2168 1973 2224 urit

556 2259 859 2316 Incolumis
880 2261 1080 2331 quippe
1104 2260 1220 2315 vivo
1246 2276 1342 2331 per
1365 2268 1616 2330 tempora
1649 2260 1824 2315 mille.

554 2356 731 2410 Porro
770 2370 991 2410 caenosa
1020 2357 1261 2424 procula
1299 2370 1389 2409 me
1428 2354 1614 2408 scrobs
1642 2362 1695 2409 et
1724 2370 1948 2426 aquosa.

554 2448 609 2504 Si
641 2446 844 2502 venerit
865 2447 1069 2502 bellum
1100 2446 1253 2513 mihi,
1277 2446 1424 2517 quod
1451 2447 1523 2501 sit
1546 2446 1688 2502 forte
1713 2447 1955 2503 duellum
1978 2455 2146 2520 (652),

558 2538 823 2596 Militibus
852 2540 1038 2612 paucis
1067 2555 1189 2595 mea
1220 2540 1377 2595 vinco
1407 2541 1591 2611 praelia
1614 2539 1785 2595 fortis.

555 2635 850 2706 Contingat
888 2650 999 2689 non
1042 2632 1187 2705 (653)
1228 2633 1271 2689 si
1312 2632 1532 2704 quando
1566 2634 1732 2706 (quod
1763 2650 1937 2705 neque
1964 2634 2148 2703 credo)

560 2727 783 2783 Obsidio
821 2727 1028 2783 durans
1057 2727 1205 2782 circa
1238 2742 1327 2782 me
1357 2727 1437 2782 vel
1476 2726 1585 2782 duo
1612 2728 1802 2791 lustra,

555 2821 875 2878 Nullatenus
913 2821 1055 2875 bello
1084 2820 1403 2891 superabor,
1433 2837 1534 2875 nec
1576 2821 1934 2890 comedendo,

562 2916 703 2970 Cum
745 2914 878 2985 lapis
907 2913 1162 2981 existam,
1204 2929 1396 2969 murus
1441 2929 1659 2985 quoque
1692 2915 1929 2985 desuper
1958 2915 2148 2985 instat,

555 3007 757 3064 Moenia
785 3008 927 3063 celsa
959 3023 1087 3063 mea
1115 3023 1281 3078 super
1310 3008 1494 3063 omnia
1520 3017 1696 3063 castra
1740 3009 1945 3079 repleta

554 3105 694 3159 Sunt
720 3117 789 3157 ex
816 3101 1114 3169 frumento,
1156 3101 1237 3156 vel
1267 3117 1452 3167 carne,
1485 3102 1753 3172 simulque
1782 3105 1971 3174 Lyaeo.

555 3197 693 3252 Cum
724 3196 909 3266 paucis
933 3195 1098 3267 dego,
1141 3194 1381 3250 ludendo
1423 3203 1537 3250 tuta
1574 3194 1792 3251 sedebo.

555 3289 810 3344 Machina
858 3288 1007 3343 nulla
1038 3288 1199 3354 mihi,
1240 3305 1351 3344 non
1382 3289 1491 3343 ulla
1542 3289 1743 3359 sagitta
1774 3290 1981 3346 remitti

556 3381 761 3450 Ofﬁcit,
795 3382 852 3438 in
881 3382 1115 3437 nihilum
1142 3383 1302 3454 capio
1334 3399 1429 3438 seu
1473 3391 1734 3454 computo
1781 3384 1969 3455 pilum.

556 3476 643 3530 Nil
665 3491 833 3547 paveo
861 3492 1079 3547 regem;
1114 3476 1211 3532 sed
1235 3486 1295 3532 tu
1324 3492 1705 3548 quemcunque
1727 3476 2007 3533 rebellem.

556 3569 773 3626 Praefati
802 3585 993 3625 noscas
1018 3569 1227 3625 domini
1252 3569 1399 3641 quod
1424 3585 1515 3625 me
1539 3570 1696 3626 decet
1720 3586 1864 3625 ossa.

553 3747 838 3802 Mantuam
865 3750 917 3800 et
957 3749 1273 3812 Canossam,
1305 3756 1457 3802 extra
1483 3762 1645 3802 suum
1673 3748 1857 3805 locum
1883 3748 2154 3806 hactenus

559 3817 754 3892 posita.
789 3820 1009 3892 Nempe
1040 3817 1163 3892 haec
1204 3817 1271 3892 de
1312 3821 1935 3892 Mantuaconqueritur
1964 3839 1977 3875 :
2006 3822 2154 3892 quod

557 3887 655 3962 sibi
686 3903 885 3962 corpus
906 3887 1096 3962 inclyti
1135 3888 1289 3942 ducis
1312 3887 1574 3962 Bouifacii
1604 3887 1899 3959 usurparit,
1934 3887 2152 3962 quando

557 3958 746 4026 reliqui
772 3958 889 4027 ejus
915 3959 1145 4031 majores
1158 3962 1424 4031 _Canossa3
1445 3958 1663 4013 fuerant
1680 3958 1967 4015 tumulati:
1991 3963 2154 4031 Quod

558 4037 827 4101 praeterea
874 4044 1028 4101 nova:
1075 4028 1203 4083 huic
1230 4037 1455 4101 (nostrae
1495 4031 1719 4085 editioni
1769 4028 2153 4099 gratulandum

557 4099 661 4162 est,
690 4116 767 4173 ex
798 4099 1079 4173 codicibus
1112 4100 1287 4173 mstis.
1331 4102 1611 4173 Regiensi,
1652 4110 1707 4156 et
1736 4102 2152 4160 Padolironensi

558 4186 660 4242 ego
690 4171 969 4244 ha_usi,g_et
1017 4170 1825 4244 hicAproferam'rquamplures
1868 4190 2058 4230 versus
2099 4178 2153 4231 in

558 4241 991 4312 praecedentibus
1004 4242 1335 4297 editionibus
1348 4241 1717 4311 desideratas,
1729 4253 1783 4299 et
1799 4261 1989 4302 omnes
2007 4263 2154 4302 nunc

557 4328 657 4368 suo
688 4314 806 4368 loco
844 4313 1139 4368 restitutos.
1167 4317 1324 4370 Mun.

626 4388 774 4451 (649)
832 4386 1097 4457 Fortasse
1141 4384 1469 4454 legendum,
1524 4392 1655 4455 quot
1714 4391 1982 4457 prospice,
2050 4405 2149 4444 seu

550 4458 792 4526 perspice
817 4460 1005 4511 tecum.
1040 4455 1104 4511 Id
1130 4465 1213 4528 est
1241 4472 1340 4528 ego
1373 4457 1640 4526 plurimus
1664 4455 1882 4513 abund—0
1914 4460 2150 4527 civibus;

1549 261 1641 316 AD
1680 260 1905 315 OPERA
1940 259 1996 316 S.
2037 258 2360 316 GREGORII
2396 256 2831 316 APPENDICES.
3712 257 3798 310 984

2707 394 2964 437 ΜΑΝΤΟΑ
2993 394 3371 437 BESPONDET.

2248 480 2386 534 Vere
2414 486 2473 533 tu
2504 477 2688 540 ﬁrma,
2708 483 2999 546 tecumque
3023 473 3273 544 superbia
3295 472 3435 529 dira.

2247 572 2340 629 Nil
2368 579 2556 626 tamen
2595 578 2677 624 est
2706 569 2946 634 mirum;
2976 566 3191 623 nullum
3220 566 3365 638 sapis
3394 567 3509 639 ipsa
3546 567 3799 638 periclum.

2246 665 2452 722 Crebro
2483 663 2564 720 fui
2590 663 2693 720 sub
2712 662 2893 735 aquis,
2917 678 2983 718 ac
3000 677 3143 732 saepe
3167 659 3365 732 fatigor
3388 660 3443 716 in
3470 660 3648 716 armis.

2250 758 2517 829 Quamvis
2538 759 2789 829 longaevo
2822 757 2895 811 sis
2923 755 3172 827 proxima
3198 754 3433 826 denique
3462 754 3621 820 caelo,

2180 904 2185 909 ,
2252 852 2417 911 Unde
2463 849 2700 923 superba
2745 864 2954 917 manes,
3002 856 3188 904 tamen
3226 847 3411 904 alvum
3461 851 3609 915 (654)
3636 848 3806 918 qumris

3464 945 3717 1010 hmmm.

2255 1046 2336 1098 En
2364 1041 2540 1098 habeo
2576 1041 2765 1098 divum
2796 1038 3049 1096 mirabile
3080 1053 3300 1110 prorsus
3329 1036 3564 1109 asylum,

2256 1140 2359 1195 Per
2377 1135 2525 1211 quod
2555 1144 2611 1193 te
2642 1135 2819 1190 vinco.
2851 1133 2958 1189 Sed
2988 1133 3030 1188 si
3056 1133 3160 1198 vis,
3180 1130 3342 1187 verba
3371 1130 3651 1202 relinquo.

2800 1240 3067 1282 CANOSSA
3106 1240 3299 1280 DICIT.

2256 1320 2415 1395 Quod
2437 1330 2610 1395 potes,
2632 1328 2684 1377 et
2702 1321 2869 1387 nosti,
2899 1336 3029 1375 mox
3052 1318 3276 1373 auribus
3296 1317 3481 1389 ingere
3509 1316 3718 1372 nostris.

2718 1428 2977 1471 MANTUA
3008 1427 3385 1469 BESPONDBT.

2260 1510 2493 1567 Ecclesia
2525 1518 2725 1581 praesto
2757 1508 2924 1564 ditata
2956 1506 3185 1579 praesule
3211 1514 3391 1573 recto;

2257 1609 2339 1661 Ac
2366 1611 2629 1660 resonant
2663 1603 2817 1675 plane
2842 1610 3036 1657 cantus
3073 1601 3148 1656 ibi
3174 1598 3594 1672 presbyterales.

2256 1697 2541 1771 Relliquiee
2570 1698 2757 1753 multae
2786 1703 3114 1751 venerantur
3155 1693 3226 1749 ibi
3256 1694 3394 1748 bene
3422 1692 3607 1747 culta.

2648 1805 2918 1847 CANOSSA
2948 1802 3245 1845 COMMOTA
3273 1802 3464 1842 DICIT.

2258 1886 2523 1959 Subjaceo
2553 1884 2650 1940 tibi
2678 1884 2772 1951 nil,
2803 1885 2931 1956 quia
2960 1882 3201 1938 nobilius
3230 1897 3354 1937 mea
3386 1880 3559 1936 sistit.

2259 1985 2400 2039 Nam
2426 1996 2545 2036 mea
2575 1980 2678 2035 sub
2710 1995 2867 2051 papa,
2903 1987 2994 2033 tua
3029 1993 3157 2034 vero
3195 1976 3299 2032 sub
3330 1974 3635 2048 patriarcha
3669 1978 3814 2039 (655).

2258 2078 2357 2131 Est
2378 2090 2500 2129 mea
2526 2076 2805 2140 Romana;
2827 2081 2919 2128 tua
2943 2079 3158 2127 constat
3187 2070 3566 2142 Aquilegiana.

2258 2168 2462 2225 Praesul
2480 2183 2673 2239 nempe
2703 2176 2831 2222 tuus
2850 2165 3125 2238 synodum
3148 2163 3437 2236 placitatur
3457 2162 3525 2217 ad
3556 2161 3732 2233 hujus,

2258 2262 2460 2319 Nolcns
2488 2270 2580 2316 aut
2608 2262 2817 2316 malens
2850 2259 2980 2315 facis
3010 2259 3301 2330 imperium
3333 2256 3661 2329 patriarchae

2259 2356 2317 2413 Si
2339 2371 2566 2411 renovas
2580 2354 2783 2427 ipsum.
2804 2362 2956 2426 pater
2975 2352 3175 2408 archos
3194 2356 3343 2419 (656)
3358 2359 3653 2406 consecrat
3666 2349 3820 2409 illum;

2260 2450 2457 2505 Omnis
2475 2450 2623 2504 enim
2651 2449 2828 2504 clerus
2856 2456 2986 2503 tuus
3012 2454 3191 2502 exstat
3206 2460 3393 2500 servus
3422 2445 3477 2499 in
3501 2460 3700 2500 navum.

2261 2543 2457 2598 Libera
2492 2559 2590 2614 per
2614 2558 2814 2614 papam
2848 2557 2968 2597 mea
2998 2541 3157 2613 lyrica
3190 2543 3339 2608 (657)
3370 2544 3658 2609 permanet
3681 2535 3819 2593 alma.

2262 2639 2395 2693 Haec
2429 2636 2639 2691 domini
2674 2636 2855 2707 prisci,
2886 2634 3141 2707 generosi
3182 2634 3385 2689 scilicet
3422 2632 3518 2699 illi,

2262 2731 2367 2801 Qui
2407 2746 2496 2786 me
2538 2738 2879 2797 struxerunt,
2919 2728 3201 2800 quondam
3234 2726 3350 2782 ﬁeri
3391 2727 3698 2781 voluerunt.

2259 2824 2403 2881 Misit
2436 2824 2505 2879 ob
2534 2824 2636 2879 hoc
2663 2822 2868 2879 factum
2899 2826 3136 2877 Romam
3169 2833 3322 2893 pater
3360 2823 3492 2875 Atto
3518 2817 3821 2882 Tedaldum,

2260 2919 2356 2984 Qui
2383 2918 2636 2989 precibus
2659 2918 2820 2988 justis
2857 2916 3215 2971 Benedictum
3254 2919 3402 2979 (658)
3434 2912 3675 2983 postulat
3699 2909 3823 2965 urbis

2261 3014 2459 3067 Romze
2486 3011 2825 3081 pontiﬁcem,
2854 3010 2947 3081 qui
2980 3010 3150 3081 gratis
3182 3015 3406 3080 praestat
3431 3006 3638 3073 eidem,

2262 3105 2506 3160 Solutam
2542 3103 2799 3170 reddens,
2831 3119 2899 3158 ne
2937 3102 3218 3174 pontiﬁces
3250 3101 3324 3155 ibi
3356 3102 3530 3173 legem

2262 3197 2611 3254 Constituant
2637 3197 2830 3265 ullam,
2866 3212 2968 3250 nec
2992 3196 3067 3251 eis
3102 3196 3347 3267 subjecta
3378 3194 3448 3249 sit
3477 3208 3735 3267 unquam,

2261 3294 2535 3347 Romanae
2573 3289 2688 3345 sedi
2721 3291 2816 3345 sed
2844 3289 2912 3345 sit
2940 3289 3182 3362 subjecta
3217 3288 3409 3344 fidelis.

2261 3388 2386 3441 Non
2443 3385 2689 3456 aliquam
2732 3383 3003 3456 synodum
3050 3382 3319 3454 permittit
3366 3397 3618 3453 quaerere
3661 3389 3823 3437 nostro

2262 3478 2584 3549 Praeposito,
2612 3494 2890 3550 nunquam
2922 3479 3059 3549 petit
3086 3485 3142 3533 et
3183 3476 3365 3532 clerus
3393 3491 3523 3531 suus
3550 3477 3734 3532 ullam.

2264 3573 2455 3628 Munia
2484 3572 2667 3628 divina
2696 3572 2927 3644 cupiunt
2955 3571 3235 3643 acquirere
3273 3570 3319 3625 si
3358 3585 3495 3642 qua,

2261 3747 2470 3802 bellum
2514 3756 2795 3818 occurrat,
2838 3748 2893 3804 in
2941 3763 3049 3820 quo
3092 3745 3293 3802 acriter
3341 3746 3413 3801 sit
3466 3744 3819 3818 pugnandum.

2263 3822 2425 3874 Mun.

2334 3895 2484 3955 (653)
2508 3890 2787 3945 Lubenter
2816 3890 3113 3944 scriberem
3143 3907 3157 3943 :
3190 3891 3478 3957 Contingat
3509 3905 3659 3942 nam.
3689 3888 3825 3941 Mus.

2332 3968 2481 4027 (654)
2516 3965 2576 4014 In
2620 3961 2726 4016 ﬁne
2758 3961 2916 4031 hujus
2939 3960 3185 4017 conﬁctae
3209 3961 3644 4015 concertationis
3666 3958 3827 4013 eadem

2263 4048 2395 4087 voce
2452 4048 2642 4086 rursus
2689 4035 2858 4087 utitur
2911 4033 3141 4100 Donizo,
3192 4031 3453 4102 inquiens
3502 4050 3515 4082 :
3570 4034 3640 4086 Ut
3678 4037 3829 4084 teneas

2261 4105 2441 4159 alvum
2468 4107 2650 4159 nostri
2670 4106 2887 4158 Domini
2908 4106 3023 4158 volo
3046 4124 3062 4155 :
3090 4105 3268 4171 Quare
3289 4103 3472 4157 alvum
3498 4118 3597 4172 pro
3620 4115 3829 4170 corpore.

2261 4179 2352 4230 sed
2384 4190 2579 4243 parum
2600 4176 2831 4246 eleganti
2863 4175 3073 4246 licentia
3099 4173 3401 4246 adhibitum
3427 4183 3580 4243 puto.
3618 4176 3767 4228 Muri.

2336 4252 2479 4311 (655)
2514 4245 2718 4301 Auctor
2743 4255 2826 4300 est
2850 4245 3120 4316 Ughellus
3161 4245 3261 4299 sub
3293 4246 3477 4299 Leone
3507 4247 3617 4316 fill,
3652 4248 3830 4299 Roma-

2263 4333 2335 4372 no
2375 4317 2626 4387 pontiﬁce
2655 4333 2800 4372 anno
2830 4315 2933 4371 804
2956 4318 3265 4371 institutum
3298 4316 3473 4385 primo
3498 4315 3667 4370 fuisse
3692 4317 3827 4387 Man-

2263 4384 2490 4461 tuanum
2551 4388 2957 4457 episcopatum,
3018 4397 3071 4442 et
3133 4384 3465 4461 Aquileiensi
3528 4384 3831 4461 patriarcha;

2264 4453 2620 4529 suppositum.
2672 4453 2829 4513 Anno
2888 4453 3017 4513 vero
3075 4453 3217 4514 1453‘
3238 4459 3332 4512 uni
3377 4453 3829 4529 apostoliczesedi

558 4518 614 4581 tu
656 4518 1082 4600 perspice,_quot
1125 4518 1337 4600 referas
1374 4518 1561 4600 tecum
1605 4545 1619 4581 :
1653 4543 1847 4599 nempe
1891 4518 2151 4598 paucissii
2182 4518 2231 4579 D
2262 4518 2599 4593 immediate,
2644 4537 2705 4583 ut
2732 4531 2898 4584 aiunt
2941 4546 3127 4600 parere
3168 4530 3351 4599 coepit.
3389 4518 3535 4583 Hinc
3584 4524 3831 4600 Doniizoni

554 4611 697 4652 mos.
728 4598 1018 4670 Autrefer,
1050 4599 1195 4670 quod
1220 4608 1282 4654 tu
1313 4599 1601 4669 perspicias
1616 4598 1821 4654 tecum.
1848 4603 2005 4657 Mun.

626 4668 877 4741 (650)ASi
916 4670 1045 4739 quid
1066 4668 1350 4741 intelligo,
1394 4670 1674 4725 moenibus
1721 4680 1852 4726 tunc
1898 4672 2145 4728 nondum

552 4738 868 4815 exstructis,
923 4738 1710 4815 solis__palisfcircumpositis
1769 4752 1932 4815 atque
1991 4743 2144 4799 humi

551 4808 1287 4884 deﬁxis_(nuncipalliatum)
1313 4808 1549 4884 Mantua
1581 4814 1767 4869 civitas
1802 4808 1867 4869 eo
1896 4823 2142 4884 tempore

552 4894 611 4934 se
626 4878 923 4956 tutabatur,
945 4878 1151 4956 Multos
1170 4878 1421 4956 homines
1441 4883 1508 4956 ad
1527 4885 1609 4939 sui
1628 4885 1852 4940 tutelam
1869 4878 2145 4956 ejusmodi

553 4966 744 5025 murus
778 4952 969 5025 poscit.
1000 4954 1205 5025 Contra
1248 4954 1435 5025 paucis
1466 4955 1751 5025 indigebat
1787 4952 2046 5024 Canossa,
2081 4966 2146 5012 ut

551 5022 701 5098 scab
730 5020 967 5098 hostium
996 5020 1565 5098 impetudefeuderet.
1590 5020 1804 5082 Sensus
1840 5044 1973 5098 ergo
2014 5020 2145 5084 mihi

554 5091 830 5165 videtur:
877 5091 1092 5165 singuli
1117 5096 1219 5164 pali
1251 5096 1472 5165 exigunt
1519 5105 1797 5152 armatum
1838 5091 2145 5165 hominem,

553 5170 610 5244 et
633 5178 701 5218 eo
716 5163 891 5290 fugam
918 5163 1077 5234 pacto
1104 5163 1192 5220 vix
1222 5163 1494 5237 impedias
1521 5168 1740 5223 hostem
1767 5170 2061 5239 quominus
2090 5163 2146 5226 te

556 5249 710 5289 vinea
746 5276 758 5288 .
856 5251 952 5290 un.

556 5242 758 5289 vincat.
793 5242 952 5290 Mun.

623 5306 769 5377 (651)
815 5310 897 5361 En
927 5315 986 5360 ut
1018 5316 1144 5361 ante
1169 5314 1457 5362 sexcentos
1499 5324 1673 5363 annos
1701 5324 1758 5362 se
1793 5312 2021 5365 Mantua
2046 5311 2144 5367 ha-

551 5374 727 5448 beret,
753 5374 986 5448 scilicet
1021 5377 1217 5433 iisdem
1266 5378 1462 5448 quibus
1492 5396 1608 5436 aevo
1660 5388 1873 5447 nostro,
1907 5383 2143 5437 obnoxia

547 5446 913 5522 incommodis
950 5465 1015 5502 ex
1068 5454 1255 5522 stagno
1284 5446 1656 5522 circumfuso,
1699 5446 1868 5522 cujus
1893 5454 1973 5507 vel
2029 5469 2145 5508 me-

547 5517 707 5595 minit
738 5519 945 5595 Livius.
978 5521 1236 5595 Puticlam
1261 5521 1517 5590 paludem
1541 5517 1832 5595 appellavit
1857 5525 2022 5581 etiam
2047 5527 2145 5580 Ca-

546 5588 737 5655 tullus,
772 5590 828 5644 in
866 5592 1211 5664 contermino
1241 5588 1370 5664 agro
1404 5588 1588 5650 natus:
1615 5588 1783 5651 'Mun.

619 5665 764 5736 (652)
787 5661 1153 5736 A:_duel(um.
1188 5661 1657 5736 Etv'mologiarum
1689 5666 1985 5736 scriptores
2013 5684 2143 5723 con-

547 5730 776 5812 tendunt
803 5731 1405 5812 e_f[ormatum__bellum,
1431 5730 1596 5809 atque
1628 5736 1773 5792 idem
1798 5730 1987 5812 reapse
2017 5739 2148 5812 auti-

547 5803 669 5869 quis
712 5803 1068 5875 signiﬁcabat.
1121 5806 1223 5861 Hic
1264 5803 1727 5865 fortasse‘sensus
1767 5825 1781 5861 :
1829 5803 2146 5880 Si'quando

2261 4618 2391 4655 ausa
2435 4600 2503 4654 ad
2550 4598 3307 4657 extollendam‘Canusinam
3359 4600 3689 4664 Ecclesiam,
3735 4598 3829 4668 jam

2259 4681 2391 4727 tunc
2422 4672 2489 4725 ab
2510 4687 2619 4725 uno
2643 4675 2895 4728 Romano
2918 4672 3170 4742 pontiﬁce
3198 4671 3551 4741 pendentem.
3584 4674 3736 4726 Mun.

2326 4746 2468 4812 (656)
2514 4746 2837 4815 Quanquam
2880 4743 3223 4815 superﬂuum
3253 4744 3325 4799 sit
3369 4743 3706 4809 meminisse,
3745 4752 3830 4810 pro

2249 4817 2566 4886 patriarcha
2594 4831 2725 4869 usus
2754 4823 2837 4869 est
2866 4822 3045 4886 poeta.
3082 4818 3240 4870 Mun.

2325 4888 2467 4957 (657)
2516 4886 2643 4940 Msti
2678 4884 2896 4942 codices
2933 4902 3050 4940 mea
3096 4888 3297 4940 lirrica.
3340 4886 3537 4955 Scripsi
3576 4900 3675 4953 ego
3705 4884 3828 4951 lyri-

2252 4956 2340 5012 ca.
2376 4957 2480 5015 Sed
2516 4957 2647 5015 quid
2682 4959 2783 5012 sibi
2814 4958 2927 5011 vult
2956 4958 3193 5011 insolens
3222 4958 3325 5012 hoc
3361 4957 3415 5010 in
3454 4959 3575 5011 loco
3605 4956 3825 5009 vocabu-

2252 5028 2367 5083 lum
2396 5026 2585 5085 istud?
2624 5028 2911 5098 Siquidem
2942 5029 3015 5083 ita
3043 5029 3243 5083 Donizo
3268 5028 3501 5097 scripsit,
3547 5026 3829 5098 intoleran-

2253 5099 2321 5155 da
2363 5100 2578 5155 licentia
2610 5095 2931 5169 signiﬁcavit
2977 5099 3205 5153 chorum
3246 5095 3570 5154 clericorum
3611 5095 3825 5153 Canusi-

2254 5186 2342 5226 nae
2372 5170 2648 5226 Ecclesiae.
2683 5174 2845 5226 Mun.

2328 5244 2473 5310 (658)
2534 5243 2741 5312 Nempe
2790 5242 3085 5312 septimum
3132 5240 3293 5312 hujus
3324 5241 3585 5295 nominis.
3626 5236 3828 5295 Obtulit

2253 5313 2385 5367 mihi
2414 5316 2655 5383 ,Estense
2700 5313 2984 5367 archivum
3026 5321 3395 5383 pervetustam
3436 5324 3827 5382 pergamenam,

2255 5385 2357 5458 ubi
2396 5382 2770 5455 fragmentum
2807 5382 3050 5455 ejusdem
3100 5384 3465 5458 Benedictinae
3504 5383 3684 5458 bullae,
3716 5392 3831 5458 qua;

2253 5454 2457 5523 scripta
2481 5454 2563 5508 est
2587 5471 2686 5524 per
2716 5454 2941 5509 manum
2964 5457 3230 5526 Stephani
3250 5458 3458 5526 notarii
3485 5456 3625 5508 sacri
3647 5454 3827 5505 scrinei

2251 5532 2448 5580 sancta:
2501 5529 2754 5580 Romana:
2806 5525 3088 5595 Ecclesia,
3138 5526 3254 5583 ind.
3292 5542 3372 5588 Iv;
3428 5525 3555 5579 data
3604 5536 3734 5595 vero
3755 5530 3828 5595 _tV

2253 5599 2378 5653 Kal.
2405 5600 2661 5652 Januarii
2676 5614 2773 5666 per
2801 5614 2992 5653 manus
3024 5592 3287 5654 Guido‘nis
3312 5599 3562 5670 episcopi,
3592 5599 3641 5648 et
3662 5592 3831 5670 biblio-

2255 5671 2480 5723 thecarii
2519 5663 2715 5723 sancta:
2752 5670 2890 5723 sedis
2937 5670 3241 5738 apostolica?
3288 5663 3828 5739 (qitemCiampjuips

2254 5740 2524 5805 ignoravit
2566 5740 2618 5793 in
2664 5755 2764 5794 suo
2805 5731 3054 5809 catalogo
3105 5731 3720 5809 bibliotlfecariorumis.
3770 5731 3825 5783 Β.

2257 5810 2538 5881 Ecclesiae)
2578 5826 2721 5866 anno
2767 5808 3113 5883 pontiﬁcatus
3162 5811 3349 5866 damni
3400 5808 3668 5867 Benedicti
3708 5816 3826 5857 san-
