4010 6164
238 335 344 390 985

1145 339 1427 396 APPEND.
1474 342 1560 400 Ill.
1599 370 1671 383 —
1706 340 2123 398 MONUMENTA
2162 340 2624 397 GREGORIANA.
2723 403 2726 406 ,

3432 349 3535 402 986

237 457 322 514 Ad
346 473 749 532 quemcumque
764 459 944 518 locum
973 462 1152 535 placet
1175 463 1543 538 illis,pergere
1571 474 1823 539 possunt,
1851 470 1904 534 Α
1941 466 2089 524 Olim
2118 465 2264 538 quod
2292 465 2412 522 vilis
2439 481 2534 538 per
2559 481 2746 539 regem
2775 467 3105 536 sustinuisti,

237 552 554 609 Catholicus
576 561 793 610 tantum
845 564 1070 611 caveant
1094 557 1165 612 sit
1187 558 1492 630 episcopus,
1515 559 1723 617 almum

234 643 500 702 Ofﬁcium
524 647 626 702 rite
661 655 956 722 sancteque
995 647 1092 705 det
1112 666 1175 706 ac
1201 653 1544 721 reverenterJ

234 741 466 796 Pulvere
494 749 834 809 sanctorum,
866 757 964 798 seu
989 751 1155 799 cantu
1181 745 1627 818 presbyterorum

241 836 372 891 Esse
400 833 740 903 redimitum,
775 851 923 908 sape,
954 837 1282 894 vestibulum
1321 840 1679 897 Canusinum.

699 945 956 986 MANTUA
985 946 1364 988 BESPONDET.

235 1023 373 1077 Haec
400 1020 719 1094 ignorabam
751 1022 819 1079 de
842 1032 918 1089 te,
961 1025 1103 1080 mihi
1127 1025 1310 1093 crede,
1335 1025 1513 1095 beata,

229 1114 336 1172 Sed
365 1115 468 1171 sub
496 1116 704 1190 Regino
732 1123 785 1172 te
821 1118 1054 1189 praesule
1092 1135 1201 1174 non
1234 1119 1352 1176 fore
1381 1125 1525 1188 (659)
1556 1121 1747 1178 miror.

768 1226 1033 1269 CANOSSA
1074 1229 1268 1270 DICIT.

226 1303 291 1360 Si
328 1319 430 1376 ego
458 1309 602 1371 (660)
629 1306 902 1377 Reginum
931 1308 1102 1364 timeo
1128 1325 1251 1365 mos
1280 1317 1365 1366 est
1406 1318 1464 1366 ut
1489 1311 1748 1380 amicum,

224 1400 342 1455 Lex
368 1415 491 1455 mea
516 1399 724 1471 privata
756 1394 924 1468 (661),
956 1401 1289 1459 Benedictus
1326 1419 1492 1476 quam
1515 1405 1650 1460 mihi
1685 1421 1820 1478 papa

225 1492 468 1549 Praebuit
498 1494 550 1548 in
575 1494 760 1550 charta
789 1495 987 1551 carecti
1019 1501 1161 1563 (662)
1185 1495 1439 1553 formiter
1473 1499 1677 1570 ampla,

223 1587 452 1658 Separat
477 1602 510 1643 a
535 1587 771 1655 Christo,
801 1589 847 1644 si
873 1588 1005 1660 quid
1020 1589 1158 1645 mihi
1178 1589 1414 1647 demerit
1437 1591 1639 1662 ipsum,

221 1679 376 1735 Illius
403 1695 433 1735 a
461 1695 588 1736 cura
619 1682 805 1752 procul
838 1683 1023 1737 omnia
1053 1691 1183 1739 sunt
1208 1700 1328 1741 mea
1354 1685 1513 1757 jura;

224 1774 517 1831 Pontiﬁces
545 1790 738 1832 omnes
764 1790 932 1846 paena
959 1776 1118 1833 simili
1150 1779 1584 1851 quoque‘torret.

688 1884 947 1926 ΠΔΝἸὍΑ
972 1887 1352 1929 BESPONDRT.

219 1963 389 2018 Parce
432 1963 592 2029 mihi,
623 1978 833 2036 quaeso,
868 1963 1020 2021 video
1051 1975 1103 2021 te
1127 1976 1350 2039 tangere
1381 1967 1604 2026 coelum.

783 2073 1039 2116 CANOSSA
1079 2077 1271 2118 DICIT.

221 2153 395 2207 Pareo
419 2151 516 2208 tibi
545 2152 719 2217 valde,
741 2169 958 2210 mecum
985 2171 1117 2211 cane
1137 2157 1382 2212 carmina
1413 2157 1607 2214 saltem

229 2245 310 2302 Ex
339 2245 569 2303 domino
599 2255 790 2303 nostro
810 2247 1092 2306 Bonifacio
1120 2250 1263 2306 velut
1293 2259 1446 2324 opto.

697 2356 954 2399 MANTUA
981 2359 1364 2401 BBSPONDET.

223 2434 375 2504 Quid
410 2434 578 2506 proba
605 2435 824 2492 dixisti?
852 2445 1024 2493 metra
1056 2438 1283 2508 plurima
1321 2429 1528 2495 te‘sine
1552 2438 1712 2506 tinxi;

225 2530 594 2585 immemores
637 2529 815 2586 forsan
835 2540 1139 2587 metrorum
1156 2548 1249 2587 me
1265 2532 1380 2588 fore
1410 2538 1556 2598 (663)
1578 2537 1819 2604 portam?

221 2622 406 2678 Dulcis
434 2623 614 2679 amica
645 2640 764 2680 mea
790 2666 804 2691 ,
835 2625 1088 2697 generavi
1112 2642 1355 2697 namque
1384 2635 1605 2697 poetam

220 2716 510 2789 Virgilium
541 2721 706 2785 (664),
740 2727 956 2775 certum
1005 2735 1169 2791 super
1198 2735 1393 2775 omnes
1423 2718 1586 2776 edere
1614 2737 1818 2777 versus.

773 2827 1046 2870 CANOSSA
1087 2829 1273 2870 DICIT.

221 2904 324 2960 Ore
343 2911 441 2960 tuo
459 2903 692 2961 damnas
713 2913 891 2962 temet
915 2907 1153 2962 nimium
1181 2923 1302 2963 mea
1333 2906 1527 2974 fallax;

221 2997 483 3070 Nunquid
512 3013 612 3054 nos
636 3014 805 3056 nosco
827 3009 1097 3072 quantum
1122 3000 1221 3056 tibi
1246 3003 1482 3073 pertinet
1508 3007 1699 3057 anetor

219 3091 512 3163 Virgilius?
545 3093 745 3164 quippe
773 3095 992 3165 genitus
1019 3094 1086 3150 de
1117 3102 1170 3151 te
1197 3094 1300 3151 fuit
1338 3097 1475 3166 ipse,

216 3184 322 3241 Sed
343 3184 549 3243 suffere
578 3194 737 3242 tuum
768 3189 958 3261 nequit
984 3189 1345 3263 opprobrium
1386 3189 1486 3245 sibi
1517 3188 1737 3260 durum,

218 3481 452 3534 ctissimi
486 3482 590 3537 VII
628 3497 786 3552 papae
811 3483 1057 3546 secundo,
1106 3485 1327 3552 imperii
1349 3498 1470 3538 vero
1512 3483 1696 3537 domni
1719 3485 1811 3539 0t-

221 3554 364 3625 tonis
417 3555 592 3607 tertio.
626 3555 746 3625 Hoc
790 3562 873 3609 est
917 3569 1061 3609 anno
1117 3560 1243 3625 976,
1306 3563 1400 3609 aut
1449 3555 1628 3625 potius
1687 3558 1809 3610 975.

217 3623 371 3678 hunc
422 3625 571 3678 enim
640 3623 844 3679 nodum
889 3632 1102 3680 tentare
1163 3623 1252 3679 hic
1319 3623 1460 3679 non'
1505 3632 1672 3680 vacat.
1733 3626 1810 3681 lbi

217 3703 411 3766 autem
467 3693 664 3765 legitur
721 3714 734 3748 :
794 3696 1040 3762 Qualiter
1089 3697 1390 3752 Teudaldus
1453 3712 1618 3752 comes
1670 3697 1813 3766 filius

214 3764 507 3822 Adelberti
522 3764 644 3833 jam
668 3770 870 3822 comitis
909 3769 1097 3821 limina
1121 3770 1488 3837 apostolorum
1517 3764 1685 3836 (ligna
1715 3769 1810 3823 de-

216 3840 434 3891 votione
456 3839 708 3899 visitans,
735 3855 803 3892 ea:
827 3844 986 3908 parte
1018 3842 1106 3894 sui
1123 3842 1300 3908 patris
1331 3839 1652 3908 hujusmodi
1675 3856 1708 3893 a
1728 3856 1813 3895 no-

209 3915 342 3964 stra
385 3910 675 3978 apostolica
703 3913 1022 3964 auctoritate
1043 3913 1204 3980 petiit
1236 3916 1298 3965 ut
1327 3913 1594 3965 ecclesiam
1629 3913 1686 3965 in
1713 3913 1809 3965 ho-

206 3995 349 4033 nore
377 3984 675 4034 sanctorum
704 3982 1068 4048 confessorum
1105 3985 1212 4047 Dei,
1244 3983 1522 4051 Apollonii
1545 3983 1806 4045 videlicet,

216 4053 462 4106 Ursicini
498 4056 661 4120 atque
712 4055 1030 4113 Rusticiani,
1069 4058 1374 4121 martyrum
1415 4069 1626 4122 quoque
1649 4055 1809 4108 Mau-

206 4125 362 4187 ricii,
397 4123 719 4177 Alexandri
743 4129 797 4177 et
841 4124 1067 4178 Victoris
1094 4129 1472 4185 consecratam,
1502 4141 1666 4193 quam
1696 4127 1809 4193 ipse
1857 4170 1867 4184 .

206 4193 544 4248 Adelbertus
567 4196 626 4247 in
670 4196 781 4249 suis
827 4197 1070 4265 propriis
1092 4195 1268 4256 rebus,
1298 4195 1545 4249 videlicet
1569 4197 1626 4248 in
1651 4211 1804 4264 rupe,

204 4280 338 4334 qua
373 4266 605 4320 Canusia
626 4270 864 4328 vocatur,
895 4267 965 4319 ab
1014 4267 1137 4319 imis
1161 4267 1533 4333 fundamentis
1566 4271 1807 4320 constru.

203 4341 396 4390 (verat.
425 4337 572 4390 Tum
601 4336 773 4401 addit,
800 4335 1078 4391 decimam
1102 4338 1168 4390 ab
1197 4352 1258 4391 ea
1279 4337 1532 4391 collatam
1560 4338 1634 4390 ad
1651 4353 1807 4392 usum

200 4406 442 4474 fruendi
471 4412 534 4460 12
555 4410 944 4470 canonicorum,
978 4415 1083 4462 etc.
1110 4410 1316 4464 Auctor
1335 4417 1419 4462 est
1438 4408 1666 4472 Donizo,
1692 4411 1807 4463 Ro-

201 4493 366 4532 mam
391 4477 619 4533 missum
651 4479 713 4533 ob
741 4480 834 4533 hoc
861 4481 1069 4547 factum
1097 4480 1166 4533 ab
1195 4482 1402 4534 Attone
1435 4488 1584 4548 patre
1612 4479 1807 4534 'I‘edal-

197 4549 371 4604 dum.
399 4551 519 4604 Hoc
547 4549 696 4622 idem
725 4565 796 4622 ex
822 4550 887 4605 iis
927 4550 1088 4622 bullae
1119 4550 1298 4622 verbis
1327 4551 1537 4605 eruitur
1557 4567 1625 4605 ea:
1648 4557 1808 4622 parte

1937 561 2132 624 Cantat
2150 576 2349 631 nempe
2372 568 2614 616 metrum
2631 559 2698 616 de
2719 569 2792 629 te,
2809 561 2958 633 quod
2987 563 3094 618 scis
3118 563 3254 619 bene
3276 579 3523 622 mecum:

1936 657 2162 711 Mantua
2198 670 2279 709 vce
2307 657 2517 710 miserta
2544 657 2777 710 nimium
2802 658 2977 711 vicina
3010 658 3300 715 Cremonae.

1936 750 2020 805 Ut
2047 757 2100 804 te
2128 763 2448 821 cognoscas,
2478 749 2668 804 statim
2698 750 2938 806 recolam
2965 751 3064 806 tibi
3101 767 3314 808 causas.

1933 842 2212 900 Antonius
2241 842 2468 914 quidam
2483 844 2788 899 commovit
2819 845 3052 902 Cmsaris
3080 846 3236 912 iram,

1934 937 2164 1008 Propter
2193 951 2322 992 eum
2348 952 2473 992 rura
2495 952 2593 993 sua
2624 937 2858 1008 perdidit
2884 939 2988 994 alta
3016 941 3314 1009 Cremona,

1935 1031 2147 1087 Caesare
2167 1029 2330 1086 dante
2356 1029 2578 1102 quidem
2607 1037 2701 1086 tua
2727 1031 3016 1101 militibus,
3035 1033 3186 1089 dedit
3202 1033 3350 1090 idem

1933 1127 2010 1180 Te
2033 1124 2409 1180 conculcatam
2438 1124 2724 1181 dimittens
2749 1127 2992 1199 Tityrus,
3024 1143 3183 1184 auras

1932 1222 2180 1286 Nostras,
2215 1228 2271 1276 et
2297 1220 2458 1276 silvas
2479 1223 2648 1290 (665),
2665 1229 2908 1292 montes,
2937 1223 3091 1294 petiit
3110 1239 3326 1294 quoque
3341 1223 3526 1288 villas;

1932 1313 2326 1386 Castaneasque
2353 1314 2545 1382 bonas,
2574 1314 2902 1372 comedebat
2921 1316 3075 1371 mitia
3106 1332 3291 1388 poma,

1933 1408 2065 1463 Haec
2092 1406 2184 1463 tibi
2215 1407 2325 1462 sint
2354 1416 2505 1475 nota,
2544 1411 2782 1465 Maronis
2817 1411 3018 1465 dicitur
3043 1412 3171 1464 aula

1928 1504 2196 1557 Hactenus
2229 1506 2283 1558 et
2300 1503 2442 1556 silva
2480 1518 2580 1573 per
2609 1519 2776 1576 quam
2806 1504 3066 1574 pascebat
3092 1504 3310 1560 ovillas.

1928 1599 2085 1651 Astet
2106 1596 2306 1651 Balista
2329 1601 2473 1663 (666)
2490 1613 2674 1664 mons,
2699 1598 2942 1652 nascitur
2955 1597 3091 1652 hanc
3108 1614 3278 1670 prOpe
3297 1599 3525 1668 silvam;

1928 1689 1987 1744 In
2015 1705 2125 1761 quo
2151 1689 2410 1762 Virgilius
2435 1691 2658 1746 titulum
2679 1691 2807 1746 facit
2833 1690 2937 1746 hoc
2957 1690 3128 1747 modo
3149 1692 3451 1763 scriptum:

1926 1786 2102 1839 Monte
2129 1783 2231 1838 sub
2252 1784 2345 1838 hoc
2369 1785 2614 1854 lapidum
2645 1787 2844 1853 tegitur
2869 1787 3078 1840 Balista
3108 1787 3346 1856 sepultus
3369 1805 3380 1840 :

1848 1844 1894 1906 Β
2003 1880 2181 1940 Nocte,
2205 1878 2310 1945 die,
2340 1844 2518 1932 tutum
2543 1844 2722 1948 carpe:
2747 1881 2947 1946 viator,
2970 1881 3099 1935 iter.

1932 1970 2252 2027 HicBalista
2269 1971 2410 2026 latro
2432 1971 2755 2043 fuitingens,
2779 1971 2868 2027 hic
2889 1987 3110 2044 quoque
3132 1977 3274 2038 (667)
3295 1975 3452 2028 Maro

1930 2067 2229 2136 Propterea
2255 2065 2488 2136 scripsit,
2523 2066 2613 2137 qui
2642 2069 2787 2132 (668)
2808 2065 2966 2121 amor
2996 2075 3121 2121 tuus
3150 2066 3360 2120 exstitit
3387 2065 3520 2134 illic,

1929 2159 2008 2215 Ex
2035 2157 2139 2214 hoc
2171 2158 2321 2230 quod
2343 2158 2550 2214 scimus
2594 2167 2748 2230 potes
2777 2167 2832 2214 et
2855 2167 2914 2214 tu
2943 2159 3150 2215 discere
3178 2159 3320 2228 visu,

1929 2251 1983 2308 Si
2013 2250 2144 2323 quid
2174 2251 2338 2307 habes
2355 2251 2526 2321 dubii,
2560 2253 2718 2324 primi
2742 2252 2856 2325 lege
2881 2252 3127 2308 carmina
3168 2251 3290 2308 libri

1925 2344 2106 2415 Ipsius
2135 2352 2190 2400 et
2208 2345 2398 2400 statim
2431 2354 2490 2401 tu
2522 2360 2632 2400 non
2653 2361 2778 2401 mea
2808 2344 2950 2401 dicta
2970 2345 3214 2417 negabis.

1933 2438 2170 2510 Quando
2209 2447 2262 2494 te
2291 2437 2430 2510 fugit
2468 2443 2616 2505 (669)
2657 2439 2914 2495 miseram
2947 2455 3114 2511 prope
3144 2455 3232 2495 me
3261 2444 3410 2506 (670)
3433 2455 3521 2494 cu-

3264 2534 3454 2602 [currit

1925 2625 2060 2694 Quae
2086 2623 2365 2680 meditans
2387 2624 2563 2694 tinxit,
2587 2625 2728 2681 mihi
2770 2627 3046 2697 primitus,
3066 2626 3212 2683 haud
3233 2626 3332 2681 tibi
3361 2627 3519 2684 dixit.

1926 2720 2070 2790 Ergo
2107 2734 2215 2790 qua
2245 2718 2422 2774 fronte
2451 2727 2602 2790 potes
2630 2720 2781 2774 illum
2814 2723 3083 2790 quaerere?
3113 2735 3298 2775 nonne

1929 2811 2177 2867 Perrexit
2199 2813 2439 2866 Romam
2460 2812 2613 2883 regni
2641 2812 2883 2883 rogitare
2911 2827 3176 2868 coronam
3210 2817 3295 2878 (67
3309 2816 3380 2879 l),

1926 2904 2097 2961 Liber
2118 2912 2180 2960 ut
2209 2920 2324 2961 esse
2351 2907 2560 2976 queat?
2605 2904 2712 2960 sibi
2750 2920 2916 2976 quam
2952 2904 3099 2960 dedit
3137 2905 3287 2960 illico
3315 2898 3520 2974 Caesar,

1921 2999 2190 3070 Cognovit
2216 3006 2508 3071 postquam
2531 2998 2796 3070 sapientis
2819 2998 3058 3054 carmina
3087 2997 3270 3054 docta.

1922 3093 2044 3148 Hoc
2070 3100 2129 3147 tu
2169 3094 2296 3148 nolo
2324 3107 2510 3164 neges,
2537 3093 2716 3148 recolo
2737 3092 2830 3148 tibi
2862 3099 3038 3147 metra
3070 3101 3324 3162 repente;

1850 3218 1894 3283 C
1922 3189 2080 3244 Nocte
2095 3189 2244 3260 pluit
2287 3191 2415 3252 tota,
2440 3187 2670 3243 redeunt
2711 3187 3016 3258 spectacula
3045 3201 3222 3250 mane,

1925 3479 1982 3534 in
2014 3493 2117 3535 usu
2155 3477 2320 3551 fuisse
2349 3478 2726 3551 Egyptiacam
2763 3494 3032 3550 papyrum
3058 3476 3274 3533 difﬁteri
3318 3477 3514 3551 nolim.

1926 3553 2070 3606 Num
2114 3550 2387 3605 Donizoni
2421 3548 2713 3620 scriptum
2753 3548 2993 3604 characti
3016 3552 3264 3617 fo—rmiter
3299 3548 3514 3618 ampla,

1926 3622 2032 3677 hoc
2069 3631 2153 3676 est
2193 3621 2374 3692 ampla
2420 3622 2596 3677 forma
2625 3621 3048 3677 characterum?
3083 3623 3228 3692 Num
3285 3626 3517 3684 carecta,

1926 3690 2304 3819 icuchiiracta
2336 3709 2433 3766 pro
2479 3700 2712 3749 exarata
2735 3709 2765 3749 a
2796 3693 3031 3748 charamo
3074 3690 3224 3764 quod
3261 3699 3346 3746 est
3372 3692 3512 3746 scri-

1965 3780 1996 3819 o
2142 3780 2237 3819 un.
3451 3793 3456 3796 -

1965 3768 2038 3819 οῖ’
2079 3767 2237 3820 Mus.
3451 3793 3456 3796 -

2000 3841 2141 3904 (663)
2161 3839 2311 3891 Esse.
2343 3837 2504 3892 Lam.

1988 3913 2134 3973 (664)
2163 3909 2298 3964 Cod.
2334 3909 2558 3975 Regien.
2594 3909 2885 3976 Virgilium
2910 3911 3059 3961 certe.
3099 3907 3265 3963 Mnn.

2000 3984 2142 4045 (665)
2189 3979 2244 4035 Si
2287 3979 2557 4034 Donizoni
2596 3978 2730 4033 ﬁdes
2769 3977 3039 4042 habenda,
3091 3979 3148 4032 in
3189 3978 3512 4049 Regiensem

1926 4067 2144 4120 agrum,
2177 4066 2206 4105 a
2234 4049 2421 4120 patriai
2449 4051 2691 4106 tumultu
2737 4049 3054 4119 compulsus
3081 4051 3305 4105 secessit
3333 4049 3518 4120 Virgi-

1928 4117 2053 4190 lius,
2087 4117 2269 4193 ibique
2310 4122 2552 4193 bucolica
2601 4137 2717 4193 sua
2753 4117 3000 4193 carmina
3046 4117 3524 4193 concinnavit._‘At

1926 4194 2148 4248 ubinam
2173 4191 2440 4264 ejusmodi
2470 4192 2546 4248 rei
2576 4191 2852 4247 Donizoni
2888 4198 3074 4246 nostro
3105 4199 3265 4247 certa:
3283 4191 3520 4247 tabulae?

1924 4267 2091 4320 Mun.

1979 4339 2143 4401 .(666)
2166 4333 2486 4404 Legendum
2517 4335 2617 4389 Ast
2637 4339 2687 4387 et
2711 4335 2937 4389 Bal-ista.
2962 4334 3223 4404 Sequitur
3244 4331 3381 4388 Cod.
3411 4335 3518 4387 Re-

1925 4408 2103 4475 giam,
2153 4408 2396 4460 nascitur
2435 4408 2485 4459 et
2524 4420 2697 4474 prope
2754 4407 2963 4458 silvam.
3007 4407 3164 4458 Nunc
3213 4404 3519 4474 appellatur

1916 4481 2095 4534 Monte
2118 4478 2173 4531 di
2213 4478 2479 4538 Valestra,
2529 4477 2695 4530 situm
2725 4475 2894 4546 cujus
2921 4475 3235 4544 quicunque
3287 4483 3516 4543 spectat,

1917 4550 2334 4605 delectationem
2373 4547 2530 4618 capit.
2586 4545 2973 4618 lngcacuminc
3028 4547 3261 4618 plateam
3320 4552 3515 4618 natura

199 4622 325 4702 sui_
352 4623 553 4702 patris;
590 4619 744 4702 Quid
779 4637 924 4702 .ergo
962 4620 1294 4702 sibi-volunt
1321 4623 1489 4702 altera
1520 4622 1606 4702 illa
1647 4615 1807 4702 bulla:
1836 4640 1886 4702 D
1918 4621 2063 4676 velut
2108 4615 2591 4702 artismmulatrix
2646 4616 2794 4702 fecit:
2852 4616 3056 4671 Subtus
3096 4615 3150 4669 in
3203 4631 3337 4670 saxo
3379 4617 3516 4671 varii

199 4691 378 4766 verba
416 4709 428 4746 :
456 4693 758 4766 Adelberti
766 4692 886 4762 jam
943 4694 1190 4766 comitis?
1229 4693 1530 4766 Hominem
1550 4695 1666 4766 jam
1694 4694 1806 4749 fato

195 4762 463 4834 functum
497 4763 612 4820 haec
652 4763 890 4818 indicare
917 4764 1184 4818 videntur.
1218 4767 1330 4817 Aut
1367 4779 1496 4834 ergo
1519 4762 1574 4818 in
1611 4765 1808 4820 itinere

192 4832 444 4890 'l‘edaldi
477 4835 542 4889 ad
588 4835 769 4907 plures
806 4835 946 4890 abiit
971 4832 1666 4907 Atto,_quiet‘AdéIbertus
1692 4836 1810 4907 ejus

193 4913 369 4977 pater
395 4924 427 4977 7:
456 4914 550 4977 aut
593 4904 654 4960 in
685 4915 966 4961 senectam
1007 4904 1288 4961 declinans
1309 4904 1443 4977 jam”
1477 4904 1809 4976 p0pu|oriim

193 4975 477 5047 regimine
507 4976 594 5032 ille
641 4993 698 5031 se
729 4977 1028 5044 abdicarat,
1070 4975 1342 5047 suumque
1373 4975 1809 5047 tilium’publicis

195 4993 263 5032 re
309 4992 477 5031 imine
507 4992 594 5032 me
641 4993 698 5031 se
729 4992 1028 5044 anuicarat,
1070 4992 1342 5047 suumque
1373 4992 1545 5030 unum
1577 4992 1807 5047 pumicis

195 4992 734 5130 reguspraelecerat
755 5066 782 5130 ἐ
825 5047 975 5130 quod
998 5057 1052 5130 et
1099 5063 1162 5130 ex
1193 5055 1479 5130 assumpto
1507 5062 1603 5118 per
1632 5049 1807 5130 tilium

195 5117 610 5192 com-itisdtitulo
641 5117 856 5174 suaderi
880 5127 1076 5192 potest.
1117 5119 1238 5175 Erit
1272 5117 1398 5174 huic
1441 5117 1806 5176 munumento

192 5206 344 5247 suus
368 5189 496 5245 alibi
529 5191 700 5245 locus.
726 5189 882 5246 Mue.

278 5267 430 5327 (659)
459 5264 574 5319 Non
603 5264 740 5329 fore,
769 5261 824 5316 id
853 5270 937 5316 est
970 5277 1080 5317 non
1109 5277 1245 5316 esse.
1279 5262 1451 5318 LEIB.

280 5335 432 5400 (660)
461 5332 644 5388 Codex
664 5333 840 5402 antiq.
873 5335 960 5389 Sic
986 5349 1096 5402 ego.
1130 5335 1305 5389 LEIB.

281 5405 347 5459 In
376 5403 502 5458 cod.
536 5420 753 5475 quoque
777 5405 1024 5474 Regien:
1067 5406 1158 5460 Sic
1195 5421 1305 5474 ego.
1332 5408 1492 5461 Mun.

277 5481 427 5540 (661)
447 5476 798 5547 Privilegium
827 5476 1101 5530 Benedicti
1123 5492 1275 5546 papa:
1293 5479 1364 5532 Vl
1388 5477 1467 5530 vel
1488 5478 1612 5531 Vll.
1630 5477 1806 5532 Lam.

279 5551 428 5614 (662)
459 5547 644 5604 Codex
671 5547 954 5617 antiquus,
984 5549 1222 5614 fortiter.
1246 5547 1431 5620 Cbarti
1464 5548 1663 5602 carecti
1708 5564 1809 5620 pu-

191 5629 262 5678 to
293 5627 382 5690 est
401 5633 528 5688 qua
553 5634 616 5690 ex
640 5634 844 5690 papyro
876 5626 982 5690 est,
1003 5632 1097 5672 seu
1134 5618 1416 5674 arundine.
1449 5622 1624 5674 LntB.

276 5689 368 5745 Ab
395 5688 1081 5762 antiquis’appellabantur
1098 5691 1314 5762 carices
1343 5690 1528 5746 herbae
1552 5689 1809 5762 quaedam

192 5766 402 5823 acutae,
433 5759 626 5823 densa,
657 5759 712 5815 et
735 5765 925 5829 sparto
960 5759 1180 5823 similes,
1209 5760 1420 5816 Isidoro
1460 5759 1616 5816 teste.
1646 5763 1808 5818 Care-

200 5839 458 5906 cta_v_ero
500 5832 618 5886 loca
662 5831 928 5886 caricibus
970 5831 1172 5906 obsita.
1201 5835 1498 5906 Propterea
1541 5848 1644 5888 vox
1702 5835 1809 5888 mi-

205 5905 264 5962 hi
308 5903 400 5959 hic
425 5909 710 5974 suspecta,
749 5917 1064 5975 quanquam
1107 5901 1175 5959 ad
1213 5918 1274 5960 ea
1307 5901 1491 5981 'usque
1535 5912 1804 5977 tempora.

1919 4707 2141 4762 specus;
2193 4691 2374 4762 ibique
2402 4690 2716 4762 delitescere
2757 4687 3049 4762 thesauros
3082 4702 3320 4758 quorum
3367 4703 3517 4762 caco-

1919 4756 2138 4820 dazmon
2174 4756 2389 4825 custos,
2427 4761 2712 4815 credulum
2744 4759 2935 4830 vulgus
2964 4756 3167 4830 refert.
3202 4759 3522 4830 Desumpsit

1916 4843 2103 4892 autem
2156 4833 2371 4888 Donizo
2398 4831 2499 4886 hos
2547 4847 2735 4886 versus
2764 4846 2829 4884 ex
2846 4829 3081 4901 antiqua
3109 4829 3318 4901 Virgilii
3367 4831 3512 4891 Vita.

1917 4921 2040 4977 qua:
2070 4909 2287 4960 Donato
2337 4902 2696 4977 grammatico
2739 4900 3018 4977 tribuitur.
3047 4900 3164 4977 'Sed
3204 4904 3361 4973 longe
3393 4909 3517 4956 ante

1917 4973 2209 5048 Virgilium
2259 4973 2480 5048 Ralistat
2510 4974 2690 5048 monti
2717 4989 2916 5028 nomen
2947 4973 3068 5048 fuit.
3090 4975 3266 5048 Non.

1991 5045 2137 5113 (667)
2167 5045 2393 5101 Codices
2424 5046 2596 5101 nostri
2628 5047 2766 5100 hunc
2792 5061 3021 5115 quoque.
3051 5047 3208 5101 Mnn.

1989 5124 2130 5184 (668)
2151 5118 2332 5175 Codex
2353 5119 2520 5188 antiq.
2550 5121 2701 5187 quia.
2735 5119 2904 5172 [ΑΗΒ.

1993 5191 2148 5254 Vide,
2197 5198 2332 5261 quot
2376 5189 2534 5244 nobis
2567 5203 2786 5261 errores
2835 5188 3028 5243 oculus
3058 5187 3310 5261 incautus
3327 5189 3515 5261 creet!

1917 5261 2066 5317 Nihil
2099 5258 2246 5316 aliud
2275 5261 2361 5316 hic
2411 5269 2512 5327 est,
2555 5259 2659 5315 nisi
2705 5262 2837 5328 quia
2869 5265 3110 5314 mortuus
3141 5260 3354 5313 exstitit
3384 5258 3512 5312 illic.

1918 5336 2000 5388 Ita
2030 5333 2158 5389 msti
2199 5331 2417 5388 codices
2446 5331 2644 5387 nostri.
2678 5335 2840 5388 Mun.

1990 5410 2136 5470 (669)
2173 5406 2399 5468 Vereor,
2458 5412 2521 5458 ut
2571 5404 2786 5458 Donizo
2831 5417 2895 5457 ex
2927 5402 3016 5463 iis,
3044 5415 3168 5470 qum
3195 5407 3510 5471 supersunt,

1915 5477 2126 5548 Virgilii
2159 5474 2499 5530 carminibus
2521 5475 2847 5548 persuadere
2892 5473 3056 5548 nobis
3071 5472 3261 5541 possit,
3296 5480 3510 5548 poetam

1917 5563 1984 5603 ex
2014 5543 2219 5602 afﬂicto
2245 5562 2378 5618 agro
2415 5543 2720 5601 Mantuano
2747 5560 2804 5600 se
2834 5543 2888 5598 in
2921 5543 3220 5614 Regienses
3244 5543 3412 5598 colles
3436 5557 3514 5595 re-

1915 5619 2143 5689 cepisse.
2176 5621 2336 5674 MUR.

1989 5686 2140 5754 (670)
2169 5690 2352 5745 Codex
2379 5689 2576 5758 antiq.,
2598 5701 2805 5758 meque.
2828 5686 2998 5740 LEIB.

1989 5767 2129 5835 (67!)
2157 5765 2367 5835 Regem
2396 5755 2829 5833 signiﬁcat,'hoc
2855 5764 2936 5810 est
2977 5758 3296 5825 Augustum
3343 5755 3517 5808 Cresa-

1917 5847 2057 5888 rem.
2082 5834 2243 5892 Mun.
