4010 6164
261 226 365 279 989

260 350 411 406 Usus
435 364 566 405 cum
596 326 754 407 cleris
783 352 930 424 (696)
956 328 1073 409 non
1100 352 1159 408 in
1187 361 1403 409 tantum
1422 354 1726 414 duodennis

256 445 549 501 Deservire
571 445 812 517 quidem,
845 462 994 503 nunc
1022 446 1194 521 abbas
1221 448 1384 504 servit
1409 449 1612 510 ibidem

256 538 396 595 Cum
416 538 705 597 monachis
727 538 945 596 Christo
965 540 1156 598 multis
1183 540 1573 601 famulantibus
1600 543 1712 602 illo.

801 652 1043 709 CAPUT
1076 654 1285 709 XVIII.

256 752 408 823 Quod
434 753 697 808 secundus
739 756 999 810 Henricus
1047 761 1281 826 tempore
1307 760 1568 812 Beatricis
1611 764 1851 815 mortuus

331 829 427 902 est.
452 830 524 902 et
549 826 693 902 quod
735 830 928 902 tertius
964 829 1226 883 Henricus
1264 843 1385 884 cum
1411 845 1564 902 papa
1609 831 1852 887 Aleman-

324 896 424 953 dro
444 898 503 956 II
525 898 691 953 nimie
712 898 1050 954 discordatus
1072 904 1170 956 est.

251 1014 437 1068 Caesar
464 1011 736 1069 Henricus
753 1013 1056 1071 comitissa:
1083 1021 1337 1085 tempore
1359 1014 1514 1070 vivus

251 1104 563 1171 Exstiterat,
605 1106 809 1162 scimus
838 1105 989 1179 quod
1036 1106 1201 1163 herus
1235 1110 1381 1175 (691)
1407 1106 1512 1163 fuit
1534 1116 1695 1179 atque
1724 1124 1849 1181 pro-

249 1198 373 1271 Ipse
395 1199 663 1257 Beatricis
690 1215 929 1273 magnae,
960 1209 1211 1274 nataeque
1249 1200 1551 1258 Matliildis.
1594 1200 1851 1275 [pinquus

247 1293 501 1349 Mortuus
529 1298 816 1367 Augustus
834 1293 936 1351 fuit
960 1295 1016 1350 in
1035 1311 1168 1367 pace
1191 1296 1457 1367 sepultus.

246 1388 547 1460 Postquam
578 1392 723 1455 (692)
746 1388 999 1458 surrexit,
1033 1389 1126 1461 qui
1151 1390 1219 1445 de
1247 1388 1451 1445 lumbis
1478 1403 1612 1462 puer
1637 1390 1748 1447 exit

249 1480 420 1550 Illius,
443 1482 496 1539 in
516 1496 779 1552 regnum,
801 1483 899 1540 ﬂet
925 1499 1024 1556 per
1045 1498 1211 1557 quem
1247 1484 1391 1541 male
1418 1491 1651 1553 rectum,

246 1575 459 1631 Scilicet
480 1575 747 1632 Henricus
766 1576 1002 1633 crudelis
1030 1578 1219 1635 tertius
1248 1577 1486 1651 hydrus;

244 1669 413 1742 Cujus
436 1678 552 1726 erat
574 1678 755 1727 mater
777 1672 963 1745 regina
997 1672 1244 1729 videlicet
1270 1679 1477 1745 Agnes,

245 1765 411 1819 Hunc
431 1763 491 1819 in
507 1772 705 1821 ventre
728 1781 944 1837 gerens,
971 1765 1109 1822 vidit
1130 1767 1278 1838 quod
1298 1767 1373 1823 sit
1392 1765 1560 1822 draco
1579 1782 1704 1823 vere

242 1858 309 1913 In
336 1857 542 1913 somnis
578 1856 791 1927 infans;
818 1858 922 1915 hoc
949 1860 1136 1916 multis
1171 1859 1359 1917 retulit
1379 1860 1520 1931 ipsa;

241 1952 407 2008 Hunc
427 1952 618 2011 Victor
646 1956 794 2021 (693)
824 1969 1011 2027 regem
1034 1954 1273 2010 laudavit
1297 1970 1436 2026 papa
1463 1961 1735 2023 recenter,

243 2046 350 2102 Hic
373 2046 542 2102 nimis
574 2061 835 2103 exercens
861 2047 1105 2104 crudelia
1132 2063 1232 2104 rex
1259 2047 1594 2115 adolescens,

240 2142 325 2198 Ut
351 2140 571 2212 sonipes
598 2141 805 2209 mulus,
836 2156 1029 2198 sensus
1056 2157 1169 2200 non
1189 2150 1273 2198 est
1300 2130 1501 2214 quibus
1527 2140 1691 2211 ullus,

242 2239 292 2291 Α
321 2234 478 2307 papis
501 2235 707 2292 sanctis
724 2235 903 2292 verbis
921 2234 1221 2307 saepissime
1241 2235 1453 2292 blandis

242 2327 603 2398 Admonitus,
634 2337 819 2386 sentes
848 2329 1039 2402 genuit
1059 2345 1216 2386 mens
1241 2330 1382 2386 illius
1402 2345 1468 2386 ex
1491 2344 1578 2399 se;

242 2423 526 2479 Nicolaum
548 2440 742 2497 papam
766 2429 913 2492 (694)
933 2424 1262 2497 contempsit
1279 2439 1436 2480 mens
1455 2439 1551 2479 sua
1583 2439 1766 2495 prava,

237 2517 455 2589 Sprevit
483 2518 853 2575 Alexandrum
884 2535 1081 2591 papam
1103 2533 1227 2575 vere
1246 2518 1637 2587 venerandum,

242 2612 460 2670 Tollere
487 2614 809 2672 Romanum
834 2613 921 2669 cui
950 2621 1125 2669 tentat
1154 2612 1555 2685 pontiﬁcatum,

243 2706 561 2777 Quemdam
589 2711 942 2765 Parmensem
978 2708 1239 2765 Cadalum
1269 2721 1465 2779 papam
1487 2705 1643 2778 jubet
1677 2719 1796 2762 esse
1823 2724 1837 2761 :

239 2800 451 2857 Prazsul
480 2808 597 2857 erat
623 2804 839 2858 Parma:
866 2801 1102 2859 Cadalus
1134 2801 1467 2868 ditissimus,
1495 2808 1663 2873 atque

237 2895 517 2969 Praeparat
533 2896 738 2970 absque
760 2912 920 2954 mora
939 2912 997 2955 se
1011 2904 1197 2953 contra
1217 2910 1441 2969 pergere
1460 2897 1702 2951 Romam

312 3094 460 3155 (690)
485 3092 611 3147 Non
631 3090 757 3147 nisi.
779 3093 950 3147 LEIB.

1166 230 1454 286 APPEND.
1496 232 1584 287 III.
1623 262 1695 273 —
1729 233 2146 296 MONUMENTA
2186 239 2646 298 GREGORIANA.

1876 1734 1925 1797 B

3454 250 3557 303 990

1875 364 1928 428 Α
1962 362 2131 419 Filius
2152 365 2253 421 iste
2279 365 2429 434 mali,
2453 380 2618 437 quem
2646 367 2851 438 sprevit
2871 367 3032 424 docta
3057 368 3297 425 Beatrix.

1957 457 2101 514 Nam
2131 456 2352 516 foveam
2372 474 2622 531 parvam,
2652 459 2933 517 deridendi
2953 462 3052 518 sibi
3083 478 3267 530 causa,

1959 553 2024 606 In
2048 559 2216 609 strata
2245 552 2365 609 ﬁeri
2382 560 2516 609 tunc
2543 553 2801 626 praecepit
2817 554 3114 611 Motinensi
3137 562 3302 625 (695),

1957 647 2020 701 In
2048 647 2225 703 noctis
2244 646 2498 705 tenebris.
2528 647 2763 705 Cadalus
2788 649 3114 705 tenebrosus
3134 658 3191 705 at
3219 650 3312 707 ivit

1958 740 2163 797 Multos
2182 741 2516 812 conducens,
2550 751 2712 814 caput
2734 743 2881 800 orbis
2900 744 3048 799 venit
3074 744 3142 800 ad
3168 745 3386 811 urbem,

1959 835 2137 907 Quem
2166 850 2291 906 pars
2319 850 2569 907 perversa
2590 836 2882 908 pretiosius
2907 842 3050 904 (696)
3070 837 3236 909 cepit,
3263 838 3543 906 aberrans,

1958 930 2009 983 A
2036 928 2196 984 dictis
2224 929 2447 1000 Cephea,
2474 930 2567 985 sed
2598 945 2720 1002 pars
2748 930 2851 986 sibi
2878 931 3062 986 dextra
3092 940 3313 1003 repente

1958 1021 2147 1078 Obviat
2172 1022 2242 1079 ad
2272 1039 2533 1096 pugnam,
2564 1024 2803 1080 Cadaloa
2835 1024 3141 1097 cohorsque
3167 1041 3474 1098 repugnans

1959 1117 2261 1188 Exsuperat
2287 1116 2536 1173 dextram
2576 1127 2811 1190 partem,
2840 1118 3148 1176 Tiberimve
3175 1127 3440 1176 cruentat.

1959 1210 2210 1266 Obtinuit
2235 1210 2430 1282 praesul
2458 1211 2777 1269 cathedram
2800 1221 2883 1270 ter
2911 1213 3172 1285 sanguine
3195 1213 3337 1285 (697)
3360 1213 3547 1285 plenus

1959 1303 2047 1361 Ob
2080 1312 2241 1360 terra
2270 1303 2446 1360 febres
2470 1308 2792 1362 Parmenses
2810 1322 2936 1363 mox
2964 1307 3191 1363 rediere.

1956 1398 2281 1454 Pontiﬁcem
2311 1399 2486 1455 solum
2526 1399 2782 1473 linquunt
2808 1402 3088 1473 proprium
3119 1400 3443 1470 Cadaloum,

1958 1495 2093 1550 Pars
2120 1494 2187 1549 ab
2217 1494 2294 1549 eis
2322 1493 2461 1549 fessa
2489 1497 2632 1566 capit
2660 1495 2838 1567 ipsum
2863 1494 3096 1568 denique
3125 1495 3335 1564 dextra,

1957 1589 2029 1644 Et
2048 1604 2210 1660 super
2228 1588 2494 1644 excelsam
2515 1589 2714 1644 turrim
2735 1589 3038 1646 Crescentis
3069 1594 3212 1656 (698)
3236 1599 3476 1661 apertam

1954 1681 2230 1750 Evehitur,
2261 1681 2454 1738 vinclis
2476 1683 2866 1755 constringitur
2895 1681 3142 1756 undique
3174 1682 3369 1740 ﬁrmis.

1955 1776 2162 1833 Praesul
2194 1775 2503 1831 Alexander
2524 1774 2841 1831 cathedram
2879 1777 3072 1846 recipit
3097 1785 3438 1845 veneranter,

1952 1869 2072 1938 Ille,
2098 1868 2225 1943 fuga
2256 1869 2462 1941 lapsus,
2493 1872 2748 1925 Parmam
2778 1869 2921 1925 redit
2946 1869 3181 1941 undique
3204 1869 3413 1939 lassus,

1951 1965 2166 2020 Nomen
2193 1963 2355 2019 habet
2379 1979 2555 2035 papae,
2581 1963 2725 2036 quod
2755 1978 2961 2019 nomen
2990 1964 3227 2034 sumpsit
3255 1964 3435 2031 inane,

1951 2057 2177 2113 Derisus
2198 2056 2353 2113 valde
2379 2058 2614 2114 moritur
2633 2073 2763 2113 cum
2778 2056 3003 2113 crimine
3023 2060 3259 2114 Parmae.
3520 2052 3549 2071 "

1951 2154 2145 2208 Pastor
2172 2151 2477 2207 Alexander
2500 2151 2752 2224 regnavit
2790 2160 3038 2219 ovanter,
3067 2159 3130 2206 ut
3152 2158 3298 2219 ante,

1951 2251 2236 2303 Errantem
2265 2260 2450 2318 regem
2473 2226 2680 2301 studuit
2705 2260 2962 2301 revocare
2985 2252 3238 2317 paterae;

1952 2341 2111 2396 Dicta
2133 2339 2308 2396 Patris
2329 2339 2499 2395 sancti
2520 2338 2768 2411 despexit
2787 2338 3046 2411 perﬁdus,
3068 2346 3151 2396 ast
3178 2338 3264 2395 hic

1949 2434 2181 2492 Credere
2206 2434 2470 2506 perversis
2497 2440 2714 2489 tantum
2746 2433 2859 2489 vult
2890 2442 3054 2506 atque
3078 2434 3362 2506 protervis,

1948 2528 2343 2600 Vendebatque
2366 2543 2537 2600 vagus
2561 2542 2726 2599 super
2743 2526 2862 2583 haec
2883 2528 3025 2583 mala
3051 2527 3395 2600 pontiﬁcatus
3422 2547 3437 2597 ;

1948 2621 2053 2692 Qui
2079 2630 2309 2693 propter.
2328 2636 2524 2693 papam
2549 2637 2661 2676 non
2686 2620 2930 2676 deseruit
2953 2622 3099 2676 mala
3121 2629 3291 2688 tanta,

1945 2716 2153 2772 Tristes
2174 2713 2302 2770 inde
2330 2714 2464 2769 satis
2487 2713 2765 2769 Mathildis
2785 2721 3042 2786 erantque
3072 2714 3291 2769 Beatrix

1947 2809 2083 2880 Quae
2098 2807 2201 2864 sub
2227 2806 2540 2863 Alexandro
2572 2822 2711 2880 papa
2740 2806 2956 2862 stabant
2985 2807 3297 2863 venerando

1955 2902 2056 2961 His
2082 2902 2155 2959 ita
2182 2901 2407 2976 digestis
2434 2899 2694 2974 praefatus
2719 2916 2854 2974 papa
2877 2900 3103 2957 recessit

1951 3104 2064 3163 tus,
2106 3094 2497 3167 contempsisse
2539 3093 2852 3167 Nicolaum_
2874 3096 3116 3167 Il?7Non
3151 3092 3348 3167 desunt
3394 3104 3542 3167 certa

311 3150 462 3231 (691)
493 3165 668 3238 Herus
714 3164 1037 3238 exGraaco,
1076 3178 1222 3219 nexu
1284 3167 1502 3238 (nempe
1541 3160 1829 3238 sanguinis)

1948 3150 2063 3224 alia,
2081 3150 2236 3223 istius
2272 3150 2689 3238 principisvitia
2728 3182 2792 3223 ac
2819 3164 3043 3237 ﬂagitia,
3087 3180 3211 3238 quae
3245 3165 3369 3237 jure
3393 3150 3540 3222 vitu-

236 3231 464 3303 ligatus;
526 3235 672 3306 ἕρσις,
715 3235 801 3291 vel
840 3233 970 3305 ἔρσις
1009 3242 1094 3289 est
1130 3250 1319 3289 nexus.
1350 3231 1695 3306 Florentintis
1736 3249 1837 3306 pro

234 3307 382 3377 quod
409 3304 571 3361 herus
600 3307 702 3377 leg.
733 3304 899 3377 quam
931 3307 1136 3369 htenus,
1166 3306 1261 3361 sed
1286 3321 1395 3360 non
1418 3304 1676 3377 explicat.
1709 3304 1838 3360 Non

234 3376 370 3432 satis
398 3375 675 3449 explorata
702 3375 787 3433 est
826 3378 966 3434 ratio
997 3375 1500 3449 consanguinitatis
1525 3375 1670 3449 inter
1697 3377 1832 3449 imp.

231 3447 544 3520 Henricum
569 3450 646 3503 III
670 3456 853 3520 (quem
881 3457 1037 3520 poeta
1062 3447 1364 3504 secundum
1386 3454 1566 3520 vocat,
1595 3447 1649 3501 in
1682 3448 1836 3503 Italia

246 3518 476 3587 scilicet)
529 3528 586 3575 et
625 3518 956 3576 Beatricem.
1006 3522 1148 3575 Sane
1204 3520 1474 3574 Henricus
1502 3518 1570 3573 IV
1614 3521 1839 3573 amitam

230 3599 393 3647 vocat
421 3591 477 3646 in
506 3591 662 3660 epist.
694 3594 936 3659 Regesto
978 3591 1228 3663 Gregorii
1263 3592 1362 3645 VII
1388 3591 1607 3663 inserta.
1628 3592 1838 3663 AUsper-

230 3664 424 3741 gensis
450 3664 629 3741 (1954)
650 3669 858 3741 neptem
874 3660 1190 3741 Henrici'lll
1209 3662 1482 3741 D9_mni_zo
1510 3660 1834 3741 Mathildam

232 3732 428 3801 (ﬁliam
488 3732 767 3801 Beatricis)
822 3736 1192 3790 consobrinam
1251 3736 1471 3789 Henrici
1524 3735 1649 3799 IV),
1698 3732 1835 3789 infra

230 3805 333 3887 lib:
364 3821 598 3887 uncae.
618 3813 667 3861 ι·
698 3809 938 3887 εξεδηθ
979 3807 1247 3887 ﬂentis}?
1272 3806 1484 3887 mare
1522 3805 1840 3887 manus}:

227 3877 365 3933 tatis
388 3874 553 3932 etiam
585 3877 960 3934 haereditatem
986 3876 1269 3932 Mathildis
1291 3874 1416 3931 tiliae
1445 3874 1705 3932 BeatriCis
1734 3874 1836 3932 sibi

229 3948 547 4007 vindicavit.
580 3949 685 4005 Sed
712 3964 843 4006 cum
876 3950 1162 4021 ignoretur
1208 3963 1273 4002 ex
1303 3962 1410 4017 qua
1442 3948 1611 4021 stirpe
1663 3946 1837 4021 fuerit

226 4029 415 4076 mater
439 4021 715 4090 Beatricis,
742 4021 828 4077 cui
852 4017 925 4077 et'
952 4021 1057 4092 ipsi
1096 4034 1301 4092 nomen
1323 4017 1593 4092 Mathildi,
1635 4018 1836 4074 mirum

224 4107 348 4147 non
376 4099 461 4147 est
487 4092 714 4163 gradum
746 4090 1091 4163 cognationis
1123 4090 1383 4163 ignorari,
1417 4104 1545 4163 nam
1565 4093 1750 4144 amita:
1784 4099 1839 4146 et

226 4165 414 4235 neptis
434 4159 691 4220 vocabula
721 4159 995 4235 latevapud
1028 4159 1347 4235 hujusmodi
1372 4161 1667 4235 scriptores
1690 4163 1836 4220 sumi

223 4232 466 4307 constat.
501 4235 646 4307 Quid
691 4238 733 4291 si
764 4232 975 4307 Gisélat
1005 4232 1257 4291 Conrado
1293 4232 1609 4307 imperatori
1649 4241 1835 4305 nupta:

221 4320 393 4363 soror
432 4304 632 4364 fuerit?
676 4307 751 4363 ita
782 4316 839 4363 et
868 4306 1163 4363 verborum
1193 4304 1530 4378 proprietati,
1569 4311 1623 4359 et
1651 4304 1835 4361 rerum

223 4379 659 4435 circumstantiis
688 4378 927 4435 satisﬁet.
956 4383 1130 4435 ιω.

297 4453 447 4517 (692)
472 4453 620 4521 Lego
651 4455 810 4508 :Post
833 4467 1009 4522 quem.
1041 4454 1205 4507 Mun.

1943 3254 2115 3311 peres.
2143 3242 2306 3295 Mun.

2014 3316 2162 3377 (695)
2194 3312 2260 3372 Et
2284 3309 2509 3382 quidem
2537 3309 2766 3365 rudibus
2785 3308 2994 3365 saeculis
3022 3308 3077 3363 in
3109 3323 3261 3382 more
3290 3307 3528 3382 fuitMo-

1947 3382 2227 3443 tinensem,
2275 3378 2451 3452 potius
2495 3395 2656 3451 quam
2694 3383 3051 3435 Mutinensem
3086 3378 3355 3452 appellare
3397 3380 3543 3438 hanc

1944 3454 2219 3511 civitatem
2261 3455 2455 3509 Strata
2485 3467 2611 3505 vero
2639 3455 2956 3508 Mutinensis
2999 3451 3190 3506 eadem
3229 3459 3309 3505 est
3352 3466 3415 3506 ac
3452 3453 3535 3508 via

1942 3524 2157 3580 Emilia
2217 3540 2314 3594 per
2363 3523 2633 3578 Mutinam
2690 3522 2943 3589 deducta,
2992 3529 3393 3594 quamitamen
3439 3539 3541 3579 nos

1946 3593 2229 3652 Claudiam
2267 3595 2517 3661 dicimus,
2560 3610 2740 3665 neque
2768 3595 2973 3649 recenti
3016 3593 3402 3664 appellatione,
3443 3596 3541 3652 scd

1944 3681 2209 3737 perquam
2252 3675 2485 3731 vetusta,
2526 3674 2590 3719 ut
2619 3666 2859 3735 antiqua:
2904 3665 3104 3737 chartae
3140 3665 3542 3737 Urbisosten-

1945 3735 2099 3792 dunt.
2124 3740 2183 3792 In
2210 3738 2361 3793 Actis
2401 3737 2572 3792 etiam
2603 3738 2771 3808 sancti
2808 3735 3067 3808 Domnini
3107 3736 3365 3808 martyris
3391 3736 3538 3808 apud

1944 3809 2165 3865 Surium
2192 3809 2261 3863 ad
2288 3808 2435 3864 diem
2461 3813 2495 3862 9
2525 3807 2800 3872 Octobris,
2832 3807 2952 3863 hac
2981 3807 3298 3864 habentur:
3342 3807 3541 3864 Beatus

1942 3895 2074 3936 vero
2123 3883 2372 3937 Dominus
2410 3882 2656 3951 perrexit
2682 3883 2773 3934 via
2815 3880 3073 3945 Claudia;
3104 3879 3403 3934 Christiani
3440 3882 3542 3934 alii

1938 3968 2038 4021 per
2080 3954 2430 4019 Flumineam,
2478 3952 2582 4006 alii
2607 3967 2704 4022 per
2732 3951 3057 4022 Aureliam,
3109 3951 3211 4004 alii
3262 3954 3387 4005 item
3437 3967 3540 4021 per

1945 4021 2227 4078 Claudiam
2256 4026 2497 4092 fugiunt.
2527 4021 2815 4079 Us’uardus
2835 4038 3054 4094 quoque
3070 4022 3127 4094 in
3149 4022 3538 4094 Martyrologio

1942 4109 2064 4166 suo,
2113 4104 2166 4149 et
2192 4098 2508 4149 Romanum
2556 4092 3007 4166 Martyrologium
3036 4093 3102 4166 ad
3133 4092 3275 4148 diem
3305 4099 3340 4148 9
3371 4092 3538 4166 Octo-3

1945 4165 2056 4220 bris
2102 4166 2385 4220 Claudiam
2425 4163 2715 4236 appellant.
2775 4164 2839 4236 Id
2862 4163 3310 4236 animadvertant
3338 4164 3536 4236 eruditi

1944 4236 2138 4301 velim;
2169 4236 2296 4290 hinc
2315 4234 2473 4306 enim
2496 4234 2707 4292 elucere
2730 4234 2965 4300 videtur,
2990 4252 3020 4291 a
3045 4235 3269 4292 Claudio
3295 4235 3534 4306 quodam

1944 4315 2304 4362 restauratam
2321 4305 2486 4363 fuisse
2508 4309 2650 4361 viam
2675 4307 2976 4374 A’imiliam,
2999 4307 3230 4376 ideoque
3250 4305 3536 4378 antiquum

1946 4378 2241 4459 perdidisse
2257 4451 2269 4459 _
2287 4393 2515 4459 nomen.
2562 4379 2682 4432 Tib.
2703 4450 2727 4459 Α
2742 4378 3024 4459 Claudius
3046 4378 3357 4459 imperatos
3386 4377 3535 4459 apud

1944 4448 2193 4516 Reines,
2225 4451 2384 4505 class.
2420 4456 2481 4519 3,
2518 4465 2667 4505 cum.
2699 4450 2768 4503 80
2812 4449 3052 4519 inscript.
3087 4448 3232 4519 viam
3264 4448 3549 4511 Valeriam

303 4527 452 4588 (693)
483 4518 695 4579 Scilicet
743 4518 931 4578 Victor
978 4525 1027 4578 II
1057 4537 1216 4594 papa,
1249 4535 1393 4576 anno
1427 4522 1611 4594 {056,_
1648 4535 1760 4594 quo
1796 4535 1824 4576 e
1852 4523 1906 4587 D
1941 4538 1971 4577 a
2023 4538 2082 4594 se
2130 4522 2446 4594 restitutam
2472 4518 2475 4519 ⁷
2503 4521 2787 4594 Claudiam
2853 4518 3241 4594 appellandam
3302 4519 3530 4575 curavit.

222 4595 364 4650 vivis
401 4593 614 4650 sublato
654 4595 892 4651 Henrico
930 4591 1073 4649 inter
1112 4591 1389 4664 Augustos
1413 4591 1681 4664 secundo,
1705 4593 1823 4664 ejus

218 4665 371 4721 ﬁlius
402 4667 673 4739 Henricus
715 4682 848 4739 puer
876 4667 1027 4739 regni
1063 4651 1377 4723 Germanici
1392 4680 1475 4739 _ac
1511 4651 1679 4718 Italici
1719 4651 1823 4739 fre-

218 4752 366 4792 num
401 4738 652 4808 suscepit.
686 4736 745 4793 Id
770 4736 977 4793 factum
1010 4740 1355 4808 permittente
1385 4737 1618 4808 Romano
1641 4737 1821 4805 ponti-

216 4813 322 4879 ﬁce
357 4806 593 4877 Victore,
633 4809 825 4866 scribit
863 4806 1060 4864 Paulus
1106 4806 1553 4879 Bernrien‘deusis
1598 4806 1653 4861 iu
1704 4808 1822 4879 Vita

220 4876 479 4952 Gregorii
521 4883 641 4948 VII,
690 4889 828 4936 tom.
886 4882 986 4944 III,
1026 4884 1234 4936 Rerum
1279 4876 1614 4952 Italicarum.
1658 4877 1821 4949 Apud

217 4950 448 5023 poetam
491 4961 743 5008 nostrum
793 4954 977 5007 Victor
1012 4968 1182 5021 regem
1221 4950 1484 5023 laudavit.
1515 4952 1823 5023 Consensus

217 5021 414 5079 autem
448 5039 602 5096 papa:
627 5025 748 5096 ideo
776 5032 1262 5096 commemoratus,
1285 5021 1410 5092 quia
1440 5037 1555 5076 non
1574 5021 1689 5096 sine
1706 5023 1822 5096 ejus

215 5092 551 5151 auctoritate
579 5111 670 5151 rex
704 5095 1114 5167 decernebatur,
1146 5094 1235 5167 qui
1262 5109 1326 5148 ex
1357 5107 1528 5165 regno
1564 5092 1657 5165 jus
1686 5094 1823 5149 acci-

216 5167 416 5238 piebat
444 5167 512 5222 ad
540 5170 850 5223 Romanum
878 5166 1194 5238 imperium.
1224 5166 1391 5220 Mus.

300 5238 690 5321 (69:1)Scilicet
717 5233 1039 5320 secundum.
1056 5237 1177 5321 _S_ed
1200 5244 1384 5321 parcat
1411 5233 1819 5321 Donizo._Hen-

214 5309 376 5365 ricus
396 5310 537 5364 inter
552 5310 1030 5381 Germaniaereges
1056 5311 1150 5375 IV,
1170 5307 1215 5364 si
1245 5307 1607 5381 ﬁdesauctori
1638 5312 1821 5362 Anna-

216 5381 360 5437 lium
392 5377 1026 5445 Hildeshemensiumﬁn
1051 5382 1225 5436 lucem
1252 5377 1451 5450 prodiit
1478 5393 1622 5432 anno
1649 5384 1809 5432 1048.

213 5453 275 5508 Si
328 5454 1005 5524 HermannoContracto,
1044 5451 1161 5524 ejus
1205 5450 1465 5524 nativitas
1500 5450 1557 5524 in
1615 5464 1819 5524 annum

218 5529 369 5580 1050
423 5523 595 5589 cadit;
630 5523 676 5579 si
722 5524 951 5592 denique
997 5518 1295 5578 La'mberto
1335 5518 1819 5592 Scafnaburgensi,

217 5611 355 5651 eum
397 5595 604 5665 peperit
654 5610 798 5650 anno
850 5598 975 5649 1051
1019 5600 1203 5665 Agnes
1255 5592 1605 5665 imperatrix.
1650 5592 1819 5665 Atqui

211 5663 484 5722 Nicolaus
510 5668 560 5721 II
606 5681 742 5737 papa
778 5665 983 5720 electus
1022 5663 1167 5737 anno
1206 5663 1352 5737 1056
1391 5663 1608 5737 vivendi
1656 5663 1821 5720 linem

213 5739 356 5797 fecit
384 5752 532 5793 anno
566 5734 727 5792 1061.
750 5737 853 5806 Qui
880 5752 1010 5807 ergo
1034 5734 1294 5793 dicendus
1320 5744 1403 5794 est
1428 5736 1702 5793 Henricus
1725 5752 1821 5792 rex

214 5811 513 5884 puerulus,
543 5816 601 5865 et
627 5824 800 5864 annos
836 5815 1052 5864 tantum
1075 5807 1265 5865 decem
1294 5817 1389 5867 aut
1416 5809 1676 5866 undecim
1718 5824 1817 5865 na-

1933 4592 2133 4666 Quidni
2160 4592 2429 4666 hocidem
2452 4594 2682 4649 zEmiliaa
2713 4592 2811 4646 via:
2839 4592 3159 4666 contigerit?
3188 4592 3349 4666 Mus.

2004 4670 2147 4731 (696)
2178 4664 2313 4721 Cod.
2349 4672 2488 4733 ant.,
2508 4667 2688 4737 pretio
2715 4665 2967 4735 suscepit,
2996 4661 3054 4719 id
3082 4673 3167 4719 est
3194 4662 3523 4719 Simoniace.

1928 4738 2095 4795 LEIB.

2004 4814 2149 4874 (697)
2180 4811 2285 4864 Ms.
2318 4805 2581 4871 Padolir.,
2612 4804 2775 4860 habet
2794 4811 2919 4861 tunc
2941 4810 3220 4877 sanguine.
3245 4810 3381 4863 Acta
3402 4815 3530 4863 sunt

1929 4878 2049 4937 haec
2075 4896 2219 4936 anno
2258 4885 2412 4934 1062.
2442 4883 2650 4932 Auctor
2669 4883 2752 4932 est
2776 4879 3010 4944 Donizo,
3038 4879 3313 4934 victoriam
3345 4879 3527 4949 primo

1929 4952 2155 5007 cessisse
2203 4950 2426 5007 Cadaloi
2482 4949 2764 5004 militibus.
2818 4951 2886 5004 Et
2924 4966 3107 5006 revera
3148 4952 3290 5005 male
3350 4950 3529 5020 primo

1928 5023 2177 5150 ptintigilt1
2185 5023 2449 5077 Romanis
2475 5037 2573 5093 pro
2606 5020 2918 5077 Alexandro
2948 5038 3075 5077 vero
3104 5037 3238 5093 papa
3282 5020 3529 5092 praelian-

1952 5111 1966 5149 ι
2009 5111 2089 5150 us.
2190 5110 2288 5150 un.

1926 5095 2089 5150 tibus.
2125 5096 2288 5151 Mun.

2002 5170 2147 5233 (698)
2175 5166 2374 5222 Molem
2396 5163 2627 5219 Adriani
2650 5164 2937 5234 significat.
2965 5179 3131 5235 quam
3151 5177 3297 5235 nunc
3312 5177 3527 5229 arcem,

1927 5252 2024 5294 seu
2072 5244 2313 5294 castrum
2344 5236 2530 5292 Sancti
2567 5232 2757 5309 Angeli
2806 5232 3052 5291 dicimus.
3106 5232 3295 5309 Turris
3338 5241 3525 5309 autem

1929 5310 2217 5367 Crescentii
2260 5308 2441 5380 potius
2488 5301 2988 5380 quemVCrescentis
3017 5301 3433 5380 a_ppellata__fu_it
3457 5305 3527 5359 ab

1927 5381 2047 5435 aliis
2070 5376 2528 5451 scriptoribus._ln
2550 5379 2675 5435 Vita
2691 5378 2980 5451 Alexandri
3013 5378 3085 5441 II,
3108 5384 3245 5451 tom.
3277 5376 3517 5451 IIILRer.

1929 5452 2103 5507 Italic.
2137 5446 2404 5506 Gadalous
2429 5449 2633 5505 dicitur
2662 5458 2910 5519 receptus
2938 5450 2997 5501 in
3039 5448 3311 5501 castellum
3348 5446 3536 5502 Sancti

1925 5523 2128 5591 Angcli
2150 5538 2179 5577 a
2209 5523 2409 5593 Cencio
2441 5521 2685 5593 praefecti
2712 5522 2845 5587 lilio,
2875 5519 3054 5593 ibique
3074 5534 3176 5593 per
3204 5519 3336 5593 duos
3350 5532 3525 5593 annos

1926 5589 2184 5650 obsessus.
2229 5595 2365 5662 Quae
2396 5589 2525 5649 huic
2570 5592 2736 5662 habet
2765 5590 2972 5662 Donizo
3010 5589 3076 5662 de
3103 5590 3292 5643 vinclis
3313 5590 3521 5662 ﬁrmi?»

1927 5666 2128 5735 quibus
2172 5656 2279 5721 ille'
2308 5663 2678 5735 constrinctus
2717 5660 2838 5728 fuit,
2869 5658 3159 5714 liberaliter
3197 5656 3524 5733 explicanda

1924 5733 2055 5793 sunt
2075 5735 2145 5793 de
2172 5734 2464 5795 obsidione
2482 5733 2588 5803 illa.
2612 5734 2778 5787 Mus.
