4052 6180
527 286 621 339 991

1521 280 1611 334 AD
1648 278 1876 334 OPERA
1913 277 1971 333 S.
2010 273 2335 331 GREGORII
2370 273 2804 331 APPENDICES.
3548 306 3553 311 -
3600 270 3611 279 ί
3673 279 3755 332 992

528 412 672 465 Ante
717 423 914 466 novem
947 404 1113 464 soles‘
1142 408 1287 474 (699)
1318 401 1533 460 Medius
1576 419 1740 475 quam
1786 402 1949 459 ferret
1982 400 2112 457 odo-
2140 404 2191 469 Α
2226 400 2312 456 Ad
2340 401 2539 456 scelera
2568 415 2789 455 rursum
2812 396 2976 453 rediit
3002 414 3099 453 rex
3126 405 3250 469 post
3277 395 3550 454 modicum
3569 406 3699 469 tunc,

1839 511 1928 553 res
1971 500 2114 563 (700)

532 600 611 652 Ex
638 597 740 651 isto
768 608 980 660 cosmo,
1011 607 1211 663 supero
1238 590 1540 663 requiescat
1570 591 1626 647 in
1646 590 1827 646 horto.

528 687 670 746 Anni
699 687 851 743 mille
874 685 989 754 Dei,
1017 693 1149 752 tres,
1182 693 1313 741 tunc
1340 701 1558 758 quoque
1583 684 1921 758 septuageni.

1105 790 1349 847 CAPUT
1374 791 1531 845 XIX.

527 885 677 952 Quod
698 889 820 953 post
842 886 1221 939 Alexandrum
1251 885 1539 952 Gregorius
1560 885 1820 952 septimus
1854 898 1997 952 papa
2023 898 2115 937 sa-

594 962 772 1010 cratus
802 962 899 1019 est,
925 973 1041 1011 cum
1080 972 1181 1025 quo
1206 956 1524 1025 prrelibatus
1562 972 1660 1008 rea:
1690 954 1878 1009 tandz’u
1911 956 2118 1010 discor-

594 1028 752 1083 datus
784 1033 879 1090 est,
907 1029 1050 1098 quod
1078 1028 1145 1081 ab
1164 1043 1219 1082 eo
1243 1028 1529 1081 damnatus
1556 1031 1652 1081 est.

532 1123 658 1177 Post
687 1122 1056 1177 Alexandrum
1084 1118 1187 1176 fuit
1217 1120 1570 1192 lldeprandus
1596 1118 1861 1176 amandus

526 1217 770 1271 Antistes
788 1215 987 1283 factus,
1011 1216 1162 1286 prius
1182 1213 1596 1270 archidiaconus
1623 1214 1801 1270 almus

531 1309 749 1365 Exstitit
769 1308 1013 1380 ejusdem
1043 1306 1354 1365 reverenda:
1379 1307 1527 1363 sedis
1553 1308 1605 1362 in
1630 1306 1795 1375 urbe;

529 1405 678 1457 Dum
700 1410 1071 1467 consecratur,
1100 1402 1392 1472 Gregorius
1416 1400 1529 1472 ipse
1557 1409 1798 1467 vocatur,

526 1498 657 1551 Jure
680 1499 825 1551 Deus
851 1511 1048 1551 nomen
1069 1496 1168 1551 sibi
1196 1495 1298 1549 tale
1325 1493 1478 1549 dedit
1508 1494 1586 1549 vel
1613 1493 1903 1563 honorem,

528 1592 609 1645 Ne
638 1589 797 1661 lupus
823 1589 1111 1660 irrumpat,
1137 1588 1325 1661 vigilat
1353 1588 1534 1643 caulas
1559 1588 1745 1643 ovium
1769 1597 1881 1655 sat;

528 1685 763 1739 Noverat
785 1698 901 1738 esse
923 1683 1042 1754 pius
1067 1682 1305 1749 miseris,
1344 1682 1465 1737 altis
1495 1697 1713 1754 quoque
1754 1682 1905 1737 dirus
1926 1685 2093 1749 (701),

529 1778 877 1848 Diversisque
902 1776 1080 1833 modis
1096 1777 1315 1832 culmen
1332 1776 1599 1831 retinebat
1618 1775 1869 1840 honoris;

529 1870 726 1927 Plenus
760 1879 873 1925 erat
902 1871 1039 1926 mira
1072 1887 1235 1941 super
1260 1886 1451 1925 omnes
1475 1870 1672 1941 quippe
1698 1870 1912 1941 sophia,

528 1965 807 2037 Septimus
834 1965 1058 2019 antistes
1088 1964 1384 2035 Gregorius
1415 1963 1625 2018 exstitit
1649 1963 1774 2027 iste;

529 2060 709 2113 Lucra
742 2057 919 2128 gregis
946 2072 1192 2128 quaerens
1214 2057 1423 2112 studuit
1450 2072 1741 2127 regemque
1762 2071 1983 2112 monere

531 2150 793 2217 Dulciter,
826 2166 855 2205 a
884 2151 1050 2205 tantis
1075 2149 1414 2221 resipisceret
1445 2158 1503 2204 ut
1522 2149 1825 2205 malefactis
1849 2154 2017 2219 (702),

537 2243 796 2299 Ecclesias
822 2244 1036 2314 scripsit
1063 2246 1234 2314 pretio
1260 2259 1325 2299 ne
1351 2242 1611 2299 venderet
1641 2244 1768 2314 ipsi.

533 2336 701 2407 Cujus
748 2336 949 2407 scripta
988 2337 1267 2406 rescripsit
1309 2352 1402 2391 rex
1444 2337 1586 2392 bona
1627 2336 1803 2401 dicta;

532 2430 619 2485 Ad
643 2429 799 2501 cujus
822 2446 955 2501 papa
980 2429 1161 2499 legens
1188 2430 1388 2501 apices,
1408 2430 1645 2503 gaudens
1670 2431 1748 2487 ait
1777 2445 1892 2487 esse

538 2526 601 2578 in
622 2523 760 2578 cmlo
784 2524 995 2578 cunctis
1010 2522 1077 2578 de
1100 2523 1191 2578 tali
1224 2523 1416 2596 gaudia
1435 2524 1618 2596 justis.

536 2620 652 2672 Rex
684 2618 821 2671 ultra
852 2625 1064 2672 montes
1084 2616 1335 2689 degebat,
1370 2627 1556 2689 pastor
1576 2618 1630 2673 in
1652 2618 1821 2676 Urbe.

536 2712 773 2782 Legatus
799 2709 950 2766 velox
981 2709 1253 2767 referebat
1276 2713 1353 2768 eis
1377 2728 1517 2767 nova
1549 2713 1804 2780 crebero;

535 2806 685 2859 lnter
711 2812 970 2876 utrosque
997 2820 1224 2859 manens
1248 2805 1524 2861 Mathildis
1553 2808 1768 2881 cognita
1791 2815 1987 2876 mater,

537 2901 616 2953 Ut
644 2913 746 2969 pax
775 2898 827 2951 in
849 2914 1013 2970 regno
1032 2907 1149 2953 toto
1172 2899 1323 2954 tierct
1346 2899 1459 2953 sine
1482 2899 1641 2969 bello,

537 2991 822 3047 Pontiﬁcis
850 3007 1038 3063 pacem
1063 3007 1251 3064 regem
1282 2993 1546 3049 suadebat
1564 3010 1770 3059 amare,

539 3090 718 3157 Atque
748 3086 897 3156 pium
935 3101 1125 3157 papam
1156 3086 1221 3141 de
1252 3087 1389 3159 regis
1415 3103 1603 3142 amore
1628 3088 1875 3159 rogabat.

537 3183 683 3248 (703)
713 3180 881 3251 Regis
928 3188 1043 3235 erat
1089 3188 1270 3235 mater
1308 3188 1441 3235 tunc
1480 3184 1678 3237 Romae
1707 3182 1920 3238 subdita
1952 3201 2128 3257 papaa,

538 3275 718 3342 Quam
748 3274 830 3328 vir
853 3290 1043 3329 amans
1074 3290 1260 3345 pacem
1288 3290 1385 3345 pro
1415 3274 1523 3329 nati
1560 3275 1773 3331 mittere
1802 3293 1933 3348 pace

537 3366 792 3433 Ordinat,
824 3375 877 3423 et
907 3384 1092 3423 secum
1131 3368 1479 3424 Pracnestinm
1514 3386 1730 3441 quoque
1760 3387 1949 3425 verum

538 3461 856 3517 Pontiﬂccm
890 3462 1115 3529 Christi,
1148 3462 1233 3517 cui
1260 3462 1444 3534 jungit.
1475 3473 1522 3517 et
1570 3463 1744 3518 hostia
1783 3465 1955 3520 tristis
1980 3465 2125 3536 (704)

538 3556 862 3611 Pontilicem
883 3572 1162 3628 magnum,
1181 3572 1344 3627 quem
1368 3558 1590 3612 nomine
1612 3558 1789 3614 clamo
1806 3550 2088 3616 Giraldum
2110 3579 2127 3630 ς

542 3651 657 3704 Hos
687 3648 829 3703 ultra
862 3658 1076 3705 montes
1101 3650 1473 3720 direxitpapa,
1500 3649 1769 3723 duosque,

540 3740 690 3809 Quos
719 3756 812 3795 rex
834 3740 1121 3812 dignanter
1146 3758 1273 3797 cum
1301 3750 1471 3796 matre
1494 3744 1757 3816 recolligit
1782 3749 1935 3817 Agne
1962 3753 2127 3816 (705),

541 3835 608 3888 In
629 3834 879 3889 manibus
909 3850 1148 3905 quorum
1182 3834 1435 3905 promisit
1456 3834 1604 3905 jussa
1632 3838 1844 3907 piorum

542 3928 612 3983 Se
644 3941 743 3996 pro
772 3941 931 3995 posse
981 3928 1133 3997 sequi
1166 3943 1337 3997 papae,
1370 3930 1538 3983 sancti
1567 3946 1782 4000 quoque
1814 3932 1991 3985 Petril

544 4017 843 4072 Ecclesiam
864 4024 1003 4083 (706)
1021 4019 1221 4073 summi
1244 4019 1466 4074 Domini
1486 4036 1597 4075 non
1610 4020 1842 4076 vendere
1860 4023 2132 4090 nummis;

545 4110 813 4166 Laetiﬁcat
843 4111 995 4168 valde
1019 4113 1133 4167 nati
1161 4112 1440 4183 reSponsio
1464 4122 1733 4183 matrem;

545 4205 781 4259 Romam
807 4220 1048 4275 regressa
1082 4206 1233 4276 papa:
1258 4207 1449 4261 retulit
1467 4223 1608 4263 nova
1635 4216 1818 4279 gesta;

550 4297 690 4368 Papa
720 4300 839 4352 Deo
867 4299 1080 4354 laudem
1110 4299 1234 4355 tulit
1274 4299 1599 4356 immensam
1625 4318 1788 4373 super
1831 4303 1968 4359 hanc
1994 4320 2127 4361 rem.

524 4538 529 4545 _
582 4479 759 4554 __(69_9)
825 4480 1166 4554 Asteriscum
1217 4478 1319 4554 hic
1363 4480 1545 4551 posuit
1608 4480 1933 4548 Leibnitius,
1987 4486 2138 4554 quasi

545 4546 753 4623 aliquid
807 4550 1169 4623 desideretur.
1216 4546 1419 4605 Verum
1478 4567 1671 4607 sensus
1724 4554 1859 4608 bene
1897 4546 2129 4623 constat,

548 4626 603 4672 et
628 4620 757 4673 nihil
792 4621 935 4675 aliud
960 4623 1155 4694 poscit.
1190 4626 1282 4676 Est
1304 4630 1486 4677 autem
1517 4623 1786 4694 ejusmodi
1822 4642 1835 4677 :
1868 4620 2133 4683 Praefatus

548 4705 683 4759 papa
734 4696 962 4765 recessit,
991 4693 1094 4748 hoc
1143 4701 1227 4749 est
1267 4693 1554 4763 postremo
1587 4693 1695 4749 fato
1744 4696 1991 4751 sublatus
2036 4708 2139 4765 est,

546 4776 729 4832 novem
757 4764 887 4815 soles
916 4770 1039 4818 ante
1081 4782 1244 4832 quam
1290 4766 1503 4819 Modius
1527 4768 1694 4832 ferret
1724 4768 1929 4829 odores,
1964 4767 2015 4823 id
2060 4779 2143 4825 est

548 4831 662 4886 dies
689 4844 1042 4889 novem‘ante
1072 4831 1349 4890 Kalendas
1383 4837 1505 4891 Maii
1538 4838 1758 4901 mensis,
1805 4838 2006 4894 ﬂorum
2059 4849 2139 4895 at-

548 4917 652 5028 que
679 4902 910 4985 odorum
940 4906 1192 4975 parentis.
1230 4909 1295 4960 Et
1314 4906 1538 4973 quidem
1560 4924 1591 4963 x
1613 4911 1737 4964 Kal.
1762 4911 1888 4965 Maii
1913 4912 2141 4968 Alexan-

591 4988 648 5027 er
677 4976 726 5028 Il
761 4974 896 5028 obut
924 4991 1069 5028 anno
1108 4984 1263 5028 1073.
1286 4980 1442 5028 Mun.

591 4988 648 5027 er
677 4976 726 5028 Il
761 4974 896 5028 obiit
924 4974 1069 5029 anno
1108 4984 1263 5032 1073.
1286 4980 1442 5033 Mun.

624 5049 767 5129 (700)
799 5046 862 5129 Ihd
887 5056 971 5129 est
999 5062 1185 5129 mense
1212 5050 1385 5129 Aprili
1410 5049 1540 5104 anni
1568 5056 1724 5129 1073.
1753 5055 1921 5107 LBIB.

553 5122 769 5242 M(701)
799 5118 1024 5173 Rectius
1066 5119 1120 5173 in
1156 5118 1435 5175 codicibus
1474 5122 1671 5176 nostris
1701 5140 1907 5192 quoque
1948 5125 2135 5181 durus.

616 5203 714 5242 un.

616 5203 714 5244 UB.

624 5264 767 5325 (702)
793 5263 852 5316 In
882 5260 1006 5317 cod.
1036 5261 1295 5329 Padolir.,
1315 5263 1636 5317 maledictis.
1661 5266 1849 5319 Itlnn.

558 5336 1111 5458 l0(774031)JSequentes
1140 5342 1203 5390 19
1235 5350 1420 5390 versus
1450 5334 1583 5389 citat
1611 5337 1833 5403 Baron.,
1865 5345 2001 5393 tom.
2034 5340 2138 5411 XI,

700 5446 711 5457 .
796 5419 921 5458 EIB.

700 5446 711 5457 .
746 5419 921 5459 LEIB.

627 5479 803 5549 Agnes
830 5480 1099 5549 Augusta,
1133 5492 1255 5549 qua:
1282 5491 1426 5549 anno
1459 5484 1591 5535 1074
1624 5495 1722 5549 pro
1750 5480 2009 5548 Gregorio
2042 5485 2141 5537 VII

549 5544 749 5615 stabat,
782 5555 834 5601 et
876 5544 1095 5604 vulnera
1123 5544 1375 5604 Ecclesia:
1402 5549 1547 5604 illata
1574 5566 1602 5605 a
1625 5544 1752 5607 'ﬂlio
1782 5544 1970 5609 sanare
2000 5554 2143 5609 nite-

456 5670 471 5687 ,
551 5616 768 5673 bantur.
802 5619 989 5685 Mum“.

623 5692 769 5755 (704)
800 5680 983 5747 Ostia;
1002 5688 1169 5743 Lm.

623 5766 766 5829 (705)
803 5761 885 5818 Ad
913 5764 1091 5832 ipsum
1123 5775 1249 5818 cum
1280 5771 1453 5820 matre
1480 5763 1778 5821 venientes.
1811 5765 2143 5824 Lambertus

550 5832 644 5900 ait,
695 5849 822 5890 cum
876 5832 1225 5907 imperatrice
1307 5835 1514 5907 legatos
1575 5837 1786 5892 venisse
1856 5836 2143 5909 episcopos

2220 494 2306 550 Ad
2340 510 2505 566 quem
2536 494 2860 549 mendacem
2892 491 3093 547 direxit
3113 490 3297 547 denuo
3324 500 3579 560 matrem;

2223 592 2307 645 De
2337 604 2504 660 prope
2533 596 2655 658 post
2673 587 2847 657 ipsam
2874 585 2976 640 sibi
3003 585 3311 641 transmisit
3330 600 3424 641 sua
3453 585 3661 657 scripta;

2222 682 2325 753 Qui
2346 681 2520 737 doluit
2542 680 2792 747 tandem,
2815 679 3085 752 matrique
3108 677 3400 750 spopondit
3422 688 3479 734 ut
3502 688 3620 734 ante

2222 775 2466 832 Credidit
2494 775 2598 830 hoc
2619 775 2804 830 statim
2835 772 3086 845 genitrix,
3107 771 3259 845 quod
3282 787 3376 828 rex
3399 772 3673 839 simulavit,

2223 870 2358 939 Quae
2383 869 2541 925 rediit
2568 870 2830 935 Romam,
2854 882 3051 939 papam
3078 874 3387 922 reverenter
3407 864 3680 934 honorans,

2225 966 2356 1019 Post
2382 962 2498 1019 haec
2523 961 2594 1018 ad
2620 976 2801 1032 regem
2826 960 2909 1016 bis
2936 959 3155 1031 scripsit
3181 975 3318 1031 papa
3338 958 3620 1028 decenter;

2224 1060 2376 1130 Quos
2402 1057 2583 1128 apices
2608 1070 2796 1111 sacros
2823 1054 2994 1109 tenuit
3018 1069 3116 1109 rex
3144 1053 3383 1109 maxime
3405 1052 3611 1122 charos,

2225 1154 2403 1221 Quem
2430 1156 2561 1206 tunc
2590 1151 2831 1205 Saxones
2861 1162 3043 1218 regem
3069 1162 3320 1219 sprevere
3346 1145 3566 1213 feroces,

2225 1244 2418 1301 Prazlia
2450 1244 2545 1316 qui
2575 1258 2763 1298 secum
2787 1248 3035 1297 statuunt
3053 1240 3401 1296 committere
3431 1239 3641 1296 demum
3669 1256 3681 1292 :

2230 1336 2546 1407 (707)Quod
2564 1353 2660 1391 rex
2679 1335 2882 1407 absque
2900 1349 3055 1391 mora
3074 1349 3225 1405 papae
3243 1332 3537 1399 mandavit,
3557 1332 3755 1390 adorans

2230 1438 2405 1503 Atque
2428 1440 2615 1502 petens
2640 1430 2843 1501 ipsum,
2876 1444 2973 1500 pro
2999 1443 3056 1483 se
3078 1435 3236 1499 roget
3255 1435 3317 1481 ut
3333 1426 3656 1483 cruciﬁxum.

2229 1527 2419 1581 Pastor
2438 1522 2730 1579 confestim
2750 1524 3029 1578 Saxonum
3053 1521 3272 1576 mittere
3300 1521 3452 1592 genti

2230 1618 2447 1675 Curavit
2466 1618 2625 1688 plane
2650 1632 2844 1687 pacem
2878 1617 3104 1687 cupiens
3122 1630 3401 1682 revocare,

2230 1712 2364 1769 Inde
2393 1727 2524 1767 suus
2563 1711 2763 1766 missus
2787 1709 2962 1765 donec
2987 1708 3191 1778 redeat,
3205 1708 3362 1780 jubet
3392 1708 3568 1780 ipsum

2156 1830 2203 1892 Β
2232 1810 2439 1879 Regem
2463 1804 2615 1861 nullo
2639 1803 2805 1860 modo
2825 1820 2989 1875 super
3013 1803 3160 1875 ipsos
3188 1818 3444 1874 pergere;
3472 1799 3610 1873 quod
3629 1814 3721 1855 non

2235 1904 2353 1956 Rex
2381 1899 2727 1971 exspectavit,
2767 1899 3009 1969 galeatus
3031 1898 3165 1969 quin
3184 1897 3469 1969 equitavit,

2231 1996 2435 2051 Contra
2470 1994 2731 2057 Saxones,
2757 1992 2847 2063 qui
2870 1990 3037 2047 fortes
3056 1999 3185 2046 sunt
3203 2000 3256 2046 et
3278 1999 3514 2046 atroces.

2238 2091 2493 2143 Peccator
2515 2086 2786 2157 quamvis,
2814 2084 3050 2156 prudens
3078 2093 3267 2140 tamen
3289 2084 3381 2140 hic
3416 2093 3534 2141 erat
3550 2082 3723 2149 armis;

2233 2180 2541 2239 Commisso
2563 2180 2724 2249 bello,
2753 2181 2928 2235 victor
2946 2195 3040 2235 rex
3065 2179 3272 2235 exstitit
3293 2194 3452 2250 ergo,

2234 2274 2396 2331 Unde
2423 2272 2690 2345 superbus
2730 2272 2904 2340 adest,
2951 2288 3147 2344 papam
3188 2270 3462 2343 despexit,
3510 2280 3567 2327 ut
3606 2283 3781 2334 amens,

2234 2367 2435 2425 Omnia
2464 2382 2586 2438 quae
2610 2382 2761 2439 papa:
2790 2366 3059 2436 matrique
3078 2364 3451 2437 spoponderat
3470 2373 3605 2430 ante,

2235 2462 2420 2531 Fregit
2444 2470 2498 2516 et
2526 2461 2745 2527 invasit,
2778 2459 3119 2515 Simoniaoos
3147 2460 3443 2515 revocavit.

2234 2554 2488 2612 Afﬁcitur
2519 2553 2671 2610 valde
2699 2553 2779 2608 vir
2809 2553 3144 2624 apostolicus
3162 2568 3324 2624 super
3354 2551 3506 2609 hanc
3535 2567 3668 2618 rem;

2234 2649 2437 2705 Accitis
2464 2648 2646 2704 missis
2670 2647 2861 2703 multis
2895 2646 2998 2702 hoc
3025 2646 3169 2702 illico
3201 2647 3457 2718 scripsit,

2233 2747 2414 2814 Atque
2430 2741 2658 2798 Beatrici
2678 2740 2941 2805 dominas,
2963 2741 3209 2813 prolique
3229 2740 3508 2806 Mathildi,

2236 2838 2371 2908 Qua:
2437 2836 2725 2892 domintum
2785 2851 2983 2907 papam
3042 2836 3365 2906 ﬂagrantem
3428 2840 3569 2901 (708)
3616 2844 3794 2901 semper

3460 2926 3733 2996 [amabant,

2240 3024 2531 3081 Perfidiam
2565 3023 2705 3094 regis
2749 3022 3082 3077 detestavere
3105 3022 3398 3078 tumentis.

2242 3131 2385 3189 (709)
2415 3124 2613 3179 Acrius
2635 3122 2707 3179 ad
2732 3139 2918 3194 regem
2945 3122 3163 3192 scripsit
3182 3130 3368 3192 pastor
3393 3138 3571 3189 sacer,
3595 3129 3709 3177 etse

2164 3203 2209 3267 C
2238 3225 2480 3281 Ulterius
2499 3224 2697 3279 clamat
2720 3238 2830 3293 non
2855 3238 3012 3294 posse
3038 3224 3149 3295 pati
3164 3224 3305 3277 mala
3335 3230 3515 3278 tanta.

2236 3326 2354 3380 Rex
2384 3338 2513 3377 mox
2545 3321 2647 3376 hac
2677 3320 2797 3375 illac
2822 3319 3125 3377 discurrere
3153 3322 3335 3393 cmpit,
3368 3322 3447 3377 ad
3473 3322 3572 3376 ista

2239 3421 2429 3475 Plures
2454 3433 2735 3489 perversos
2758 3416 3075 3472 coadunans
3104 3425 3347 3488 tempore
3375 3426 3552 3483 certo,

2241 3520 2377 3575 Cum
2404 3519 2597 3591 quibus
2620 3516 2907 3573 adversum
2939 3526 3148 3589 patrem
3172 3516 3419 3587 loquitur
3444 3512 3790 3573 reverendam.

2240 3616 2605 3687 Moguntinus
2633 3614 2707 3669 ibi
2728 3614 2832 3670 fuit
2856 3614 3310 3685 archiepiscopus,
3344 3613 3454 3684 ipsi

2239 3716 2510 3771 Judicium
2538 3723 2717 3769 totum
2742 3713 2933 3769 tribuit
2961 3729 3053 3768 rex
3084 3712 3415 3784 ﬂagitiosus.

2244 3816 2368 3869 Huc
2389 3813 2513 3884 Ugo
2545 3820 2674 3866 tunc
2710 3809 2898 3881 falsus.
2921 3810 3089 3875 venit,
3113 3810 3205 3881 qui
3226 3809 3433 3865 dicitur
3454 3809 3622 3875 albus,

2243 3917 2383 3977 (710)
2400 3908 2584 3965 Ofﬁcit
2599 3909 2684 3964 hic
2699 3908 2909 3976 multis;
2936 3910 3209 3963 Romanae
3225 3906 3514 3979 presbyter
3530 3912 3608 3974 (71
3624 3911 3665 3971 1)
3683 3899 3803 3958 urbis

2241 4013 2349 4066 Ter
2376 4008 2669 4063 damnatus
2699 4015 2831 4073 erat,
2857 4006 3029 4078 pretio
3056 4006 3187 4077 quia
3209 4004 3541 4060 restituebat

2245 4111 2532 4181 Emptores
2551 4106 2747 4162 Christi
2775 4102 3372 4175 templorum,junctus
3402 4113 3457 4158 et
3475 4102 3597 4175 ipsis

2248 4207 2518 4262 Adversus
2546 4220 2741 4276 papam
2770 4203 2976 4275 ﬁngens
3005 4201 3168 4267 mala,
3209 4199 3527 4256 laetiﬁcabat

2245 4304 2419 4360 Corda
2435 4302 2823 4375 malignorum,
2847 4301 2985 4373 regis
3005 4298 3191 4366 simul,
3205 4306 3261 4353 et
3280 4299 3589 4355 sociorum.

2250 4483 2565 4541 Ostiensem
2587 4522 2600 4548 ,
2635 4478 3068 4544 Praenestinum,
3111 4476 3472 4544 Curiensem,
3516 4477 3815 4533 Cumensem

2163 4566 2212 4627 ι)
2251 4561 2407 4614 1074.
2439 4556 2609 4627 Lare.

2319 4630 2467 4693 (706)
2514 4622 2650 4679 Cod.
2703 4621 2953 4694 Regien.,
2983 4628 3037 4677 et
3066 4619 3293 4691 quidem
3323 4622 3554 4687 rectius,
3584 4617 3813 4672 ecclesias.

2252 4702 2412 4755 Mun.

2322 4772 2467 4838 (707)
2525 4768 2823 4837 Sequentes
2888 4770 2949 4821 13
2996 4778 3182 4820 versus
3228 4760 3419 4817 recitat
3467 4764 3618 4827 Bar.,
3681 4757 3817 4820 1075,

2250 4857 2403 4897 num.
2435 4844 2523 4893 25.
2553 4840 2724 4893 Lam.

2323 4918 2475 4980 (708)
2502 4909 2640 4966 Cod.
2696 4916 2836 4973 ant.,
2864 4909 3187 4980 flagranter.
3239 4906 3413 4980 Lntn.

2324 4974 2386 5039 in
2436 4974 2636 5038 nostris
2677 4974 2897 5052 quoque
2941 4974 3222 5033 codicibus
3274 4976 3474 5048 legitur
3527 4974 3818 5043 ﬂagrantem

2252 5058 2417 5112 MUB.
2614 5079 2628 5097 ο

2323 5130 2469 5193 (709)
2498 5127 2656 5195 Seqq.
2692 5137 2876 5179 versus
2896 5127 2986 5188 28,
3020 5120 3209 5177 recitat
3242 5122 3473 5185 Baron.,
3501 5120 3818 5191 1076,num.

2256 5206 2340 5255 15.
2368 5201 2539 5252 [κω.

2322 5276 2468 5335 (710)
2500 5266 2634 5323 Cod.
2664 5274 2804 5340 ant.,
2831 5266 3025 5340 offuit,
3052 5262 3211 5340 id_est
3229 5260 3426 5340 obfuit.
3453 5262 3627 5315 LBIB.
3707 5328 3743 5340 η

2320 5325 2542 5397 Habent
2564 5325 2802 5393 etnostri
2815 5325 3031 5391 codices
3042 5334 3307 5404 offuit.De
3322 5335 3560 5404 Hugone
3584 5325 3824 5385 candido.

2250 5413 2361 5468 sive
2400 5411 2541 5471 albo,
2582 5418 2675 5464 aut
2704 5410 2905 5482 blunco,
2938 5402 3102 5482 quem
3132 5405 3314 5482 italice
3341 5402 3680 5482 appellatum
3710 5406 3826 5469 puto

2258 5487 2368 5554 Ugo
2408 5485 2627 5554 Biaaco,
2670 5479 2841 5554 multa
2885 5473 3051 5533 habet
3092 5473 3591 5554 historiajllornni
3628 5481 3826 5554 tempe:

2252 5542 2397 5608 nim.
2430 5552 2565 5606 Vide
2596 5542 2944 5619 potissimum
2992 5557 3145 5603 tomo
3199 5549 3282 5602 Ill
3319 5548 3450 5600 Rer.
3489 5542 3612 5598 Ital.
3660 5542 3824 5595 Vitam

2251 5624 2505 5695 Gregorii
2535 5624 2653 5676 Vll.
2690 5625 2845 5678 Itlnn.
2945 5690 2977 5695 ,Α
3058 5690 3089 5695 __
3432 5684 3445 5695 .

2320 5682 2467 5761 (7th)
2512 5694 2795 5760 Presbyter
2835 5690 3141 5764 cardinalis,
3176 5703 3343 5764 quem
3391 5682 3826 5764 ait‘Lambertus

2250 5754 2471 5839 propter
2497 5754 2761 5836 ineptiam
2804 5772 2857 5820 et
2894 5777 3079 5818 mores
3116 5754 3430 5817 inconditos
3467 5755 3639 5811 fuisse
3678 5754 3825 5821 depo-

2248 5838 2439 5896 situm.
2466 5839 2630 5894 Mun.
