4052 6180
317 282 421 337 993

315 403 511 460 Audax
540 404 761 461 antistes
783 404 1141 476 Moguntinus
1169 405 1337 461 nimis
1366 406 1476 475 ille,

315 499 439 554 Non
471 496 750 553 Christum
780 498 976 564 timuit,
1005 514 1198 570 papam
1222 501 1437 570 quando
1463 498 1761 567 maledixit,

316 591 506 648 Cuncti
529 591 897 659 subscribunt,
932 591 1110 663 magis
1128 591 1229 664 ipsi
1257 608 1315 648 se
1338 592 1687 649 maledicunt.

314 687 365 741 Ο
394 684 731 756 bIaSphemia
761 701 872 740 non
901 684 1011 752 hic,
1036 701 1215 757 neque
1239 694 1363 758 post
1386 685 1690 742 abolenda!

316 782 440 836 Hoc
464 779 752 836 anathema
792 780 1019 852 quidem
1056 780 1341 837 mandavit
1369 786 1514 848 (712)
1558 798 1687 839 mox
1719 781 1905 853 procul

1672 875 1835 946 (idem

312 967 403 1025 Ad
430 972 573 1039 (713)
592 969 984 1041 Langobardos
1008 968 1349 1026 Simoniacos
1384 968 1547 1024 nimis
1568 968 1728 1037 altos,

311 1063 419 1132 Qui
450 1063 561 1119 laeti
584 1062 731 1131 facti,
758 1064 811 1118 in
837 1080 1034 1137 papam
1064 1068 1210 1131 (714)
1234 1062 1470 1135 denique
1490 1063 1696 1134 raptim

312 1156 523 1212 Omnes
570 1165 932 1226 concurrunt,
972 1157 1119 1229 regis
1159 1156 1372 1213 faciunt
1399 1172 1617 1228 quoque
1658 1154 1907 1227 jussum,

310 1252 534 1318 Jurant,
551 1250 921 1319 subscribunt,
942 1260 1131 1307 contra
1155 1251 1559 1322 dominumque
1586 1250 1907 1321 magistrum

311 1344 614 1400 Mittendos
643 1345 824 1417 apices
850 1348 1113 1413 Romam,
1138 1362 1229 1401 rex
1260 1344 1435 1401 edidit
1458 1344 1598 1416 ipse;

311 1439 422 1507 Qui
456 1438 523 1495 de
558 1439 683 1494 sede
706 1455 858 1495 sacra
887 1439 1137 1496 dicebant
1162 1455 1383 1512 surgere
1414 1454 1631 1510 papam,

309 1532 523 1604 lnjuste
560 1541 793 1589 stantem
829 1544 1086 1606 papatum
1115 1534 1557 1606 depopulantem,

308 1627 465 1695 Quos
487 1626 698 1699 synodo
722 1644 907 1684 coram
932 1635 1240 1684 statuerunt
1259 1628 1477 1683 mittere
1504 1629 1764 1681 Romam.

308 1720 553 1790 Quidam
580 1720 863 1777 Rolandus
892 1722 1230 1787 Darmensis,
1252 1720 1506 1786 clericus,
1534 1728 1694 1790 aptus

318 1813 580 1886 Eligitur,
604 1831 837 1886 quarum
862 1817 1080 1887 gerulus
1093 1815 1624 1872 tunclitterularum.

311 1907 593 1978 Incipiens
636 1914 778 1976 (715)
825 1910 1094 1982 synodum
1142 1918 1325 1982 pastor
1368 1908 1698 1980 Gregorius,
1742 1923 1907 1961 ovum

1670 1999 1838 2072 [(716)

306 2095 548 2152 Gallina;
578 2095 850 2167 sculptum
878 2105 1096 2168 gestans
1120 2098 1177 2152 in
1204 2099 1405 2154 cortice
1428 2108 1668 2161 scutum.

308 2191 386 2244 Et
424 2188 712 2245 colubrum
735 2191 974 2263 nigrum,
1002 2191 1090 2263 qui
1118 2191 1380 2247 tendebat
1412 2202 1574 2265 caput
1602 2196 1731 2261 (ictu

305 2284 529 2355 Quippe
555 2300 906 2356 repercussus
929 2285 1190 2356 quodam)
1211 2287 1514 2358 pertingere
1533 2304 1753 2344 sursum

307 2380 443 2433 Non
490 2385 720 2449 poterat,
750 2379 960 2433 clinum
987 2379 1081 2433 sed
1113 2388 1297 2435 ventre
1330 2389 1489 2436 tenus
1527 2391 1689 2453 caput
1728 2382 1906 2455 ipsum

305 2474 572 2527 Torserat
592 2479 646 2526 et
674 2472 905 2527 caudam
930 2472 1250 2543 triplicando
1274 2473 1437 2529 dabat
1464 2475 1764 2545 sinuatam;

308 2566 440 2619 Non
470 2574 587 2619 erat
615 2564 733 2620 haec
763 2565 939 2636 plana,
960 2565 1057 2621 sed
1087 2575 1205 2621 erat
1231 2567 1509 2638 sculptura
1538 2568 1726 2624 levata.

309 2657 401 2713 Ad
427 2658 701 2729 synodum
726 2657 915 2727 fertur,
949 2675 1232 2732 nunquam
1261 2677 1359 2731 par
1385 2670 1509 2717 ante
1534 2670 1832 2732 repertum.

309 2751 477 2824 Quod
506 2751 638 2807 dum
660 2753 906 2821 miratur,
930 2754 1217 2825 praedictus
1246 2762 1303 2811 et
1329 2770 1455 2811 ecce
1484 2755 1768 2813 Rolandus

311 2846 381 2899 In
418 2845 659 2901 medium
681 2847 845 2914 venit,
871 2863 1026 2919 papze
1050 2863 1182 2903 mox
1203 2848 1379 2904 dicere
1406 2849 1577 2920 coepit
1608 2869 1621 2904 :

312 2940 433 2995 Rex
468 2939 632 3011 jussit
667 2948 845 3009 terrae,
883 2942 1163 3013 jusserunt
1200 2942 1613 3015 pontiﬁcesque,

310 3034 378 3089 Ut
406 3033 619 3105 linquas
647 3034 832 3091 sedem
863 3051 1029 3107 quam
1051 3052 1164 3091 non
1194 3052 1252 3091 es
1280 3036 1477 3106 dignus
1507 3036 1728 3093 habere.

312 3127 586 3183 Romanis
608 3128 763 3184 cleris
794 3145 923 3185 mox
946 3129 1090 3185 idem
1122 3131 1354 3201 portitor
1380 3130 1559 3202 inquit
1587 3131 1730 3201 (717)

314 3221 510 3278 Costes
531 3222 586 3277 in
614 3231 773 3294 pente
796 3225 1031 3279 Romam
1062 3232 1232 3280 testor
1254 3224 1430 3280 veniet
1460 3241 1554 3281 rex

314 3317 587 3371 Missurus
615 3332 830 3388 papam,
852 3317 1009 3389 lupus
1034 3316 1121 3373 hic
1139 3334 1251 3374 non
1277 3328 1361 3375 est
1381 3320 1506 3391 quia
1541 3335 1694 3391 papa.

314 3409 405 3465 Sic
430 3409 567 3464 dum
596 3409 955 3481 blasphemat,
984 3410 1267 3482 praefectus
1297 3429 1426 3467 eum
1452 3413 1701 3483 cupiebat

314 3502 524 3558 Privari
550 3504 652 3558 vita
682 3502 882 3574 gladio,
912 3513 1229 3561 commotus
1261 3505 1317 3560 in
1348 3507 1427 3561 ira
1458 3510 1624 3571 (718).

313 3596 480 3668 Quod
499 3595 711 3652 fecisset
724 3597 893 3664 enim,
916 3597 1011 3653 sed
1031 3598 1078 3653 ei
1100 3602 1258 3653 Pater
1277 3599 1452 3654 almus
1476 3599 1698 3655 adhaesit
1716 3620 1729 3667 ;

319 3691 528 3762 Vixque
557 3698 739 3745 tacens
768 3699 945 3746 cintus
970 3691 1173 3747 cmlcsti
1204 3693 1423 3748 flamine
1453 3693 1662 3764 plenus,

316 3785 458 3854 Papa
482 3783 670 3839 beatus
693 3785 771 3839 ait
790 3803 803 3839 :
819 3783 1049 3840 Turbari
1069 3786 1317 3858 linquite,
1340 3787 1475 3854 nati,

316 3877 574 3933 Ecclesize
606 3889 825 3947 sanctae,
856 3881 1083 3934 veniunt
1107 3880 1229 3951 quia
1262 3888 1513 3952 tempora
1543 3880 1701 3937 valde

319 3971 484 4026 Plena
504 3971 643 4026 dolis
680 3971 846 4026 nimis
880 3978 1048 4040 (719),
1070 3974 1393 4045 magnisque
1417 3973 1617 4045 repleta
1658 3974 1910 4046 periclis:

319 4064 570 4135 Expedit,
593 4065 848 4131 existant,
866 4081 987 4137 quae
1006 4076 1132 4122 sunt
1152 4074 1212 4121 ut
1229 4067 1481 4122 scandala
1506 4069 1734 4138 scripta;

316 4160 411 4213 Va:
430 4156 528 4213 sed
546 4157 592 4213 ei
614 4175 802 4230 pravo,
831 4176 925 4230 per
949 4176 1117 4231 quem
1135 4169 1267 4216 sunt
1288 4161 1565 4229 scandala,
1590 4162 1805 4229 clamo;

316 4253 588 4307 Nostrum
608 4268 805 4324 nempe
840 4254 1087 4322 modum,
1115 4257 1263 4309 Deus
1293 4254 1431 4321 inﬁt,
1472 4256 1628 4310 mitto
1662 4255 1913 4326 luporum

386 4422 538 4492 (712)
572 4418 986 4492 CodrRegienq
1010 4421 1356 4475 mandarunt.
1391 4421 1611 4477 Scilicet
1645 4420 1916 4477 hocidem

318 4489 612 4565 anathema
648 4489 917 4565 miserunt
947 4492 1286 4547 schismatici
1325 4493 1563 4565 episcopi
1592 4509 1621 4549 e
1654 4494 1911 4549 concilia-

319 4558 447 4615 bulo
477 4563 870 4617 Wormatiensi
901 4579 1043 4618 anno
1068 4570 1221 4618 1076.
1258 4558 1417 4620 ΜυἸι.

388 4636 535 4696 (713)
587 4635 733 4696 Bar.,
764 4636 1093 4703 Allobroges.
1139 4635 1245 4691 Sed
1293 4638 1414 4691 cod.
1473 4643 1586 4691 ant.
1641 4635 1807 4692 habet
1857 4644 1917 4691 ut

314 4718 583 4759 excusum
610 4712 709 4758 est.
741 4706 909 4760 Lam.

385 4775 538 4843 (714)
571 4774 876 4850 Cod:ant.,
910 4780 1163 4847 Papiam,
1190 4777 1279 4831 ubi
1318 4777 1562 4850 synodus
1584 4778 1791 4834 scilicet
1814 4778 1911 4834 ha—

312 4845 428 4901 bita
460 4854 654 4917 contra
682 4845 1037 4917 Gregorium.
1080 4852 1255 4905 Lam.

386 4916 621 4971 Codices
645 4916 863 4989 quoque
884 4921 1054 4976 nostri
1078 4920 1297 4985 habent,
1330 4923 1573 4990 Papiam.
1614 4924 1770 4977 Man.

389 4992 543 5113 (7115)
577 4990 739 5062 Seqq.
780 5006 966 5047 versus
1008 4997 1095 5058 15,
1144 4991 1336 5048 recitat
1377 4995 1503 5047 Bar.
1553 4999 1710 5059 1076,
1758 5006 1912 5047 num.

396 5099 412 5113 .
508 5073 633 5113 sun.

317 5064 412 5114 17.
457 5064 633 5114 L313.

389 5136 540 5205 (716)
586 5134 781 5187 Narrat
821 5141 977 5205 poeta
1020 5150 1118 5205 pro
1148 5142 1393 5191 monstro
1420 5132 1589 5190 fuisse
1628 5133 1836 5190 illatum
1865 5132 1917 5188 in

311 5202 593 5277 synodum
640 5202 1084 5277 ovum—gallinae,
1130 5205 1183 5260 in
1228 5221 1336 5277 quo
1399 5212 1611 5271 (natura
1663 5222 1735 5260 an
1777 5208 1915 5277 arte)

313 5273 567 5358 sculptus
590 5274 831 5358 coluber,
853 5273 953 5348 qui
980 5273 1269 5358 percussus
1294 5286 1457 5358 caput
1483 5277 1679 5333 frustra
1712 5276 1917 5358 erigere

313 5345 706 5419 tentabatsid
744 5345 919 5419 visum
957 5345 1270 5419 symbolum
1296 5345 1374 5403 rei
1402 5364 1524 5419 quae
1564 5358 1694 5404 tunc
1718 5347 1917 5418 ageba-

314 5424 434 5480 tur,
490 5424 546 5471 et
610 5417 997 5475 Simoniacam'
1025 5419 1262 5489 (opinor)
1311 5417 1562 5475 haeresim
1612 5417 1913 5491 designare.

318 5491 503 5543 ιλιι.

392 5561 543 5623 (717)
581 5558 797 5614 Excidit
822 5559 911 5615 hic
951 5575 1136 5617 versus
1176 5561 1228 5616 in
1256 5560 1516 5618 hactenus
1538 5562 1712 5619 editis.
1760 5560 1920 5617 Addo

1228 282 1514 336 APPEND.
1558 283 1643 337 Ill.
1687 312 1755 322 —
1790 281 2207 339 MONUMENTA
2245 278 2700 339 GREGORIANA.
2728 314 2739 319 κ

3506 287 3607 341 994

1931 414 1983 474 Α
2007 410 2069 462 In
2087 405 2292 473 medio,
2325 421 2421 461 vos
2441 406 2537 475 sic,
2565 406 2712 462 velut
2740 420 2934 477 agnos,
2963 405 3197 479 dicoque
3219 406 3391 464 vobis.

2015 501 2145 568 Vos,
2168 500 2320 572 quasi
2345 509 2650 572 serpentes,
2687 498 2979 571 prudentes
3005 502 3261 557 convenit
3279 518 3430 573 esse;

2018 594 2212 649 Vivere
2246 594 2567 666 simpliciter
2598 594 2762 650 veluti
2784 594 3075 667 vivuntque
3103 595 3391 653 colombae.

2014 688 2129 743 Has
2156 695 2369 759 gestare
2395 688 2551 744 decet
2583 688 2807 744 virtutes
2826 704 2938 744 non
2967 687 3138 745 modo
3167 689 3311 761 (720)
3339 705 3482 759 vere,

2015 784 2195 852 Atque
2222 796 2445 837 erucem
2473 780 2671 837 Christi
2701 781 3024 839 studeamus
3048 781 3190 839 ferre
3221 783 3463 855 metipsi;

2015 876 2139 930 Non
2172 890 2275 931 nos
2307 890 2337 930 a
2361 873 2579 930 Christo
2598 876 2875 931 tribulatio
2903 885 3119 948 separet
3145 878 3253 933 isto

2014 969 2309 1040 Tempore,
2334 968 2428 1024 sed
2462 968 2600 1024 colla
2637 967 2940 1025 subdamus
2964 970 3321 1042 membraque
3351 978 3537 1028 nostra

2017 1062 2322 1134 Martyrio;
2385 1066 2551 1118 verbo
2580 1061 2705 1117 ﬁdei
2738 1061 2969 1118 feriatur
2991 1063 3079 1119 hic
3103 1080 3231 1136 ergo

2018 1156 2286 1212 Ostensus
2310 1171 2563 1227 serpens,
2585 1156 2676 1227 qui
2698 1164 2915 1212 scutum
2951 1165 3127 1228 gestat
3142 1164 3198 1212 et
3223 1173 3433 1228 ensem,

2019 1249 2293 1306 Adversus
2320 1260 2561 1307 matrem
2594 1252 2913 1306 Romanam
2952 1250 3396 1324 catholicamque

2019 1344 2338 1412 Ecclesiam,
2368 1344 2565 1404 Christi
2585 1344 2654 1401 de
2683 1344 2948 1417 sanguine
2967 1345 3132 1401 rubra
3153 1345 3394 1417 benigni.

2016 1437 2177 1493 Plura
2197 1439 2431 1511 loquens
2459 1455 2613 1511 papa,
2638 1437 3038 1510 dixitsynodus
3059 1439 3163 1494 sibi
3187 1448 3383 1495 sancta
3415 1458 3428 1493 :

2018 1534 2102 1587 Tu
2127 1535 2294 1587 ‘Pater
2334 1548 2392 1587 es
2423 1536 2668 1599 Patrum,
2689 1532 3077 1603 blasphemum
3099 1542 3319 1589 contere
3349 1549 3610 1605 pravum;

2017 1624 2114 1679 Est
2134 1635 2385 1682 nostrum
2406 1627 2604 1698 quippe
2610 1627 2780 1699 jussis
2803 1642 2989 1698 parere
3013 1626 3251 1697 tuisque;

2017 1720 2123 1774 Pro
2144 1719 2361 1775 (‘hristo
2386 1730 2623 1776 mortem
2656 1720 2923 1792 patienter
2941 1720 3225 1792 gliscimus
3248 1738 3464 1788 omnes,

1944 1797 1991 1859 Β
2019 1812 2295 1869 Judicium
2318 1814 2525 1883 confer,
2547 1814 2786 1887 gladium
2810 1812 2986 1882 trahe,
3017 1823 3241 1886 percute
3271 1815 3465 1872 fortem

2019 1908 2528 1964 Omnibus‘excelse
2549 1908 2781 1981 dignum
2800 1908 3181 1965 clamantibus
3208 1925 3328 1965 esse

2017 2001 2222 2056 Privari
2246 2018 2414 2073 regno
2452 2018 2662 2074 regem,
2694 2001 3019 2058 maledicere
3058 2019 3159 2057 nec
3189 2020 3323 2059 non.

2019 2097 2159 2166 Papa
2192 2095 2399 2160 dolens,
2429 2095 2625 2149 vinclis
2654 2095 3017 2151 anathematis
3043 2096 3184 2152 illico
3221 2097 3436 2153 strinxit

2017 2191 2226 2258 Regem
2258 2188 2603 2259 prazdictum,
2636 2190 2722 2246 cui
2758 2206 2991 2262 regnum
3022 2188 3238 2245 devetat
3266 2190 3464 2261 ipsum.

2019 2284 2078 2336 lu
2095 2282 2521 2355 Quadragesima
2540 2283 2783 2355 synodus
2806 2285 3077 2341 celebrata
3102 2286 3163 2340 fit
3179 2284 3279 2341 ista
3296 2289 3467 2352 (721).

2018 2376 2123 2443 Qui
2156 2378 2379 2432 Petrum
2407 2384 2688 2453 sanctum,
2720 2377 2810 2449 qui
2844 2394 3043 2450 papam
3081 2377 3261 2450 diligit
3290 2380 3503 2435 almum

2018 2471 2138 2525 Hoc
2174 2470 2465 2526 anathema
2507 2471 2721 2542 probat,
2756 2472 2902 2543 quod
2946 2488 3131 2544 regem
3168 2472 3248 2529 sic
3291 2473 3608 2528 inhonorat.
3648 2476 3652 2480 “

2019 2569 2064 2619 Α
2103 2566 2268 2619 Petro
2293 2563 2543 2636 quisquis
2567 2581 2664 2620 seu
2687 2581 2827 2636 papa
2856 2566 3124 2637 discrepet
3144 2571 3292 2631 (722)
3315 2567 3435 2623 istis

2017 2658 2402 2729 Temporibus,
2423 2657 2595 2713 ﬁrmae
2618 2674 2966 2729 permansere
2994 2660 3294 2716 comitissaa

2018 2753 2252 2822 Magnae,
2276 2759 2427 2822 petra
2454 2751 2604 2821 quasi
2634 2752 2932 2820 Mathildis,
2958 2761 3013 2807 et
3030 2753 3137 2808 alta
3162 2752 3393 2821 Beatrix,

2020 2847 2121 2899 Hae
2144 2844 2491 2900 mediatrices
2512 2845 2723 2899 inerant
2739 2861 2792 2900 ει
2812 2846 2953 2917 regis
2963 2846 3185 2915 amicae;

2021 2939 2269 3010 Cumque
2290 2938 2472 2994 vident
2491 2954 2675 3011 regem
2702 2954 2798 3009 per
2816 2938 2967 2994 devia
2990 2940 3211 2994 tendere
3230 2954 3468 3011 semper,

1928 3100 1937 3108 .
2021 3031 2313 3088 Proximus
2337 3031 2556 3088 illarum
2586 3030 2765 3086 fuerat
2795 3032 2921 3104 quia
2951 3048 3046 3088 rex
3078 3040 3132 3088 et
3152 3047 3366 3101 earum,

2022 3128 2100 3181 Ex
2125 3126 2242 3197 ipso
2261 3134 2474 3182 masta:
2499 3125 2805 3198 pandebant
2822 3142 2880 3182 se
2900 3127 3031 3182 satis
3047 3142 3186 3183 esse.

1947 3206 1993 3270 C
2021 3218 2129 3276 Sed
2160 3228 2347 3277 tamen
2375 3236 2406 3276 a
2452 3236 2586 3293 papa
2616 3237 2674 3277 se
2708 3236 2819 3276 non
2849 3220 3128 3277 discedere
3160 3221 3432 3278 clamant:

2657 3323 2900 3379 CAPUT
2933 3325 3065 3378 XX.

2021 3424 2096 3476 De
2132 3422 2283 3477 obitu
2335 3422 2566 3476 domina:
2609 3424 2889 3485 Beatricis,
2949 3429 2999 3477 et
3048 3424 3308 3492 quomodo
3380 3424 3610 3479 Canossa

2375 3494 2508 3548 dicit
2527 3510 2593 3547 ea:
2615 3510 2677 3548 ea
2693 3500 2743 3548 et
2764 3495 2829 3548 de
2848 3510 3061 3563 corpore
3084 3497 3215 3564 ejus.

2021 3594 2192 3648 Plena
2220 3594 2384 3649 bonis
2421 3593 2582 3650 factis
2620 3595 2887 3667 dictisque
2923 3596 3128 3652 referta
3160 3597 3401 3664 Beatrix,

2020 3687 2237 3744 Cunctis
2265 3688 2427 3745 chara
2465 3689 2650 3757 nimis,
2677 3690 2889 3762 magnis
2910 3690 3087 3761 parvis
3111 3707 3329 3763 quoque
3351 3691 3487 3746 Pisis

2023 3784 2186 3854 {Egra
2224 3798 2474 3852 manens,
2512 3784 2621 3839 vita
2660 3783 2728 3839 de
2769 3784 3022 3855 praesenti
3051 3785 3188 3839 bene
3219 3785 3436 3857 migrat,

2024 3880 2165 3934 Octo
2194 3877 2494 3949 decemque
2519 3876 2638 3933 dies
2660 3885 2702 3943 (7
2720 3881 2803 3941 23)
2834 3879 3035 3949 Aprilis
3062 3878 3194 3934 dum
3216 3878 3345 3933 sinit
3364 3878 3437 3933 ire

2024 3971 2226 4028 Christi
2257 3978 2381 4042 post
2410 3981 2597 4027 ortum
2627 3988 2751 4027 vera
2783 3972 2850 4028 de
2875 3972 3101 4044 virgine,
3131 3988 3333 4044 corpus

2022 4070 2187 4120 Auno
2221 4065 2442 4121 milleno
2480 4064 2564 4120 bis
2602 4072 2757 4122 terno
2788 4074 3120 4139 septuageno

2024 4157 2294 4215 Conditur
2325 4160 2480 4225 Pisis,
2519 4160 2697 4215 lucem
2727 4160 2909 4217 videat
2938 4161 3175 4231 paradisi

2022 4254 2180 4308 Hanc
2204 4262 2392 4324 patres
2415 4251 2548 4321 justi
2571 4254 2782 4310 ducant
2798 4269 2963 4324 super
2988 4255 3202 4311 aethera
3232 4253 3437 4312 cuncti.

2017 4390 2027 4399 ’
2097 4419 2240 4485 (718)
2269 4418 2504 4489 Legatos
2536 4432 2672 4489 suos
2710 4416 2764 4471 in
2790 4432 3065 4473 carcerem
3101 4417 3402 4488 conjectos,
3432 4424 3487 4473 et
3526 4417 3617 4489 ine

2025 4489 2200 4561 dignis
2240 4487 2420 4544 modis
2466 4487 2679 4561 habitos
2713 4490 2971 4561 queritur,
2997 4505 3087 4561 rex
3129 4487 3439 4561 in’epistola
3476 4488 3620 4557 apud

1950 4567 1997 4629 D
2028 4559 2371 4617 Reubertum
2403 4566 2523 4615 195.
2554 4559 2806 4616 Addatur
2829 4560 3156 4617 Bertholdus
3185 4560 3255 4616 ad
3284 4576 3413 4617 ann.
3459 4565 3616 4617 1076.

2028 4638 2204 4691 Lam.

2106 4710 2247 4769 (719)
2287 4702 2593 4759 Scriberem
2617 4705 2819 4758 nimiis.
2850 4706 3013 4759 Mun.

2093 4782 2239 4843 (720)
2278 4774 2411 4831 Cod.
2444 4774 2696 4843 Regiam,
2732 4791 2824 4829 nos
2860 4776 3033 4830 modo.
3066 4778 3225 4833 MUR.

2096 4852 2239 4912 (721)
2278 4852 2421 4903 Ann.
2460 4853 2614 4900 1076.
2645 4848 2822 4901 Lam.

2095 4924 2240 4985 (722)
2279 4919 2426 4989 Lego
2461 4918 2759 4991 discrepat.
2798 4920 2919 4972 Hoc
2952 4926 3036 4973 est
3072 4933 3102 4973 a
3140 4919 3411 4991 Gregorio
3438 4922 3533 4977 VII
3564 4935 3621 4976 se

2024 4998 2340 5048 averterunt
2370 4988 2797 5059 quamplurimi;
2831 4990 3047 5044 Beatrix
3089 5006 3216 5046 vero
3254 4988 3309 5046 et
3338 4993 3621 5048 Mathildis

2027 5063 2203 5133 ﬁrmae
2226 5061 2281 5133 in
2300 5060 2419 5132 ejus
2437 5060 2765 5133 obedientia,
2785 5076 2849 5117 ac
2864 5061 3166 5131 patrocinio
3185 5069 3618 5133 permanserunt.

2026 5137 2105 5191 Ita
2163 5130 2339 5189 habet
2378 5130 2501 5188 cod.
2548 5132 2887 5200 Padoliron.,
2930 5149 3041 5189 non
3088 5130 3218 5189 vero
3254 5150 3618 5204 permansere.

2026 5210 2187 5262 Mun.

2097 5282 2243 5343 (723)
2287 5278 2352 5330 In
2396 5274 2683 5348 Chronicis
2728 5275 2971 5345 Pisanis,
3001 5292 3125 5348 qua:
3154 5276 3422 5346 Ughellus
3450 5276 3626 5334 edidit

2029 5349 2269 5421 tom.lll
2310 5347 2428 5421 Ital.
2458 5348 2607 5421 Sac._,
2634 5355 2697 5421 et
2725 5363 2826 5421 ego
2860 5347 2920 5421 in
2968 5347 3244 5403 nonnullis
3276 5357 3520 5404 correcta
3558 5364 3621 5403 ac

2026 5420 2288 5491 ampliora
2316 5419 2518 5491 iterum
2559 5419 2724 5483 dabo,
2768 5419 3011 5483 legitur:
3061 5421 3215 5474 Anno
3275 5426 3410 5475 1077
3444 5423 3624 5489 (more

2028 5489 2387 5556 Pisanorum,
2432 5489 2539 5544 hoc
2578 5498 2660 5544 est
2706 5494 2882 5553 1076),
2922 5492 3193 5544 comitissa
3238 5493 3462 5545 Beatria:
3493 5492 3626 5545 obiit

2030 5578 2093 5618 Iv
2123 5561 2392 5617 Kalendas
2421 5563 2575 5625 Maii,
2604 5566 2653 5615 et
2683 5564 2741 5615 in
2781 5563 3065 5629 magniﬁca
3100 5560 3285 5613 tumba
3312 5563 3463 5631 apud
3499 5577 3619 5614 ma-

317 5643 386 5685 ex
442 5628 548 5684 ﬁde
596 5640 871 5705 mstorum
910 5632 1191 5702 codicum,
1230 5634 1429 5704 quibus
1476 5644 1622 5691 utor.
1669 5634 1923 5705 Sequitur
2021 5634 2196 5704 jorem
2228 5632 2501 5687 ecclesiam
2537 5634 2678 5686 Pisis
2708 5633 2919 5705 sepulta
2949 5628 3073 5705 est.
3096 5632 3158 5685 ob
3188 5628 3619 5701 cujus—reveren—

318 5715 458 5773 ergo
475 5710 594 5771 post
615 5702 759 5757 hunc
782 5719 999 5760 versum
1019 5724 1031 5760 :

391 5773 662 5851 Romanis
699 5775 859 5830 cleris
887 5791 1016 5831 mox
1045 5774 1205 5851 idem
1236 5776 1467 5851 portitor
1491 5778 1672 5851 inquit
1704 5796 1718 5833 :

393 5844 589 5900 Costes
617 5844 671 5900 in
700 5853 879 5916 pente,
910 5856 1015 5904 etc.
1044 5850 1166 5906 Hoc
1190 5844 1272 5906 est
1300 5848 1358 5906 in
1390 5844 1729 5907 Pentecoste.
1763 5851 1924 5905 MUR.

2034 5707 2175 5759 tiam
2216 5705 2487 5758 comitissa
2525 5703 2815 5758 Mathildis
2845 5702 2957 5770 ejus
2980 5703 3126 5772 ﬁlia,
3158 5720 3278 5772 qua:
3308 5705 3439 5757 obiit
3475 5718 3621 5756 anno

2040 5780 2176 5830 1116
2216 5773 2343 5840 (hoc
2372 5782 2458 5829 est
2494 5772 2802 5829 secundum
2840 5771 3107 5841 epocham
3144 5771 3393 5828 nostram
3443 5772 3621 5839 1115).

2033 5848 2323 5903 Ecclesium
2363 5848 2615 5902 Pisanum
2654 5845 2714 5897 in
2746 5845 2937 5899 Tuscia
2970 5850 3020 5899 et
3056 5844 3385 5899 Lombardia
3414 5844 3625 5900 dolavit
