4010 6164
483 276 584 329 995

1452 270 1576 329 ,ΑΒ
1616 269 1842 323 OPERA
1881 268 1936 323 S.
1977 266 2298 323 GREGORII
2333 265 2773 323 APPENDICES.
3669 271 3759 323 996

484 398 720 453 Estimo
756 394 903 468 quod
945 394 1107 449 vilem
1138 392 1303 448 nimis
1340 408 1403 448 ex
1446 391 1550 447 hac
1580 408 1669 448 me
1698 393 1864 449 modo
1893 392 2002 449 Pisi
2105 398 2155 460 Α
2188 394 2447 461 Quaerere
2478 391 2749 462 perjuras,
2785 396 3070 461 patrantes
3095 389 3319 445 crimina
3361 390 3517 460 plura
3547 392 3701 461 (724).

464 494 625 547 vEsse
657 498 847 561 putent
874 504 1033 555 sane,
1063 488 1169 542 nisi
1201 488 1480 558 plangam,
1514 503 1822 558 conquerar
1846 489 1969 543 alte.

491 586 842 656 Perspicuam
877 582 1165 639 dominam
1195 582 1483 652 cupiebam
1517 581 1692 636 vivere
1732 581 1839 636 vita

483 682 699 749 Longa,
727 694 834 749 quo
866 678 1054 733 lzctum
1090 676 1389 747 potuissem
1415 674 1609 730 ducere
1638 674 1864 730 sazclum
1897 694 1909 730 ι

488 771 822 828 Defunctum
858 787 1057 841 corpus
1085 770 1378 841 sperabam
1415 768 1643 824 reddere
1674 784 1901 840 prorsus

489 866 685 937 Digna:
715 866 914 931 telluri,
947 864 1105 919 dolor
1133 863 1220 917 hic
1251 879 1339 917 me
1366 861 1609 917 funditus
1635 862 1765 929 urit,

488 960 624 1014 Cum
653 966 802 1013 tenet
831 959 963 1014 urbs
990 958 1158 1025 illam,
1189 973 1311 1029 quae
1341 973 1451 1011 non
1478 965 1557 1011 est
1585 964 1700 1011 tam
1726 957 1865 1011 bene
1893 955 2074 1027 digna.

486 1054 586 1121 Qui
611 1054 783 1124 pergit
810 1053 986 1117 Pisas,
1019 1051 1166 1106 videt
1187 1051 1299 1105 illic
1326 1059 1573 1105 monstra
1597 1050 1843 1117 marina;

486 1150 617 1203 Haec
658 1147 788 1201 urbs
818 1146 1060 1218 paganis,
1092 1146 1282 1201 Turcis
1302 1186 1317 1211 ,
1348 1144 1567 1216 Lybicis
1604 1160 1822 1215 quoque
1864 1143 2078 1199 Parthis

483 1240 733 1306 Sordida,
774 1240 1011 1296 Chaldaei
1044 1255 1143 1294 sua
1174 1240 1411 1294 lustrant
1439 1239 1619 1293 littora
1660 1238 1819 1304 tetri;

482 1334 742 1390 Sordibus
775 1350 804 1388 a
828 1335 1037 1389 cunctis
1061 1349 1181 1388 sum
1227 1333 1434 1388 munda
1468 1335 1733 1397 Canossa,
1771 1331 2002 1401 sepulcri

484 1432 663 1499 Atque
692 1429 843 1484 locus
865 1428 1086 1500 pulcher
1113 1443 1360 1495 mecum;
1390 1442 1499 1483 non
1525 1426 1740 1497 expedit
1768 1425 1932 1481 urbes

2184 485 2405 540 Talibus
2441 485 2496 541 in
2543 484 2672 539 vicis
2703 492 3153 555 contempserunt
3189 484 3400 554 sepeliri

2187 578 2453 649 Praecipui
2482 577 2663 650 magni
2695 578 2873 632 nostri
2905 575 3117 635 domini
3150 577 3535 641 memorandi;

2186 672 2291 728 Sed
2331 687 2389 727 se
2414 680 2539 743 post
2568 680 2804 727 mortem
2830 671 2992 727 condi
3025 670 3245 726 voluere
3267 673 3524 727 Canossaz
3554 690 3569 726 :

2185 769 2357 822 Artus
2379 766 2498 837 jam
2537 765 2702 821 dicta:
2740 765 2986 821 dominae
3014 773 3243 821 teneant
3271 766 3439 822 modo
3468 766 3644 833 Pisa,

2184 859 2528 926 Possideant,
2555 868 2716 916 caute
2740 876 2839 915 nec
2860 876 2975 915 non
2998 868 3325 915 veneranter
3355 859 3676 928 honorent;

2189 959 2290 1009 Ast
2322 955 2509 1009 animo
2536 963 2741 1010 moesto
2763 955 2969 1027 jugiter
3000 970 3198 1010 maneo
3226 954 3394 1010 nimis
3413 970 3479 1009 ex
3512 954 3644 1021 hoc,

2184 1050 2353 1120 Spero
2382 1057 2567 1105 tamen
2598 1065 2693 1120 per
2722 1065 2870 1115 eum,
2901 1048 2993 1120 qui
3022 1049 3335 1105 consolatur
3376 1064 3619 1121 egenum

2186 1146 2280 1199 Me
2312 1142 2430 1198 fieri
2462 1143 2661 1211 laztam,
2696 1143 2831 1198 mihi
2862 1143 3234 1200 conservando
3265 1160 3515 1199 severam

2184 1236 2515 1308 Mathildim,
2543 1239 2745 1294 claram
2774 1238 3060 1294 dominam
3094 1238 3363 1309 probitate
3390 1246 3649 1294 notatam

2183 1330 2371 1400 Omni,
2402 1333 2555 1404 cujus
2590 1349 2689 1405 ego
2726 1334 2889 1388 vitam
2928 1348 3023 1404 per
3050 1334 3252 1389 saecula
3283 1348 3492 1405 quaero.

1796 1552 2035 1621 Explicit
2073 1550 2207 1605 liber
2242 1554 2472 1621 primus.

1482 1687 1741 1742 INCIPIT
1782 1686 2170 1741 PROLOGUS
2211 1687 2407 1739 LIBRI
2446 1688 2782 1741 SECUNDI.

488 1816 777 1871 Materiam
805 1830 1025 1887 parvam
1049 1812 1173 1868 facit
1192 1828 1308 1869 esse
1334 1828 1617 1868 comarcus
1639 1812 1778 1882 (725)
1804 1818 1866 1867 ut
1885 1811 2074 1877 altam,
2112 1814 2158 1877 Β
2192 1810 2506 1876 Materiam,
2537 1820 2735 1865 cuncto
2762 1810 3099 1883 divulgatam
3122 1810 3237 1865 fere
3266 1810 3495 1867 mundo.

488 1911 727 1965 Dilatare
752 1908 973 1979 quidem
1006 1925 1100 1963 sua
1140 1907 1299 1963 verba
1325 1908 1428 1962 scit
1452 1907 1565 1977 ipse
1595 1906 1785 1977 perite,

481 2005 770 2057 Materiam
796 2003 1062 2073 grandem
1088 2002 1287 2056 sciolus
1312 2001 1583 2057 describat
1613 2009 1857 2066 ovanter,

486 2098 584 2162 Ut,
625 2096 771 2166 quod
802 2097 848 2150 ei
882 2096 1137 2166 prohibet
1163 2104 1413 2165 peracuta
1441 2095 1629 2164 peritia
1661 2094 1815 2159 scire,

488 2189 706 2244 Scilicet
737 2189 791 2242 in
830 2189 1016 2243 laetum
1048 2188 1195 2257 (726)
1227 2204 1537 2242 sermonem
1580 2186 1805 2241 tendere
1844 2203 2076 2258 parvum

479 2284 666 2337 Patret
687 2297 812 2335 cum
837 2290 963 2335 nota
991 2280 1071 2335 vel
1100 2282 1330 2335 materia
1358 2297 1649 2335 numerosa

479 2374 652 2430 Valde
685 2374 973 2446 prolixam,
1000 2375 1363 2446 pauperculus
1389 2374 1530 2445 (727)
1561 2390 1627 2430 en
1654 2390 1752 2446 ego
1775 2374 2005 2430 scribam

2182 1906 2445 1976 Quamvis
2470 1904 2778 1972 florescant,
2810 1920 2932 1977 qua:
2960 1904 3306 1975 scripsimus,
3352 1921 3417 1960 ac
3453 1904 3781 1961 renitescant

2184 2003 2264 2053 De
2294 1999 2525 2053 ducibus
2554 2000 2733 2068 claris,
2776 1999 2945 2054 codex
2986 2015 3125 2070 quos
3164 2000 3370 2070 primus
3413 2000 3645 2063 amavit,

2184 2094 2358 2147 Multo
2381 2092 2601 2147 ﬂorebit
2624 2092 3018 2159 vehementius,
3037 2108 3101 2148 ac
3121 2091 3433 2148 retinebunt
3455 2096 3612 2162 (728)

2184 2189 2349 2244 Facta
2392 2187 2680 2243 ducatricis
2720 2202 2841 2258 quzc
2871 2195 2998 2242 sunt
3043 2186 3326 2243 scribenda
3366 2186 3684 2243 Mathildis.

2187 2282 2493 2338 Historiam
2524 2282 2745 2353 longam
2775 2281 2969 2338 metris
2992 2280 3244 2338 describe
3264 2281 3532 2338 Canossa.

1858 2501 2096 2570 Emplicit
2127 2500 2403 2571 prologus.

1278 2670 1770 2763 INCIPIT
1847 2672 2206 2761 LIBER
2284 2670 2943 2763 SECUNDUS.

482 2853 765 2926 Quidquid
792 2869 893 2923 ego
924 2867 1150 2924 possum
1184 2850 1250 2907 de
1286 2859 1433 2906 tanta
1469 2849 1647 2923 dicere
1680 2867 1927 2922 prorsus,

480 2950 597 3005 Scit
622 2947 851 3020 populus
889 2944 1128 3011 mecum,
1159 2944 1341 2999 minus
1370 2952 1472 3011 est,
1515 2946 1635 3014 plus
1662 2943 1775 3015 ipsa
1800 2952 2068 3015 meretur,

479 3047 723 3099 Tantum
770 3040 951 3097 mirari
986 3038 1291 3096 consultius
1324 3055 1441 3094 esse
1471 3038 1675 3093 sciatis.

480 3140 614 3194 Haec
644 3145 726 3192 est
746 3144 860 3191 tam
897 3136 1062 3203 clara,
1087 3150 1185 3189 ceu
1204 3131 1408 3203 fulgida
1438 3132 1589 3187 stella
1616 3132 1804 3186 Dianae
1826 3135 1996 3200 (729),

478 3235 614 3288 Haec
652 3231 859 3286 radiata
900 3229 1029 3294 ﬁde,
1064 3235 1172 3283 stat
1201 3243 1294 3298 spe
1320 3225 1658 3281 circumdata
1693 3225 1851 3281 mire.

479 3326 624 3381 Huic
654 3316 861 3381 sincera
906 3330 1092 3377 manet
1128 3323 1305 3392 major
1334 3320 1555 3375 dilectio
1588 3335 1745 3387 sane;

479 3423 612 3476 Haac
628 3427 875 3491 peramat
895 3418 1125 3483 celsum,
1152 3433 1246 3488 per
1265 3432 1429 3487 quem
1440 3423 1565 3471 sunt
1583 3414 1787 3481 omnia,
1805 3413 2066 3470 Verbum.

477 3515 633 3570 Illius
662 3524 717 3569 et
744 3528 949 3578 servos,
988 3528 1127 3583 quos
1152 3511 1353 3566 invenit
1377 3526 1493 3565 esse
1519 3508 1816 3577 modestos,

477 3610 666 3680 Diligit
691 3618 744 3663 et
781 3607 986 3673 laudat,
1017 3613 1329 3662 reverenter
1368 3604 1575 3672 obcdit,
1606 3604 1874 3669 honorat;

477 3705 611 3757 Haec
647 3702 765 3757 odit
792 3702 941 3766 vitia,
973 3700 1208 3755 virtutes
1245 3697 1571 3769 comprobat
1606 3699 1721 3769 ipsa
1752 3695 1922 3768 (730);

480 3796 649 3850 Elatis
683 3796 811 3858 alta,
841 3793 994 3848 mitis
1018 3793 1114 3847 sed
1146 3792 1371 3846 mitibus
1399 3798 1566 3857 astat;

476 3889 588 3945 Scit
614 3888 857 3943 mulcere
888 3886 1023 3957 pios,
1054 3894 1257 3941 terrere
1289 3885 1384 3940 sed
1413 3884 1531 3939 haec
1556 3886 1625 3939 sit
1648 3884 1885 3956 iniquos.

477 3986 744 4053 PrOSpera
772 3997 884 4036 non
908 3987 1147 4046 mutant,
1174 3995 1272 4034 seu
1302 3994 1413 4034 non
1436 3978 1578 4033 hanc
1611 3978 1781 4033 tristia
1809 3978 2062 4049 turbant;

475 4076 740 4133 Omnibus
770 4075 826 4129 in
853 4074 1015 4129 rebus
1036 4072 1278 4144 graditur
1302 4072 1549 4127 discretio
1575 4088 1781 4127 secum.

473 4170 737 4228 Omnibus
765 4170 821 4223 in
858 4166 1039 4239 regnis
1074 4182 1169 4221 sua
1200 4166 1367 4221 currit
1391 4165 1536 4221 fama
1578 4165 1851 4237 perennis,

478 4264 737 4320 Evehitur
778 4262 925 4317 lintri
952 4270 1100 4317 trans
1130 4264 1374 4317 Pontum
1407 4259 1550 4315 fama
1582 4259 1885 4328 Mathildis,

476 4358 709 4415 Nomine
733 4357 799 4413 de
825 4354 979 4425 cujus
1007 4358 1315 4412 Turcorum
1340 4363 1519 4410 castra
1552 4355 1886 4427 loquuntur;

475 4454 675 4509 Notitia
701 4452 875 4507 multa
906 4467 1032 4506 cum
1061 4466 1167 4521 qua
1200 4466 1293 4505 rex
1318 4450 1543 4505 Graecus
1573 4448 1850 4517 abundat;

472 4548 637 4605 Pallia
667 4564 791 4603 cum
820 4544 1051 4618 gemmis
1079 4560 1177 4600 rex
1212 4544 1307 4600 dat
1334 4543 1435 4599 sibi
1462 4544 1689 4599 Graccus
1714 4547 1862 4611 (731)
1891 4542 2061 4598 Alexi.

476 4644 633 4696 Hanc
663 4641 853 4695 multis
883 4639 1031 4695 horis
1064 4637 1408 4693 Alemannus
1434 4652 1527 4692 rex
1566 4642 1735 4703 amat,
1776 4636 1923 4703 odit;

470 4736 623 4792 Gens
655 4736 950 4790 Alemanna
990 4733 1213 4803 quidem
1244 4732 1345 4787 sibi
1385 4731 1549 4803 gratis
1580 4732 1743 4787 servit
1772 4729 1988 4801 ubique.

474 4829 661 4896 Russi,
686 4831 943 4895 Saxones,
974 4828 1290 4883 Guascones
1318 4834 1477 4896 atque
1502 4825 1777 4894 Frisones,

466 4986 887 5059 possessionibus
924 4985 1172 5059 plurimis
1211 4988 1261 5038 et
1290 4983 1582 5059 honoribus
1605 4984 1898 5059 regalibus
1926 4984 2061 5039 satis

468 5054 642 5129 plene.
673 5058 781 5129 Sed
812 5072 877 5111 ex
906 5055 1184 5129 Donizone
1215 5054 1577 5129 corrigendusg
1605 5055 1835 5129 hic_dies
1873 5072 2062 5110 emor-

469 5126 629 5185 tualis
657 5128 886 5184 ducissm
928 5126 1207 5190 Beatricis,
1234 5142 1428 5196 nempe
1458 5127 1806 5181 scribendum
1834 5143 1948 5181 non
1970 5142 2057 5190 1v,

471 5202 565 5257 sed
594 5216 698 5256 xxv
728 5200 848 5255 Kal.
882 5200 1039 5262 Maii,
1067 5197 1170 5251 hoc
1200 5205 1282 5251 est
1307 5198 1393 5252 die
1434 5203 1497 5253 l8
1526 5199 1748 5267 Aprilis.
1785 5200 1948 5253 MUR.

545 5278 686 5335 (724)
716 5270 849 5326 Cod.
894 5269 1156 5331 Padolir.,
1196 5272 1428 5323 crimina
1457 5270 1649 5324 multa.
1682 5270 1935 5325 Graviter
1972 5269 2057 5325 hic

471 5345 525 5400 in
554 5346 781 5398 Pisanos
810 5342 1084 5396 invehitur
1115 5340 1349 5413 Donizo,
1384 5356 1477 5395 eos
1512 5349 1565 5393 et
1588 5341 1808 5413 perjurii
1836 5342 2055 5413 etimul-

468 5424 655 5471 torum
686 5413 976 5468 criminum
1019 5428 1143 5467 reos
1182 5411 1495 5467 traducens.
1529 5411 1685 5481 Quae
1709 5412 1825 5467 hazc
1880 5412 2057 5467 forent

468 5487 690 5541 historia
718 5487 864 5551 silet;
896 5485 1008 5539 imo
1049 5499 1239 5538 eorum
1274 5482 1440 5539 fortia
1484 5493 1633 5555 gesta
1671 5484 1724 5538 in
1755 5486 2056 5540 Saracenos

466 5558 903 5614 Christianorum
959 5556 1142 5610 hostes
1193 5564 1401 5611 narrat.
1451 5558 1655 5611 Verum
1706 5556 2052 5611 Donizonem

468 5630 662 5686 urebat
697 5628 844 5699 quod
888 5627 1014 5699 ipsis
1061 5627 1341 5682 Saracenis
1382 5627 1610 5681 liberum
1653 5628 1704 5682 in
1746 5644 1876 5683 suos
1920 5644 2054 5698 por-

466 5710 575 5769 tus,
608 5718 670 5757 ac
699 5698 889 5769 urbem
937 5698 1166 5763 aditum,
1200 5707 1254 5752 et
1281 5699 1669 5753 commercium
1712 5699 1889 5753 Pisani
1916 5715 2047 5754 con-

467 5774 742 5837 cederent,
773 5780 826 5827 et
843 5768 1078 5825 fortasse
1105 5769 1251 5839 quod
1282 5770 1582 5839 piraticam,
1612 5785 1710 5841 pro
1732 5786 1885 5825 more
1913 5778 2048 5826 tem-

467 5859 661 5913 porum
690 5844 932 5911 illorum,
954 5852 1323 5898 excercerent.
1353 5842 1512 5896 MUn.

308 6108 595 6138 Α

2107 2856 2152 2916 C
2183 2851 2433 2918 Arverni,
2459 2852 2672 2919 Franci,
2700 2852 3042 2924 Lotheringi,
3094 2852 3293 2925 quinve
3332 2853 3601 2919 Britanni,

2184 2949 2565 3001 Hanctantum
2595 2954 2845 3011 noscunt,
2874 2946 3020 3019 quod
3048 2948 3096 3002 ei
3143 2963 3237 3002 sua
3264 2947 3501 3018 plurima
3551 2959 3783 3020 poscunt

2182 3043 2313 3096 Post
2342 3040 2512 3111 ipsam
2539 3049 2734 3112 gentes
2766 3042 2852 3097 hac
2882 3041 3111 3097 mittunt
3137 3042 3334 3113 smpius
3363 3058 3524 3098 enses
3550 3062 3563 3097 :

2182 3135 2452 3189 Omnibus
2482 3151 2546 3189 ex
2574 3135 2692 3190 istis
2720 3136 2929 3207 equites
2959 3134 3123 3191 habet
3163 3137 3267 3191 alta
3298 3136 3601 3193 Mathildis.

2183 3230 2535 3299 Responsum
2561 3230 2773 3284 cunctis
2804 3230 2921 3286 hazc
2944 3230 3039 3285 dat
3071 3230 3189 3287 sine
3234 3246 3525 3288 murmure
3570 3232 3774 3297 turbis;

2182 3323 2315 3377 Haec
2343 3322 2533 3378 hilaris
2562 3339 2781 3395 semper
2832 3324 2993 3391 facie,
3053 3325 3257 3395 placida
3312 3341 3536 3397 quoque
3572 3336 3775 3382 mente.

2184 3418 2319 3471 Haec
2340 3415 2518 3487 apices
2545 3416 2737 3485 dictat,
2768 3419 2868 3475 scit
2916 3420 3275 3475 Teutonicam
3326 3418 3463 3475 bene
3503 3420 3775 3492 linguam;

2182 3512 2314 3566 Haec
2332 3511 2577 3582 loquitur
2611 3512 2794 3567 laetam
2810 3513 2937 3584 quin
2962 3513 3774 3586 Francigenamqueloquelam.

2182 3606 2314 3660 llazc
2342 3606 2737 3677 Longobardos
2770 3609 2968 3678 nutrit,
3002 3609 3146 3679 regit
3184 3618 3237 3664 et
3279 3608 3410 3665 facit
3436 3610 3595 3665 altos.

2179 3699 2281 3767 Qui
2304 3715 2559 3755 numeras
2586 3700 2789 3768 stellas,
2842 3702 3009 3756 vitam
3045 3703 3147 3757 sibi
3201 3704 3446 3773 supplico
3477 3718 3661 3770 serva,

2180 3792 2233 3847 Si
2266 3793 2415 3864 quod
2434 3810 2545 3849 non
2575 3793 2762 3865 glisco,
2794 3795 3000 3851 mundo
3025 3794 3316 3851 decesserit
3347 3796 3486 3862 isto;

2179 3888 2420 3958 Porrige,
2448 3889 2595 3959 quod
2623 3888 2772 3955 sitio,
2805 3905 3002 3960 corpus
3032 3890 3304 3945 tumulare
3355 3890 3599 3962 requiro,

2176 3981 2313 4035 Cum
2351 3982 2597 4051 patribus
2618 3983 2831 4053 justum
2860 4000 2979 4039 vere
3025 3983 3087 4038 fit
3115 3982 3318 4039 habere.
3345 3984 3661 4055 sepulcrum

2178 4073 2449 4146 Antiquos
2479 4084 2660 4146 patres
2692 4078 2863 4142 Isaac,
2896 4076 3199 4145 Abraham,
3239 4077 3411 4133 Jacob
3435 4088 3599 4150 atque

2176 4168 2393 4223 Uxores
2415 4178 2629 4225 sanctas
2657 4170 2821 4227 simul
2854 4188 2962 4227 una
3007 4171 3314 4228 recondidit
3340 4188 3483 4240 arca,

2098 4272 2144 4334 D
2181 4263 2375 4317 Annos
2429 4272 2551 4334 post
2593 4264 2799 4320 multos
2830 4265 2884 4319 in
2910 4264 3104 4321 eodem
3159 4282 3285 4322 vero
3340 4267 3593 4337 sepulcro

2175 4356 2385 4426 Corpus
2414 4356 2699 4413 conditum
2725 4360 2909 4431 magni
2929 4359 3130 4432 Joseph
3152 4360 3440 4432 reperitur.

2176 4450 2352 4519 Hujus
2376 4466 2504 4507 amo
2526 4461 2723 4523 patres,
2753 4453 2847 4510 sed
2867 4470 2990 4509 eam
3041 4454 3161 4525 plus
3191 4454 3354 4526 diligo
3374 4454 3566 4523 valde;

2174 4544 2307 4598 ΙΙωο
2329 4545 2582 4599 exaltavit
2600 4548 2834 4603 nimium
2862 4563 2949 4603 me
2968 4547 3096 4621 quin
3117 4556 3171 4603 et
3192 4548 3414 4617 amavit,

2179 4637 2433 4709 Martyris
2470 4639 2570 4694 ista
2599 4640 2734 4695 mihi
2778 4641 2951 4696 sancti
3000 4642 3150 4697 dedit
3180 4656 3302 4699 ossa
3353 4643 3592 4713 Quirini,

2178 4732 2264 4787 Me
2293 4743 2522 4789 renovat
2547 4750 2765 4805 semper
2796 4743 2974 4791 turres
3001 4734 3318 4792 fabricando
3349 4746 3604 4794 recentes

2173 4827 2352 4897 Atque
2398 4842 2587 4883 meum
2612 4844 2815 4884 nomen
2860 4828 3055 4885 crebro
3106 4829 3231 4887 fecit
3261 4847 3506 4889 crescere
3556 4835 3761 4888 Romae.

2170 4987 2383 5109 L(:25)
2417 4987 2499 5039 Au
2532 4999 2563 5040 a
2600 4986 2784 5056 κομέω,
2844 5001 2994 5055 orno,
3029 4987 3183 5059 quasi
3232 4986 3465 5044 ornandi
3493 4988 3761 5059 magister.

2220 5070 2253 5109 Ε
2288 5070 2344 5109 B.

2220 5070 2344 5110 ΕῙΒ.

2238 5135 2389 5206 (726)
2418 5136 2553 5193 Cod.
2587 5138 2785 5208 antiq.,
2822 5138 3018 5193 lutum.
3043 5139 3215 5196 LEIB.

2240 5218 2756 5293 (727)Typographi
2807 5219 3089 5291 Sphalma;
3119 5218 3332 5277 codices
3376 5220 3577 5286 nostri,
3628 5237 3758 5293 pau-

2162 5289 2433 5358 perculus.
2465 5292 2622 5344 Mun.

2240 5368 2385 5437 (728)
2442 5367 2575 5423 Cod.
2621 5370 2821 5441 antiq.,
2884 5373 3051 5428 Multo
3079 5374 3345 5443 ﬂorebunt
3387 5373 3759 5433 vehementius,

2165 5466 2227 5504 ac
2252 5450 2555 5504 rem’tebunt
2569 5487 2581 5501 .
2620 5452 2774 5506 ιω
2786 5492 2798 5505 .

2238 5530 2377 5585 Audi
2435 5530 2648 5606 codices
2699 5542 2917 5591 nostros
2952 5544 3145 5604 mstos,
3176 5538 3439 5606 ﬂorebunt
3483 5537 3755 5592 vehemens

2168 5605 2295 5669 tius,
2322 5619 2387 5657 ac
2416 5605 2749 5659 renitebunt.
2816 5610 2977 5663 MUB.

2239 5684 2382 5747 (729)
2407 5685 2466 5736 In
2488 5683 2610 5738 cod.
2639 5685 3067 5757 Regieu.,stella
3085 5690 3286 5745 Diana.
3325 5693 3491 5747 MUB.

2239 5762 2286 5833 (7
2298 5766 2380 5826 30)
2405 5766 2465 5817 In
2479 5764 2668 5820 eodem
2692 5766 2836 5833 cod.,
2851 5770 3159 5837 comprobat
3174 5772 3294 5825 ista.
3316 5776 3370 5827 M
3383 5788 3480 5828 un.

2238 5845 2383 5913 (731)
2415 5845 2548 5902 Cod.
2581 5848 2776 5919 antiq.,
2810 5850 3017 5904 Alemis.
3054 5852 3227 5907 LBIB.
