4052 6180
281 274 382 326 997

744 398 985 455 CAPUT
1024 399 1342 457 PRIMUM.

279 503 361 554 De
374 500 821 574 pﬁmoggadcentu
861 505 1012 557 tertii
1048 506 1271 558 Henrici
1291 506 1451 573 regis,
1475 509 1525 559 et
1556 521 1718 574 papa:
1744 505 1870 561 Gre-

349 574 495 640 gorii
535 572 639 627 VII
677 576 735 626 in
768 576 1219 642 Longobardt’am,
1252 582 1302 630 et
1338 572 1575 645 qualiter
1619 572 1653 629 ἁ
1706 576 1871 631 duca-

348 646 490 717 trt'ce
518 644 778 717 Mathildi
818 647 975 714 apud
1019 648 1301 703 Canossam
1346 644 1583 717 suscepti
1643 654 1767 701 sunt
1823 652 1873 703 et

347 715 491 784 quod
532 716 773 789 eumdem
798 733 975 785 regem
1001 718 1267 774 subvertit
1297 715 1587 776 Guibertus
1609 720 1873 789 archiepi-

348 801 536 855 copus,
586 791 637 841 et
692 788 807 842 alia
834 791 945 844 vice
995 791 1093 844 ivit
1130 806 1247 845 cum
1298 807 1355 845 eo
1413 794 1635 847 Romam
1687 797 1875 846 contra

344 873 576 927 papam.

275 962 396 1016 Rex
416 968 572 1033 rogat
600 965 743 1027 (732)
757 961 1038 1031 abbatem,
1063 962 1378 1020 Mathildim
1401 964 1672 1037 supplicat
1689 972 1872 1036 atque,

271 1055 408 1110 Post
434 1054 623 1110 matris
645 1064 882 1112 mortem
907 1056 1056 1113 fama
1087 1067 1346 1114 currente
1374 1075 1471 1130 per
1499 1060 1691 1115 orbem
1711 1100 1725 1127 ,

269 1150 488 1221 Regem
508 1149 826 1206 damnatum
868 1167 965 1222 per
981 1168 1179 1223 papam
1200 1162 1731 1221 commemoratum;

274 1242 510 1299 Turbati
539 1252 685 1299 certe
710 1244 878 1301 fortes
924 1254 1055 1302 sunt
1098 1250 1280 1320 atquef
1306 1256 1586 1319 potentes,

268 1339 383 1393 Per
420 1344 604 1394 totum
629 1353 887 1411 regnum,
916 1339 1181 1409 dicentes,
1207 1356 1323 1398 esse
1356 1342 1677 1412 superbum,

266 1432 401 1487 Non
421 1447 608 1504 parere
624 1432 730 1504 pie,
752 1434 1036 1489 sinceriter
1053 1432 1218 1506 atque
1252 1435 1485 1507 benigne

267 1527 547 1581 Romanae
570 1526 706 1596 sedi,
738 1543 861 1599 qua:
880 1529 1063 1585 claves
1083 1529 1325 1584 continet
1348 1529 1477 1594 aevi;
1514 1533 1520 1538 ’

269 1621 401 1690 Quo
439 1620 581 1676 circa
620 1637 810 1693 regem
854 1631 1103 1679 statuunt
1146 1631 1500 1679 contemnere
1544 1631 1709 1690 recte,

266 1714 339 1769 Ni
364 1713 586 1782 redeat;
611 1731 766 1787 papa
795 1732 984 1787 pacem
1014 1716 1236 1773 studeat
1265 1733 1539 1773 revocare.

271 1811 405 1864 Non
437 1807 597 1865 aliter
621 1825 679 1865 se
707 1826 799 1865 rex
828 1826 1061 1866 noscens
1089 1820 1321 1883 regnare
1357 1812 1558 1878 valere,

265 1907 420 1969 (733)
454 1902 542 1957 Ad
568 1903 956 1960 consobrinam
989 1904 1308 1960 Mathildim
1348 1905 1516 1971 misit,
1550 1912 1609 1960 ut
1636 1905 1751 1976 ipsa

269 1992 583 2053 Consilium
625 2007 860 2069 caperet,
904 2013 1012 2070 quo
1044 2015 1183 2070 papa
1212 1998 1426 2054 veniret
1451 1996 1518 2053 ab
1543 1999 1697 2055 Urbe

267 2082 748 2163 Longobardiam,
779 2101 994 2163 peteret
1020 2092 1242 2149 veniam
1275 2092 1379 2148 sibi
1410 2092 1664 2163 dignam,

268 2187 399 2257 Ipse
419 2201 584 2241 suum
605 2186 823 2258 jussum
854 2185 1058 2242 faceret
1085 2184 1252 2241 dubio
1281 2185 1469 2257 procul
1497 2186 1658 2241 ultro.

267 2282 420 2351 Papa
442 2294 741 2352 precesque
770 2280 960 2337 videns
988 2280 1231 2336 dominae
1262 2279 1566 2347 Mathildis,
1594 2279 1769 2336 eidem

268 2373 441 2440 Quod
484 2374 684 2446 quaerit
727 2374 917 2441 donat,
962 2374 1171 2431 dimisit
1198 2374 1434 2446 denique
1469 2377 1732 2441 Romam,

268 2466 465 2539 Opilio
504 2467 702 2539 dignus
735 2470 1037 2525 Canossam
1062 2467 1211 2524 venit
1233 2476 1286 2523 et
1314 2467 1483 2532 intus,

268 2563 461 2631 Quem
512 2561 683 2617 sancti
710 2564 855 2618 Petri
884 2562 1001 2618 vice
1050 2562 1286 2635 digniter
1333 2561 1425 2617 ille
1452 2562 1695 2634 recepit:

273 2655 606 2712 Salviﬁcum
628 2672 817 2713 rorem
843 2672 970 2730 quae
1000 2671 1157 2729 papae
1173 2656 1411 2728 sumpsit
1424 2655 1489 2711 ab
1512 2671 1625 2712 ore.

266 2750 451 2823 Regis
496 2750 746 2819 Henrici,
781 2749 1009 2807 domina
1053 2750 1353 2806 comitante
1400 2749 1677 2820 Mathildi,

262 2841 476 2900 Adfuit
497 2852 553 2900 et
568 2843 728 2916 juxta
758 2845 1071 2917 praesentia,
1102 2844 1371 2916 turbaque
1391 2844 1590 2915 multa;

262 2940 362 2994 Ex
386 2954 480 2995 me
521 2937 691 3011 ﬁtque
737 2955 903 3008 nova,
945 2938 1080 2995 dum
1110 2938 1248 2994 ﬁunt
1290 2938 1443 3007 talia,
1499 2940 1696 2995 Roma.

258 3032 429 3091 Urbs
475 3032 650 3089 honor
694 3048 818 3091 ecce
860 3042 1013 3103 tuus,
1042 3049 1266 3089 mecum
1294 3049 1389 3090 rex
1416 3048 1555 3104 papa
1586 3030 1748 3087 simul
1781 3030 1876 3098 sit,

263 3134 361 3186 Ac
403 3126 528 3183 Itali
575 3143 847 3199 proceres,
878 3143 983 3184 nec
1010 3144 1123 3183 non
1152 3127 1293 3183 Galli
1342 3141 1701 3200 proceresque

260 3221 711 3291 Ultramontani,
746 3222 1009 3288 Romani,
1043 3220 1339 3292 pontiﬁcali

259 3316 583 3372 Stemmate
612 3314 900 3388 fulgentes,
930 3315 1131 3371 adsunt
1168 3316 1352 3386 plures
1381 3313 1672 3386 sapientes,

259 3413 434 3466 Inter
455 3424 597 3481 quos
621 3408 789 3465 abbas
805 3410 961 3481 Hugo
989 3408 1366 3467 Cluniacensis
1396 3408 1483 3463 hic
1505 3416 1662 3478 astat,

258 3504 387 3574 Qui
422 3506 582 3559 Pater
626 3508 771 3571 (734)
790 3504 846 3558 in
876 3504 1094 3559 lavacro
1124 3504 1266 3575 regis
1297 3501 1476 3558 fuerat
1509 3507 1875 3558 sacrosancto.

256 3597 439 3655 Pacis
460 3597 1068 3654 sermonestractabant
1092 3597 1150 3653 hi
1180 3596 1453 3667 seniores;

259 3695 426 3761 (735)
449 3692 699 3764 Cumque
718 3691 836 3749 dies
857 3700 1066 3749 starent
1098 3709 1195 3766 per
1213 3701 1326 3749 tres
1368 3708 1468 3766 pro
1498 3706 1628 3764 pace
1650 3689 1876 3763 loquen-

1571 3787 1589 3853 [
1620 3793 1732 3853 tes,

260 3882 339 3937 Et
385 3894 494 3951 pax
522 3895 632 3936 non
664 3890 824 3948 esset,
867 3896 963 3937 rex
990 3888 1155 3953 atque
1184 3880 1438 3937 recedere
1468 3878 1664 3948 vellet;

256 3974 567 4047 Capellam
609 3975 781 4031 sancti
815 3975 955 4048 petit
982 3974 1133 4031 idem
1181 3991 1276 4031 rex
1325 3972 1557 4041 Nicolai,

260 4071 333 4125 In
369 4083 487 4139 qua
531 4075 810 4139 pastorem
840 4069 1155 4140 lacrymans
1183 4070 1360 4124 oravit
1388 4069 1702 4140 Hugonem,

256 4164 350 4220 Ut
402 4176 504 4233 pro
535 4178 664 4231 pace
693 4178 792 4219 sua
818 4162 1109 4234 ﬁdejussor
1131 4161 1238 4217 sibi
1263 4160 1381 4216 ﬁat.

258 4258 411 4314 Non
446 4255 576 4311 licet
604 4255 727 4323 hoc,
763 4256 932 4311 abbas
956 4255 1069 4328 regi
1114 4253 1418 4325 reSpondit,
1451 4261 1504 4309 et
1522 4260 1704 4310 astans

258 4350 405 4406 Illic
434 4348 713 4406 Mathildis
751 4350 1009 4422 rogitavit
1033 4365 1182 4418 eum,
1214 4347 1312 4404 sed
1338 4355 1393 4404 et
1421 4347 1554 4420 ipsi;

335 4568 501 4630 (732)
535 4566 768 4620 Versum
819 4564 967 4621 hunc
989 4564 1042 4619 in
1099 4570 1309 4619 textum
1345 4561 1644 4618 Donizonis
1695 4562 1882 4618 intulit

1182 275 1468 331 APPEND.
1510 276 1597 331 Ill.
1637 305 1706 316 —
1744 274 2168 334 MONUMENTA
2207 276 2673 357 GREGORIANA.

3474 284 3580 338 998

1904 410 1955 472 Α
1986 404 2106 459 Hoc
2165 402 2325 459 faciet
2354 420 2544 471 nemo,
2572 402 2879 474 respondit,
2909 411 2968 459 tu
2998 404 3125 472 nisi,
3148 405 3333 461 credo.

1984 496 2291 567 Poplitibus
2327 497 2485 553 ﬂexis
2508 498 2646 552 dixit
2683 513 2778 552 rex
2826 506 2990 569 atque
3034 498 3325 555 Mathildi:

1979 592 2064 645 Tu
2092 591 2197 645 nisi
2226 608 2311 645 me
2364 591 2604 647 multum
2634 590 2837 663 iuveris
2861 591 3049 659 modo,
3080 609 3191 647 non
3230 609 3331 665 ego
3358 601 3578 649 scutum

1978 684 2223 740 Ulterius
2252 684 2527 756 frangam,
2562 685 2814 740 multavit
2839 702 2927 740 me
2955 686 3077 757 quia
3102 702 3253 757 papa.
3482 692 3485 701 ‘

1980 776 2320 833 Consobrina
2370 778 2555 833 valens
2582 777 2663 834 fac
2706 795 2795 834 me
2832 778 3169 848 benedicere,
3214 780 3347 835 vade
3384 800 3398 845 ;

1983 873 2217 942 Ipsaque
2246 871 2499 939 surrexit,
2559 873 2782 944 regique
2832 873 3146 943 spopondit,
3178 882 3232 929 et
3260 875 3372 928 exit

1981 963 2297 1019 Ascendens
2329 980 2567 1031 sursum,
2601 966 2752 1020 stetit
2797 982 2861 1021 ac
2887 982 2979 1021 rex
3006 968 3121 1038 ipse
3144 966 3434 1034 deorsum;

1983 1057 2301 1129 Alloquitur
2324 1073 2516 1128 papam
2545 1057 2612 1113 de
2648 1059 2786 1130 regis
2817 1060 2925 1115 ﬁne
2953 1061 3291 1128 reclamans,

1984 1150 2218 1207 Sinceris
2254 1152 2413 1207 dictis
2457 1151 2697 1209 domina:
2714 1153 3033 1209 venerabilis
3060 1154 3176 1209 istis

1983 1244 2233 1300 Credidit
2268 1245 2537 1315 Antistes,
2566 1254 2628 1300 ut
2646 1246 2794 1318 juret
2820 1246 2899 1302 sic
2927 1256 3110 1302 tamen
3151 1247 3263 1318 ipse

1982 1340 2101 1394 Rex
2140 1338 2240 1407 illi,
2281 1332 2393 1394 sedi
2438 1342 2712 1397 Romana:
2750 1341 2929 1413 sitque
2962 1340 3168 1407 ﬁdelis;

1983 1432 2610 1504 Praesulquteque-velit
2650 1435 2972 1506 Gregorius,
2994 1435 3097 1489 hoc
3127 1435 3246 1503 sibi,
3285 1434 3580 1501 fecit(736)

1985 1528 2097 1582 Rex
2142 1535 2290 1583 retro
2338 1528 2606 1599 scriptus;
2642 1534 2788 1597 (737)
2840 1529 3108 1599 solitoque
3149 1546 3381 1585 munere
3426 1546 3583 1602 mage

3272 1627 3289 1692 [
3338 1624 3511 1697 frigus

1982 1714 2323 1770 Pernimium
2368 1731 2633 1787 magnum
2665 1718 2840 1773 Janus
2872 1716 3039 1773 dabat
3068 1716 3174 1773 hoc
3198 1726 3254 1772 et
3296 1717 3351 1772 in
3399 1734 3580 1786 anno;

1909 1825 1955 1887 Β
1991 1813 2135 1875 (738)
2160 1812 2302 1864 Ante
2329 1809 2446 1865 dies
2475 1818 2702 1881 septem,
2737 1828 2903 1882 quam
2937 1813 3102 1867 linem
3131 1814 3306 1868 Janus
3336 1812 3583 1883 haberet,

1993 1906 2137 1958 Ante
2168 1918 2325 1957 suam
2369 1901 2566 1959 faciem
2609 1905 2879 1961 concessit
2920 1922 3054 1977 papa
3081 1907 3265 1961 venire

1992 1997 2225 2067 Regem,
2259 2012 2384 2051 cum
2410 1998 2609 2067 plantis
2632 1998 2813 2066 nudis,
2845 2016 2872 2054 a
2899 1997 3100 2071 frigore
3119 1999 3327 2069 captis;

1991 2091 2059 2143 In
2085 2106 2245 2145 cruce
2272 2096 2412 2155 (739)
2444 2108 2502 2147 se
2523 2091 2736 2162 jactaus
2765 2108 2935 2163 papae,
2959 2093 3256 2164 saepissime
3285 2093 3526 2148 clamans
3556 2111 3566 2148 :

1988 2185 2174 2250 Parce,
2207 2184 2363 2239 beate
2400 2186 2583 2253 Pater,
2610 2186 2695 2256 pie
2726 2201 2880 2257 parce
2909 2186 3041 2241 mihi
3071 2194 3194 2257 peto
3223 2186 3397 2257 plane.

1986 2277 2132 2348 Papa
2162 2276 2349 2333 videns
2373 2278 2617 2346 flentem,
2647 2279 2938 2335 miseratus
2964 2280 3013 2335 ei
3032 2280 3164 2336 satis
3192 2288 3293 2347 est,
3327 2289 3437 2348 est;

1988 2372 2133 2426 Nam
2156 2370 2435 2428 benedixit
2461 2389 2611 2441 eum,
2640 2389 2827 2445 pacem
2848 2374 3039 2429 tribuit
3056 2374 3178 2441 sibi,
3211 2374 3436 2430 demum

1981 2465 2209 2521 Missam
2251 2468 2511 2533 cantavit,
2548 2483 2748 2539 corpus
2798 2467 2949 2525 dedit
3004 2472 3058 2523 et
3106 2468 3341 2523 Deitatis
3384 2473 3529 2534 (740)
3567 2487 3578 2523 :

1983 2561 2183 2616 Secum
2228 2561 2543 2627 convivans,
2603 2577 2764 2633 super
2830 2578 3015 2619 arcem
3059 2563 3152 2634 qui
3198 2568 3341 2629 (741)
3395 2565 3577 2618 Canu-

3202 2657 3435 2724 [sinam,

1988 2748 2174 2818 Ipsum
2207 2745 2449 2816 dimisit,
2479 2756 2773 2820 postquam
2794 2749 3031 2821 juravit,
3064 2757 3119 2804 et
3138 2749 3232 2804 ivit

1988 2840 2205 2897 Urbem
2223 2842 2514 2913 Reginam,
2542 2858 2648 2914 qua
2675 2843 2856 2898 stabat
2877 2843 3035 2897 turba
3062 2843 3297 2914 maligna

1988 2935 2339 3003 Pontiﬁcum,
2363 2936 2518 2991 valde
2558 2944 2866 2992 metuentes
2886 2936 3023 2991 hanc
3054 2935 3167 2991 fore
3195 2952 3399 3007 pacem.

1988 3030 2166 3103 Major
2188 3035 2333 3097 (742)
2363 3039 2489 3085 erat
2510 3032 2723 3087 cunctis
2752 3030 3066 3099 Guibertus,
3089 3031 3378 3103 episcopus
3435 3030 3582 3087 urbis

1988 3126 2290 3193 Ravennae,
2309 3124 2524 3192 doctus,
2547 3125 2762 3197 sapiens
2786 3133 2841 3181 et
2862 3125 3058 3180 nobilis
3086 3133 3258 3194 ortus,

1913 3227 1959 3292 ο
1988 3219 2282 3274 Exstiterat
2312 3223 2521 3275 Parma:
2537 3219 2691 3292 civis,
2708 3236 2805 3276 seu
2824 3220 3055 3276 clericus
3076 3227 3223 3288 ante,

1989 3315 2140 3368 Dum
2166 3311 2271 3368 fuit
2295 3312 2496 3368 electus
2521 3315 2823 3386 Gregorius
2851 3315 2972 3379 iste,
3001 3314 3300 3371 Guibertus

1990 3406 2098 3478 Ipsi
2133 3406 2360 3479 juravit,
2400 3416 2588 3462 contra
2620 3424 2782 3479 quem
2825 3425 2969 3464 nunc
2999 3409 3142 3464 male
3170 3410 3344 3464 sancit
3388 3413 3532 3475 (743)
3565 3426 3577 3463 :

1988 3500 2156 3572 Regis
2179 3501 2324 3555 enim
2353 3508 2592 3556 mentem
2616 3510 2807 3559 contra
2835 3519 3027 3574 papam
3047 3502 3209 3558 docet
3229 3518 3370 3568 esse,

1988 3596 2217 3667 Rexque
2250 3594 2337 3651 die
2365 3603 2519 3652 sexto
2540 3597 2803 3652 remeavit
2838 3597 3202 3653 Bibianellum
3228 3601 3402 3665 (744);

1989 3689 2166 3745 Corde
2196 3688 2323 3745 dolo
2371 3690 2551 3761 pleno,
2590 3706 2719 3746 cum
2750 3690 2907 3762 plena
2940 3692 3142 3747 ‘mente
3173 3707 3399 3748 veneno.

1990 3786 2183 3840 Pastor
2212 3782 2335 3840 felle
2386 3799 2578 3842 carens
2636 3783 2707 3840 ad
2750 3802 2880 3841 eum
2926 3783 3210 3841 descendit
3250 3785 3319 3841 ab
3348 3802 3474 3841 arce

1990 3877 2195 3934 Crebro
2241 3878 2441 3950 scripta
2461 3894 2646 3949 supra,
2680 3894 2810 3934 mox
2838 3888 2922 3935 est
2956 3880 3231 3937 comitissa
3262 3889 3468 3937 secuta.

1997 3971 2239 4028 Callidus
2266 3980 2322 4027 at
2348 3973 2525 4028 multa
2554 3989 2648 4028 rex
2678 3989 2829 4045 papae
2857 3973 3013 4041 dixit,
3042 3983 3097 4029 et
3124 3974 3265 4029 ultra

1990 4065 2293 4121 Eridanum
2314 4065 2567 4134 fluvium,
2606 4083 2901 4124 commune
2938 4068 3089 4139 cupit
3128 4068 3241 4123 ﬁeri
3273 4077 3405 4124 tunc

1972 4159 2368 4232 .Colloquium;
2394 4160 2574 4216 laudat
2593 4161 2740 4232 quod
2756 4178 2909 4234 papa,
2934 4162 3216 4218 Mathildis
3241 4170 3291 4217 et
3306 4170 3473 4233 optat.

1991 4254 2101 4309 Cur
2122 4252 2228 4307 hoc
2256 4270 2347 4309 rex
2372 4254 2554 4322 malit,
2583 4255 2840 4326 ignorant
2879 4256 2930 4311 hi
2962 4255 3073 4312 duo
3099 4256 3264 4325 clari;

1991 4348 2217 4403 Mantua
2254 4362 2443 4403 revera
2488 4347 2686 4419 placito
2721 4349 2987 4419 subdique
3014 4350 3251 4405 timebat
3285 4367 3298 4404 :

2064 4565 2208 4629 (737)
2254 4560 2386 4617 Cod.
2418 4562 2589 4632 antiq.
2629 4580 2641 4617 :
2674 4564 2946 4632 Solitoque
2970 4567 3147 4618 nivem
3193 4580 3342 4632 mage
3381 4566 3585 4633 frigus,

251 4635 630 4715 Leibnitius;
662 4652 875 4715 verum,
902 4636 981 4715 uti
1008 4634 1408 4715 idpraefatione
1440 4634 1650 4698 monui,
1680 4650 1877 4705 suppo-
1910 4636 1958 4699 D
1990 4633 2043 4690 id
2071 4643 2154 4715 est
2179 4635 2474 4689 Januarius
2514 4633 2698 4689 nivem
2723 4642 2775 4689 et
2799 4636 2966 4707 frigus
3005 4635 3146 4691 ultra
3176 4635 3395 4690 solitum
3423 4634 3588 4691 dede-

248 4710 420 4765 situs
444 4706 492 4761 is
522 4714 640 4760 erat
676 4706 866 4777 ﬁgurae
908 4706 1130 4762 Henrici
1165 4706 1307 4778 regis
1337 4706 1389 4759 in
1422 4722 1594 4778 genua
1624 4722 1881 4775 procum-

250 4778 469 4837 bentis
495 4785 624 4833 ante
645 4776 976 4845 Mathildim,
1001 4794 1103 4849 qua
1134 4776 1262 4833 cum
1296 4778 1473 4847 pictus
1501 4776 1665 4831 etiam
1692 4792 1882 4832 cerne-

246 4853 449 4921 batur
496 4853 654 4921 llugo
707 4850 1072 4905 Cluniacensis
1112 4849 1295 4903 abbas.
1339 4851 1521 4918 Quare
1576 4856 1739 4919 caput
1777 4849 1883 4904 hoc

247 4920 830 4981 exordium’sumita
860 4925 983 4977 Post
1010 4923 1221 4989 matris,
1253 4928 1359 4975 etc.
1396 4922 1556 4975 Mnn.

334 4995 501 5060 (733)
563 4992 863 5063 Sequentes
913 5000 946 5048 8
1007 5008 1192 5048 versus
1236 4992 1426 5047 recitat
1502 4994 1650 5055 Bar.,
1721 4996 1876 5061 1077,

250 5080 439 5122 num.
478 5066 568 5117 21.
605 5066 771 5119 LBIB.

337 5142 403 5203 (7
412 5136 867 5206 34)Susceptum
888 5134 957 5190 ad
982 5149 1170 5191 sacros
1207 5133 1388 5190 fontes
1415 5134 1486 5189 ab
1507 5136 1740 5205 Hugone
1764 5133 1882 5189 Clu-

247 5205 537 5264 niacensi
583 5205 880 5262 Henricum
903 5222 1089 5277 regem
1114 5206 1377 5262 infantem
1414 5221 1559 5260 anno
1587 5210 1744 5271 105l,
1766 5213 1881 5259 tra-

247 5280 352 5338 dit
390 5278 567 5334 etiam
600 5278 976 5347 Hildebertus
1024 5277 1454 5333 Cenomanensis
1500 5277 1783 5347 episcopus
1824 5277 1881 5330 in

246 5352 403 5408 Vita
440 5346 704 5421 ejusdem
758 5349 931 5421 sancti
967 5350 1238 5421 Hugonis.
1293 5352 1394 5405 His
1435 5346 1749 5418 proceribus
1790 5347 1883 5402 ad-

246 5420 447 5478 dendi
478 5420 698 5491 quoque
732 5429 863 5476 sunt
890 5420 1085 5483 Azzo,’
1113 5422 1357 5475 marchio
1404 5423 1644 5477 Estensis
1664 5461 1678 5481 ,
1722 5427 1881 5490 atque

245 5492 582 5550 Adhelhet's
633 5494 1022 5547 marchionissa
1048 5494 1217 5554 Susce,
1240 5491 1485 5561 ejusdem
1538 5491 1756 5546 Heuriei
1786 5508 1880 5545 so-

244 5578 436 5625 crus,
464 5578 573 5618 una
607 5580 732 5619 cum
762 5564 1001 5619 Amadeo
1026 5565 1217 5618 comite
1251 5560 1384 5633 ﬁlio,
1434 5564 1524 5633 qui
1553 5563 1715 5619 simul
1753 5579 1879 5617 cum

245 5633 569 5694 comitissa
587 5635 848 5691 Mathilde
878 5635 1025 5707 pacis
1043 5635 1409 5690 celeberrimae
1433 5643 1741 5706 sequestres
1773 5633 1880 5689 fue-

249 5714 443 5769 runt,
474 5714 537 5760 ut
566 5708 755 5763 monui
774 5708 833 5761 in
857 5706 1108 5778 antiquit.
1144 5710 1328 5762 Esten.
1355 5708 1519 5762 Mun.

343 5780 508 5843 (735)
543 5779 664 5849 Seq.
696 5784 762 5833 10
789 5792 931 5834 vers.
968 5777 1200 5847 Baron.,
1229 5778 1328 5834 loc.
1364 5777 1457 5833 cit.
1492 5780 1661 5834 LBIB.

348 5854 417 5914 (7
429 5851 513 5915 36)
543 5851 950 5906 Juramentum.
998 5852 1164 5905 Lam.

1993 4708 2385 4903 ῗῧὲξξηίὶοε.
2440 4783 2472 4832 5
2513 4792 2701 4834 versus
2737 4778 2943 4834 recitat.
3000 4782 3222 4850 Baron.,
3261 4786 3417 4847 1077,
3487 4786 3572 4835 20.

2042 4863 2160 4903 BIB.

2042 4863 2208 4984 l217%.9)
2237 4922 2297 4974 In
2345 4920 2678 4989 paenitentia.
2714 4924 2879 4977 LEIB.

2064 4996 2209 5059 (740)
2237 4992 2567 5067 Lambcrtus
2588 5006 2774 5067 narrat
2819 4994 3069 5050 absoluto
3091 5009 3217 5066 rege
3242 5011 3439 5067 papam
3458 4997 3586 5052 mis-

1991 5077 2176 5140 sarum
2217 5063 2488 5140 solemnia
2549 5066 2877 5140 celebrasse,
2908 5076 2963 5121 et
3013 5074 3074 5121 ut
3108 5063 3178 5121 se'
3218 5063 3475 5140 purgaret
3519 5068 3588 5140 ab

1991 5134 2204 5208 objeeto
2222 5135 2485 5208 Simonim
2505 5136 2757 5202 crimine,
2789 5147 3000 5208 partem
3039 5134 3281 5208 corporis
3315 5134 3586 5194 Dominici

1990 5206 2313 5281 accccpisse,
2368 5206 2645 5281 aliamque
2679 5206 2803 5281 regi
2825 5210 3101 5275 obtulisse,
3137 5206 3408 5267 testanda:
3433 5211 3589 5266 inno-

1989 5278 2185 5401 Eentiaa
2245 5279 2450 5349 gratia;
2499 5278 2596 5337 sed
2636 5278 2767 5336 hoc'
2803 5281 3158 5353 deprecatum
3209 5297 3583 5354 esserregcm.

2042 5363 2158 5403 me.

2061 5391 2206 5485 (ἴλη
2236 5420 2369 5477 Cod.
2417 5423 2613 5494 antiq.,
2644 5426 2792 5493 quin.
2827 5427 2999 5480 LEIB.

1991 5495 2366 5616 37(712315eq.
2414 5499 2479 5548 33
2524 5510 2710 5551 versus
2760 5496 2953 5553 recitat
2987 5499 3139 5563 Bar.,
3189 5502 3346 5565 1077,
3384 5512 3439 5552 n.
3500 5502 3589 5564 36,

2065 5603 2075 5614 .
2242 5578 2298 5617 B.
2762 5597 2773 5606 .

2061 5603 2383 5697 (7:3)”Cod.
2415 5636 2672 5708 Regicn.,
2701 5655 2841 5693 nunc
2915 5641 3065 5694 mala
3088 5641 3278 5694 sancit.
3324 5642 3478 5695 Mun.

2061 5708 2207 5782 (74_4)
2254 5709 2433 5774 Nunc,
2466 5712 2721 5775 Bianello,
2776 5725 2947 5765 unum
2987 5726 3052 5766 ex
3092 5719 3330 5782 quatuor
3356 5709 3592 5765 castellis

1988 5792 2103 5832 non
2143 5778 2303 5849 longe
2353 5794 2383 5834 a
2418 5782 2672 5838 Canossa.
2746 5782 2903 5839 MUB.
