4052 6180
588 230 691 282 999

532 394 537 395 ν
584 354 703 408 Rex
734 351 989 424 equidem
1015 351 1212 407 frustra
1262 349 1510 405 transivit
1561 350 1814 421 primitus
1857 350 2063 407 undam

590 447 837 514 Eridani,
870 454 1110 501 tractans
1139 460 1266 499 cum
1297 444 1482 515 paucis
1498 444 1712 500 tradere
1743 461 1959 517 papam.

586 544 703 598 Nec
730 556 861 607 non,
889 540 937 595 si
966 538 1155 609 quiret,
1189 538 1525 594 comitissam
1556 538 1797 595 traderet
1825 540 1992 607 idem,

590 637 709 690 Hoc
756 634 932 687 scelus
976 631 1261 687 infandum
1316 632 1591 704 complere
1638 642 1794 705 putat
1834 633 2167 705 placitando.

589 730 795 784 Cuncta
840 725 1030 780 videns
1048 725 1294 781 Christus
1326 726 1443 780 fieri
1488 726 1659 782 vetuit
1679 726 1855 783 scelus
1884 727 2063 795 istud;

582 818 884 876 Eridanum
940 819 1164 890 praesul,
1208 818 1491 876 Mathildis
1528 829 1583 875 et
1625 820 1831 891 optima
1878 837 2065 876 secum

582 912 875 981 Transivit,
905 929 1128 984 sperans
1149 929 1338 985 pacem
1366 929 1696 985 componere
1715 930 1920 979 veram,

582 1008 665 1065 Ad
704 1007 987 1063 dominam
1048 1008 1260 1064 Claram
1289 1007 1474 1062 multis
1512 1008 1684 1063 oculis
1723 1009 1994 1064 oculatam

581 1102 821 1157 Nuntius
849 1101 1088 1168 advenit,
1129 1102 1222 1173 qui
1270 1110 1538 1184 secretum
1598 1101 1853 1173 patefecit

581 1196 748 1267 Regis
767 1196 1011 1260 Henrici,
1036 1196 1127 1267 qui
1149 1211 1345 1267 papam
1377 1195 1594 1251 tradere
1629 1194 1787 1261 dicit;

582 1291 704 1345 Hoc
752 1290 848 1346 ubi
885 1290 1140 1359 cognovit
1164 1290 1399 1361 prudens
1431 1290 1583 1357 hera,
1607 1306 1736 1344 mox
1758 1289 1866 1344 cito
1895 1291 2064 1345 movit

580 1385 757 1455 Seque
784 1398 936 1449 suos,
969 1382 1134 1438 fortes
1162 1383 1314 1453 petiit
1354 1399 1481 1439 cum
1519 1384 1751 1454 praesule
1784 1393 2024 1452 montes;

578 1477 793 1532 Insidiae
844 1475 1028 1531 fractae
1068 1476 1210 1547 regis
1240 1484 1367 1532 sunt
1410 1485 1465 1531 et
1507 1476 1805 1548 patefacta.

580 1572 803 1641 Papam,
835 1568 1161 1636 Mathildim,
1192 1586 1291 1626 rex
1320 1570 1547 1626 ulterius
1585 1587 1765 1643 neque
1799 1570 1949 1641 vidit,

581 1665 868 1721 Pontiﬁces
897 1663 1015 1719 falsi
1064 1673 1191 1719 sunt
1241 1680 1307 1719 ex
1339 1663 1443 1720 hoc
1488 1664 1761 1721 laztiiicati.

577 1759 815 1814 Maxime
851 1758 1200 1830 praescriptus
1228 1758 1545 1827 Guibertus,
1593 1760 1687 1830 qui
1732 1758 1881 1815 dedit
1908 1760 2055 1818 istud

575 1852 872 1908 Consilium
892 1854 1027 1923 regi,
1058 1852 1186 1924 quia
1231 1852 1345 1907 vult
1377 1852 1628 1908 invadere
1656 1854 1804 1909 Petri

574 1945 773 2002 Sedem
794 1946 1146 2017 condignam,
1168 1946 1360 2001 Zabuli
1393 1951 1533 2012 (745)
1554 1946 1701 2018 quod
1722 1946 1850 2003 fecit
1877 1948 1950 2005 ad
1970 1949 2161 2019 instar,

576 2039 893 2096 Aitheream
923 2039 1103 2095 sedem
1130 2041 1301 2109 cupiit
1319 2040 1409 2111 qui
1429 2041 1617 2095 tollere
1648 2047 1802 2097 teter.

573 2131 842 2187 Lubricus
866 2139 922 2186 et
940 2130 1167 2187 mendax
1196 2140 1313 2185 erat
1331 2131 1430 2186 iste
1446 2132 1742 2188 Guibertus
1770 2134 2055 2203 abemus,

568 2223 837 2280 Conscius
851 2232 906 2279 et
923 2240 1154 2279 concors
1179 2224 1579 2280 homicidarum
1600 2242 1815 2297 quoque
1839 2226 2047 2296 fautor;

538 2318 840 2388 \Pompam
867 2317 1207 2373 mundanam
1256 2318 1376 2389 plus
1404 2318 1521 2390 ipso
1547 2320 1730 2375 nullus
1774 2322 2019 2392 amabat,

571 2410 868 2483 Relligione
897 2420 1064 2479 caret,
1093 2413 1173 2467 sic
1207 2411 1358 2483 quod
1381 2428 1479 2467 nec
1515 2429 1636 2469 eam
1675 2414 1778 2469 scit
1806 2431 2012 2472 amare.

570 2505 733 2559 Hunc
759 2520 852 2559 rex
881 2521 979 2576 pro
1010 2522 1144 2577 papa
1177 2505 1405 2561 laudans
1432 2505 1538 2562 hoc
1578 2508 1963 2579 magniﬁcabat
1990 2515 2157 2579 (746),

568 2599 730 2655 Ultra
756 2599 846 2669 qui
877 2609 1095 2655 montes
1124 2599 1306 2666 rediit,
1333 2598 1536 2655 faciens
1562 2602 1704 2657 mala
1741 2611 2013 2675 prompte,

570 2694 811 2764 Quaeque
838 2690 1071 2748 nefanda
1103 2693 1289 2762 libent,
1341 2702 1456 2750 tute
1485 2693 1737 2764 faciebat,
1781 2696 1963 2769 inique
1994 2718 2008 2754 :

568 2788 713 2841 Nam
753 2801 883 2841 suus
911 2794 1150 2853 exactor,
1202 2786 1393 2858 judex,
1424 2786 1591 2843 falsus
1616 2804 1836 2859 quoque
1866 2798 2049 2861 pastor

563 2870 695 2934 Nou'
713 2878 1143 2950 reprehendebat
1162 2879 1406 2936 crudelia
1424 2923 1439 2948 ,
1463 2896 1584 2952 quae
1614 2879 1863 2937 faciebat.

562 2972 831 3027 Ecclesias
880 2973 1125 3028 nummis
1172 2972 1438 3029 vendebat
1472 2974 1661 3030 sedulo
1710 2976 1915 3043 multis,

563 3068 716 3137 Saepe
744 3065 883 3122 duos
928 3064 1099 3122 falsos
1126 3066 1256 3123 urbs
1292 3083 1399 3121 una
1455 3067 1679 3124 tenebat
1706 3068 1757 3123 in
1792 3084 1937 3124 anno

562 3160 874 3224 Pontiﬁces,
922 3160 1103 3217 dando
1135 3161 1381 3217 certatim
1419 3162 1645 3232 prmmia
1697 3162 1933 3218 stando:

560 3254 774 3324 Plebes,
803 3256 1035 3329 capellas
1072 3258 1249 3327 pretio
1274 3257 1488 3314 clericis
1514 3259 1863 3327 tribuebant;

558 3349 750 3405 Cuncti
773 3350 1009 3419 perversi
1031 3350 1278 3406 vivebant
1299 3352 1416 3422 lege
1443 3352 1715 3408 Guiberti.

555 3447 697 3509 (747)
730 3447 829 3498 Ast
848 3442 977 3498 hera
1008 3442 1294 3499 Mathildis
1316 3444 1568 3517 deSpexit
1594 3444 1732 3501 facta
1754 3447 2002 3519 maligni,

557 3535 744 3605 Corde,
771 3536 941 3592 fidem
970 3554 1151 3593 veram
1182 3539 1495 3609 peramabat
1530 3555 1761 3595 munere
1790 3540 2037 3611 plenam;

554 3630 685 3684 Post
714 3631 896 3701 posuit
926 3647 1140 3703 regem;
1173 3648 1269 3703 per
1295 3640 1407 3688 tres
1448 3635 1627 3688 tenuit
1658 3635 1741 3704 pia
1792 3650 2005 3691 menses

555 3723 884 3791 Gregorium
905 3740 1126 3794 papam,
1152 3724 1237 3779 cui
1258 3725 1425 3780 servit
1446 3734 1507 3780 ut
1526 3728 1696 3782 altera
1727 3728 1967 3796 Martha;

554 3814 792 3870 Auribus
837 3816 1057 3872 intentis
1085 3817 1534 3888 capiebatsedula
1557 3820 1756 3876 mentis

555 3908 761 3963 Cuncta
787 3910 969 3989 Patris
1006 3908 1154 3965 dicta
1182 3926 1282 3965 ceu
1332 3912 1535 3969 Christi
1576 3914 1737 3968 verba
1764 3914 1966 3982 Maria;

550 4001 774 4072 PrOpria
802 4002 1069 4074 clavigero
1091 4007 1235 4070 (748)
1255 4020 1351 4059 sua
1372 4004 1616 4061 subdidit
1645 4008 1827 4062 omnia
1855 4012 2036 4076 Petro,

546 4094 761 4150 Janitor
800 4106 882 4152 est
909 4096 1029 4153 οωιί
1060 4113 1192 4153 suus
1212 4097 1404 4166 haeres,
1438 4099 1664 4171 ipsaque
1698 4101 1861 4156 Petri.

547 4186 835 4259 Accipiens
863 4191 1128 4263 scriptum
1158 4190 1225 4247 dc
1270 4193 1483 4248 cunctis
1526 4210 1660 4265 papa
1687 4194 1983 4267 benignus.

541 4282 699 4337 Tunc
748 4281 988 4339 libertati
1020 4286 1352 4342 Canosinam
1381 4288 1740 4345 sanctificavit

542 4374 860 4444 Ecclesiam,
902 4377 1148 4435 chartam
1186 4380 1446 4436 libertatis
1472 4383 1572 4437 sibi
1616 4383 1822 4455 largam

542 4469 790 4538 Dictans,
824 4480 879 4527 et
906 4473 1173 4530 mandans
1224 4474 1489 4531 violenter
1517 4492 1587 4531 ne
1632 4492 1727 4532 sua
1768 4485 1959 4550 tangat

539 4563 703 4619 Ullus
742 4565 913 4622 homo
944 4583 1171 4639 prorsus
1194 4568 1266 4624 sit
1288 4570 1357 4625 ob
1402 4569 1507 4626 hoc
1540 4570 1884 4627 anathemate
1910 4579 2085 4628 tortus
2118 4591 2131 4628 :

606 4779 760 4860 ,(745)
787 4781 869 4836 Ita
896 4780 1178 4860 diabolum
1209 4790 1469 4860 corrupto
1502 4783 2141 4860 vocabuloappellarunt

547 4849 679 4932 glim
707 4866 823 4932 non
850 4854 1030 4932 solum
1053 4855 1265 4932 vulgus,
1297 4849 1391 4932 sed
1422 4865 1476 4910 et
1500 4856 1795 4913 Christiani
1819 4849 2137 4929 scriptores.

548 4922 780 4999 Memini
816 4938 904 4999 me
932 4925 1119 4999 videre
1148 4922 1562 4999 inscriptionem
1602 4937 1871 4985 vetustam
1905 4922 2137 4999 positam

548 4994 777 5119 ﬁiacono
832 4994 1173 5064 Christiano,
1208 5018 1223 5067 ‘\
1232 4997 1288 5052 in
1318 4994 1462 5069 'quia
1508 4999 1554 5054 is
1599 5009 1827 5057 vocatur
1877 4994 2133 5059 Zaconus.

612 5079 713 5119 nn.

612 5079 713 5121 UB.

618 5136 759 5207 (746)
790 5139 934 5211 Num
964 5136 1173 5209 potius,
1203 5140 1341 5194 hunc
1366 5141 1787 5211 magniﬁcabat?
1824 5143 1990 5201 Mnn.

548 5280 595 5333 L
618 5214 761 5274 (747)
787 5210 949 5281 Seqq.
980 5216 1012 5265 7
1048 5226 1235 5266 versus
1270 5213 1498 5278 Baron.,
1526 5210 1699 5282 Ann.,
1756 5221 1913 5283 1077,
1955 5232 2008 5271 n.
2045 5222 2133 5273 23.

605 5294 727 5333 EIB.

605 5294 727 5335 ΕῐΒ.

618 5356 762 5431 (748)
795 5352 1109 5431 Invaluiteo
1147 5351 1376 5421 saeculo,
1410 5370 1477 5431 ac
1505 5355 1851 5431 potissimum
1879 5358 2135 5431 Gregorii

545 5422 639 5495 Yll
672 5438 826 5495 papae
856 5424 1216 5495 temporibus,
1248 5441 1370 5481 mos
1396 5422 1665 5484 efferendi
1695 5445 1805 5484 non
1840 5422 2028 5485 castra"
2046 5448 2135 5486 so-

548 5491 686 5559 lum,
721 5491 818 5578 sed
848 5503 911 5578 et
933 5491 1145 5578 integra
1190 5491 1355 5578 regina
1398 5501 1723 5578 apostolica;
1770 5501 1933 5578 sedi,_
1965 5518 2137 5578 eaque

545 5580 733 5643 rursus
751 5566 935 5643 ab_i||a
961 5566 1346 5643 accipiendi'in
1382 5566 1634 5643 ‘fe'udum.
1664 5574 1721 5627 1d
1757 5566 2000 5643 praestitit
2025 5566 2134 5627 De-

546 5636 774 5691 metrius
802 5641 1091 5715 Russorum
1124 5656 1225 5695 rea:
1266 5639 1481 5697 duobus
1504 5654 1631 5698 ante
1684 5636 1870 5715 pacem
1904 5645 2134 5701 Canusio

545 5723 677 5783 nam
705 5710 883 5777 annis,
913 5727 1110 5783 nempe
1138 5728 1279 5767 anno
1309 5720 1465 5781 t075,
1495 5722 1614 5770 tum
1644 5710 1781 5770 alter
1826 5716 2136 5771 Demetrius

546 5780 770 5837 Oroatia
819 5786 870 5838 et
921 5780 1208 5840 Dalmatia:
1254 5786 1391 5849 dum,
1444 5780 1562 5841 Sive
1624 5802 1737 5842 rex.
1794 5788 2131 5843 Bertrannus

1588 228 1679 281 AD
1718 226 1944 282 OPERA
1980 226 2031 281 S.
2076 223 2398 281 GREGOPJI
2436 225 2877 282 APPENDICESJ

2198 356 2252 415 Α
2284 350 2765 421 Ηοτῐδῖιιζωθςηω
2784 348 3087 405 οοηιίιίεεω
3111 362 3248 420 papa
3274 346 3375 404 dat
3398 347 3540 404 hanc
3554 364 3676 407 rem.

3712 233 3816 288 l000

2286 445 2554 515 Tempora
2602 443 2749 498 mille
2778 444 2881 498 Dei
2929 452 3062 498 tunc
3095 451 3305 514 septem
3330 444 3678 513 septuaginta.

2280 540 2523 609 Tempus
2557 552 2891 610 cognoscens
2918 535 3138 592 crudele
3168 535 3348 591 venire
3378 553 3474 607 per
3502 536 3676 592 orbem

2280 633 2445 702 Papa,
2475 630 2808 687 ducatricem
2848 630 3024 685 verbis
3054 629 3377 685 corroborat
3400 628 3569 694 idem,

2280 726 2362 781 Ut
2387 726 2461 780 sit
2490 725 2547 780 in
2586 725 2824 781 adversis
2853 724 3141 793 acerrima,
3171 740 3283 779 non
3313 723 3383 779 sit
3414 723 3647 790 inermis,

2281 818 2637 873 Christicolas
2666 826 2911 884 cunctos,
2947 825 3008 873 ut
3038 816 3313 889 pravalet,
3343 816 3559 888 adjuvet
3590 816 3738 883 ultro;

2279 911 2783 983 Blasphematores,
2812 911 2903 983 qui
2924 919 3055 967 sunt
3077 912 3295 966 Satanae
3318 926 3536 982 quoque
3560 911 3737 981 proles,

2278 1009 2559 1075 Conterat,
2592 1009 2873 1078 exstirpet,
2901 1015 3123 1063 revocet
3159 1006 3483 1078 quandoque
3508 1007 3737 1079 benigne.

2277 1103 2438 1157 Iussa
2485 1100 2560 1173 pii
2595 1100 2809 1156 domini
2836 1101 3049 1171 sapiens
3080 1101 3359 1155 comitissa
3385 1099 3647 1168 recondit,

2277 1197 2357 1251 Ut
2384 1194 2570 1266 regina
2596 1195 2735 1251 Saba
2761 1194 3074 1250 Salomonis
3099 1194 3262 1250 verba
3288 1194 3475 1261 beata;

2281 1289 2420 1359 (749)
2444 1290 2689 1361 Cumque
2716 1287 2971 1344 valedixit
3011 1288 3308 1344 comitissa:
3346 1303 3483 1359 papa
3507 1287 3739 1344 Mathildi

2276 1382 2490 1439 Urbem
2530 1385 2846 1438 Romanam
2877 1381 3063 1438 Madio
3094 1382 3327 1437 florente
3370 1397 3465 1452 per
3492 1398 3619 1437 arra

2275 1476 2491 1543 Visitat,
2522 1476 2817 1532 adventum
2845 1476 3003 1548 cujus
3049 1476 3200 1547 plebs
3231 1476 3343 1546 ipsa
3377 1488 3651 1546 repertum

2274 1569 2496 1637 Obviat,
2526 1570 2786 1636 exsultat,
2822 1578 3099 1641 pastorem
3129 1569 3361 1640 suscipit
3382 1586 3509 1634 una,

2272 1665 2499 1736 Ipseque
2519 1662 2890 1731 commendat,
2922 1662 3073 1735 quod
3103 1662 3301 1718 nobilis
3332 1670 3521 1735 egerat
3564 1680 3679 1735 erga

2197 1746 2246 1808 B
2272 1758 2360 1826 Se,
2391 1765 2751 1830 sanctumque
2792 1759 3021 1812 Petrum
3052 1756 3369 1826 Mathildis;
3401 1758 3547 1813 vivat
3576 1758 3628 1813 in
3654 1773 3820 1823 aevum,

2272 1853 2537 1910 Clamavit
2564 1860 2792 1908 cunctus
2813 1852 3011 1918 clerus,
3040 1858 3190 1906 totus
3216 1866 3435 1922 quoque
3458 1852 3680 1923 vulgus;

2267 1948 2410 2003 Cum
2450 1946 2647 2020 quibus
2671 1954 2722 2001 et
2754 1961 2945 2017 regem
2984 1944 3266 2000 maledixit
3294 1944 3476 2001 denuo
3516 1956 3680 2012 recte,

2268 2040 2621 2112 Absolvitque
2645 2039 2812 2108 viros,
2842 2039 2935 2111 qui
2956 2040 3208 2109 jurarant
3231 2037 3351 2106 sibi,
3376 2039 3584 2095 micros
3610 2040 3738 2111 (750)

2272 2140 2352 2190 Ac
2378 2150 2628 2205 proceres
2668 2132 2923 2205 grandes,
2971 2132 3124 2187 illum
3153 2132 3195 2187 si
3247 2131 3491 2204 linquere
3514 2134 3729 2189 mallent

2269 2228 2426 2297 Quod
2457 2243 2549 2283 rex
2593 2242 2913 2299 agnoscens,
2941 2226 3253 2282 coadunans
3274 2225 3453 2281 denuo
3481 2225 3651 2283 fortes

2270 2322 2414 2393 (751)
2444 2322 2659 2376 Italiam
2703 2336 2925 2375 rursum
2956 2320 3194 2392 spatium
3234 2326 3357 2389 post
3383 2321 3651 2391 temporis
3683 2334 3826 2377 unum

2268 2414 2599 2487 Ingreditur,
2620 2422 2827 2470 terram
2855 2422 3033 2469 totam
3069 2412 3381 2469 maculabat
3399 2414 3681 2471 aberrans.

2267 2509 2391 2565 Sola
2435 2508 2639 2565 resistit
2685 2509 2736 2564 ei
2783 2507 3087 2574 Mathildis,
3122 2507 3236 2562 filia
3264 2507 3436 2577 Petri,

2161 2644 2167 2651 ι
2264 2605 2384 2658 Rex
2408 2602 2763 2659 exardescens
2792 2611 2980 2657 contra
3002 2616 3165 2673 quam
3196 2601 3440 2656 concitat
3468 2617 3648 2674 enses,

2267 2696 2479 2766 Praalia,
2520 2706 2780 2764 terrores,
2818 2704 2872 2751 et
2910 2694 3100 2751 castris
3129 2695 3467 2763 obsidiones,

2262 2788 2350 2844 Ad
2378 2788 2609 2843 nihilum
2652 2796 2875 2860 pugnat,
2907 2803 3017 2843 non
3067 2788 3185 2843 hzec
3211 2786 3566 2859 superabitur
3591 2801 3825 2860 unquam;

2261 2882 2649 2955 Insuperabilia
2676 2883 2791 2938 loca
2810 2888 2937 2938 sunt
2951 2881 3058 2937 sibi
3082 2881 3317 2953 plurima
3335 2882 3461 2937 ﬁxa.

2260 2980 2523 3052 Diligitur
2551 2979 2726 3046 valde,
2756 2980 2907 3037 villas
2933 2979 3176 3036 defendit
3205 2988 3261 3036 et
3286 2996 3462 3049 arces,

2264 3077 2422 3131 Hanc
2447 3075 2592 3131 videt
2619 3076 2897 3132 incassum
2926 3075 3102 3130 rixam
3126 3090 3222 3130 rex
3248 3090 3490 3131 crescere
3509 3082 3741 3141 tantum,

2265 3170 2482 3242 Cogitat
2507 3177 2567 3224 ut
2594 3169 2778 3225 turbet
2806 3170 2989 3225 solum
3018 3178 3199 3241 caput,
3234 3170 3333 3225 ivit
3364 3170 3438 3225 ad
3478 3172 3677 3227 urbem

2259 3265 2618 3331 Romuleam,
2649 3279 2832 3320 secum
2860 3265 3158 3321 Guibertus
3180 3265 3361 3321 abisse
3404 3264 3648 3322 videtuh

2258 3360 2380 3415 Mos
2408 3358 2510 3414 fuit
2537 3358 2835 3414 adventum
2882 3359 3025 3430 regis
3063 3359 3263 3430 populo
3293 3359 3434 3429 (752)
3466 3357 3592 3415 fore
3630 3357 3828 3419 festum,

2257 3453 2418 3508 Istius
2450 3460 2534 3509 est
2561 3452 2743 3519 ﬂetus,
2789 3467 2888 3507 sua
2934 3452 3160 3509 turbant
3186 3454 3417 3510 crimina
3445 3456 3672 3510 caelum.

2263 3547 2407 3604 Urbs
2438 3556 2660 3619 propter
2687 3562 2885 3619 papam
2915 3562 3027 3603 non
3057 3546 3135 3602 illi
3182 3548 3246 3603 ﬁt
3275 3555 3554 3615 reserata;

2255 3642 2412 3698 Circa
2448 3656 2611 3713 quam
2638 3640 2849 3696 bellans
2890 3639 3093 3712 dirupit
3116 3641 3322 3697 muenia
3363 3640 3535 3709 celsa,

2255 3735 2601 3807 DepOpulans
2618 3734 2847 3801 Urbem,
2874 3750 3073 3806 papam
3094 3742 3346 3790 statuens
3372 3733 3446 3790 ibi
3469 3742 3711 3807 turpem,

2257 3828 2404 3899 (753)
2431 3830 2497 3883 1n
2540 3827 2797 3885 cathedra
2854 3828 2995 3884 locat
3041 3827 3187 3884 hunc
3214 3827 3352 3885 falso
3404 3828 3667 3886 Clemens
3698 3822 3821 3879 voci-

3562 3926 3731 3991 [tatur
3761 3939 3772 3973 :

2254 4016 2355 4072 Hic
2384 4024 2466 4072 est
2505 4015 2805 4073 Guibertus
2832 4015 3012 4086 fallax,
3052 4023 3295 4072 vastator
3313 4024 3540 4088 apertus

2253 4110 2509 4167 Ecclesia
2560 4111 2778 4179 Christi,
2812 4110 3010 4167 merito
3040 4127 3203 4183 quem
3230 4112 3412 4184 signat
3456 4110 3644 4184 abyssi

2248 4204 2449 4273 Bestia,
2484 4219 2650 4276 quam
2677 4204 2811 4260 vidit
2839 4204 3071 4260 dilectus
3099 4206 3153 4260 in
3178 4206 3532 4277 Apocalypsi.

2246 4298 2411 4369 Regis
2461 4306 2514 4353 et
2540 4298 2629 4352 illa
2656 4298 2895 4368 phalanx
2920 4300 3159 4354 Romam
3194 4306 3371 4354 totam
3401 4297 3739 4361 maculabat,

2247 4396 2425 4457 (754-7
2432 4390 2521 4461 55)
2542 4392 2775 4463 Pervigil
2800 4399 2855 4447 et
2874 4395 3079 4449 Rector
3095 4392 3397 4464 Gregorius
3418 4408 3486 4449 ex
3500 4409 3664 4465 grege
3684 4390 3827 4454 fesso,

2169 4482 2221 4545 D
2249 4484 2477 4539 Pollutae
2500 4483 2777 4539 cathedrae
2808 4485 3049 4541 multum
3108 4502 3328 4558 quoque
3364 4486 3637 4542 condolet
3672 4496 3833 4555 aeque.

2243 4578 2471 4650 Sperans
2497 4576 2551 4633 in
2572 4578 2797 4633 Petrum
2818 4580 3021 4651 rogitat
3041 4594 3280 4652 pugnare
3302 4580 3619 4637 Robertum

2247 4802 2466 4862 quoque
2508 4793 2803 4848 Prouincia:
2853 4808 3017 4849 comes
3062 4792 3243 4848 omnia
3291 4809 3386 4849 sua
3418 4792 3611 4849 eidem
3659 4788 3839 4862 obtulit

2248 4861 2393 4936 anno
2432 4870 2589 4931 1081,
2628 4866 2813 4919 utalia
2853 4866 3098 4935 exempla
3157 4874 3495 4936 prmteream.
3532 4861 3839 4936 [moide

2247 4934 2547 5007 Gregorius
2577 4938 2695 5002 VII,
2724 4934 3031 4992 insinuasse
3066 4934 3279 4991 videtur
3298 4936 3454 5007 epist.
3489 4938 3595 4998 III,
3637 4934 3725 4989 lib.
3760 4947 3839 5007 rx.

2247 4950 2547 5060 uregonus
2582 4950 2695 5002 vu,
2724 4951 3024 4992 insmuasse
3066 4950 3279 4991 Videtur
3298 4950 3454 5007 epist.
3489 4950 3595 4998 lu,
3637 4950 3725 4989 nu.
3762 4950 3838 4991 rx.

2247 5014 2308 5060 ut
2336 5006 2354 5059 i
2429 5007 2497 5061 ab
2528 5007 2647 5062 aliis
2684 5008 2997 5078 potentibus
3020 5008 3151 5062 viris
3180 5007 3335 5063 fieret
3364 5024 3547 5062 amore
3589 5008 3738 5061 beati
3754 5005 3838 5056 Pe-

2248 5079 2340 5144 tri,
2386 5092 2487 5146 pro
2514 5095 2731 5133 suorum
2750 5084 3089 5149 peccatorum
3120 5079 3467 5134 absolutionc.
3501 5081 3669 5134 MUB.

2249 5220 2295 5274 L
2320 5154 2465 5213 (749)
2505 5150 2629 5220 Seq.
2663 5155 2695 5202 6
2739 5166 2925 5204 versus
2951 5150 3143 5205 recitat
3169 5153 3318 5217 Bar.,
3368 5154 3522 5217 1077,
3560 5165 3727 5203 num.
3760 5150 3839 5199 43.

2298 5234 2416 5274 EIB.

2298 5234 2416 5274 ΕΙΒ.

2316 5291 2459 5363 (750)
2495 5289 2567 5363 Idi
2587 5298 2668 5363 est
2696 5306 2914 5363 parvos,
2936 5292 3047 5348 sive
3074 5292 3285 5363 plebem
3318 5312 3328 5347 :
3356 5289 3507 5363 quod
3553 5299 3613 5345 et
3644 5305 3777 5363 ergo
3798 5288 3846 5341 in

2248 5360 2479 5432 gratiam
2510 5360 2705 5433 plebis
2730 5362 2967 5419 indocta:
2996 5360 3261 5419 adnotare
3284 5360 3452 5431 volui,
3482 5362 3724 5433 quando
3753 5360 3841 5412 bo-

2248 5448 2351 5507 nus
2377 5432 2587 5507 Donizo
2626 5433 2943 5490 Graeculum
2976 5434 3062 5490 hic
3086 5450 3247 5507 agere
3276 5434 3536 5490 instituit.
3580 5437 3747 5507 MU}.

2321 5503 2463 5573 (75t)
2489 5506 2604 5559 Hos
2629 5511 2662 5559 8
2710 5521 2847 5561 vers.
2880 5508 3103 5567 Baron.,
3125 5503 3294 5570 ⁷1081,
3325 5521 3479 5561 num.
3531 5508 3632 5560 25.
3680 5505 3843 5558 Lmn.

2322 5577 2466 5643 (752)
2497 5577 2654 5641 Fore,
2682 5576 2737 5632 id
2767 5585 2849 5631 est
2877 5593 2994 5632 esse
3028 5576 3245 5633 debere.
3276 5579 3440 5633 LEIB.

2316 5645 2456 5715 (753)
2482 5648 2649 5716 Hos,4
2681 5664 2815 5703 vers.
2848 5650 2998 5715 Bar.,
3031 5654 3186 5712 1083,
3220 5665 3375 5703 num.
3407 5654 3454 5702 2.
3475 5646 3673 5703 [ιειις.

2320 5717 2595 5787 (754-755)
2626 5720 2739 5775 Hos
2772 5726 2805 5775 6
2827 5735 2963 5777 vers.
2998 5722 3121 5775 Bar.
3157 5721 3276 5788 cit.,
3312 5726 3465 5782 1084,
3496 5733 3670 5773 num.
3693 5723 3746 5771 6.
