4010 6164
185 272 303 324 1001

1075 275 1360 328 APPEND.
1402 276 1487 329 Ill.
1529 305 1599 317 —-
1633 276 2049 333 MONUMENTA
2083 277 2541 333 GREGORIANA.

3318 285 3340 335 1
3350 285 3455 337 002

184 397 555 451 Hermannum
586 395 730 464 (756)
790 396 1105 466 quemdam,
1162 398 1255 468 qui
1310 414 1491 469 regem
1552 399 1759 470 depulit
1786 406 1838 468 Α
1938 403 2152 457 domina
2186 404 2492 465 Mathildis,
2538 408 2589 457 et
2608 403 2751 471 quod
2779 406 2984 458 cunctis
3007 405 3292 460 Catholicis
3331 407 3456 461 sub-

1513 496 1685 560 [extra

182 582 406 647 Urbem,
431 583 522 654 qui
559 584 721 639 veluti
752 600 846 656 per
874 594 1105 642 stratam
1136 585 1279 658 (757)
1311 586 1568 642 damnula
1621 587 1757 658 fugit

184 676 590 748 Francigenam,
633 687 850 734 montes
869 680 1014 735 ultra
1052 679 1265 735 rediens
1291 680 1468 734 malus
1520 680 1756 751 hospes:

183 772 315 840 Papa
337 786 467 825 suus
490 770 740 827 Clemens
760 772 1032 828 Romanis
1059 774 1281 844 praemia
1317 773 1584 844 praebens,

183 865 383 932 Raptor
410 871 691 920 terrenam
720 865 865 920 Petri
898 866 1039 936 rapit
1065 866 1177 937 ipse
1202 865 1547 934 cathedram,

183 956 500 1028 Quanquam
548 973 606 1013 se
650 966 935 1024 monstret,
984 959 1133 1031 quod
1182 959 1252 1015 sit
1277 959 1429 1031 quasi
1477 967 1665 1031 pastor
1702 959 1761 1013 in

1491 1051 1690 1125 (Urbe,

180 1142 279 1214 Ipsi
308 1144 453 1199 nulla
480 1152 668 1199 tamen
696 1160 823 1217 pars
852 1145 911 1201 in
932 1146 1053 1203 caeli
1078 1155 1269 1202 manet
1320 1162 1478 1214 arce;

178 1237 278 1291 Hic
306 1236 506 1292 heresis
531 1238 687 1293 limes
715 1238 987 1294 mundum
1017 1239 1236 1295 seduxit
1269 1240 1475 1311 inique,

178 1333 332 1387 Jussa
353 1332 446 1386 Dei
473 1331 698 1402 spernit,
729 1341 1044 1388 sanctorum
1064 1334 1227 1388 verba
1256 1333 1513 1404 neglexit,

181 1424 498 1480 Prmvaricat
528 1425 693 1497 leges,
719 1425 926 1481 divinas
952 1425 1189 1482 destruit
1227 1426 1401 1483 aedes:

184 1519 517 1590 Persequitur
564 1517 793 1590 dignum
842 1519 1133 1576 dominum
1206 1535 1513 1592 papamque
1586 1519 1763 1591 magi-

1474 1612 1690 1685 [strum,

182 1706 277 1776 Qui
305 1705 532 1761 monitis
560 1706 733 1763 sacris
764 1706 958 1776 plenus
984 1715 1175 1763 manet
1202 1708 1263 1763 in
1286 1707 1589 1775 Lateranis,

180 1800 288 1855 Illic
306 1800 608 1855 consistens
647 1805 793 1866 (758)
820 1802 1200 1872 spermologus
1229 1802 1469 1872 optimus
1495 1802 1616 1867 iste,

182 1991 447 2058 Perpetuo
472 1987 734 2043 damnans
765 1988 1112 2043 anathemate
1138 1987 1434 2044 schismata
1484 1996 1655 2044 tanta.

179 2082 424 2138 Nascitur
454 2081 579 2137 hinc
599 2082 809 2137 cunctis
830 2082 1020 2153 ingens
1050 2082 1324 2137 tribulatio
1359 2081 1538 2152 justis,

182 2177 501 2230 Mucronem
526 2175 668 2247 regis
700 2174 784 2246 pia
812 2191 934 2246 pars
961 2177 1372 2246 quammaxime
1401 2175 1583 2231 sentit.

181 2268 412 2325 Sedibus
437 2268 645 2339 expulsi
665 2277 793 2323 sunt
838 2268 1123 2340 pontiﬁces
1152 2284 1375 2340 quoque
1405 2267 1585 2334 multi,

180 2361 381 2433 Flagris
410 2360 620 2427 afﬂicti,
649 2361 840 2416 vinclis
880 2362 935 2415 in
959 2377 1177 2417 carcere
1206 2362 1405 2416 stricti.

180 2459 294 2510 Rex
318 2463 372 2509 et
401 2454 696 2511 Guibertus
722 2453 922 2510 faciunt
941 2455 1296 2526 juvenescere
1330 2463 1551 2526 tempus

180 2549 408 2605 Neronis
438 2548 620 2620 prisci,
660 2548 750 2620 qui
783 2549 1038 2620 praecepit
1061 2548 1303 2619 cruciﬁgi

180 2645 425 2710 Petrum,
446 2642 718 2697 cervicem
747 2642 898 2697 Pauli
927 2641 1103 2712 gladio
1134 2640 1258 2695 ferit
1278 2639 1444 2707 idem,

183 2738 249 2791 Et
272 2736 508 2807 propriae
549 2743 796 2791 ventrem
827 2734 1189 2806 praescindere
1218 2734 1411 2790 matris
1429 2734 1497 2789 ab
1521 2749 1652 2789 ense
1748 2732 1781 2746 ’

181 2829 332 2885 Fecit
360 2838 421 2884 ut
446 2829 757 2900 inspiceret,
781 2827 1047 2900 requievit
1073 2827 1163 2882 ubi
1192 2828 1371 2883 malus
1400 2827 1515 2898 ipse
1540 2846 1552 2881 :

181 2924 269 2979 Sic
295 2922 533 2994 prapriaa
573 2922 766 2977 matris
785 2923 988 2993 palmas
1016 2920 1318 2977 calcaribus
1345 2921 1487 2976 acris

182 3014 518 3081 Transfodit,
549 3014 749 3070 missus
792 3017 1026 3081 Satanae,
1058 3015 1358 3071 Guibertus
1387 3014 1629 3087 iniquus.

1936 478 2162 530 venerit.

1865 591 2041 646 Corde
2067 591 2156 661 pio
2184 592 2420 663 ﬂagrans
2446 590 2722 646 Mathildis
2760 592 2955 647 .lucida
2995 592 3207 663 lampas

1866 683 2141 739 Adversus
2168 684 2324 739 binos
2350 685 2568 739 Domini
2600 685 2777 740 crucis
2804 686 2903 740 hos
2955 686 3210 740 inimicos

1866 779 2055 845 Arma,
2088 778 2444 845 voluntatem,
2496 777 2751 845 famulos,
2809 795 3001 849 gazam
3059 780 3455 851 propriamque

1866 870 2106 937 Excitat,
2136 870 2413 941 expendit,
2451 872 2694 942 instigat,
2728 872 2909 943 praelia
2947 873 3131 944 gessit.

1868 964 2091 1035 Singula
2118 964 2162 1019 si
2201 965 2399 1035 ﬁngam
2430 981 2554 1035 quae
2585 964 2714 1020 fecit
2742 964 2938 1020 nobilis
2980 966 3101 1029 ista,

1868 1057 2118 1112 Carmina
2156 1057 2235 1112 sic
2264 1066 2530 1125 crescent,
2565 1066 2693 1113 sunt
2732 1066 2795 1113 ut
2848 1074 3080 1113 numero
3109 1059 3225 1114 sine
3260 1060 3455 1128 stella,

1866 1152 2029 1205 Plura
2058 1150 2154 1205 sed
2178 1151 2449 1217 omittam,
2492 1150 2561 1206 de
2599 1151 2785 1222 paucis
2817 1151 3003 1206 discite
3044 1152 3201 1206 mira.

1870 1246 1950 1299 Ex
1980 1243 2079 1298 hac
2107 1252 2253 1314 parte
2278 1244 2396 1298 freti
2426 1261 2519 1314 per
2562 1245 2783 1299 climata
2811 1253 3047 1315 quatuor
3077 1245 3199 1312 aevi,

1868 1339 2041 1407 Lepra
2068 1336 2388 1392 Guibertina
2416 1348 2756 1393 succreverat
2787 1337 3040 1405 horrida;
3090 1340 3245 1409 nigra

1869 1432 1983 1484 Hac
2004 1430 2146 1500 lepra
2178 1430 2416 1485 mundus
2444 1429 2563 1485 fore
2584 1448 2693 1485 non
2731 1432 2882 1485 locus
2912 1431 3124 1485 exstitit
3150 1433 3313 1495 ullus,

1866 1522 2070 1578 Munda
2092 1524 2291 1578 domus
2316 1525 2429 1578 sola
2463 1524 2746 1578 Mathildis
2772 1533 2887 1578 erat
2912 1526 3155 1593 spaciosa
3180 1526 3352 1597 (762),

1871 1620 2013 1690 (763)
2042 1617 2333 1674 Catholicis
2362 1634 2583 1687 prorsus
2607 1617 2705 1672 fuit
2737 1619 2853 1672 haec
2881 1626 3033 1672 tutus
3059 1620 3207 1688 quasi
3242 1627 3458 1689 portus;

1873 1713 2014 1766 Nam
2048 1728 2187 1783 quos
2208 1710 2505 1766 damnabat
2530 1727 2641 1779 rex,
2674 1711 2921 1781 pellebat,
2950 1710 3217 1780 spoliabat

1793 1773 1842 1835 B
1874 1805 2181 1873 Pontiﬁces,
2225 1804 2547 1871 monachos,
2578 1804 2827 1871 clericos,
2856 1806 3022 1859 Italos
3061 1820 3299 1876 quoque,
3330 1806 3464 1860 Gal-

181 1900 318 1961 (759)
343 1894 570 1949 Actibus
600 1902 655 1949 et
673 1893 852 1949 verbis
885 1894 1178 1965 exprobrat
1214 1894 1447 1950 schisma
1510 1893 1763 1950 Guiberti
1856 1906 1861 1911 ‘

3261 1897 3394 1965 [108;

1873 1990 1955 2048 Ad
1986 1993 2166 2047 vivum
2186 1991 2398 2047 fontem
2426 1992 2719 2046 currebant
2750 1990 2998 2045 funditus
3038 2006 3231 2045 omnes
3264 2008 3277 2043 :

1872 2086 2088 2141 Scilicet
2101 2086 2169 2139 ad
2188 2085 2394 2140 dictam
2425 2084 2712 2139 dominam
2743 2084 2852 2154 iam
2872 2092 3053 2137 mente
3080 2084 3394 2153 benignam,

1872 2182 2116 2250 Quaeque
2144 2178 2494 2249 requirebant
2534 2177 2679 2247 apud
2715 2177 2886 2247 ipsam
2916 2175 3324 2247 repperiebant,

1872 2271 2061 2326 Defuit
2087 2271 2231 2326 haud
2262 2271 2379 2336 ulli,
2402 2270 2538 2341 quin
2570 2269 2778 2340 profuit
2804 2268 3006 2338 Optima
3058 2270 3288 2336 cunctis,

1875 2367 1996 2420 Non
2026 2365 2094 2419 ab
2122 2381 2181 2420 ea
2207 2374 2462 2430 moestus,
2489 2363 2537 2419 si
2563 2364 2687 2433 quis
2717 2363 2797 2417 vir
2828 2362 2973 2417 venit
3003 2362 3283 2431 honestus,

1874 2461 2135 2529 Unquam
2168 2459 2453 2528 praeteriit,
2486 2456 2581 2511 sed
2607 2456 2918 2511 consolatus
2956 2456 3146 2523 abivit,

1876 2550 2132 2605 Vestibus
2159 2566 2188 2605 e
2213 2551 2381 2604 sacris
2411 2550 2613 2604 multos
2642 2549 2759 2604 haec
2793 2558 2920 2603 nota
2964 2548 3222 2605 ducatrix

1879 2646 2064 2699 Patres
2083 2642 2383 2717 catholicos
2412 2643 2634 2697 vestisse
2663 2641 2886 2712 quidem
2910 2642 3251 2697 reminiscor.

1879 2737 2021 2807 (764)
2080 2740 2231 2791 Inter
2280 2751 2416 2807 quos
2454 2734 2611 2788 fulxit
2640 2733 2970 2789 reverendus
2997 2735 3281 2805 episcopus
3320 2735 3471 2789 urbis

1878 2830 2166 2895 Lucensis,
2207 2829 2392 2882 lucens
2426 2826 2717 2882 Anselmus
2741 2830 2889 2894 (765)
2918 2828 3155 2881 maxime
3212 2827 3468 2897 prudens,

1878 2925 2018 2994 Lege
2040 2923 2141 2978 Dei
2163 2921 2379 2986 doctus,
2413 2922 2717 2975 monachus
2748 2920 2884 2974 bene
2915 2919 3254 2990 relligiosus;

1877 3018 2173 3089 Gregorius
2203 3016 2399 3087 praesul
2424 3018 2728 3082 Romanus,
2758 3022 2819 3069 ut
2847 3012 2957 3084 egit
2972 3014 3150 3079 Jesus,

182 3110 403 3167 Nullum
428 3110 629 3182 quippe
655 3111 837 3166 virum
865 3110 1051 3166 timuit
1078 3110 1182 3165 nisi
1231 3113 1378 3167 Nero
1423 3109 1769 3181 magistrum;
1806 3154 1845 3213 (η
1885 3115 1944 3166 In
1975 3128 2137 3167 cruce
2161 3110 2255 3183 qui
2272 3109 2519 3165 moriens
2548 3109 2643 3163 dat
2670 3107 2934 3178 discipulo
2966 3106 3324 3175 Genitnicem,

181 3205 345 3259 Venis
374 3204 558 3258 incisis
583 3204 642 3259 in
671 3220 812 3276 aqua
849 3203 1017 3258 vitam
1047 3203 1175 3259 tulit
1212 3203 1340 3275 ipsi.

183 3298 250 3354 Hi
281 3296 391 3352 duo
411 3297 709 3368 praescripti
723 3296 846 3353 ﬁdei
874 3295 989 3352 fere
1006 3313 1210 3352 nomen
1240 3297 1416 3364 obliti,

182 3390 421 3447 Perdere
449 3392 699 3446 nituntur
727 3391 1009 3446 doctorem
1036 3390 1271 3461 denique
1294 3406 1602 3447 summum.

185 3485 375 3541 Simon
407 3484 485 3540 eis
513 3484 705 3540 doctor
728 3488 922 3556 Magus
948 3492 1124 3539 exstat
1152 3492 1207 3538 et
1223 3483 1467 3555 hiSpidus
1494 3492 1704 3551 auctor,

185 3579 447 3650 Ignorant
474 3577 657 3633 forsan
688 3578 854 3648 quod,
885 3578 1019 3633 dum
1044 3575 1262 3633 fortuna
1296 3586 1560 3649 reportat,

182 3671 421 3743 Injustos
452 3687 671 3727 sursum
702 3672 943 3726 ruituros
989 3687 1106 3727 esse
1135 3669 1416 3739 deorsum,

181 3763 530 3836 Quandoque
564 3764 684 3837 plus
711 3764 862 3836 ipsos
891 3770 1034 3831 (760)
1055 3764 1176 3820 ideo
1221 3764 1428 3836 patitur
1455 3767 1604 3821 Deus
1631 3764 1773 3821 illos.

788 3860 1030 3915 CAPUT
1076 3861 1152 3914 II.

183 3953 431 4021 Qualiter
486 3954 628 4006 circa
654 3968 832 4020 regem
882 3957 1025 4017 (761)
1083 3957 1132 4006 et
1156 3954 1468 4011 Guibertum
1512 3953 1780 4008 exarserit

259 4182 408 4254 (756)
435 4182 569 4239 Cod.
593 4191 731 4247 ant.,
754 4185 1147 4239 Normannum.
1182 4184 1351 4239 Lam.

256 4255 447 4309 Nostri
479 4270 697 4325 quoque
726 4254 942 4309 codices
967 4257 1333 4311 Normannum
1362 4254 1583 4310 habent.
1615 4257 1781 4310 Error

182 4324 242 4379 in
301 4325 551 4379 omnium
590 4325 775 4380 oculos
800 4326 1123 4385 incurrebat.
1158 4328 1263 4381 Sed
1298 4327 1433 4381 heus
1476 4327 1614 4381 bone
1667 4330 1778 4381 Do-

182 4396 353 4450 nizo!
390 4398 676 4466 quemdam
720 4397 1006 4453 Robertum
1062 4402 1433 4452 Normannum
1482 4412 1779 4465 memoras,

178 4467 339 4538 quasi
365 4467 724 4542 triobolarem
748 4484 1050 4542 procerem,
1067 4468 1270 4540 tibique
1298 4470 1590 4542 ignotum?
1618 4470 1777 4525 Mun.

254 4543 405 4604 (757)
437 4539 570 4595 Cod.
604 4549 714 4593 ant.
758 4540 1052 4593 dammula.
1084 4539 1246 4596 LEIB.

1838 3194 1848 3211 ’
1881 3205 2171 3261 Commisit
2206 3205 2489 3260 dominam
2517 3202 2594 3257 sic
2622 3203 2884 3257 Anselmo
2916 3200 3291 3268 comitissam;

1878 3302 2059 3371 Quam
2088 3297 2277 3354 docuit
2312 3297 2492 3363 dictis,
2524 3296 2665 3366 regit
2692 3295 3061 3366 exemplisque
3091 3294 3366 3366 benignis,

1880 3395 2153 3448 Perversaa
2182 3399 2346 3447 secta:
2378 3389 2703 3460 monuitque
2740 3388 2995 3443 resistere
3021 3404 3259 3458 semper.

1878 3486 2105 3542 Consilii
2132 3486 2312 3557 magni
2340 3484 2422 3538 vir
2444 3482 2533 3537 hic
2557 3482 2779 3552 angelus
2802 3480 2885 3535 bis
2910 3480 3014 3535 fuit
3031 3481 3212 3548 annis,

1880 3580 2179 3637 Consilium
2208 3578 2364 3650 cujus
2399 3576 2650 3645 sequitur
2673 3573 2948 3630 comitissa
2979 3583 3286 3629 venustum.

1880 3679 2027 3740 (766)
2057 3676 2191 3729 Nam
2211 3666 2348 3743 ques
2378 3671 2495 3741 ipsa
2526 3668 2668 3723 valet
2691 3684 2886 3740 pravos
2909 3676 3223 3723 convertere
3262 3676 3470 3735 mater,

1882 3768 2353 3837 Quantiscumque
2374 3762 2556 3818 modis
2577 3761 2718 3833 quit,
2734 3761 2848 3833 agit
2873 3761 2929 3815 in
2946 3760 3201 3815 omnibus
3222 3760 3399 3829 horis;

1882 3860 2088 3916 Multos
2113 3875 2241 3914 cum
2268 3856 2456 3923 feudo,
2480 3856 2683 3910 multos
2713 3870 2913 3909 munus
2935 3854 3255 3921 tribuendo,

1884 3952 2185 4026 Pugnando
2216 3952 2420 4023 plures,
2445 3949 2777 4019 castellaque
2801 3947 3001 4018 saepius
3038 3962 3223 4014 urens,

1886 4181 1997 4238 imo
2021 4196 2197 4251 neque
2226 4180 2338 4247 ipsa
2360 4176 2511 4232 Italia
2543 4175 2781 4251 carebat
2799 4174 2929 4229 viris
2958 4174 3059 4251 piis
3092 4174 3341 4243 Gregorii
3379 4178 3474 4231 VII

1887 4254 2064 4309 zelum
2108 4246 2511 4322 probantibus,
2531 4256 2586 4300 et
2615 4246 2911 4322 Henricum
2941 4246 3163 4322 ejusque
3193 4261 3472 4322 sequaces,

1889 4342 1952 4381 ac
1973 4325 2095 4378 vitia
2112 4316 2339 4393 perosis.
2369 4317 2517 4373 Nihil
2536 4317 2728 4393 attinet
2755 4318 2997 4393 exempla
3031 4316 3293 4393 proferre.
3317 4318 3475 4393 Quod

1889 4396 2070 4469 potius
2098 4387 2457 4469 credendum,
2478 4389 2621 4469 nulla
2646 4387 2951 4469 principum
2982 4387 3295 4469 Italicorum
3315 4388 3472 4442 fami-

1892 4454 1957 4523 iia
1990 4474 2185 4535 praeter
2214 4461 2512 4525 Mathildis,
2539 4454 3017 4535 studio_constanti
3038 4454 3190 4535 favit,
3217 4474 3281 4511 ac
3309 4474 3472 4527 opem

1890 4529 2020 4592 tulit
2047 4538 2100 4591 in
2132 4553 2190 4590 ea
2217 4548 2402 4588 rerum
2447 4529 2856 4601 perturbatione
2890 4543 3019 4581 vero
3058 4531 3307 4601 Romano
3338 4545 3470 4598 pon-

440 4582 1422 4666 ἶξτὲέίδῐῖιςᾜδξψὶιῷἷῶῗιι⁸15οηίῑο
1445 4610 1643 4677 trahit;
1684 4611 1778 4665 sed
1814 4582 1863 4642 D
2250 4582 2765 4679 “Flavitiia—ceniin
2801 4599 3006 4679 Chron.
3058 4598 3282 4679 Virdun.
3309 4582 3474 4679 :'_So1a.

178 4680 281 4735 hic
323 4681 671 4752 navigatione
702 4679 890 4736 dubia.
922 4684 1059 4737 Nam
1092 4691 1215 4737 utut
1241 4683 1604 4752 spermologus
1636 4684 1776 4736 colli-

177 4757 399 4820 gentem
417 4755 619 4806 semina
639 4752 922 4823 signiﬁcet,
948 4761 1186 4807 attamen
1204 4769 1392 4807 vocem
1424 4754 1562 4807 hanc
1593 4754 1773 4809 Graeci

174 4824 234 4877 in
265 4824 598 4895 deteriorem
636 4840 855 4879 sensum
885 4825 1130 4895 accipere
1167 4832 1586 4879 consueverunt.
1628 4832 1777 4895 Apo-

170 4894 522 4967 stolus_ipse
560 4894 794 4967 Athenis
843 4895 1102 4951 irrisionis
1149 4896 1318 4967 gratia
1374 4894 1780 4967 appellatusest

173 4964 550 5035 σπερμολόγος,
612 4966 686 5019 uti
728 4965 994 5022 habemus
1045 4964 1229 5023 Actor.
1266 4964 1423 5032 xvn,
1448 4964 1543 5033 18,
1577 4966 1781 5021 scilicet

171 5037 487 5103 homuncio,
523 5037 741 5103 blatero,
791 5047 885 5092 aut
926 5040 1353 5099 seminiverbius,
1405 5038 1483 5092 uti
1529 5040 1780 5105 vulgatus

168 5109 459 5177 interpres
515 5107 697 5162 habet.
739 5108 891 5177 Quos
939 5118 1191 5165 auctores
1241 5118 1454 5164 secutus
1501 5109 1586 5163 hic
1625 5106 1784 5164 fuerit

168 5181 424 5238 Donizo,
453 5178 630 5233 videat
654 5180 790 5250 ipse,
827 5180 868 5234 si
897 5187 1084 5236 tamen
1110 5183 1309 5236 mendo
1334 5181 1486 5236 omni
1517 5190 1665 5236 caret
1694 5181 1782 5235 hic

170 5250 361 5306 locus.
400 5252 561 5305 Mun.

252 5327 408 5385 (759)
431 5323 561 5390 Seq.
594 5337 737 5376 vers.
769 5324 894 5377 Bar.
925 5329 1083 5388 108l,
1113 5339 1267 5378 num.
1309 5332 1353 5378 1.
1389 5327 1562 5379 LEIB.

253 5393 410 5460 (760)
442 5395 774 5466 Interpunge
803 5396 876 5449 ita
906 5410 919 5447 :
952 5398 1189 5450 ruituros
1219 5411 1325 5450 esse
1346 5396 1591 5451 deorsum
1612 5414 1780 5466 quan-

165 5465 513 5545 doqyeplgs
540 5466 701 5545 ipsos,
732 5466 1093 5545 ideopatityr
1126 5469 1261 5521 Deus
1294 5468 1430 5521 illos.
1463 5465 1632 5545 Lam.

292 5483 362 5519 ue
392 5483 513 5533 plus
542 5483 701 5545 ipsos,
732 5483 850 5520 meo
876 5483 1093 5535 patitur
1126 5483 1261 5521 ueus
1294 5483 1430 5521 tuos.
1468 5483 1632 5523 LBIB.

246 5483 409 5662 2:311)
434 5535 670 5662 gaius
696 5538 868 5592 nostri
898 5537 1215 5608 praeferunt,
1246 5546 1303 5593 et
1341 5539 1566 5606 rectius,
1601 5544 1783 5594 contra

166 5624 387 5678 regem.
434 5621 589 5678 nica.

259 5677 597 5750 (762)“Cod.
640 5677 900 5747 Padolir.,
934 5681 1188 5750 speciosa.
1225 5684 1481 5738 Attamen
1512 5698 1621 5738 non
1669 5698 1781 5738 una

164 5748 480 5815 Malhildis
504 5748 707 5804 domus
756 5750 825 5805 ab
854 5748 1295 5807 hac—infectione
1351 5754 1608 5810 immunis
1666 5761 1783 5809 erat

165 5821 445 5877 dicenda.
477 5821 664 5890 Neque
691 5821 839 5875 enim
859 5822 1080 5893 reliquae
1098 5821 1390 5883 Christiani
1404 5826 1555 5884 orbis
1575 5834 1778 5899 partes,

481 5910 705 5964 Parnm.
747 5910 1010 5966 CXLVIII.

1879 4688 2004 4735 tunc
2060 4669 2309 4748 temporis
2350 4679 2568 4729 inventa
2606 4678 2684 4748 est
2705 4669 2985 4724 Mathildis
3025 4672 3293 4748 comitissa
3336 4674 3476 4748 inter

1882 4755 2135 4820 feminas,
2161 4744 2289 4819 'quaa
2308 4749 2452 4815 regis
2474 4745 2771 4820 potentiam
2792 4745 3086 4820 aspemtata
3113 4744 3205 4805 sit,
3224 4758 3343 4820 qua:
3369 4744 3475 4820 οᾳι-

1888 4812 2199 4877 liditatibus
2231 4820 2342 4887 ejus
2374 4812 2434 4871 vet
2474 4812 2730 4885 potentia
2771 4815 2935 4887 etiam
2963 4812 3145 4867 bellico
3185 4818 3479 4868 certamine

1886 4894 2198 4957 obviaverit,
2225 4884 2286 4943 tit
2316 4889 2508 4942 merito
2533 4887 2835 4957 nominetur
2867 4884 3078 4950 virago,
3119 4900 3239 4952 qua»
3278 4887 3479 4957 υίησευεε

1888 4965 2062 5022 animi
2090 4954 2252 5017 etiam
2278 4963 2420 5014 viros
2443 4958 2693 5026 praeibat.
2715 4954 2875 5009 Adde
2905 4964 3185 5009 auctorem
3208 4955 3478 5025 synchro-

1888 5053 2021 5092 num
2050 5035 2188 5090 Vita?
2215 5032 2386 5085 sancti
2417 5029 2659 5084 Anselmi
2686 5026 2939 5081 Lucensis
2965 5026 3201 5095 episcopi
3230 5029 3479 5081 :Im‘enta

1890 5114 1966 5164 est
1993 5108 2126 5173 sola,
2155 5110 2313 5173 atque
2347 5103 2507 5154 unica
2533 5100 2675 5173 dux,
2707 5103 2757 5152 et
2790 5098 3176 5173 marchionissa
3210 5099 3479 5153 Muthilda

1890 5184 1947 5233 in
1967 5179 2068 5249 ﬁde
2108 5170 2469 5249 permanens,
2498 5172 2669 5249 zelth
2700 5172 2796 5224 Dei
2824 5170 3043 5231 habens,
3089 5170 3278 5222 domno
3320 5186 3480 5238 papae

1892 5246 2150 5318 Gregorio
2182 5246 2451 5301 obediens.
2484 5247 2642 5298 Mus.

1964 5313 2108 5388 (763)
2148 5322 2262 5372 Hos
2300 5322 2359 5370 l3
2392 5318 2589 5369 Baron.
2621 5328 2764 5367 vers.
2804 5318 2958 5388 108_t,
2991 5327 3154 5365 num.
3190 5314 3280 5363 25.
3314 5313 3482 5366 LEIE.

1963 5385 2105 5458 (764)
2131 5393 2334 5462 Baron.
2364 5393 2723 5462 1074,_num:
2764 5389 2847 5437 l7.
2880 5385 3045 5462 L-EIB.
3087 5454 3097 5462 _
3238 5452 3248 5462 _

1962 5454 2111 5529 (765)
2156 5458 2337 5516 Sancti
2394 5456 2639 5512 Anselmi
2701 5455 2963 5510 Lucensis
3017 5454 3251 5523 episc0pi
3304 5454 3490 5529 Vitam

1889 5528 2057 5591 habes
2095 5528 2243 5603 apud
2272 5529 2600 5584 Bollandum
2633 5530 2855 5603 in__Act.
2916 5534 3182 5603 s_anctor.,
3219 5534 3377 5603 _tom_.
3440 5528 3489 5603 Il

1888 5605 2092 5669 Martii,
2136 5594 2261 5676 pag.
2316 5603 2441 5676 640,
2476 5616 2506 5653 a
2551 5595 3025 5676 c_apel|ano,__sive
3085 5594 3493 5668 pmnitentiario

1890 5668 2155 5751 ejusdem:
2172 5668 2455 5751 Αἶιειεειιηξ,⁸
2478 5668 2801 5751 scriptam“;
2840 5668 3010 5751 litua.

1962 5751 2106 5816 (766)
2128 5750 2331 5804 Baron.
2358 5744 2522 5808 1081,
2546 5753 2701 5792 num.
2734 5741 2824 5791 26.
2842 5738 3011 5793 Lam.

3081 5898 3147 5952 32
