4010 6164
481 271 616 324 1003
1481 267 1572 319 AD
1609 266 1837 322 OPERA
1873 268 1929 322 S.
1967 268 2049 322 GR

2173 268 2290 323 )RII
2326 267 2764 322 APPENDICES.
2861 287 2877 293 ο
3642 268 3776 321 1004

475 392 641 464 Regis
679 391 746 446 ab
774 389 1040 461 obsequio
1058 388 1543 460 jugiterdisjungit
1572 390 1780 462 iniquo,

476 484 911 541 Ultramontanis
942 499 1004 537 ac
1029 482 1367 554 principibus
1396 482 1499 537 sibi
1524 483 1709 539 charis

476 582 703 634 Errores
732 577 875 648 regis
902 576 1086 631 scribit
1113 576 1283 631 vitare
1327 576 1567 631 rebellis.

476 673 673 743 Sicque
698 674 816 726 Deo
845 671 1082 725 multum
1099 670 1394 741 generabat
1412 668 1633 725 credula
1660 670 1923 737 fructum,

476 766 743 836 Gregorio
774 781 926 836 papae
954 780 1209 835 proceres
1226 764 1427 819 servire
1451 763 1710 831 suadens,

479 860 701 914 Mittere
729 858 812 913 cui
842 859 1008 930 gratis
1035 858 1225 913 crebro
1241 857 1379 912 solet
1408 857 1466 911 in
1496 857 1787 913 Lateranis

477 953 660 1008 Xenia
689 952 859 1006 multa
889 951 1077 1017 nimis,
1108 967 1273 1023 quam
1316 966 1455 1021 papa
1488 950 1575 1022 pie
1600 950 1890 1007 benedieit.

477 1046 568 1101 Bis
592 1053 816 1101 centum
845 1045 1014 1099 libras
1034 1044 1230 1100 domus
1249 1044 1457 1115 argenti
1477 1044 1749 1099 Canusina

477 1142 631 1194 Tunc
658 1138 810 1194 misit
836 1130 1015 1209 papae,
1038 1153 1206 1209 quam
1235 1137 1392 1193 debet
1437 1154 1576 1209 papa
1605 1137 1784 1193 beare.

1117 1254 1355 1308 CAPUT
1402 1254 1499 1308 III.

480 1375 555 1426 De
583 1371 727 1423 obitu
751 1384 909 1438 papa:
960 1371 1226 1437 Gregorii,
1258 1374 1306 1423 et
1334 1370 1399 1422 de
1442 1369 1685 1423 electione
1728 1370 1985 1424 Desiderii
2023 1375 2073 1424 et

562 1443 765 1497 Urbani
788 1458 962 1509 papae,
991 1446 1040 1494 et
1064 1440 1207 1508 quod
1252 1440 1470 1494 domina
1514 1441 1794 1495 Mathildis
1840 1458 1939 1511 pro
1970 1444 2070 1496 Ro-

553 1529 717 1566 mana
756 1514 989 1567 Ecclesia
1031 1514 1313 1580 pugnavit,
1353 1512 1497 1566 etde
1539 1511 1689 1565 obitu
1724 1514 1781 1568 S.
1830 1514 2073 1568 Anselmi

552 1586 800 1639 Lucensis
823 1585 1075 1653 episcopi.
1980 1612 1981 1615 η

482 1706 691 1757 Interea
723 1699 869 1769 (767)
916 1699 1168 1770 planctus
1197 1698 1263 1755 de
1288 1699 1516 1769 praesule
1543 1699 1787 1754 nascitur
1822 1698 1965 1754 altus

2097 397 2153 460 Α
2176 394 2439 448 Cursores
2453 399 2683 447 currunt
2697 390 2767 447 ad
2784 388 3033 446 eamdem
3062 389 3315 446 crebrius
3338 389 3520 461 hujus,

2176 484 2414 542 Densius
2434 484 2583 540 haud
2610 492 2787 540 cessat
2806 488 2992 541 Patres
3020 483 3121 538 hos
3151 482 3268 539 hac
3290 483 3405 539 vice
3433 498 3593 538 versa

2177 579 2396 636 Chartis
2424 587 2481 634 et
2504 579 2688 633 missis
2728 578 2942 648 pulsare
2964 576 3158 632 diebus
3186 578 3239 632 in
3264 576 3411 647 ipsis,

2175 675 2279 728 Pro
2304 672 2504 744 quibus
2532 672 2824 727 adversum
2852 686 2909 726 se
2933 670 3232 725 commovit
3258 668 3373 725 fere
3392 685 3637 741 regnum

2178 766 2432 821 Italicum
2457 774 2657 841 totum,
2681 766 2949 835 Ligurum
2975 763 3068 819 sed
3093 764 3331 819 maxime
3376 769 3597 818 totum:

2178 863 2298 930 Ipsa
2332 860 2457 915 Padi
2482 868 2710 915 stratam
2730 867 2907 922 tenet,
2938 858 3165 913 urbibus
3198 856 3345 921 unde
3371 856 3431 911 ﬁt
3460 865 3585 912 acta
3612 862 3661 921 (7
3670 862 3781 926 70),

2180 954 2357 1026 Hujus
2385 954 2518 1010 dum
2543 961 2787 1026 pugnant
2816 952 3059 1021 athletae,
3083 951 3305 1007 nonnisi
3331 950 3488 1021 culpa

2182 1051 2435 1118 Ipsorum
2479 1047 2734 1118 perdunt,
2767 1046 2863 1101 sed
2895 1046 3117 1100 vincunt
3144 1045 3352 1116 optime
3394 1043 3633 1111 bellum,

2178 1140 2424 1197 Urbibus
2452 1156 2517 1195 ex
2546 1141 2730 1196 multis
2747 1140 2892 1195 cives
2922 1137 3027 1194 hoc
3050 1147 3297 1209 tempore
3326 1138 3486 1192 multi

2182 1234 2409 1289 Insimul
2433 1234 2632 1289 armati
2665 1234 2891 1305 clypeis,
2923 1240 2978 1287 et
3008 1232 3168 1303 equis
3194 1231 3484 1302 phalerati,

2180 1328 2428 1399 Principe
2469 1343 2599 1382 cum
2631 1327 2775 1382 celso
2818 1325 3073 1397 prudenti
3105 1340 3332 1395 prorsus
3361 1325 3566 1381 Oberto
3614 1331 3787 1391 (771),

2181 1425 2403 1476 Ducunt
2421 1423 2774 1475 Parmensem
2795 1424 2959 1485 (772),
2992 1418 3269 1488 Reginum
3300 1417 3781 1489 pontiﬁcemque;

2182 1518 2443 1581 Romam,
2476 1522 2589 1569 tam
2619 1512 2787 1568 fortes
2809 1512 2965 1568 aiunt
2984 1528 3047 1566 se
3063 1526 3285 1582 pergere
3304 1525 3483 1581 posse.

2180 1608 2249 1662 Hi
2276 1608 2566 1663 luctatores
2594 1607 2751 1661 ibant
2779 1622 2879 1677 pro
2910 1606 3055 1676 regis
3074 1604 3304 1672 honore,

2176 1704 2373 1756 Terras
2401 1708 2673 1755 vastantes
2699 1698 3053 1755 circumcirca
3084 1706 3452 1770 peragrantes,

480 1794 761 1865 Gregorio,
789 1793 1242 1865 gestatdominus
1261 1808 1423 1863 quem
1472 1792 1721 1847 Christus
1760 1792 1831 1848 ad
1867 1792 2064 1862 aathra,
2100 1782 2147 1843 Β
2178 1796 2429 1850 Audaces
2476 1793 2700 1850 tandem
2744 1802 2955 1848 terram
3005 1791 3283 1848 Mathildis
3337 1799 3591 1847 amantes
3637 1798 3790 1857 (773)

480 1893 623 1942 Ante
655 1886 774 1942 dies
819 1896 1031 1957 septem
1061 1886 1224 1941 Madii
1267 1902 1435 1958 quam
1460 1885 1585 1940 ﬁnis
1613 1885 1853 1953 adesset;

481 1982 641 2035 Hunc
672 1980 927 2035 monachi
948 1980 1172 2042 deﬂent,
1193 1980 1498 2034 monachus
1510 1979 1639 2049 quia
1659 1978 1904 2034 noscitur
1923 1994 2070 2047 esse;

480 2075 643 2128 Hunc
673 2073 853 2127 clerici
891 2072 1113 2137 ﬂebant,
1147 2071 1305 2127 valde
1328 2072 1555 2141 Iaicique
1585 2072 1857 2139 dolebant,

481 2168 619 2220 Pura
650 2164 782 2219 ﬁdes
799 2180 1034 2236 quorum
1066 2164 1250 2234 procul
1280 2174 1361 2219 est
1388 2180 1418 2219 a
1459 2164 1964 2234 sehismaticorum;

482 2258 718 2327 Quando
744 2274 905 2313 suum
928 2264 1179 2311 sanctum
1210 2266 1523 2311 reverenter
1552 2273 1752 2329 corpus
1780 2258 2070 2314 humatum

482 2351 628 2406 Anni
659 2351 807 2405 mille
836 2350 934 2405 Dei
964 2366 1056 2405 sex
1086 2349 1276 2403 insunt
1300 2351 1608 2421 octuageni.

481 2447 611 2498 Post
638 2444 781 2498 hunc
802 2444 861 2497 ﬁt
889 2460 1023 2513 papa
1050 2442 1367 2498 Desiderius
1390 2444 1595 2513 probus
1623 2443 1789 2501 abbas

479 2537 679 2592 Montis
708 2536 908 2603 Casini,
937 2536 1032 2607 qui
1065 2552 1227 2607 parvo
1253 2545 1503 2607 tempore
1528 2537 1679 2605 vixit,

479 2637 646 2686 Anno
676 2638 798 2700 post
826 2631 993 2684 istum
1024 2638 1213 2700 pastor
1239 2638 1484 2685 sacratur
1503 2630 1558 2684 in
1588 2630 1706 2701 ipso

478 2724 740 2780 Urbanus
780 2723 989 2791 rhetor,
1039 2723 1343 2778 monachus
1371 2724 1542 2794 prius,
1573 2732 1629 2778 et
1656 2723 1821 2779 modo
1862 2734 2063 2779 rector.

481 2816 733 2873 Ecclesiae
765 2817 909 2870 verbi
942 2817 1150 2871 summi
1178 2818 1384 2884 Patris,
1414 2826 1579 2887 atque
1612 2818 1888 2887 perennis;

473 2912 553 2967 Ut
582 2912 841 2965 Salomon
870 2909 1021 2973 dicit,
1049 2909 1230 2980 justus
1260 2910 1424 2965 veluti
1466 2911 1552 2964 leo
1607 2910 1741 2965 ﬁdit.

476 3004 582 3057 Hic
598 3003 825 3059 damnat
855 3002 997 3073 regis
1020 3002 1272 3069 ﬁdenter,
1296 3013 1351 3057 et
1387 3012 1506 3057 acta
1535 3004 1813 3070 Guiberti,

473 3098 573 3168 Qui
603 3098 745 3151 Petri
776 3095 966 3151 sedem
996 3095 1132 3150 falso
1157 3097 1380 3167 cupiens
1425 3096 1673 3164 retinere,

475 3190 725 3245 Advocat
749 3189 1039 3245 Oddonem
1069 3193 1215 3255 (768)
1254 3189 1580 3259 prudentem
1611 3189 1680 3245 de
1707 3189 1924 3245 Tuliore

473 3281 754 3339 Adversus
785 3298 1002 3353 papam,
1031 3298 1197 3353 quem
1227 3282 1367 3337 bello
1396 3298 1541 3353 saape
1583 3291 1850 3351 coarctat;

470 3376 562 3433 Ille
587 3388 769 3431 tamen
785 3377 985 3447 justus,
1012 3377 1134 3432 licet
1162 3386 1305 3432 esset
1333 3393 1475 3448 saepe
1504 3385 1805 3446 retunsus,

474 3471 783 3526 Immobilis
813 3470 990 3536 durat,
1012 3486 1199 3540 pacem
1234 3479 1386 3541 putat
1415 3486 1531 3525 esse
1559 3470 1799 3527 futuram

468 3565 675 3619 Filiolae
714 3564 879 3630 Petri,
906 3564 1102 3618 Christi
1135 3562 1460 3633 famulaeque
1492 3563 1636 3619 ﬁdeli

473 3655 831 3711 Exhortando
861 3656 948 3724 pia
974 3656 1171 3710 direxit
1195 3665 1328 3710 tunc
1354 3672 1453 3710 sua
1478 3657 1705 3727 scripta,

470 3748 719 3819 Gregorii
743 3763 995 3802 normam
1027 3748 1147 3818 plus
1176 3748 1552 3819 pracipueque
1569 3750 1881 3817 recordans,

469 3842 753 3912 Quatenus
778 3840 1047 3906 observet,
1074 3856 1176 3895 nec
1195 3856 1315 3895 eam
1328 3840 1602 3895 dimittere
1617 3851 1809 3897 tentet.

466 3934 616 3989 Hinc
646 3942 990 4003 peccatorum
1018 3933 1231 3987 veniam
1256 3933 1349 3987 dat
1374 3934 1532 4003 eique
1560 3950 1809 3990 suorum.

469 4026 719 4098 Gregorii
752 4025 905 4080 missi
924 4025 1071 4095 (769)
1099 4026 1289 4081 crebro
1321 4025 1521 4096 petiere
1554 4027 1882 4094 Matliildim,

540 4164 684 4231 (767)
724 4166 847 4234 Seq.
897 4168 930 4216 6
975 4178 1113 4217 vers.
1170 4165 1373 4217 Baron.
1454 4164 1644 4219 recitat
1693 4181 1838 4222 anno
1902 4174 2057 4234 1085,

468 4252 620 4289 num.
654 4243 731 4290 I5.
764 4238 931 4289 LEIB.

542 4312 689 4373 (768)
735 4308 781 4359 ls
819 4314 897 4361 est
924 4302 1085 4360 Oddo
1115 4306 1399 4376 episcopus
1422 4306 1750 4376 Baiocensis,
1773 4310 2056 4369 Wilhelmi

468 4378 845 4460 conquestoris
869 4375 1252 4460 Angliarregis
1282 4375 1469 4460 frater,
1490 4375 1571 4459 _ad
1603 4386 2055 4460 p_apatum_saeri_

468 4450 600 4511 legis
630 4451 768 4503 votis
808 4448 1048 4512 inhians,
1071 4449 1139 4502 de
1168 4465 1278 4517 quo
1309 4448 1811 4508 0rdericusVitalis
1838 4454 1931 4508 lib.
1959 4470 2057 4512 VII

470 4522 610 4575 Hist.
646 4523 838 4574 eecles.
874 4520 943 4574 ad
969 4526 1353 4575 annum1085.
1394 4524 1546 4575 Mun.

539 4594 683 4660 (769)
718 4594 835 4644 Hoc
865 4600 967 4655 est,
1001 4590 1298 4660 Gregorius
1344 4593 1439 4644 Vll
1497 4592 1698 4646 litteras
1746 4602 1801 4648 et
1837 4597 2060 4653 nuntios

468 4678 611 4736 saepe
635 4665 700 4716 ad
724 4662 1062 4736 ‘Mathildami
1083 4662 1270 4736 misit;
1304 4661 1547 4736 crebrius
1576 4670 1761 4719 autem
1817 4665 1869 4720 id
1920 4683 2056 4736 prai-

467 4733 893 4808 stititUrbnnus
922 4736 991 4786 ll.
1032 4735 1095 4808 Et
1122 4734 1207 4808 illa
1234 4733 1476 4788 vicissim
1503 4750 1624 4808 non
1639 4746 1811 4808 cessat
1837 4733 2051 4808 pulsare

464 4804 653 4875 litteris
673 4804 770 4857 hos
794 4803 1127 4875 Patres,sive
1162 4807 1439 4875 Romanos
1477 4805 1778 4875 pontiﬁces.
1817 4803 1978 4866 MUR.

535 4874 675 4935 (770)
714 4874 932 4928 Pellitur
962 4874 1232 4927 Mathildis
1257 4874 1485 4928 urbibus
1509 4880 1572 4930 ad
1612 4878 1839 4933 Padum.
1874 4884 2046 4939 LEIB.

533 4948 617 5022 In_
656 4945 1091 5022 thtensico_dic_e,
1122 4945 1215 5022 ubi
1261 4946 1507 5022 epitome
1552 4952 1854 5006 Douizonis
1879 4963 2043 5022 msta,

458 5018 575 5072 haec
607 5017 859 5085 leguntur
888 5034 903 5070 :
928 5018 995 5069 Et
1024 5019 1141 5084 ipsa
1169 5017 1390 5071 domina
1426 5023 1679 5074 transivit
1698 5024 1878 5077 Paudi
1903 5017 2044 5078 stre;

2086 4554 2135 4616 ι)
2166 4532 2297 4585 bet:

2184 1892 2417 1956 Intrant,
2449 1886 2737 1943 credentes
2767 1887 2944 1958 ipsam
2994 1894 3212 1942 vastare
3240 1894 3484 1956 repente.

2179 1982 2425 2037 Sustinet
2470 1982 2699 2037 istorum
2765 1981 3019 2037 Sorbaria
3084 1986 3227 2045 (774)
3267 1987 3448 2033 castra
3504 1978 3787 2048 virorum,

2183 2079 2244 2131 In
2273 2076 2507 2146 propriis
2550 2075 2757 2146 campis
2786 2074 2892 2129 illis
2946 2072 3139 2129 tribuit
3174 2073 3291 2128 loca
3318 2071 3520 2139 standi,

2182 2172 2349 2224 Nocte
2384 2169 2728 2239 quiescentes
2748 2167 2919 2223 oculis
2939 2182 3197 2222 somnum
3226 2165 3523 2237 capientes,

2180 2264 2364 2317 Julius
2389 2271 2667 2332 assumpta
2692 2261 2809 2334 jam
2839 2276 2970 2316 vero
3016 2264 3163 2327 (775)
3191 2259 3309 2314 luce
3336 2257 3601 2319 secunda,

2179 2358 2318 2411 Ecce
2346 2364 2566 2425 repente
2589 2355 2824 2426 phalanx
2845 2352 3307 2419 Mathildisadest,
3336 2355 3508 2419 Petre,
3533 2352 3795 2406 clamans

2179 2449 2457 2504 Auxiliare
2486 2449 2612 2504 tuis.
2644 2448 2888 2503 Inimicis
2913 2450 3056 2514 (776)
3096 2462 3317 2518 surgere
3346 2445 3449 2500 tuti

2181 2542 2471 2613 Incipiunt,
2497 2542 2682 2612 campi
2705 2549 2855 2596 tanto
2893 2541 3125 2611 strepitu
3176 2536 3485 2609 stupefacti,

2182 2631 2333 2689 Multi
2355 2634 2489 2690 dant
2513 2635 2761 2703 dorsum,
2801 2642 3045 2706 pugnant
3063 2633 3324 2688 altissime
3355 2639 3503 2697 (777)
3525 2648 3754 2703 morsu,

2176 2731 2607 2783 Prosternuntur
2633 2727 2704 2782 ibi
2736 2728 2938 2798 plures,
2971 2727 3266 2798 capiuntur
3288 2725 3482 2797 iniqui.

2179 2821 2422 2875 Marchio
2452 2821 2739 2892 praedictus
2767 2819 3062 2892 quemdam
3086 2819 3486 2875 transverberat
3516 2819 3667 2884 ictu;

2175 2915 2244 2967 Et
2272 2914 2427 2985 quasi
2471 2930 2601 2969 voce
2651 2915 2919 2986 loquens:
2962 2915 3179 2978 Nonne,
3212 2914 3323 2967 sine
3367 2910 3511 2983 fugit
3562 2912 3791 2968 honore

2176 3008 2362 3063 Talem
2387 3008 2713 3079 grimnitum
2744 3014 2889 3074 (778)
2913 3014 3113 3077 portat,
3142 3022 3244 3061 nec
3262 3006 3350 3060 hic
3377 3006 3635 3061 inimicus

2176 3104 2352 3156 Ducet
2383 3101 2531 3172 quod
2559 3116 2847 3172 nunquam
2874 3106 3017 3167 (779)
3052 3115 3216 3171 super
3264 3098 3404 3154 hanc
3436 3099 3791 3170 dominam,

2728 3208 2735 3215 ν
3237 3196 3388 3263 [puto
3437 3191 3670 3248 turbam
3692 3212 3707 3255 ;

2176 3285 2461 3341 Ebrardus
2480 3286 2676 3357 praesul
2690 3287 2998 3361 Parmensis
3020 3295 3208 3357 captus
3230 3285 3483 3353 habetur,

2175 3379 2496 3435 Pontiﬁeem
2520 3389 2700 3435 sentes
2712 3380 2989 3451 Reginum
3020 3396 3224 3452 perque
3243 3379 3357 3435 dies
3370 3387 3484 3435 tres

2173 3473 2533 3529 Abscondunt
2552 3474 2759 3530 nudum
2777 3473 3172 3544 Gandulphum
3188 3482 3405 3544 pectore
3425 3472 3664 3539 durum;

2170 3567 2429 3623 Nonnulli
2459 3569 2601 3639 capti
2629 3583 2902 3638 proceres,
2935 3568 3027 3622 alii
3049 3567 3163 3622 fere
3183 3567 3331 3637 lapsi.

2172 3660 2389 3716 Gaudet
2416 3661 2574 3717 turba
2606 3661 2772 3723 Petri,
2802 3662 3056 3716 turbatur
3071 3660 3261 3715 concio
3281 3660 3445 3730 regis.

2176 3755 2387 3826 Inclyta
2419 3753 2705 3826 Mathildis
2725 3763 2904 3810 terror
2934 3753 3039 3809 fuit
3067 3753 3322 3809 omnibus
3344 3754 3479 3821 illis;

2175 3848 2377 3901 Mensis
2401 3856 2459 3903 ut
2486 3848 2724 3915 advenit,
2754 3848 2847 3919 qui
2882 3848 3091 3918 primus
3120 3847 3174 3901 in
3203 3847 3394 3903 ordine
3422 3848 3595 3918 cmpit

2173 3940 2304 4011 Ejus
2328 3941 2384 3995 in
2413 3950 2604 3996 octavo
2630 3941 2951 4013 decimoque
2980 3941 3069 3996 die
3094 3940 3409 3997 dominator

2168 4035 2229 4087 In
2244 4034 2392 4089 caelis
2407 4050 2641 4107 regnans
2655 4036 2974 4090 Anselmum
2994 4040 3140 4102 (780)
3157 4035 3304 4090 vexit
3321 4035 3388 4090 ad
3403 4033 3583 4091 aethra
3599 4039 3775 4102 (781).

2238 4180 2386 4242 (775)
2412 4176 2554 4248 Quid
2579 4177 2620 4231 si
2653 4176 2941 4248 legendum
2958 4177 3082 4247 jam
3115 4180 3282 4231 venit.
3313 4179 3475 4234 Man.

2239 4252 2381 4312 (776)
2409 4246 2542 4302 Cod.
2575 4256 2684 4302 ant.
2697 4246 2968 4314 (inimici.
2998 4251 3167 4303 LEIB.

2235 4322 2287 4390 (7
2294 4324 2358 4371 77
2370 4330 2385 4382 )
2413 4320 2703 4386 Cod.ant.,
2732 4322 2835 4373 alii
2857 4322 2991 4374 sine.
3014 4323 3178 4375 Lam.
3210 4321 3276 4373 In
3302 4320 3511 4375 nostris
3542 4333 3775 4390 quoque

2164 4389 2464 4451 codicibus,
2495 4392 2595 4443 atii
2618 4394 2756 4445 sine.
2804 4394 2969 4446 Mun.

2232 4462 2379 4527 (778)
2418 4462 2731 4518 Padoliron.
2779 4462 2951 4518 codex
3009 4462 3082 4516 ita
3128 4461 3278 4517 hunc
3328 4475 3549 4517 versum
3612 4460 3773 4515 exhi-

2240 4667 2421 4720 Talem
2441 4669 2723 4734 grunitum
2743 4672 2934 4737 portat
2959 4683 3103 4721 nunc
3124 4666 3218 4742 (lic
3260 4668 3541 4720 inimicus.

2162 4817 2294 4870 Haec
2331 4826 2516 4872 autem
2568 4818 2729 4872 verba
2759 4816 3022 4881 indicant,
3054 4832 3165 4870 non
3210 4815 3431 4881 quidem
3485 4814 3766 4869 cecidisse

2158 4887 2445 4961 Obertum,
2466 4889 2558 4943 sed
2586 4888 2786 4961 fugisse
2809 4897 2962 4961 tanto
2977 4904 3105 4961 cum
3137 4886 3425 4950 dedecore,
3450 4894 3505 4940 et
3533 4886 3766 4961 vulnere

2158 4958 2323 5013 etiam
2353 4960 2536 5015 addito
2557 4957 2825 5023 (fortassis
2856 4960 2908 5013 in
2930 4959 3090 5023 facie)
3122 4968 3183 5013 ut
3210 4973 3491 5027 nunquam
3515 4957 3766 5026 amplius

2155 5044 2219 5082 ex
2278 5032 2539 5085 sententia
2580 5030 2880 5086 Donizonis
2926 5032 3190 5084 ducturus
3215 5030 3531 5084 crederetur
3568 5028 3765 5096 copias

457 5095 590 5161 tam,
640 5093 690 5143 et
717 5089 837 5161 ibat
882 5088 1122 5154 urbibus,
1150 5090 1289 5142 unde
1330 5093 1393 5157 ﬁt
1423 5092 1555 5143 alta.
1611 5096 1791 5161 Quare
1854 5111 1921 5148 ex
1958 5096 2045 5151 his

454 5159 617 5213 alium
645 5160 793 5212 vides
824 5174 1101 5228 emergere
1125 5176 1367 5214 sensum.
1403 5165 1559 5215 MUB.

526 5230 671 5306 (77I)
700 5233 776 5306 De
800 5230 903 5306 hoc
925 5229 1115 5285 Oberto
1156 5232 1456 5306 migratione
1505 5232 1713 5302 aliquid
1762 5252 1861 5306 ego
1892 5236 2042 5294 innui

453 5302 508 5355 in
540 5301 793 5372 antiquit.
824 5303 1032 5367 Esten.,
1056 5302 1380 5369 eap.XXV,
1411 5319 1535 5373 pag.
1566 5301 1689 5360 248.
1736 5301 1894 5364 Mus.

520 5374 664 5448 (772)
697 5374 913 5448 Scilicet
942 5373 1336 5441 Eberhardum,
1393 5384 1448 5430 et
1493 5376 1789 5448 Reginum,
1835 5380 2039 5437 scilicet

450 5442 853 5513 Gauda/phum.
902 5451 1056 5499 MUB.

516 5521 660 5585 (773)
690 5517 942 5570 Fortasse
985 5517 1251 5571 Uonizoni
1305 5518 1576 5588 scriptum
1624 5517 1733 5575 fuit
1779 5529 2030 5579 amentes.

443 5591 549 5641 Pro
581 5588 1040 5664 terraMathildis
1071 5590 1418 5661 intelligenda
1445 5599 1577 5646 sunt
1645 5594 1762 5662 ejus
1807 5595 2031 5664 allodia,

436 5669 638 5724 castra,
668 5658 823 5723 villae,
851 5666 954 5712 etc.
988 5661 1144 5713 MUB.

507 5734 652 5796 (774)
673 5729 818 5800 ,Villa
849 5729 904 5782 in
929 5745 1063 5800 agro
1090 5731 1391 5786 Mutinensi
1429 5733 1496 5786 ad
1520 5733 1749 5789 ﬂuvium
1787 5738 2037 5794 Sculten-

434 5816 563 5854 nam
596 5799 737 5855 infra
776 5799 1073 5855 civitatem.
1130 5806 1288 5859 Mua.

2152 5102 2412 5157 adversus
2444 5102 2766 5157 Mathildim.
2799 5103 2926 5157 Sine
2950 5104 3101 5170 fugit
3145 5103 3352 5155 honore.
3401 5101 3538 5154 Haec
3566 5109 3764 5153 autem

2152 5182 2269 5242 acta
2302 5190 2447 5228 anno
2490 5174 2671 5241 potius
2716 5178 2872 5238 1085,
2898 5188 3065 5242 quam
3102 5176 3255 5227 I084.
3303 5170 3543 5225 Turbata
3568 5180 3765 5242 tamen

2152 5241 2205 5295 in
2236 5242 2316 5315 liis
2337 5255 2417 5298 est
2439 5240 2787 5315 chronologia
2810 5240 3134 5315 Donizonis.
3166 5245 3217 5296 Is
3246 5242 3392 5315 enim
3414 5240 3760 5295 electionem

2152 5314 2361 5369 Urbani
2392 5317 2450 5368 VII
2485 5316 2686 5386 primo
2720 5314 2921 5382 refert,
2977 5330 3099 5386 qua:
3159 5314 3351 5369 accidit
3388 5328 3533 5366 anno
3590 5317 3761 5367 1088.

2148 5386 2291 5438 Tum
2332 5385 2575 5439 Anselmi
2615 5388 2878 5442 Lucensis
2915 5385 3157 5455 episcopi
3208 5392 3442 5439 mortem
3490 5398 3756 5438 comme-

2148 5464 2347 5519 morat,
2378 5472 2501 5528 quae
2532 5456 2600 5511 ad
2622 5474 2830 5512 annum
2868 5454 3001 5512 1086
3028 5454 3117 5511 est
3132 5454 3442 5528 referenda.
3476 5457 3638 5510 Mun.

2148 5532 2364 5652 LE(71:9)
2393 5526 2626 5600 ‘Nempe
2673 5529 2749 5584 ibi
2776 5529 2979 5585 cecidit
3024 5528 3265 5584 marchio
3293 5526 3534 5582 Obertus
3593 5531 3762 5582 1084.

2234 5614 2251 5652 1
2303 5641 2314 5651 .

2234 5613 2314 5653 ΙΒ.

2390 5673 2705 5756 ξιιωηεθρι
2738 5673 3060 5756 episcopum
3070 5674 3248 5756 .1086.
3278 5670 3453 5751 Late.

2215 5746 2357 5805 (781)
2407 5744 2592 5797 Bonus
2638 5741 2847 5798 Donizo
2895 5741 2963 5798 ad
2993 5744 3221 5797 cathram
3249 5741 3494 5811 scripsit,
3524 5747 3593 5795 ut
3638 5752 3759 5796 nos

2145 5820 2369 5868 mouent
2390 5813 2609 5871 codices
2640 5814 2789 5870 msti.
2823 5816 2983 5871 Mun.

3996 320 4010 1046 γ
