4010 6164
259 277 278 328 l
289 276 396 330 009

249 399 493 470 Decipiet
521 415 645 457 vere
666 410 739 469 te,
768 416 863 456 seu
893 400 1077 471 procul
1106 399 1219 470 ipse
1246 398 1481 455 recedet.

251 494 398 563 Ergo
418 509 548 549 cave
577 510 841 566 magnum
870 509 938 549 ne
968 509 1071 566 pax
1098 508 1198 549 sua
1218 493 1291 548 sit
1316 491 1415 547 tibi
1440 492 1729 561 damnum,

246 587 555 643 Consilium
574 588 800 660 dignum
826 603 956 660 cape
989 592 1154 654 (812),
1186 586 1352 657 luget,
1373 601 1407 641 ο
1427 587 1625 654 scelus,
1656 585 1837 656 istud;

246 683 380 737 Jura
404 681 527 737 licet
549 682 718 752 prisca
748 682 1079 753 corruperis,
1110 690 1164 735 et
1187 696 1325 735 nova
1353 679 1588 751 scripta;

250 775 451 846 Plange
472 783 661 831 tamen
689 791 846 848 pure,
868 774 1019 846 plebs
1044 773 1222 830 omnis
1247 774 1464 846 plangat
1489 773 1543 828 in
1564 772 1731 842 urbe;

248 868 546 924 Communi
566 884 698 926 vero
725 876 852 924 voto
882 884 1137 924 revocare
1159 866 1379 929 studeto

245 962 545 1018 Cultricem
562 962 780 1031 Christi,
812 970 1050 1017 vestram
1078 960 1470 1032 dominamque
1493 959 1837 1029 Mathildim;

248 1057 397 1111 Hinc
421 1055 750 1111 restaurabis
773 1056 940 1127 leges,
972 1064 1026 1111 et
1049 1055 1258 1111 honore
1283 1053 1525 1123 micabis,

246 1149 428 1207 Urbes
452 1148 641 1205 vicina:
668 1148 963 1205 laudabant
980 1157 1035 1205 te
1058 1157 1143 1204 sat
1170 1148 1377 1221 opime,

245 1248 329 1299 Ac
355 1240 471 1299 fore
489 1258 681 1299 secura
704 1251 892 1299 tamen
919 1242 1066 1298 haud
1091 1243 1244 1298 aliter
1274 1250 1425 1313 potes
1463 1257 1725 1313 unquam.

851 1358 1093 1412 CAPUT
1135 1357 1232 1410 VI.

244 1453 379 1506 Item
405 1450 470 1505 de
508 1452 691 1505 eodem
738 1467 879 1521 rege,
912 1455 962 1504 et
987 1450 1170 1504 eadem
1202 1450 1425 1505 domina
1469 1449 1750 1521 Mathildi,
1791 1453 1841 1502 et

315 1523 383 1575 de
432 1523 561 1577 bello
606 1520 839 1577 militum
869 1524 1154 1576 comitissa:
1181 1538 1301 1575 cum
1336 1536 1459 1589 rege
1497 1520 1651 1590 apud
1682 1523 1839 1575 Tres-

317 1594 647 1648 Comitatus.

243 1698 367 1751 Rex
394 1696 561 1767 igitur
588 1705 747 1767 capta
765 1694 1007 1768 gaudens
1030 1710 1095 1750 ex
1117 1694 1253 1750 urbe
1275 1694 1445 1750 relata

1156 275 1447 330 APPEND.
1490 276 1574 329 Ill.
1616 303 1685 314 —
1728 274 2145 330 MONUMENTA
2183 274 2643 333 GREGORIANA.

3413 281 3549 335 1010

1873 404 1926 467 Α
1954 398 2100 455 Mille
2132 398 2273 455 viros
2298 400 2471 456 fortes
2498 415 2734 456 numero
2764 400 2885 471 plus
2901 401 3063 471 jussit
3091 400 3163 457 ad
3188 401 3405 459 hostem

1950 494 2181 563 Pergere
2209 494 2553 559 bellandum,
2576 494 2756 566 campi
2780 494 3079 550 certamine
3107 504 3341 563 tantum;

1950 588 2198 657 Cumque
2242 588 2371 643 Padi
2403 587 2615 655 latices,
2644 588 2864 643 Athesis
2896 603 3002 643 nec
3032 604 3143 643 non
3182 590 3541 659 vadasissent,

1951 678 2163 735 Insidiis
2192 680 2379 749 plenus
2409 697 2524 747 rex,
2548 680 2697 751 ipsos
2734 689 2860 737 octo
2888 680 3079 737 diebus

1948 772 2172 839 Vitavit,
2207 773 2424 829 tardans
2445 775 2693 845 proprias
2714 775 3021 831 revocando
3042 775 3357 849 phalanges.

1948 864 2209 921 Traditor
2236 866 2468 921 istorum
2502 882 2687 938 regem
2718 866 2931 923 dicebat
2957 882 3148 923 eorum

1948 958 2086 1014 Nole
2106 959 2275 1030 spatis
2302 958 2472 1031 iungi,
2495 959 2680 1015 deerat
2704 960 2830 1032 quia
2862 977 3044 1032 posse,
3066 962 3324 1035 rejungit,

1945 1052 2099 1107 Talia
2129 1052 2431 1121 credentes,
2450 1054 2624 1108 securi
2651 1062 2816 1120 stant,
2846 1063 2898 1109 et
2920 1054 3184 1123 inermes;

1952 1149 2032 1201 En
2053 1146 2235 1202 subito
2263 1145 2553 1218 splendent
2578 1147 2722 1218 regis
2744 1147 2931 1203 vexilla
2954 1147 3209 1217 ferentes,

1948 1240 2055 1309 Qui
2078 1256 2140 1295 su
2150 1256 2243 1311 per
2259 1241 2358 1296 hos
2371 1249 2617 1307 currunt,
2644 1257 2771 1312 pars
2790 1240 3020 1296 caeditur
3040 1251 3265 1313 utraque
3282 1241 3540 1308 multum,

1947 1338 1997 1388 A
2024 1333 2185 1389 turba
2216 1334 2354 1406 regis
2376 1334 2534 1390 miles
2552 1335 2782 1406 capitur,
2813 1333 2910 1390 sed
2935 1334 3184 1389 inermis.
3388 1344 3391 1345 '

1949 1427 2135 1482 Plures
2161 1427 2416 1495 evadunt,
2451 1427 2669 1501 fugiunt
2696 1444 2789 1499 per
2828 1427 2983 1482 devia
3012 1427 3214 1493 saltus;

1949 1523 2054 1575 Iste
2083 1520 2304 1591 quidem
2326 1537 2497 1592 pagus
2512 1522 2777 1576 vocitatur
2795 1520 3267 1576 Tres—Comitatus
3288 1524 3457 1589 (820),

1947 1615 2202 1670 Proditor
2224 1630 2449 1671 emanso
2480 1618 2625 1683 (821)
2649 1615 2750 1669 fuit
2784 1619 2942 1687 Hugo
2966 1614 3168 1669 nobilis
3186 1616 3325 1681 alvo,

1944 1710 2104 1763 Hanc
2129 1716 2319 1762 contra
2346 1723 2558 1763 morem
2578 1707 2675 1763 sed
2702 1707 2830 1762 fecit
2854 1706 3236 1778 proditionem,

242 1789 567 1845 Ρουίίθοθῐη
598 1788 797 1845 falsum
816 1790 1098 1845 cononem
1134 1792 1282 1855 (813)
1302 1796 1462 1859 gente
1490 1791 1837 1844 Lemannum
1868 1780 1915 1840 Β
1946 1802 2090 1856 Nam
2111 1801 2280 1872 proba
2298 1800 2551 1855 nobilitas
2567 1816 2676 1854 non
2700 1809 2861 1871 turpe
2873 1800 3049 1855 scelus
3064 1808 3245 1871 patrat
3270 1816 3536 1872 unquam.

245 1883 360 1938 Illic
386 1897 502 1939 esse
526 1882 722 1954 jubet;
740 1882 863 1954 jam
889 1881 1087 1954 [πωευί
1113 1881 1364 1937 Ubaldus
1392 1882 1461 1937 ab
1489 1881 1624 1937 urbe

242 1978 479 2047 Fugerat
500 1974 572 2030 ad
601 1975 869 2047 grandem
903 1974 1245 2030 comitissam
1271 1974 1728 2045 catholicamque.

242 2072 364 2124 Rex
390 2076 565 2125 terras
595 2068 737 2124 ultra
762 2068 1048 2139 tenuitque
1078 2067 1285 2122 Padum
1308 2066 1417 2123 fere
1437 2076 1664 2123 cunctas

242 2163 493 2229 Platena,
522 2164 735 2235 Nogara
764 2165 929 2230 (814),
958 2161 1060 2216 nisi
1084 2176 1207 2233 qua:
1230 2168 1359 2216 sunt
1375 2160 1572 2232 oppida
1600 2160 1765 2227 clara,

246 2258 381 2311 Haec
407 2254 529 2310 loca
555 2270 757 2327 nempe
777 2254 941 2310 ﬁdem
966 2270 1247 2310 servavere
1276 2259 1424 2321 (815)
1446 2253 1763 2319 comitissae,

241 2349 412 2420 Regis
438 2356 711 2404 terrorem
730 2348 1198 2419 despexeruntque
1220 2345 1493 2415 furorem;

246 2444 369 2497 Rex
396 2440 473 2497 ibi
502 2456 617 2496 non
646 2440 860 2496 hastam
886 2441 1089 2513 potuit,
1112 2456 1292 2511 neque
1317 2440 1535 2496 mittere
1567 2440 1831 2512 plantam,

242 2536 365 2590 Hac
390 2542 444 2590 et
470 2533 525 2590 in
553 2542 745 2590 aestate
767 2534 974 2605 capitur
994 2534 1259 2589 Minervia
1283 2537 1431 2600 (816)
1455 2548 1590 2588 sane

240 2629 467 2683 Hancve
496 2624 642 2683 fama
674 2626 823 2698 (817)
847 2628 1011 2698 cepit,
1036 2625 1316 2682 nonnullis
1341 2625 1577 2697 denique
1602 2626 1741 2693 telis,

242 2724 423 2794 Quam
446 2736 540 2776 rex
568 2720 832 2793 possedit,
859 2735 960 2775 nec
988 2721 1059 2775 ob
1089 2720 1194 2775 hoc
1222 2720 1495 2775 comitissa
1523 2719 1729 2776 recedit

244 2821 287 2870 A
319 2813 438 2870 zelo
461 2813 630 2883 Petri,
662 2829 763 2885 pro
791 2830 900 2886 quo
918 2814 1062 2869 mala
1088 2822 1239 2868 tanta
1270 2813 1494 2884 recepit,

240 2910 378 2978 Qua
400 2923 497 2979 per
518 2909 822 2980 Regensem
861 2907 1190 2963 comitatum
1216 2922 1313 2963 seu
1340 2906 1724 2975 Motinensem,

240 3002 364 3057 Ibat
390 3002 656 3070 laetanter,
682 3000 931 3073 proprias
955 3001 1211 3057 ﬁrmabat
1233 3010 1288 3056 et
1306 3016 1458 3057 arces
1473 3006 1652 3068 (818);

238 3095 560 3152 Nullatenus
587 3103 735 3151 certe
753 3094 1045 3167 desperans
1076 3095 1290 3151 vincere
1319 3110 1527 3167 regem,

240 3192 427 3245 Mores
454 3196 618 3260 atque
641 3188 753 3243 vias
776 3188 917 3243 illius
931 3188 1131 3259 saepius
1150 3189 1262 3260 ipsa

237 3281 573 3353 Reperiebat
598 3281 695 3347 ita,
721 3280 868 3352 quod
897 3297 1130 3354 semper,
1158 3297 1267 3352 quo
1298 3282 1477 3337 malus
1499 3281 1633 3348 ibat,

240 3378 501 3441 Noverat,
534 3373 762 3430 athletas
789 3384 844 3430 et
864 3384 1101 3447 quantos
1130 3375 1244 3447 ipsa
1275 3381 1417 3441 (819)
1445 3375 1686 3430 tenebat.

234 3471 381 3524 Nam
403 3476 695 3540 postquam
719 3485 920 3542 magna
953 3468 1058 3525 fuit
1086 3484 1180 3523 arx
1203 3468 1469 3524 Minervia
1491 3478 1670 3539 capta,

232 3566 505 3634 Tempore
526 3578 621 3618 rex
646 3563 840 3619 hiemis
858 3562 1079 3619 Athesis
1103 3572 1259 3618 trans
1280 3563 1490 3619 ﬂumen
1515 3562 1679 3617 abivit

236 3655 577 3728 Principibus
605 3646 804 3713 vacuus
832 3666 982 3725 tunc,
1004 3656 1266 3712 militibus
1290 3672 1466 3728 neque
1488 3656 1696 3714 fultus:

233 3751 362 3805 Hoc
380 3749 565 3806 didicit
584 3765 781 3822 nempe
809 3749 1048 3822 prudens
1073 3750 1375 3819 comitissa,
1398 3760 1620 3823 repente

232 3882 460 3939 codices
484 3900 622 3939 nunc
645 3883 867 3939 habent.
899 3885 1061 3940 M011.

308 3960 457 4020 (812)
477 3956 609 4011 Cod.
642 3964 782 4022 ant.,
806 3957 1035 4024 lungeto.
1066 3956 1241 4009 Lam.
1268 3962 1472 4027 Aperte
1498 3958 1667 4021 lugetr»
1692 3966 1833 4009 vm-

231 4026 371 4081 bent
396 4027 530 4081 msti
557 4027 751 4081 nostri.
778 4028 938 4083 Mus.

308 4101 459 4165 (813)
486 4097 548 4152 Id
601 4106 685 4152 est
708 4097 1048 4154 Conradum.
1080 4099 1239 4151 Hunc
1270 4097 1323 4150 in
1353 4098 1711 4152 Mantuauam
1753 4116 1831 4149 so—

231 4170 370 4227 dem
401 4170 695 4233 intrusum,
727 4184 819 4223 me
845 4184 1062 4240 quoque
1103 4168 1287 4240 doc-uit
1318 4168 1505 4222 datum
1534 4170 1707 4223 eidem
1752 4172 1833 4221 di-

235 4244 424 4314 ploma
486 4241 575 4314 ει)-
598 4241 714 4310 ipso
761 4239 1024 4314 ﬁesﬁes,
1053 4239 1205 4314 cui!”
1242 4244 1541 4314 .cscmp'ar
1581 4241 1835 4314 ωψψι

232 4309 373 4368 iusti
402 4309 649 4383 Annales
681 4310 960 4383 Peregrini
986 4309 1347 4383 Priscianijn
1384 4310 1593 4383 Estensi
1640 4310 1829 4383 biblio-

232 4384 403 4439 theca
452 4382 675 4444 servati.
724 4380 1043 4454 qua'nquam
1085 4381 1200 4435 sine
1248 4380 1403 4454 data.
1458 4381 1542 4435 Ibi
1573 4381 1768 4452 legitur
1816 4400 1829 4436 :

234 4457 523 4521 Henriws,
556 4453 986 4520 divino’favente
1022 4453 1320 4519 clementia,
1353 4455 1542 4507 tertius
1567 4457 1831 4506 Romano-

228 4543 366 4581 rum
389 4528 685 4594 imperator
728 4526 1028 4593 Augustus,
1061 4532 1193 4589 etc.,
1230 4526 1446 4579 Noverit
1482 4526 1829 4585 universitas,

231 4599 389 4668 quod
413 4597 549 4651 Cano
578 4601 776 4650 sancta:
795 4600 1105 4650 Mantuanae
1128 4595 1273 4668 sedis
1295 4596 1567 4668 episcopus
1584 4599 1834 4668 nostram

232 4663 391 4723 adiit
414 4669 764 4726 clementiam.
798 4675 926 4731 etc.,
959 4668 1214 4720 Fortasse
1243 4663 1433 4719 datum
1462 4663 1568 4720 hoc
1590 4665 1831 4736 diploma

231 4755 388 4795 anno
412 4743 573 4792 1091.
601 4739 760 4793 Mus.

314 4815 457 4875 (814)
484 4809 718 4864 Illustria
743 4808 853 4864 duo
882 4806 1099 4879 oppida,
1130 4821 1368 4879 quorum
1394 4822 1566 4861 unum
1595 4809 1830 4871 Platina,

234 4896 393 4935 nunc
448 4881 709 4943 Pladena,
753 4880 805 4933 in
857 4878 1207 4934 Cremonensi
1258 4892 1409 4946 agro,
1453 4879 1605 4933 dedit
1676 4881 1835 4935 nobis

236 4953 695 5008 Bartholomamm
743 4952 1016 5005 Plotinam
1072 4950 1343 5021 celebrem
1394 4949 1596 5017 virum,
1667 4966 1832 5021 quem

238 5026 552 5092 Baptistam
605 5023 911 5093 complures
958 5020 1317 5093 appellarunt,
1388 5021 1485 5076 sed
1525 5020 1831 5092 perperam,

230 5094 459 5165 decepti
481 5109 511 5148 a
541 5092 961 5159 littera’initiali,
992 5093 1241 5165 quasola
1272 5092 1388 5165 ejus
1408 5108 1617 5165 nomen
1660 5093 1833 5148 inter-

234 5163 396 5221 dum
412 5165 650 5221 occurrit
677 5180 1011 5236 expressum,
1041 5164 1120 5218 uti
1139 5163 1257 5236 jam
1286 5163 1681 5236 evicitclariss.
1711 5166 1835 5220 Cre-

234 5252 429 5292 monaa
455 5237 705 5291 litteratae
734 5234 925 5290 auctor
952 5235 1277 5289 Franciscus
1323 5234 1553 5289 Arisius.
1584 5237 1835 5290 Alterum

237 5311 509 5377 Nogaria,
564 5324 709 5362 nunc
752 5310 974 5375 Nagara
1023 5305 1329 5360 Veronensi
1383 5306 1587 5377 civitati
1627 5307 1834 5362 subest.

240 5382 309 5434 In
338 5376 343 5377 7
376 5380 563 5433 charta
648 5377 973 5433 cathedralis
1043 5376 1440 5439 Cremonensis,
1508 5393 1671 5446 quam
1740 5378 1836 5431 ali-

240 5450 470 5522 quando
520 5449 771 5522 prodam,
824 5446 1138 5522 Bonifacius
1182 5446 1438 5522 tnarchio
1489 5464 1632 5503 anno
1676 5455 1833 5522 1022,

240 5518 450 5576 c'urtem
509 5518 801 5575 Pladenam
853 5518 1107 5591 episcopo
1168 5519 1520 5574 Cremonensi
1585 5520 1838 5591 opponit.

243 5594 415 5648 Mus.

320 5668 472 5729 (815)
498 5664 881 5719 Servaverunt.
911 5661 1082 5714 Lam.

319 5740 467 5801 (816)
510 5737 605 5790 Est
642 5731 910 5805 oppidum
957 5730 1252 5786 Brixiensis
1272 5735 1405 5804 agri,
1435 5749 1583 5805 nunc
1623 5736 1837 5790 Maner-

246 5808 338 5862 bio
378 5821 545 5877 supra
604 5804 914 5862 Ostianum.
974 5805 1068 5858 Est
1111 5810 1167 5856 et
1232 5818 1400 5877 pagus
1449 5804 1594 5877 apud
1641 5805 1838 5862 Lenia-

1867 3157 1915 3221 C

1955 1892 2208 1950 Tandem
2238 1894 2453 1949 collecti
2479 1909 2786 1949 remeavere
2814 1898 2957 1961 (822)
2978 1902 3127 1948 retro
3155 1895 3366 1956 moesti,

1948 1990 2032 2043 De
2060 1987 2221 2043 sociis
2249 1987 2422 2058 captis
2447 1986 2621 2057 parvis
2651 1988 2849 2057 pariter
2878 2001 3096 2058 quoque
3123 1986 3355 2057 magnis,

1946 2082 2094 2135 Inter
2121 2096 2261 2151 quos
2284 2088 2475 2151 captus
2502 2078 2826 2134 Manl'redus
2855 2088 2972 2133 erat
3002 2079 3229 2149 probus,
3257 2079 3398 2134 altus

1946 2173 2112 2229 Filius
2135 2172 2366 2228 Alberti.
2391 2174 2565 2244 Super
2588 2172 2769 2243 ipsum
2798 2170 2982 2226 contio
3006 2172 3153 2241 regis

1945 2266 2186 2322 Maxime
2209 2265 2495 2338 gaudebat,
2523 2264 2822 2320 comitissa:
2848 2264 3030 2320 contio
3059 2264 3245 2328 ﬂebat,

1943 2362 2080 2432 Quae
2105 2359 2333 2415 veniens
2361 2357 2526 2426 fessa,
2550 2357 2784 2429 propria).
2803 2357 3046 2413 dominae
3069 2356 3384 2413 manifestat

1945 2457 2113 2508 Actus
2142 2452 2423 2519 adversos,
2448 2450 2641 2520 duros,
2660 2450 3002 2523 nimiumque
3026 2451 3315 2517 molestos,

1945 2544 2210 2599 Dulcibus
2230 2553 2284 2600 et
2314 2544 2494 2615 planis
2514 2544 2715 2609 verbis,
2747 2560 2889 2615 quos
2914 2544 3031 2615 ipsa
3059 2542 3309 2600 ducatrix

1940 2639 2133 2693 Solans
2162 2636 2460 2705 blanditur,
2491 2653 2601 2709 quo
2629 2652 2743 2691 non
2763 2636 2999 2692 timeant
3018 2636 3325 2693 inimicum.

1944 2730 2209 2785 Vincendi
2237 2719 2460 2797 bellum,
2495 2728 2757 2800 perdendi
2788 2728 3029 2800 denique
3053 2737 3273 2801 tempus

1939 2825 2027 2879 Sic
2048 2823 2303 2889 variatur,
2334 2822 2406 2876 ait
2437 2843 2448 2877 :
2482 2823 2669 2877 Virtus
2692 2830 2854 2892 prout
2879 2821 3050 2877 ardua
3078 2823 3274 2877 sancit.

2549 2932 2789 2988 CAPUT
2809 2934 2932 2987 VII.

1948 3032 2024 3084 De
2051 3027 2320 3083 obsidione
2366 3026 2743 3093 Montis-belli,
2785 3031 2836 3079 et
2862 3026 2930 3079 de
2966 3025 3167 3080 vexillo
3208 3026 3349 3093 regis
3390 3026 3541 3095 apud

2490 3098 2778 3152 Canossam
2809 3101 2980 3166 capto.

1943 3206 2091 3259 Dum
2121 3202 2374 3259 transiret
2393 3199 2591 3266 hiems,
2618 3216 2723 3272 qua
2744 3198 2947 3255 bellum
2971 3214 3095 3254 cum
3118 3198 3418 3255 comitissa:

1939 3296 2210 3352 Militibus
2236 3293 2368 3350 fecit
2387 3310 2504 3361 rex,
2537 3301 2699 3349 aestas
2732 3292 2888 3348 tertia
2914 3292 3065 3348 venit
3087 3297 3251 3361 (823),

1938 3389 2103 3445 Binas
2133 3404 2229 3443 rex
2255 3393 2479 3442 steterat
2502 3394 2721 3442 aestates
2742 3385 2911 3441 Italiae
2934 3384 3076 3457 jam,

1940 3482 2163 3538 Eridani
2184 3480 2331 3535 ﬂuvii
2362 3479 2584 3534 laticem
2605 3495 2731 3534 cum
2760 3478 2957 3533 Junius
2980 3478 3093 3533 urit

1938 3575 2177 3646 Stipatus
2194 3573 2389 3629 transit
2408 3570 2805 3643 Longobardis.
2845 3570 3017 3623 imm
3032 3590 3057 3623 i1
3072 3574 3173 3631 ωδ,

1940 3666 2295 3738 Obtinuitque
2323 3666 2439 3721 loca
2470 3666 2793 3733 camp-sirm
2824 3666 3087 3717 mlum-.1

1940 3761 2024 3817 Ad
2052 3769 2261 3817 mon'm
2294 3790 2323 3805 η·
2366 3758 3048 3815 :Illiit\lniiwmit‘s,<1“::
3078 3757 3246 3813 ulmis
3274 3759 3469 3827 ambit,

1938 3914 2063 3949 cum
2100 3898 2147 3945 ‘m
2194 3896 2515 3957 Vormiensi,
2564 3896 2808 3946 )Imeroe
2846 3890 3196 3961 appellatum.
3234 3890 3316 3946 Ad
3345 3900 3535 3948 utrum

1942 3966 2185 4033 rosidmal
2228 3966 2455 4032 Donizn,
2488 3964 2578 4017 alii
2622 3962 2862 4017 videant.
2897 3964 3013 4033 Ego
3047 3962 3283 4033 primum
3310 3962 3539 4034 praefer-

1944 4056 2081 4093 rem.
2124 4042 2281 4092 MHR.

2018 4115 2160 4173 (817)
2225 4106 2466 4175 Corrige,
2514 4104 2887 4176 praeeuntibus
2931 4105 3136 4160 nostris
3186 4104 3465 4161 codicibus
3518 4127 3529 4160 :

1944 4182 2155 4235 Hancve
2181 4180 2347 4244 fame.
2382 4180 2541 4231 Mun.

2013 4254 2159 4314 (818)
2208 4250 2275 4302 Et
2318 4247 2539 4318 quidem
2592 4246 2916 4318 Mutinensis
2960 4260 3023 4301 ac
3058 4246 3342 4316 Regiensis
3387 4263 3537 4318 ager,

1944 4320 2056 4374 sive
2102 4316 2413 4383 comitatus,
2474 4316 2615 4387 vires
2671 4317 2971 4387 praecipuas
3018 4332 3083 4371 ac
3134 4320 3361 4373 tutelam
3413 4316 3536 4372 Ma-

1943 4389 2098 4445 thildi
2155 4388 2463 4459 praestabat.
2508 4386 2615 4441 Hic
2665 4386 3010 4459 enimplura
3059 4402 3225 4459 quam
3263 4387 3393 4442 alibi
3437 4390 3537 4443 Ca-

1940 4461 2094 4538 stella
2154 4456 2215 4538 et
2274 4474 2432 4538 arces
2645 4457 2771 4538 ejus
2820 4456 2949 4538 jura
3023 4458 3376 4538 spectabant,
3425 4459 3537 4538 sive

1941 4532 2100 4588 titulo
2150 4530 2352 4597 allodii,
2385 4530 2498 4584 sive
2538 4526 2697 4583 titulo
2743 4526 2891 4583 feudi
2931 4526 3091 4583 variis
3140 4528 3209 4583 ab
3254 4529 3531 4585 Ecclesiis.

1941 4606 2159 4746 Μῗέίθ)
2192 4644 2332 4743 Ipse.
2379 4674 2551 4728 Lam.
2582 4673 2643 4725 In
2671 4669 2871 4726 nostris
2900 4669 3030 4726 item
3057 4668 3335 4726 codicibus
3372 4670 3536 4728 habe-

1940 4756 2033 4802 tur
2057 4750 2189 4816 ipse.
2223 4748 2390 4800 Man.

2012 4810 2159 4885 (820)
2182 4818 2341 4871 Nunc
2368 4814 2665 4885 Tricontai,
2687 4812 2779 4883 qui
2810 4828 2982 4885 pagus
3002 4810 3056 4866 in
3076 4814 3344 4869 comitatu
3378 4817 3535 4869 Pata-

1942 4888 2067 4943 vino
2105 4887 2242 4941 situs
2271 4887 2471 4941 dicitur
2499 4884 2967 4957 in‘Monumentis
3006 4899 3100 4954 per
3142 4900 3232 4939 me
3261 4888 3535 4957 congestis

1942 4959 1999 5013 in
2028 4959 2274 5029 antiquit.
2311 4955 2688 5029 EstenaMuia.

2016 5024 2177 5101 (821)
2196 5036 2395 5101 Aperte
2425 5025 2595 5101 codex
2614 5025 2823 5097 Regien
2856 5024 3018 5081 habet
3046 5044 3072 5101 e_
3100 5030 3290 5082 Manso
3324 5046 3335 5080 :
3368 5034 3424 5081 et
3451 5027 3533 5082 sic

1941 5096 2338 5156 restituendum
2371 5100 2551 5153 locum
2571 5096 2689 5168 jam
2712 5096 3031 5152 inonueram
3059 5098 3112 5152 in
3140 5112 3535 5168 praememora-

1946 5173 2013 5243 tis
2038 5172 2295 5243 antiquit.
2328 5172 2515 5243 Esten.
2547 5184 2666 5243 cap.
2696 5174 2786 5233 27,
2812 5176 3082 5243 pag.i271,
3106 5169 3198 5243 ubi
3226 5169 3391 5243 libere
3412 5186 3535 5243 sum

1945 5242 2144 5310 fassus,
2174 5239 2447 5311 Hugonem
2472 5242 2536 5295 de
2567 5241 2756 5294 Manso
2783 5239 3105 5311 Ate’stinumr
3120 5241 3418 5308 principem
3452 5239 3540 5311 hic

1947 5315 2193 5377 indicari,
2238 5310 2699 5384 q’uiinogbilitatem
2745 5311 3021 5384 sanguinis
3061 5310 3261 5384 oblitus
3297 5310 3541 5365 Mathildi

1947 5385 2093 5440 hunc
2119 5381 2308 5439 ludum
2341 5382 2487 5447 lusit,
2518 5382 2563 5435 si
2591 5390 2781 5436 tamen
2812 5382 3077 5435 Donizoni
3111 5381 3204 5452 hic
3226 5381 3430 5452 integra
3474 5384 3538 5435 1i-

1947 5457 2043 5511 des
2058 5454 2386 5510 adhibenda.
2416 5455 2543 5507 Erat
2560 5455 2725 5523 Hugo
2750 5452 2984 5523 Azzonis
3002 5450 3329 5523 marchionis
3348 5450 3545 5523 listen-

1948 5526 2021 5581 sis
2068 5525 2231 5593 ﬁlius,
2274 5532 2326 5596 et
2376 5532 2601 5595 patruus
2644 5521 2966 5596 Welphonis
3010 5521 3187 5588 ducis,
3232 5539 3396 5596 quem
3439 5521 3541 5576 sibi

1949 5597 2207 5652 maritum
2235 5593 2493 5651 effecerat
2522 5593 2817 5648 Mathildis.
2845 5595 3006 5646 Mun.

2022 5672 2171 5735 (822)
2196 5666 2334 5725 Cod.
2367 5666 2598 5736 Regien.
2630 5667 3013 5718 remeaverunt.
3045 5665 3206 5719 MUR.

2028 5740 2173 5807 (823)
2204 5744 2368 5795 Anno
2404 5742 2469 5790 10
2492 5740 2585 5787 92.
2612 5736 2784 5789 ιω.
