4052 6180
273 272 408 326 1013

1174 268 1459 324 APPEND.
1500 268 1589 322 Ill.
1628 295 1700 307 -
1736 268 2157 324 MONUMENTA
2190 267 2649 323 GREGORIANA.

3430 272 3566 326 1014

264 398 508 466 Tempus
545 402 664 449 erat
693 394 921 457 clarum,
947 391 1115 448 rediit
1140 399 1290 447 retro
1317 391 1660 448 Cavilianum
1697 397 1862 462 (833),
1893 399 1948 461 Α
1975 397 2090 449 Rex
2122 393 2289 449 volvit
2317 391 2502 460 frena;
2532 392 2801 464 Bajanum
2830 396 2973 457 (838)
3004 393 3196 457 tendit,
3224 393 3461 450 habebat

268 495 351 544 Ac
388 504 605 543 memor
648 496 732 543 est
789 488 965 544 factus
1003 487 1260 542 Canossm
1310 500 1435 555 qua
1483 487 1626 541 mala
1670 502 1862 558 passus

268 582 373 647 Sit,
397 581 555 637 nudis
582 581 802 652 quando
832 580 1064 651 planetis
1082 579 1191 634 illic
1208 579 1379 644 stetit,
1407 580 1578 650 algor,

265 676 376 730 Nix
405 675 716 746 pariterque
743 672 909 744 pedes
938 672 1084 727 illius
1127 672 1308 738 coxit;
1341 671 1543 726 habere

264 771 430 824 Nunc
457 766 764 824 ulciscendi
789 776 1010 838 tempus
1050 782 1108 821 se
1142 765 1381 821 credidit
1403 781 1468 821 ex
1499 766 1611 835 his;

264 864 571 918 Canossam
591 878 720 917 vero
746 860 1049 929 comitissa,
1082 860 1281 915 cohors
1308 875 1404 914 sua
1434 875 1648 915 necnon

261 959 522 1026 Venerat,
557 966 725 1026 utque
745 956 888 1025 sapit
912 970 1096 1026 regem
1121 952 1240 1010 fore
1261 953 1543 1020 Caviliani,

261 1050 470 1105 Militiae
484 1056 692 1120 partem
723 1049 848 1103 forti
878 1047 1086 1103 dimisit
1107 1048 1165 1101 in
1185 1062 1330 1113 arce,

257 1148 344 1198 Ac
368 1150 579 1214 partem
608 1157 795 1197 secum
822 1142 964 1208 tulit,
982 1142 1025 1196 it
1059 1156 1190 1196 mox
1233 1138 1618 1204 Bibianellum,

258 1238 447 1292 Semet
472 1234 867 1291 commendans
900 1235 1214 1305 Apollonio,
1258 1234 1399 1288 bene
1426 1246 1651 1303 sperans

258 1330 469 1385 Salvari
500 1345 656 1400 posse
678 1328 885 1383 meritis
915 1328 1085 1399 ipsius
1107 1327 1174 1381 ab
1221 1326 1394 1381 hoste.

256 1426 411 1479 Dum
438 1421 539 1478 fuit
563 1421 635 1477 ad
656 1432 901 1477 montem
928 1421 1203 1491 Jumignaa
1220 1424 1386 1485 (834),
1409 1418 1632 1474 densius
1676 1418 1862 1474 hostes

258 1520 367 1571 Per
414 1516 849 1586 Lintregnanum
903 1523 1149 1569 montem
1198 1513 1424 1567 veniunt
1488 1510 1625 1582 pede
1698 1526 1860 1566 raro:

258 1610 336 1663 Hi
368 1609 477 1663 duo
497 1616 627 1663 sunt
654 1616 869 1662 montes
895 1606 1077 1668 vicini,
1094 1605 1258 1661 sensit
1280 1604 1579 1659 abhorrens

256 1705 521 1773 Utraque
569 1716 694 1771 pars
717 1700 1027 1772 strepitum,
1057 1700 1299 1754 dominae
1341 1713 1465 1769 pars
1492 1696 1858 1751 Bibianellum

256 1799 439 1851 Intrat
467 1792 749 1860 festinans,
780 1794 1031 1862 regisque
1064 1792 1297 1862 phalanx
1323 1790 1678 1856 Canusinam,

253 1888 471 1943 Vexillo
502 1889 649 1958 large
670 1895 845 1951 tenso,
871 1886 1179 1957 properavit
1197 1885 1264 1940 ad
1294 1900 1500 1940 arcem.

251 1989 299 2037 Α
330 1982 561 2037 domina
590 1995 841 2051 proceres
864 1979 1125 2050 aliquanti
1153 1988 1286 2033 tunc
1331 1976 1539 2033 rediere

251 2080 457 2139 Retro,
490 2074 588 2128 viri
628 2074 788 2144 regis,
818 2088 956 2144 quos
1002 2072 1195 2142 qumrit
1218 2075 1360 2137 (835)
1401 2070 1599 2125 ducere
1626 2068 1749 2124 belli

250 2167 350 2224 Ad
379 2183 637 2239 pugnam,
668 2167 872 2221 bellum
896 2173 1141 2220 renuunt
1186 2164 1263 2228 hi,
1308 2178 1437 2218 cum
1482 2163 1591 2217 cito
1622 2161 1856 2218 tendunt

252 2260 349 2315 Ad
382 2261 623 2331 reliquos
660 2260 819 2326 arcis,
850 2274 988 2329 quos
1010 2258 1263 2312 hortatur
1289 2257 1451 2312 simul
1490 2256 1660 2310 armis

250 2355 510 2425 Arreptis
548 2353 661 2423 regi
684 2352 913 2408 ﬁdenter
935 2351 1072 2406 bella
1105 2350 1350 2421 rependi.

248 2450 507 2519 Cumque
534 2448 681 2502 tuba:
732 2460 947 2517 magna:
991 2443 1243 2511 reboant,
1293 2442 1563 2513 abbasque
1616 2444 1855 2497 Joannes

1584 2538 1604 2604 [
1632 2538 1782 2601 (836)

246 2638 397 2693 Cum
418 2634 705 2691 monachis
727 2632 969 2706 psalmos
990 2630 1276 2703 psallebat,
1326 2627 1602 2699 cordeque
1637 2638 1855 2684 sanctos

248 2733 580 2800 Deposcens
609 2743 823 2795 omnes,
856 2727 1006 2780 locus
1046 2732 1106 2778 ut
1142 2731 1360 2777 tueatur
1387 2722 1454 2777 ab
1488 2722 1673 2789 hoste;

250 2822 483 2877 Exstitit
507 2829 624 2876 orta
652 2821 779 2875 satis
810 2820 985 2891 caligo
1017 2817 1250 2873 maxima
1286 2818 1494 2882 statim,

246 2916 449 2971 Abbas
471 2914 681 2976 orabat,
708 2913 983 2984 pugnabat
1022 2910 1174 2982 plebs
1209 2918 1533 2977 memorata,

248 3008 589 3064 Vulneribus
638 3006 768 3061 ferri
788 3005 1062 3077 jaculatur
1100 3004 1292 3059 concio
1335 3004 1497 3075 regis,

246 3106 330 3158 Ex
360 3101 567 3173 populo
589 3108 747 3156 terrae
766 3099 1035 3171 jaculatur
1058 3097 1281 3153 nonnisi
1306 3104 1453 3151 certe
1494 3120 1501 3127 ·

245 3200 443 3263 Unus,
470 3195 564 3265 qui
594 3194 797 3248 multas
814 3193 924 3263 pilo
949 3192 1257 3262 pulsaverat
1283 3191 1459 3245 ulnas.

251 3289 531 3344 Vexiilum
562 3288 703 3357 regis
728 3286 973 3356 gestabat
1000 3292 1160 3338 natus
1188 3284 1371 3338 Oberti
1402 3286 1566 3352 (837),

245 3381 335 3437 Ad
370 3395 433 3434 se
459 3379 555 3450 qui
580 3388 796 3433 rectum
821 3394 945 3432 cum
992 3377 1125 3433 vidit
1152 3376 1379 3431 tendere
1411 3375 1638 3437 ferrum,

246 3473 498 3529 Evitans
529 3471 698 3527 ictum
716 3472 894 3545 lorica
931 3471 1099 3525 nimis
1127 3470 1296 3524 trahit
1326 3470 1531 3540 ipsum,

246 3571 406 3623 Nam
434 3565 633 3621 cecidit
654 3572 833 3630 terrae,
864 3566 1037 3619 currit
1066 3563 1398 3635 quidamque
1442 3561 1709 3633 pedester,

244 3659 551 3730 Accipiens
579 3658 813 3729 hastam,
837 3658 1103 3713 vexillum
1130 3657 1275 3711 tollit
1298 3657 1364 3711 ad
1389 3665 1565 3719 astra;

248 3756 356 3808 Vix
379 3754 655 3811 relevatus
706 3767 849 3823 equo
880 3751 1173 3821 praedictus
1193 3749 1462 3815 marchio,
1492 3757 1640 3804 retro

243 3848 330 3902 Ad
363 3861 578 3917 regem,
600 3861 820 3900 sursum
852 3845 945 3915 qui
974 3844 1335 3898 monticulum
1360 3844 1512 3897 stetit
1534 3858 1707 3897 unum

245 3942 397 3995 Cum
430 3939 592 3993 sociis
620 3940 836 3993 cunctis
863 3937 1043 4003 rediit,
1071 3937 1234 3991 simul
1261 3952 1322 3990 ac
1360 3935 1432 3991 ibi
1465 3936 1639 4006 juncti
1692 3992 1700 3999 ,

248 4035 337 4088 0b
362 4032 627 4087 nebulam
649 4032 919 4102 grandem
948 4045 1076 4085 cum
1101 4030 1283 4083 nullus
1310 4028 1506 4083 viderit
1530 4042 1709 4082 arcem

246 4248 317 4300 Et
347 4244 502 4297 venit
528 4242 599 4295 ad
640 4244 913 4296 civitatem
963 4244 1239 4310 Reginam,
1269 4244 1318 4294 et
1354 4240 1500 4293 stetit
1534 4239 1591 4290 in
1634 4239 1851 4291 civitate

245 4318 471 4385 Regina
500 4315 795 4383 aliquantis
834 4313 1052 4366 diebus.
1096 4312 1239 4367 Audi
1285 4319 1338 4385 et
1376 4310 1705 4385 Regiensem
1730 4327 1746 4385 _:
1781 4310 1850 4361 Et

247 4381 347 4441 sic'
367 4392 490 4455 ipse
527 4381 821 4452 imperator
862 4386 1087 4437 collectis
1129 4384 1369 4436 tentoriis
1408 4384 1552 4435 venit
1601 4381 1847 4447 Regium,

247 4468 355 4512 etc.
398 4459 485 4511 En
510 4467 567 4510 ut
592 4457 861 4511 {Emiliam
883 4456 919 4508 ii
948 4455 1242 4525 explicant.
1277 4456 1437 4508 Mus.

1973 488 2080 543 Cor
2132 486 2365 542 nimium
2402 495 2688 552 maestum,
2728 485 2874 542 videt
2901 501 3026 557 erga
3075 502 3132 541 se
3161 488 3288 561 quia
3350 496 3565 559 tempus

1973 582 2270 647 Mutatum,
2301 580 2470 635 libras
2496 596 2593 651 per
2616 580 2787 635 millia
2834 588 3071 651 quatuor
3120 580 3281 635 istam

1972 674 2155 728 Nollet
2190 673 2388 727 habere
2413 674 2554 728 viam
2582 674 2849 738 calcatan,
2889 674 3051 737 scire,
3080 689 3181 729 nec
3210 675 3418 744 ipsam;

1973 766 2212 821 Perditio
2244 766 2385 837 signi
2413 765 2692 821 defectum
2722 767 2907 837 signat
2937 767 3007 822 ab
3047 767 3196 831 hinc,
3218 767 3348 837 quin

1970 861 2188 914 Nomen
2233 859 2281 914 ei
2336 860 2550 925 crescit,
2580 860 2755 930 quod,
2782 859 2982 914 dicitur
3040 859 3344 931 ofﬁeiperdi
3388 866 3588 928 (839).'

1971 953 2104 1006 Pars
2132 950 2411 1007 Mathildis
2448 968 2619 1007 ovans
2646 952 2921 1008 Christum
2946 964 3268 1010 veneranter
3302 938 3556 1024 adorans,

1978 1043 2062 1099 Ad
2095 1044 2344 1100 Phanum
2368 1044 2547 1100 defert
2572 1045 2847 1115 Apollonii
2878 1055 3191 1101 reverenter

1979 1139 2255 1193 Vexillum
2282 1139 2441 1209 regis,
2472 1138 2619 1209 quod
2648 1138 2829 1194 adhuc
2858 1139 2927 1193 ibi
2971 1148 3185 1195 constat
3212 1140 3418 1196 haberi.

1971 1233 2106 1286 Haec
2130 1232 2263 1287 dum
2295 1231 2501 1287 ﬁebant
2523 1232 2764 1288 October
2803 1249 2932 1288 rura
2959 1233 3203 1300 colebat;

1970 1327 2097 1381 Rex
2123 1342 2227 1379 una
2256 1334 2483 1381 moestus
2518 1326 2703 1396 Bajani
2732 1336 2893 1381 nocte
2922 1326 3207 1398 quiescens

1972 1421 2135 1473 Mane
2160 1417 2368 1473 Padum
2392 1418 2549 1489 juxta
2580 1421 2907 1489 properavit,
2940 1428 2997 1475 et
3034 1419 3161 1474 inde
3187 1420 3422 1475 secunda

1969 1513 2117 1567 Luce
2144 1511 2353 1567 Padum
2382 1512 2599 1577 transit,
2622 1512 2943 1567 decrescens
2986 1514 3247 1569 omnibus
3278 1514 3454 1569 annis.

1970 1605 2175 1660 Concio
2206 1603 2487 1659 Mathildis
2507 1606 2621 1660 loca
2649 1604 2719 1659 de
2751 1622 2917 1676 prope
2944 1606 3102 1676 plana
3137 1607 3346 1677 petivit,

1970 1698 2185 1752 Eridani
2214 1698 2491 1769 lympham
2526 1707 2649 1769 post
2674 1697 2791 1753 haec
2822 1700 3069 1754 transivit
3086 1709 3140 1755 et
3165 1700 3305 1770 ipsa;

1891 1766 1938 1827 Β
1968 1794 2164 1846 Terras
2204 1766 2482 1862 paulatim,
2504 1766 2714 1847 dudum
2735 1808 2872 1863 quas
2900 1803 3029 1848 nota
3061 1766 3312 1849 ducatrix

1966 1884 2302 1950 Perdiderat,
2335 1885 2502 1940 scutis
2532 1885 2678 1941 illius
2702 1884 2937 1956 denique
2961 1886 3057 1941 viri

1965 1978 2281 2032 Restituunt
2310 1987 2498 2049 gentes
2530 1976 2785 2034 ferientes
2813 1995 3056 2050 quasque
3094 1979 3344 2048 rebelles,

1967 2070 2240 2126 Redditur
2282 2082 2340 2126 et
2381 2073 2547 2127 turris
2575 2072 2819 2137 dominae
2845 2074 3160 2130 Gubernula
3194 2076 3385 2130 multis

1964 2168 2130 2237 Regis
2158 2167 2224 2221 de
2262 2166 2429 2223 rebus
2458 2166 2721 2221 honorata
2751 2172 2892 2237 (840)
2926 2175 3029 2233 sat,
3061 2177 3115 2223 et
3146 2170 3449 2240 speciebus.

1963 2259 2199 2315 Reddita
2226 2276 2335 2315 non
2364 2261 2522 2331 longa
2554 2266 2703 2326 (841)
2732 2262 2946 2331 Ripalta
2989 2261 3089 2317 fuit
3127 2262 3228 2317 sibi
3270 2272 3393 2333 post
3418 2262 3559 2329 haec,

1960 2357 2338 2425 Augmentum
2360 2370 2625 2425 magnum
2652 2355 2737 2425 pia
2758 2371 2883 2426 pars
2909 2356 3069 2411 habet
3097 2355 3203 2412 hoc
3232 2366 3287 2413 et
3317 2358 3371 2411 in
3392 2374 3559 2413 anno.

2458 2493 2700 2548 CAPUT
2740 2495 2892 2548 VIII.

1959 2620 2034 2672 De
2057 2620 2396 2691 separatione
2412 2618 2683 2673 Pramedis
2694 2622 2893 2686 regina:
2913 2619 2981 2671 ab
2997 2622 3221 2673 Henrico
3250 2636 3373 2689 rege
3415 2621 3561 2691 (842)

2068 2694 2121 2742 et
2140 2690 2205 2742 de
2243 2690 2479 2741 adventu
2495 2705 2655 2759 papa:
2692 2692 2895 2743 Urbani
2925 2692 2983 2742 in
3006 2690 3450 2758 Longobardiam.

1960 2822 2271 2892 Augurium
2295 2823 2449 2894 pejus
2473 2823 2588 2893 regi
2614 2838 2831 2893 quoque
2879 2822 3131 2892 contigit,
3161 2823 3278 2891 ejus

1960 2916 2253 2987 Flagitium
2277 2932 2501 2987 prorsus
2516 2932 2612 2970 sua
2639 2917 2803 2985 cmpit
2832 2930 3086 2985 spernere
3120 2915 3381 2985 conjunx,

1967 3010 2127 3079 Quod
2155 3018 2332 3065 taceat
2356 3019 2620 3073 metrum,
2648 3009 2808 3062 nimis
2840 3008 2963 3062 hinc
2991 3024 3058 3063 ne
3081 3008 3461 3079 degeneretur.

1964 3109 2065 3157 Ast
2084 3104 2151 3159 de
2173 3104 2355 3174 regina
2388 3092 2629 3158 Praxede
2654 3112 2841 3157 tamen
2875 3110 3048 3155 metra
3091 3102 3307 3166 dicant;

1965 3197 2051 3251 Sic
2080 3197 2240 3251 timet
2289 3197 2399 3266 ipsa
2427 3199 2623 3264 virum,
2681 3195 2899 3250 dentem
2930 3195 3075 3249 velut
3118 3212 3255 3266 agna
3288 3195 3558 3265 lupinum,

1962 3292 2213 3359 Cumque
2236 3289 2430 3342 timore
2453 3288 2657 3350 tremit,
2681 3286 2875 3341 furtim
2898 3288 3204 3341 munimina
3221 3288 3418 3358 quaarit

1962 3382 2270 3443 Mathildis,
2302 3396 2533 3451 poscens
2571 3388 2631 3433 ut
2659 3396 2781 3433 eam
2811 3381 3085 3451 disjungat
3105 3379 3173 3435 ab
3206 3380 3381 3446 hoste,

1963 3475 2241 3544 Aspiciens
2262 3472 2473 3527 Debora
2505 3489 2643 3527 nova
2672 3480 2892 3543 tempus
2922 3473 3098 3528 inesse
3126 3475 3204 3528 vel
3230 3475 3442 3539 horam,

1964 3569 2127 3621 Hunc
2157 3575 2217 3619 ut
2243 3572 2552 3635 prosternat
2572 3565 2830 3631 Sisaram,
2863 3565 3003 3619 clam
3034 3565 3233 3635 quippe
3279 3577 3552 3641 catervam

1962 3662 2238 3714 Veronam
2287 3658 2477 3720 mittit,
2524 3659 2706 3730 regina
2745 3658 3006 3713 manebat
3052 3666 3106 3713 et
3133 3659 3270 3725 illic;
3514 3640 3517 3641 ν

1964 3752 2237 3807 Privatum
2269 3759 2412 3818 (843)
2445 3753 2611 3819 venit,
2642 3751 2909 3817 defertur,
2939 3751 3059 3807 lana
3087 3752 3301 3807 recedit.

1962 3847 2128 3918 Regis
2182 3863 2302 3902 cam
2343 3846 2489 3901 servi
2519 3840 2754 3916 perdunt
2780 3846 3007 3916 strepitu
3040 3845 3157 3899 sine
3186 3845 3343 3912 belli;

1962 3938 2273 4009 Suscipitur
2306 3948 2470 4004 recte,
2521 3945 2852 4003 reverenter,
2906 3936 3272 4006 nobiliterque

1960 4037 2010 4086 A
2031 4032 2251 4087 domina
2274 4047 2402 4086 sane
2425 4028 2695 4097 Mathildi,
2721 4045 2845 4100 qua:
2875 4029 3028 4101 quasi
3068 4029 3274 4084 Rachel
3306 4033 3450 4094 (844)

1961 4244 2107 4304 dam,
2153 4240 2629 4311 ordinandamque
2689 4240 2989 4296 committit
3034 4241 3329 4301 venerabili
3369 4242 3560 4296 Joanni

1963 4316 2225 4369 Canusina
2251 4312 2456 4364 abbati.
2491 4316 2645 4366 MUR.

2036 4388 2180 4454 (837)
2225 4383 2391 4437 Filius
2441 4398 2649 4454 nempe
2692 4382 2937 4451 ejusdem
2989 4382 3554 4454 marchionispberti,

1971 4451 2135 4522 quem
2158 4469 2317 4522 supra
2340 4455 2576 4509 vidimus
2603 4453 2691 4506 lib.
2726 4469 2794 4517 ιι,
2821 4469 2947 4522 cap.
2972 4456 3027 4516 3,
3068 4469 3096 4505 a
3123 4451 3401 4505 Mathildis
3425 4453 3560 4522 mili-

320 4534 474 4593 (833)
500 4529 719 4581 Fulvius
743 4502 1085 4580 Azzariusrin
1120 4525 1369 4595 Regiensi
1411 4521 1687 4577 Chronico
1714 4522 1849 4575 scri-
1886 4502 1937 4564 D
2155 4502 2912 4594 "‘Svdrbarieiisi—r
2928 4502 3406 4591 iu'g’aﬁiiﬁfihira
3428 4502 3555 4574 "hic

246 4599 331 4654 bit
372 4615 527 4652 nunc
546 4598 799 4667 appellari
826 4607 1071 4651 castrum
1104 4596 1287 4649 Sancti
1316 4594 1492 4667 Pauli,
1525 4596 1636 4649 Sun
1672 4595 1850 4667 Paolo,

247 4686 415 4724 secus
454 4665 669 4722 l'lntiam
697 4669 944 4721 lluvium.
976 4671 1046 4722 Et
1075 4667 1297 4737 quidem
1330 4665 1538 4720 charta:
1564 4674 1771 4719 veteres
1800 4666 1852 4717 id

253 4741 615 4796 conﬁrmant.
650 4743 810 4793 Mun.

330 4811 724 4881 (834)Scribe:
764 4810 1051 4880 Vimignaa.
1084 4811 1165 4863 lta
1208 4807 1355 4863 enim
1408 4804 1620 4861 codices
1657 4811 1851 4867 nostri.

254 4884 427 4937 Muri.

332 4953 480 5021 (835)
519 4952 804 5021 Quaerunt.
834 4952 1002 5005 L313.

332 5024 738 5078 Habentiidem
766 5024 978 5076 codices
997 5026 1267 5089 quaerunt.
1301 5022 1462 5074 Mun.

331 5101 483 5160 (836)
528 5095 676 5148 Idem
706 5093 922 5147 videtur
949 5109 1011 5145 ac
1040 5108 1201 5160 supra
1248 5099 1584 5145 memoratus
1631 5096 1857 5149 eremita

254 5170 523 5219 Joannes.
572 5164 729 5232 Quod
761 5164 804 5217 si
860 5178 1070 5227 verum,
1114 5164 1233 5232 jam
1266 5164 1432 5216 habes
1460 5167 1734 5218 eremitam
1760 5182 1857 5235 pro

254 5238 533 5289 munacho
588 5243 934 5305 usurpatum.
978 5237 1227 5302 Eumque
1307 5235 1607 5305 Cenossino
1675 5238 1857 5291 Sancti

258 5306 545 5376 Apollonii
576 5304 828 5361 cmnobio
873 5305 1126 5359 abbatem
1177 5304 1460 5373 prazluisse
1510 5306 1859 5362 Mabillonius

256 5378 663 5448 suspicabatur.
696 5379 841 5431 Nam
892 5392 1003 5430 non
1035 5377 1193 5445 longe
1224 5391 1250 5427 a
1283 5379 1520 5430 Canossa
1574 5387 1857 5446 peractum

255 5456 349 5502 est
370 5447 622 5517 praelium
644 5466 657 5512 ;
682 5448 833 5501 intus
863 5463 991 5501 vero
1012 5448 1182 5501 abbas
1198 5455 1255 5499 et
1286 5447 1543 5500 monachi
1575 5450 1858 5504 meliorem

256 5535 489 5573 causam
508 5522 623 5573 Deo
638 5517 1126 5573 commendabant.
1154 5520 1268 5588 Ego
1288 5533 1405 5571 rem
1423 5526 1627 5571 certam
1674 5528 1857 5575 statuo

255 5606 330 5644 ex
363 5592 577 5655 charta,
603 5606 724 5661 qua:
748 5590 884 5643 mihi
904 5599 986 5643 est
1009 5589 1078 5643 ad
1112 5604 1333 5653 manus,
1365 5590 1636 5643 Bernardi
1683 5592 1860 5645 cardi-

257 5661 413 5715 nalis
460 5668 627 5730 atque
665 5664 848 5715 domui
893 5661 1168 5713 Paschalis
1216 5675 1374 5728 papa:
1415 5663 1611 5713 vicarii
1655 5664 1857 5731 scripta

256 5740 579 5788 ann01105
628 5733 721 5787 ubi
753 5735 796 5786 is
842 5733 1115 5786 ecclesiam
1169 5731 1477 5784 casnobilem
1518 5733 1707 5786 Sancti
1751 5736 1857 5787 Mi-

257 5804 470 5859 chaelis
495 5806 561 5859 de
587 5810 758 5859 monte
778 5808 837 5857 in
862 5805 1124 5871 episcopio
1178 5805 1414 5858 Lunensi
1453 5804 1616 5856 sitam
1666 5820 1854 5875 regen-

1962 4600 2103 4666 idem
2125 4598 2311 4651 Oberti
2341 4597 2484 4649 lilius
2510 4596 2808 4665 appellatur
2824 4595 3085 4666 mare/lio.
3114 4596 3270 4666 MUB.

2034 4676 2176 4735 (838)
2202 4668 2466 4722 Azzarius
2495 4663 2686 4720 auctor
2728 4674 2833 4727 est,
2860 4665 3078 4717 indicari
3119 4663 3205 4718 hic
3260 4665 3555 4735 Bebianum

1961 4732 2222 4795 caStrum.
2252 4743 2408 4793 Certe
2459 4736 2736 4806 sequentia
2793 4738 2995 4789 docent
3025 4736 3139 4805 jam
3172 4736 3229 4788 in
3277 4730 3557 4803 planitiem

1966 4810 2311 4865 descendisse
2348 4809 2666 4871 Henricum,
2698 4807 2923 4879 quando
2954 4822 3111 4859 mane
3148 4808 3354 4861 Padum
3381 4806 3555 4875 juxta

1962 4884 2298 4951 properavit.
2340 4884 2507 4934 MUB.

2038 4948 2185 5021 (839)
2229 4952 2344 5003 Vox
2374 4952 2659 5019 desumpta
2685 4966 2751 5021 ex
2775 4948 3022 5004 distichis
3069 4949 3262 5004 Catoni
3294 4948 3453 5021 vulgo
3470 4955 3559 5001 at-

1964 5019 2522 5149 tribéitismllominem
2563 5020 2850 5091 signiﬁcat,
2890 5022 2981 5090 qui
3025 5030 3244 5092 tempus
3290 5031 3346 5075 et
3374 5019 3555 5073 oleum

1970 5110 2063 5149 ner
2102 5110 2129 5148 a
2164 5136 2175 5147 .
2261 5109 2360 5149 un.

2005 5098 2175 5150 erdat.
2197 5098 2360 5149 Mun.

1970 5112 2175 5165 perant.
2197 5112 2360 5149 MUR.

2040 5166 2182 5235 (840)
2218 5165 2464 5221 Restitue
2489 5168 2729 5218 onerata.
2786 5167 2866 5218 Ita
2897 5178 3114 5234 quoque
3150 5162 3369 5218 codices
3398 5162 3551 5217 msti.

1968 5241 2124 5293 Mun.

2040 5308 2186 5378 (841)
2228 5306 2585 5362 Scribendum
2627 5321 2736 5359 non
2784 5307 2930 5374 longe
2980 5321 3047 5360 ex
3076 5305 3180 5361 ﬁde
3228 5302 3559 5359 eorumdem

1967 5380 2234 5434 codicum.
2255 5381 2411 5434 Mus.

2041 5452 2181 5519 (842)
2219 5451 2361 5519 Lege
2417 5449 2738 5517 Baronium,
2798 5463 2924 5503 ann.
2985 5451 3143 5513 1093,
3194 5451 3353 5512 1094,
3399 5450 3556 5501 1095.

1969 5523 2138 5575 Lmn.

2042 5597 2184 5656 (843)
2214 5592 2616 5661 Reponendum
2648 5598 2730 5645 est
2756 5592 3031 5659 privatim.
3061 5589 3260 5645 Sensus
3298 5587 3489 5659 poscit,
3506 5593 3556 5639 et

1970 5662 2190 5716 codices
2219 5663 2421 5732 antiqui
2451 5664 2819 5717 consentiunt.
2852 5664 3007 5714 Mun.

2045 5735 2187 5800 (844)
2218 5726 2399 5787 Scribe
2425 5736 2594 5788 Jahel.
2628 5736 2706 5785 Ita
2745 5746 2959 5801 quoque
2980 5729 3198 5799 scripsit
3237 5726 3465 5791 Donizo,
3501 5732 3559 5779 ut

1970 5805 2408 5876 mstiteatantur,
2440 5814 2491 5857 et
2518 5801 2743 5857 historia
2767 5802 2948 5871 exigit.
2981 5803 3143 5857 Mnn.
3200 5864 3203 5867 _
