4010 6164
647 165 785 219 {MS

647 291 709 343 In
747 288 941 345 Sisam
960 304 1225 359 magnum
1259 304 1405 353 nunc
1430 290 1557 347 ﬁxit
1584 298 1829 365 tempore
1848 296 2087 350 clavum.

644 381 849 436 Crescit
872 382 942 436 ob
968 381 1023 436 id
1054 380 1176 436 felix
1206 381 1406 441 Christi
1450 383 1676 439 victoria
1714 387 1876 457 plebi,

647 476 1009 545 Ecclesiaeque
1064 473 1209 541 duci,
1241 477 1443 545 pastori
1488 478 1687 533 scilicet
1734 480 1917 548 urbis;

650 569 815 622 Hanc
840 583 960 623 rem
989 568 1192 638 reginae
1221 569 1367 624 missi
1396 570 1643 626 referunt
1662 574 1958 630 comitissaa
1982 592 1995 629 :

646 664 767 716 Hoc
795 662 1101 732 quicunque
1119 662 1295 718 scelus
1318 665 1681 735 cognoscebat
1725 665 1843 721 fore
1873 684 2083 736 verum,

605 752 617 761 ’
642 754 940 826 Spernebat
964 755 1107 825 regis
1122 764 1328 811 sectam
1361 758 1675 830 pariterque
1696 759 1949 815 Guiberti
1980 778 1995 814 :

638 848 889 903 Partibus
918 850 974 904 in
1004 850 1213 904 cunctis
1243 866 1365 920 pars
1394 852 1543 905 Petri
1570 852 1805 907 maxime
1853 853 2059 923 surgit;

638 944 765 997 Dux
796 942 971 997 bonus
999 942 1261 998 Urbanus
1290 941 1448 998 factis
1473 952 1528 998 et
1548 946 1775 1000 nomine
1805 945 1987 1001 clarus

644 1038 770 1089 lisse
805 1034 1175 1106 triumphandi
1214 1045 1434 1106 tempus
1471 1036 1539 1093 de
1588 1039 1830 1110 principe
1857 1040 2039 1095 Rabin
2087 1042 2235 1112 (845)

640 1128 964 1198 Percipiens,
1000 1131 1243 1183 Romam
1274 1129 1557 1186 dimittens
1582 1133 1729 1187 venit
1754 1132 1822 1188 ad
1860 1149 1984 1189 oras

640 1220 1034 1289 Longobardiae
1054 1238 1183 1276 cum
1207 1223 1435 1278 consilio
1456 1225 1778 1293 comitissa,

638 1314 773 1380 Quae
802 1315 1039 1384 suscepit
1077 1330 1225 1381 eum,
1256 1325 1509 1372 sanctum
1544 1319 1760 1389 penitus
1792 1321 1946 1390 quasi
1993 1324 2235 1378 Petrum.

640 1404 916 1460 Pontiﬁcis
941 1406 1125 1462 dextra
1162 1408 1503 1465 benedicitur
1533 1411 1635 1466 ista
1688 1422 1945 1483 potestas.

641 1501 785 1565 (846)
814 1499 971 1554 Tunc
1000 1508 1187 1570 pastor
1212 1511 1433 1557 sanctus
1481 1503 1755 1575 synodum
1799 1512 1943 1572 (847)
1982 1507 2226 1563 celebra-

1774 1600 1890 1667 [vit,
1914 1607 1968 1654 et
1981 1616 2157 1657 annus

637 1684 837 1741 Christi
879 1685 1129 1741 millenus
1156 1703 1473 1761 nonagenus
1512 1706 1731 1762 quoque
1765 1694 2013 1764 quintus,

637 1776 852 1833 Primus
879 1788 996 1834 erat
1020 1780 1246 1848 mensis,
1273 1797 1400 1837 cum
1430 1785 1669 1839 nascitur
1698 1784 1898 1841 humor
1923 1788 1980 1841 in
2006 1787 2219 1855 herbis;

634 1871 745 1925 Ore
770 1871 1115 1927 sacerdotum
1147 1872 1481 1929 damnantur
1510 1875 1649 1932 facta
1672 1879 1945 1934 malorum

634 1970 716 2016 Ac
742 1963 938 2019 hazresi
971 1982 1125 2035 papae
1153 1967 1397 2022 Guiberti
1440 1969 1644 2024 scilicet
1669 1971 1872 2039 archee,

636 2056 804 2126 Regis
832 2065 887 2109 et
913 2057 1141 2111 Heurici
1167 2058 1379 2113 domini
1411 2064 1535 2131 quia
1562 2071 1690 2116 sunt
1710 2063 1940 2133 inimici,

636 2146 830 2202 Adfuit
857 2148 941 2203 his
968 2150 1124 2204 dictis
1151 2152 1427 2219 Praxedis,
1459 2162 1514 2208 et
1542 2154 1659 2224 ipsa
1701 2156 2011 2226 Mathildis;

635 2240 951 2296 Catholicos
982 2243 1135 2313 plene
1163 2242 1440 2300 benedixit
1485 2262 1624 2317 papa
1652 2247 1867 2317 ﬁdeles;

636 2334 792 2388 Hanc
830 2335 1102 2406 synodum
1143 2345 1384 2393 sanctam
1430 2340 1703 2396 Placentia
1746 2344 1995 2400 continet
2023 2346 2221 2417 ampla.

635 2425 857 2496 Expleta
886 2427 1097 2497 synodo
1125 2427 1387 2496 dominae,
1432 2447 1600 2502 quam
1628 2449 1775 2505 saepe
1802 2436 2080 2505 recordor,

634 2521 775 2588 Papa
806 2520 1074 2587 valedixit,
1103 2521 1313 2577 clericis
1341 2524 1636 2580 comitatus
1661 2527 1839 2583 abivit

634 2612 736 2665 Per
764 2613 967 2667 multas
997 2613 1179 2681 urbes,
1216 2632 1413 2672 curans
1438 2629 1751 2676 convertere
1800 2623 2009 2693 plures;

631 2703 803 2760 Gallia
830 2721 994 2776 quem
1024 2716 1235 2776 patrem
1263 2711 1503 2781 suscepit
1520 2713 1764 2771 maxime
1792 2715 1974 2773 chare.

1235 2825 1479 2881 CAPUT
1518 2829 1622 2882 IX.

1087 2931 1164 2983 De
1192 2930 1465 2987 obsidione
1488 2935 1727 3001 Nagara}.

632 3038 804 3095 Vilior
848 3040 1078 3097 effectus
1103 3045 1262 3099 solito
1291 3062 1450 3117 mage
1481 3064 1599 3116 rex,
1630 3048 1777 3104 velut
1802 3052 1973 3119 exsul,
2041 3106 2052 3117 ,

629 3132 774 3200 Quid
806 3132 969 3189 faciat
1000 3137 1195 3203 nescit,
1234 3155 1332 3193 nec
1368 3148 1527 3195 nocte
1558 3140 1754 3213 dieque
1784 3144 2045 3216 quiescit;

625 3226 827 3281 Fronte
847 3243 1059 3295 carens,
1093 3230 1315 3286 tandem
1336 3234 1543 3289 resilire
1566 3238 1797 3306 putavit,
1829 3246 1890 3292 ut
1917 3249 2045 3295 ante

627 3318 849 3375 Civibus
874 3322 1060 3377 accitis
1090 3340 1281 3381 secum
1310 3329 1732 3395 Veronensibus,
1788 3332 1905 3399 ivit,

626 3413 855 3468 Vallavit
883 3425 1126 3471 castrum
1167 3420 1400 3490 Nogara:
1433 3421 1573 3477 forte
1594 3423 1672 3477 vel
1714 3426 1965 3495 amplum
1993 3444 2007 3481 :

631 3506 753 3560 Hoc
781 3506 995 3563 discunt
1021 3525 1181 3564 aures
1211 3512 1514 3581 Mathildis,
1556 3516 1708 3570 novit
1734 3525 1793 3571 ut
1824 3526 2012 3573 autem

626 3601 750 3651 Mox
781 3602 1075 3654 accersitos
1130 3605 1464 3660 Motinenses
1506 3608 1648 3677 (818)
1714 3625 1945 3681 corpore
1998 3611 2213 3682 ﬁrmos,

630 3689 931 3745 Eridanum
962 3694 1177 3759 transit,
1206 3711 1370 3764 quam
1410 3706 1543 3752 tunc
1568 3700 1885 3758 Gubernula
1913 3706 2081 3775 gratis

625 3782 875 3852 Suscepit
902 3794 1103 3852 noctu;
1137 3788 1230 3842 sed
1268 3805 1376 3843 non
1423 3806 1611 3861 regem
1644 3793 1773 3849 latet
1792 3796 1919 3863 hoc,
1943 3814 2043 3853 nec

627 3876 932 3945 Exsanguis
963 3883 1107 3942 (849)
1130 3878 1324 3947 factus,
1356 3883 1446 3951 qui
1478 3899 1570 3938 rex
1600 3885 1761 3940 nimis
1789 3897 1844 3941 et
1885 3891 2221 3960 stupefactus

624 3969 693 4023 Se
720 3983 849 4024 mox
875 3970 1004 4025 inde
1031 3986 1257 4026 movens
1280 3973 1334 4028 in
1366 3974 1558 4030 eadem
1588 3986 1768 4044 nocte,
1824 3980 2040 4049 timore,

624 4059 747 4127 Quo
804 4063 950 4115 Deus
1008 4065 1262 4135 Assyrios
1318 4070 1595 4137 quondam
1647 4071 1935 4142 stupefecit
1978 4074 2216 4148 iniquos,

621 4150 857 4222 Quando
887 4154 1189 4211 Samariam
1213 4158 1682 4218 circumdederant
1729 4164 1845 4221 fere
1887 4167 2005 4223 dira

623 4246 1009 4318 Pervalidaqtre
1026 4247 1172 4305 fame
1196 4251 1364 4321 (850),
1391 4252 1505 4310 fore
1532 4256 1731 4313 victam
1750 4276 1865 4315 non
1891 4261 2214 4331 titubareut,

620 4341 860 4412 Surgunt
883 4350 1043 4397 nocte
1072 4352 1208 4399 tetra
1230 4347 1549 4416 tremefacti,
1586 4355 1827 4420 vascula,
1862 4352 2033 4422 frena,

620 4433 877 4490 Diversas
906 4444 1107 4504 vestes,
1133 4438 1287 4492 obliti
1328 4450 1457 4495 sunt
1483 4442 1645 4497 simul
1677 4459 1857 4512 enses,

690 4613 837 4683 (845)
858 4616 1046 4694 Rasin.
1072 4620 1243 4694 Lntn.
1272 4621 1481 4694 Utique
1500 4623 1780 4694 sphalma;
1811 4628 2210 4688 restituendum

621 4691 810 4738 tamen
838 4702 948 4741 non
966 4690 1134 4768 Ra_sz’n
1159 4731 1176 4751 ,
1196 4690 1291 4745 sed
1324 4690 1612 4768 {tibimfut
1643 4690 1841 4753 habent
1861 4706 1987 4755 msti
2016 4705 2209 4768 nostri,

621 4770 949 4839 rexnne‘rnpe
967 4773 998 4811 a
1026 4760 1193 4814 Josue
1225 4763 1563 4839 proﬂigatus,
1588 4783 1704 4839 cap.
1737 4784 1803 4825 χι
1831 4772 2012 4827 .losue.
2042 4760 2207 4831 Mus.

686 4827 832 4894 (846)
859 4830 1075 4893 Baron.,
1102 4827 1237 4885 ann:
1275 4827 1430 4888 1095.
1472 4827 1636 4893 Late.

686 4902 837 4993 (84.7)
864 4897 1082 4993 scilicet
1112 4904 1403 4993 Placentia:
1426 4914 1763 4993 8111ιο1095,
1791 4912 1946 4993 cuius
1971 4931 2212 4971 canones

617 4968 1090 5057 refert‘babb‘eus,
1117 4977 1370 5057 tom..__X.
1406 4993 1523 5057 pag.
1557 4985 1660 5035 503
1692 4968 1901 5057 Concil.
1932 4968 2098 5041 Mt};

686 5044 832 5120 (848)
867 5040 1093 5096 Mutinae
1121 5040 1592 5125 comitissan'fiﬁsse
1638 5052 1884 5125 creditur
1914 5040 2209 5125 Mathildis,

614 5117 676 5162 ut
702 5111 1071 5199 ejus|quoque
1105 5115 1347 5199 majores
1379 5116 1623 5199 fuerant.
1661 5122 1800 5199 Su_nt
1855 5127 2042 5199 etiam,
2090 5111 2214 5199 quae

612 5194 701 5234 me
726 5181 779 5235 in
829 5181 1328 5259 hanc’sententiam
1356 5189 1678 5259 impellant.
1710 5196 1839 5250 Jure
1869 5181 2063 5253 eodem
2092 5181 2215 5255 aliis

610 5266 831 5332 quoque
859 5254 1186 5332 civitatibus
1212 5254 1470 5332 eamdem
1510 5262 1787 5332 praefuisse
1828 5282 2043 5324 censeo.
2073 5254 2213 5326 Cum

612 5337 737 5407 vero
759 5323 815 5377 in
840 5326 1061 5407 singulis
1084 5328 1323 5407 residere
1342 5347 1451 5407 non
1482 5323 1703 5407 p'ossent
1732 5323 2042 5407 hujusmodi
2072 5323 2215 5396 muli;

609 5398 792 5517 Barutm
810 5394 1047 5517 lurbium
1086 5400 1327 5467 comites,
1372 5394 1745 5462 vicecomitem
1771 5394 1829 5464 in
1861 5409 1928 5465 iis
1966 5394 2214 5467 dimitte-

647 5479 713 5517 an
751 5509 762 5517 .
872 5482 968 5517 nn.

647 5472 762 5520 ant.
810 5469 968 5522 Mun.

681 5536 1026 5663 ('84:)ULege
1083 5556 1209 5595 cum
1251 5543 1537 5602 codicibus
1580 5551 1819 5606 nostris:
1853 5569 1992 5608 nunc
2022 5571 2218 5610 exsan-

646 5621 743 5662 αις.
877 5624 935 5663 n.

609 5621 743 5671 guis.
774 5621 935 5664 mus.

677 5680 825 5747 (850)
872 5680 1020 5745 Mati,
1059 5685 1475 5757 prwvalidaque
1500 5692 1670 5759 fame,
1716 5696 1833 5758 fore
1872 5698 2066 5750 victam
2122 5712 2216 5752 nec

1647 170 1739 223 AD
1779 170 2002 225 OPERA
2042 170 2115 225 S.‘
2140 171 2457 227 GREGORII
2494 170 2929 227 APPENDICES.

3724 188 3806 242 lOl6

2263 299 2319 363 Α
2346 297 2533 367 Longe
2562 294 2842 363 secedunt,
2871 296 3006 352 urbs
3031 295 3348 368 divitiisque
3361 300 3591 369 repletur.

2350 393 2473 460 Ipse
2500 392 2648 444 Deus
2668 405 2849 459 regem
2872 387 3003 445 fecit
3020 390 3294 461 trepidare
3321 401 3531 463 repente

2352 486 2525 538 Istum
2558 482 2868 538 Mathildim
2900 482 3177 554 fugiendo,
3207 494 3366 539 nocte
3393 486 3590 558 reliquit

2352 579 2412 631 In
2439 577 2634 631 castris
2657 592 2800 645 vasa,
2825 592 2921 632 seu
2946 575 3121 643 frena,
3152 579 3403 647 capistria
3445 596 3565 635 sana
3597 585 3721 653 (851),

2347 670 2600 725 Castrum
2626 671 2856 740 Nogarze
2881 670 3158 725 comitissa
3178 670 3322 742 (852)
3345 673 3699 744 gliscitamare:

2348 766 2509 818 Mane
2532 763 2734 835 recepit
2773 779 2916 829 eam,
2948 763 3300 819 vehementer
3332 774 3393 820 ut
3427 767 3676 835 esuriebat,

2345 857 2483 911 Cum
2514 856 2729 927 proprio
2757 863 2905 913 coetu
2932 872 3031 912 ceu
3056 856 3248 912 Judith
3277 859 3391 929 ipsa
3423 858 3596 915 beetur

2346 952 2469 1005 Non
2507 949 2678 1005 semel
2708 949 2825 1006 haec
2853 966 3040 1022 regem
3066 959 3230 1006 necat
3257 960 3317 1006 ut
3334 952 3514 1007 Juditb
3542 952 3815 1019 Holofernem,

2346 1041 2550 1097 Crebro
2586 1042 2683 1097 sed
2702 1042 2955 1113 impellit,
2998 1043 3100 1099 sibi
3140 1043 3471 1115 muscipulas
3496 1048 3815 1117 quoquetendit,

2346 1137 2406 1189 ln
2435 1134 2633 1207 quibus
2660 1136 2749 1191 ille
2775 1136 2944 1203 cadit,
2974 1152 3031 1192 se
3062 1137 3285 1208 quando
3316 1154 3498 1193 cavere
3550 1139 3729 1210 putavit.

2947 1230 3192 1286 CAPUT
3234 1233 3289 1287 Χ
3300 1272 3316 1286 .

2348 1322 2489 1389 Quid
2511 1323 2572 1376 in
2592 1321 2790 1377 Galliis
2811 1339 2966 1394 papa
3003 1324 3257 1378 Urbanus
3285 1324 3517 1379 lucratus
3542 1329 3625 1388 est,
3651 1325 3751 1379 etde
3768 1340 3819 1378 re-

2773 1397 3008 1449 versione
3028 1410 3130 1449 sua
3158 1396 3233 1450 ad
3268 1396 3498 1451 Italtam.

2342 1485 2557 1541 Urbani
2582 1484 2725 1557 (853)
2747 1486 2884 1542 Galli
2914 1503 3067 1558 papa:
3107 1488 3256 1543 Petri
3293 1490 3447 1559 quasi
3472 1490 3626 1545 sancti

2339 1578 2493 1633 Dicta
2514 1588 2863 1650 receperunt,
2893 1589 2945 1635 et
2973 1581 3019 1635 ei
3043 1580 3189 1636 bona
3210 1582 3383 1636 multa
3397 1580 3653 1637 dederunt.

2266 1657 2313 1718 Β
2343 1673 2521 1727 Verba
2540 1672 2729 1727 salutis
2754 1673 2833 1728 eis
2858 1672 3023 1729 dabat
3052 1673 3140 1730 hic
3163 1683 3348 1747 pastor
3377 1674 3489 1729 vice
3508 1675 3653 1740 Petri,

2338 1762 2480 1815 Nam
2508 1760 2694 1815 docuit
2710 1778 2959 1818 summus
2997 1772 3155 1834 pater
3191 1764 3318 1819 illos
3353 1765 3427 1819 ire
3474 1764 3730 1835 sepulcrum

2338 1853 2424 1908 Ad
2450 1854 2679 1909 Domini
2710 1856 2907 1924 nostri,
2940 1856 3090 1911 locus
3118 1867 3183 1912 ut
3204 1867 3481 1930 purgetur,
3530 1866 3577 1912 et
3600 1856 3731 1911 hostis

2334 1946 2468 2001 Inde
2496 1948 2789 2019 repellatur
2809 1951 3042 2020 populus
3068 1966 3312 2021 paganus
3340 1966 3564 2006 amarus.

2335 2042 2383 2096 Ο
2415 2040 2541 2094 ﬁdei
2598 2056 2792 2097 semen
2857 2042 3001 2098 bona
3050 2045 3299 2115 germina
3347 2052 3475 2116 quot
3516 2042 3655 2098 modo
3683 2039 3821 2113 prabes

2331 2132 2471 2187 Cum
2500 2132 2647 2188 rutili
2676 2133 2838 2189 ﬂores
2865 2135 3109 2190 reﬂuunt
3135 2136 3368 2207 pastoris
3413 2136 3475 2191 ab
3502 2151 3600 2201 ore,

2337 2228 2402 2280 Et
2427 2226 2644 2296 pariunt
2668 2226 2878 2283 fructus
2901 2228 3124 2284 Domini
3161 2230 3449 2301 dignanter
3470 2228 3521 2283 in
3546 2230 3675 2283 usus!

2332 2321 2470 2374 Nam
2507 2319 2718 2390 genitor
2744 2320 2973 2377 charum
2990 2338 3088 2392 pro
3112 2323 3334 2379 Christo
3365 2324 3587 2394 linquere
3610 2326 3751 2375 natum

2338 2414 2405 2466 Et
2434 2413 2653 2484 genitus
2673 2424 2883 2485 patrem
2909 2416 3077 2486 capit
3118 2417 3403 2472 dimittere
3426 2416 3589 2487 plane,

2334 2510 2517 2577 Atque
2544 2507 2625 2561 vir
2652 2523 2883 2563 uxorem
2913 2517 3106 2564 contra
3137 2508 3419 2565 dimittere
3443 2522 3645 2573 morem,

2336 2600 2507 2654 Sexus
2535 2607 2763 2672 uterque
2784 2604 2905 2656 Deo
2922 2601 3100 2671 gliscit
3114 2619 3307 2674 parere
3331 2618 3526 2658 sereno.

2334 2692 2599 2748 Certatim
2630 2703 2857 2748 currunt
2882 2695 3085 2750 Christi
3117 2712 3353 2770 purgare
3388 2695 3671 2767 sepulcrum,

2337 2784 2707 2855 Francigenus
2736 2795 2965 2842 cunctus
2987 2789 3246 2859 populus,
3263 2790 3330 2845 de
3346 2805 3447 2861 quo
3478 2786 3565 2842 fuit
3580 2792 3701 2839 ortus

2336 2876 2597 2932 Urbanus
2626 2886 2832 2948 pastor,
2867 2881 3179 2949 praesertim
3209 2882 3382 2954 pergit
3411 2877 3616 2936 ovando.

2336 2970 2581 3040 Cumque
2623 2970 2761 3026 duos
2801 2988 2977 3027 annos
3005 2971 3231 3030 fecisset
3259 2975 3332 3030 ibi
3375 2972 3476 3029 fere
3501 2978 3668 3043 pastor,

2336 3062 2547 3117 Italiam
2573 3079 2762 3118 rursus
2783 3064 2971 3133 rediit,
3000 3064 3106 3120 fuit
3138 3076 3306 3140 atque
3327 3068 3524 3123 locutus

2329 3154 2449 3209 Miti
2480 3156 2751 3224 Mathildi,
2783 3173 2906 3228 quae
2931 3159 3120 3215 domui
3162 3162 3327 3217 verba
3371 3156 3607 3230 magistri.

2330 3249 2578 3304 Praesulis
2604 3265 2668 3304 ac
2692 3252 2929 3320 summi,
2958 3254 3160 3309 mentis
3208 3254 3487 3310 dulcedine
3515 3244 3716 3317 sumpsit,

2331 3342 2510 3410 Quam
2536 3350 2687 3413 pater
2726 3342 3033 3412 absolvens,
3065 3346 3345 3403 benedixit
3372 3361 3487 3402 eam
3510 3355 3646 3413 super
3664 3345 3809 3391 omnes.

2329 3441 2511 3506 Atque
2538 3438 2650 3491 vale
2670 3436 2855 3492 dicens
2881 3438 3009 3506 sibi,
3030 3441 3279 3497 Romam
3296 3448 3465 3496 tentat
3491 3436 3651 3527 abire,
3735 3519 3741 3527 Ι

2329 3529 2409 3584 Ut
2423 3528 2738 3585 cathedram
2770 3531 2912 3585 Petri
2949 3541 3158 3604 purget,
3186 3550 3353 3606 quam
3383 3546 3528 3605 prava
3551 3524 3742 3584 Guiberti

2328 3621 2503 3676 Sessio
2533 3623 2818 3692 polluerat,
2872 3640 2969 3695 per
3007 3626 3240 3698 longum
3284 3636 3489 3697 tempus
3532 3616 3718 3676 habebat

2328 3715 2658 3786 Corruptam
2686 3717 2858 3787 legem
2905 3733 3206 3786 canonum,
3248 3720 3442 3792 pariter
3464 3716 3807 3788 quoqueregemi

2327 3809 2585 3864 Urbanus
2613 3809 2803 3865 rhetor
2831 3813 2974 3882 (854)
3009 3812 3155 3868 velut
3175 3815 3467 3879 ambierat;
3496 3809 3621 3880 prius
3647 3813 3742 3869 ergo

2327 3902 2638 3957 Romanam
2669 3903 2855 3959 sedem
2884 3905 3175 3961 mundavit
3195 3908 3264 3964 ab
3297 3908 3459 3967 hoste,
3488 3898 3664 3957 celebre

2327 3994 2482 4049 Illius
2512 4011 2717 4051 nomen
2745 3998 3045 4065 crescebat,
3078 4001 3316 4056 maxime
3342 4003 3546 4058 Roma,

2325 4087 2484 4142 Plebs
2532 4090 2769 4160 suscepit
2797 4106 2948 4158 eum,
3003 4094 3209 4164 pepulit
3262 4098 3496 4149 Romana
3545 4081 3807 4142 Guibertum;

2327 4181 2547 4250 Ejectus
2576 4198 2776 4254 nempe
2820 4183 2955 4239 foris
2980 4186 3220 4252 Urbem,
3248 4197 3385 4242 stare
3413 4188 3638 4239 Ravenna
3660 4168 3763 4264 (35f)

2325 4268 2562 4325 Assidue
2600 4273 2789 4342 caspit,
2822 4282 3059 4329 mortem
3089 4291 3225 4330 suus
3246 4275 3399 4332 Oddo
3437 4272 3565 4343 (856)
3598 4262 3763 4328 ι’θοεΡίίν

2245 4385 2294 4447 D
2326 4362 2555 4429 Propter
2585 4369 2841 4431 papatum
2886 4379 2996 4418 non
3026 4364 3260 4435 liquerat
3290 4365 3377 4419 hic
3420 4358 3714 4447 dominatum

2323 4451 2619 4518 Ravennae,
2640 4451 2869 4507 credens
2889 4432 3220 4525 quandoque
3250 4455 3485 4525 linquere
3510 4446 3633 4513 (857)
3658 4432 3807 4492 sedem

2324 4632 2642 4687 titubarent.
2673 4636 2834 4689 MUn.

2393 4704 2537 4774 (851)
2559 4705 2694 4777 God.
2720 4705 2952 4777 Regien.
2969 4747 2983 4771 ,
3000 4708 3263 4776 capistria
3284 4721 3423 4760 sane.
3453 4702 3599 4756 Mus.

2397 4777 2539 4845 (852)
2574 4775 2726 4830 idem
2764 4775 2931 4831 codex
2961 4775 3310 4831 comitissam.
3358 4778 3506 4831 Mus.

2394 4849 2539 4946 (853)
2565 4848 2764 4901 Baron.
2793 4864 2921 4902 ann.
2957 4854 3115 4913 1095,
3148 4864 3305 4903 num.
3336 4852 3421 4900 49.
3453 4848 3598 4896 les.
3727 4892 3751 4946 δ
3784 4928 3785 4931 η

2396 4916 2516 4946 [ρει
2596 4920 2617 4946 ι
2644 4918 2898 4946 "summm.
2950 4920 3181 4946 ι,.,.,...-..ν.
3214 4924 3377 4946 ...ηιμ
3453 4920 3563 4946 Ann.
3592 4907 3693 4946 crint
3753 4900 3808 4943 Ec

2396 4907 2540 4987 (854)
2596 4918 2900 4972 Lubentius
2949 4907 3184 4990 legerem
3213 4924 3393 4974 rector.
3442 4920 3566 4970 Acta
3590 4907 3693 4960 sunt
3727 4907 3785 4946 οδε

2322 4994 2908 5084 ³¹¹ξ¹ἒρὲΡ⁹ἓθ¹ἓμ¹⁰⁹Ζ
2938 4993 3099 5046 MU“
3217 5070 3239 5084 .
3518 5044 3624 5084 ,ηερε
3669 5027 3794 5084 nostri

2396 5064 2538 5125 (855)
2609 5060 2792 5115 Scribe
2847 5064 3132 5129 Ravennae,
3177 5070 3241 5117 ut
3283 5059 3471 5115 habent
3518 5048 3625 5105 msti
3669 5048 3809 5092 nosm.

2322 5131 2479 5184 Mun.
3614 5185 3623 5195 ,

2392 5204 2534 5266 (856)
2564 5204 2768 5272 Nempe
2796 5200 2881 5256 ille
2907 5202 3049 5259 idem
3068 5205 3349 5275 episcopus
3378 5199 3666 5269 Bajocensrs.

2322 5287 2483 5341 supra
2516 5275 2867 5339 memoravit,
2902 5275 2995 5329 lib.
3024 5290 3093 5342 II,
3125 5292 3246 5345 cap.
3279 5282 3328 5329 3.
3352 5278 3496 5346 Mus:
3718 5311 3802 5363 .le_

2399 5343 2538 5371 10.:a\
2569 5345 2636 5371 12‘s-
2668 5345 2922 5371 ..κληιυιεη
2958 5347 3135 5371 ..ηηηει
3176 5356 3223 5371 ,φ
3251 5327 3728 5371 ...ηιεηηλιρρεηιὶεῖη

2399 5332 2539 5411 (857)
2569 5345 2637 5397 Et
2668 5332 2923 5410 prosodia
2958 5332 3156 5415 poscit,
3173 5332 3226 5401 et
3251 5337 3574 5400 msticodices
3587 5332 3800 5435 nostri

2399 5422 2453 5442 ηδ
2486 5414 2569 5442 Idl.
2609 5416 2936 5442 ηαιηωληλ..-
2958 5418 3253 5442 μη1.’...,....-....
3307 5420 3427 5442 ΔηΙνΔ
3454 5401 3716 5442 "crumillam

2320 5404 2454 5484 gunt
2485 5404 2570 5468 hic
2607 5404 2936 5485 quandoque
2956 5404 3271 5487 relinquere.
3293 5420 3429 5471 Ante
3454 5404 3716 5474 usurpaiam
3731 5404 3786 5435 rc

2320 5485 2385 5514 ης
2435 5485 2622 5514 ουλε-ηρ.
2668 5490 2961 5514 οη..........ι;
3020 5490 3267 5514 c-..n..-.:...
3298 5486 3503 5514 “.momt
3552 5463 3786 5514 Guibele

2319 5472 2387 5538 tvri
2435 5472 2641 5585 sedem:
2666 5472 2965 5585 Ravennati
3017 5472 3268 5585 Ecclesia;
3298 5472 3799 5585 Etffﬁnﬁlgtbgﬁiusi

2321 5570 2507 5648 369.99.
2522 5564 2735 5648 esse
2748 5558 2921 5648 allec
2947 5547 3798 5648 i9.ea2rebieei§€°.".".‘fff.‘ﬁi".bﬁi

2322 5626 2368 5681 si
2404 5616 2545 5681 male
2561 5627 2659 5682 sibi
2686 5626 2907 5684 fortuna
2938 5630 3172 5696 cederet,
3204 5616 3418 5684 vacuam
3433 5616 3795 5715 adhuql‘el’e‘:';

2325 5697 2639 5733 nail-nntier
2696 5700 2914 5733 Ωιιιηιιιο
2930 5702 2978 5733 in
3006 5702 3244 5733 ῐ-Ιίιιηυὲη
3274 5697 3562 5733 Davnnnale
3580 5679 3696 5733 Idem
3737 5678 3755 5721 τ

2325 5697 2661 5754 cathedram.
2691 5700 2916 5756 Rubeus
2929 5702 2984 5757 in
3006 5686 3245 5758 Historia
3274 5697 3562 5754 Ravennate
3580 5686 3696 5737 idem

3689 5180 3805 5246 quem
