4010 6164
220 196 356 249 1017

820 316 1058 373 CAPUT
1086 319 1188 372 XI.

214 437 293 489 De
335 446 543 487 recessu
580 431 856 487 Chonradi
895 432 962 485 ab
1011 435 1234 487 Henrico
1278 438 1440 503 patre
1485 449 1600 498 suo,
1645 439 1694 489 et
1737 436 1803 490 de

698 509 863 557 morte
903 520 1062 574 papa
1101 506 1322 559 Urbani.

1119 194 1407 248 APPEND.
1445 194 1534 249 Ill.
1576 224 1644 235 --
1681 193 2097 251 MONUMENTA
2136 194 2603 250 GREGORIANA.

3367 202 3503 256 lOl8

1824 324 1879 386 Α
1908 319 2078 375 Valde
2105 319 2397 385 Paschalis,
2426 327 2784 375 consecratur
2810 334 3030 392 quoque
3069 323 3275 391 statim,

1913 415 1977 467 In
2007 413 2184 468 verbis
2215 414 2424 485 planus,
2456 428 2553 483 per
2591 415 2830 468 Romam
2870 429 3092 483 prorsus
3121 425 3358 485 amatus,

1914 508 2065 561 Dans
2083 522 2307 579 agapem
2328 505 2616 578 grandem,
2642 507 2890 562 nutriens
2912 508 3120 578 inopes,
3146 509 3500 567 tribulantes.

211 622 371 676 Petre
399 622 581 686 Pater,
616 626 818 689 prasto
852 618 1104 690 precibus
1131 619 1392 675 dictantis
1421 620 1563 692 (858)
1590 620 1799 688 adesto,

1943 601 2056 669 365)
2082 604 2355 671 Dogmate
2385 616 2484 671 pro
2516 600 2713 655 Christi
2740 602 2971 655 certanti
2995 617 3157 671 porro
3180 603 3429 659 Mathildi

209 717 295 771 Ut
317 714 513 769 doceas
526 728 753 767 sensum
774 720 1024 768 nostrum
1044 728 1372 784 componere
1392 730 1608 770 versum
1636 715 1801 786 (859),

208 810 401 864 Unam
430 806 698 862 dictemus
718 807 960 877 plagam,
991 822 1097 878 qua
1127 822 1221 863 rex
1244 816 1550 878 superetur.

206 901 586 971 Francigenas
616 908 797 972 partes
824 901 1086 955 Urbanus
1113 900 1248 956 dum
1288 910 1602 973 peragraret

210 993 613 1066 Longobardia
636 992 818 1048 stabat
844 1009 939 1048 rex
969 994 1233 1049 hactenus
1255 994 1375 1064 ille;

210 1088 310 1144 Cui
344 1086 558 1143 fortuna
599 1095 746 1142 vetat
788 1085 927 1141 ferat
970 1088 1112 1142 ultra
1140 1104 1207 1143 ne
1244 1087 1516 1156 diadema,

210 1182 413 1252 Egypti
436 1195 638 1252 regem,
660 1194 782 1250 qua
802 1180 1033 1250 perculit
1060 1180 1250 1234 ultima
1274 1196 1483 1251 regem,
1534 1216 1541 1223 ί

212 1278 395 1330 Istum
422 1274 572 1345 plaga
608 1272 753 1341 ferit,
789 1273 1193 1344 primogenitus
1226 1273 1325 1328 sibi
1356 1274 1520 1343 cedit,

210 1370 471 1423 Mortuus
499 1366 713 1439 Egypti
752 1366 1153 1438 primogenitus
1192 1364 1329 1434 fuit;
1360 1367 1447 1422 isti

210 1464 339 1517 Non
363 1460 521 1528 obiit,
548 1461 703 1515 vivus
731 1458 827 1515 sed
853 1460 899 1515 ei
921 1460 1100 1532 gravis
1121 1469 1202 1515 est
1230 1460 1485 1515 inimicus

213 1557 434 1621 Factus,
455 1553 525 1608 ob
549 1553 668 1625 ejus
689 1569 845 1623 opus,
876 1552 1025 1624 quod
1059 1562 1176 1608 erat
1194 1554 1425 1608 nimium
1447 1554 1801 1609 scelerosum.

209 1646 538 1704 Chonradus
567 1650 712 1713 (860)
738 1646 913 1701 dictus
941 1645 1142 1701 fuicbic
1171 1646 1237 1701 de
1259 1646 1557 1701 chrismate
1576 1648 1800 1711 tinctus,

209 1741 444 1813 Ingenio
470 1740 701 1811 pollens,
732 1740 1030 1809 genitorem
1062 1755 1281 1811 prorsus
1302 1739 1622 1807 abhorrens,

209 1836 285 1890 Se
313 1833 559 1889 domina
599 1833 757 1903 largis
788 1832 1065 1889 Mathildis
1098 1832 1341 1888 subdidit
1369 1834 1492 1889 alis.

210 1931 359 2000 Qua
387 1928 547 1982 veluti
578 1926 804 1998 dignum
844 1926 994 1981 valde
1042 1927 1379 1998 charumque
1410 1927 1804 1998 pr0pinquum,

208 2026 346 2078 Mox
378 2021 615 2092 suscepit
648 2036 775 2075 eum
805 2020 1060 2088 laudans,
1103 2028 1163 2075 ut
1210 2036 1307 2075 rex
1338 2021 1604 2075 vocitetur

210 2115 367 2170 Illius
393 2122 587 2169 tractat
620 2122 856 2184 patrem,
887 2114 966 2168 sic
998 2113 1196 2169 Esther
1221 2122 1280 2168 ut
1310 2118 1515 2179 Aman,

208 2207 459 2263 Abstulit
480 2222 705 2262 uxorem
726 2206 831 2261 sibi
852 2206 1126 2277 primitus,
1151 2215 1205 2262 et
1221 2206 1392 2263 modo
1415 2212 1556 2273 (861)
1575 2206 1803 2277 prolem.

213 2301 318 2356 His
350 2309 535 2356 motus
560 2299 776 2354 damnis
801 2305 1007 2371 septem
1044 2308 1193 2355 stans
1224 2299 1445 2354 insimul
1474 2301 1631 2355 annis
1659 2302 1806 2365 (862)

212 2393 408 2461 Italia,
436 2410 666 2466 regnum
692 2394 981 2450 Gallorum
1013 2393 1193 2447 visitat
1213 2395 1386 2459 exsul,

214 2489 307 2545 Sic
336 2488 525 2558 procul
547 2487 754 2559 ejectus
780 2486 1104 2542 Chonradus
1128 2485 1265 2540 ﬁlius
1295 2486 1432 2557 ejus,

217 2583 361 2637 Cum
387 2580 609 2636 domina
639 2580 814 2635 stabat
836 2580 953 2651 jam
993 2595 1155 2649 supra
1181 2587 1636 2645 commemorata,

214 2674 458 2730 Consilio
482 2673 638 2745 cujus
668 2673 892 2744 pulcher
913 2672 1152 2744 juvenis,
1195 2671 1557 2738 rubicundus,

218 2774 297 2823 Ac
325 2768 563 2839 prudens
584 2783 730 2833 vere,
761 2767 1000 2822 Siculam
1024 2766 1181 2821 duxit
1209 2765 1495 2820 mulierem
1520 2768 1666 2831 (863)

220 2861 442 2932 Rogerii
471 2866 664 2914 natam
694 2859 865 2927 ducis,
904 2857 1032 2914 huic
1049 2858 1238 2929 juveni
1266 2873 1485 2929 quoque
1511 2872 1667 2928 papa,

219 2954 453 3010 Credere
483 2953 525 3008 si
558 2952 717 3007 vellet
753 2951 879 3019 sibi,
920 2967 1106 3023 regem
1139 2966 1249 3005 non
1280 2959 1425 3005 vetat
1453 2966 1589 3006 esse.

219 3048 347 3102 Non
384 3054 503 3101 erat
539 3045 632 3100 hic
671 3053 852 3100 rector
875 3044 1145 3100 tremulus
1174 3044 1327 3115 quasi
1358 3044 1592 3099 cannula
1622 3053 1808 3110 vento,
1843 3070 1887 3133 ρ

218 3138 325 3197 Sed
364 3139 529 3195 veluti
559 3138 766 3195 ferrum
809 3138 1097 3193 truncabat
1137 3138 1301 3193 noxia
1333 3138 1521 3194 verbo.

220 3235 298 3289 Ut
326 3246 549 3289 cervum
569 3248 797 3303 serpens
818 3232 1093 3287 haresum
1118 3232 1197 3286 sic
1227 3230 1388 3286 turba
1426 3232 1587 3287 timet
1615 3246 1809 3302 quem;

220 3328 427 3381 Cuncta
468 3326 572 3381 sibi
611 3341 771 3396 prava
803 3324 1116 3380 subduntur
1156 3323 1415 3397 dogmata
1445 3323 1598 3379 falsa.

222 3423 519 3490 Nunquam
556 3417 799 3474 decrevit
826 3422 973 3483 (864)
1006 3417 1229 3472 libertas
1258 3416 1490 3487 denique
1528 3417 1671 3472 sedis

218 3516 491 3568 Romana
521 3527 617 3582 per
646 3527 796 3579 eum,
823 3520 1074 3566 sanctum
1114 3518 1361 3581 peramat
1401 3510 1527 3581 quia
1556 3513 1812 3576 Petrum;

221 3614 441 3661 Aureus
464 3605 690 3660 antistes
720 3605 871 3660 color
898 3604 1137 3676 Optimus
1167 3603 1373 3658 exstitit
1404 3603 1524 3672 iste,

219 3700 440 3755 Scilicet
466 3699 732 3755 Urbanus
761 3698 962 3753 sanctis
992 3698 1189 3753 merito
1218 3697 1477 3762 sociatus,

218 3794 410 3848 Talem
438 3807 522 3848 va
549 3794 742 3847 Roma
778 3807 905 3846 cum
944 3791 1173 3861 perdidit
1208 3791 1526 3862 opilionem.

219 3888 478 3943 Mortuus
500 3894 583 3941 est
628 3888 825 3941 Roma
855 3885 1021 3955 digno
1051 3884 1303 3939 conditus
1326 3885 1563 3952 honore,

219 3980 403 4035 Julius
437 3980 549 4050 ipse
575 3979 689 4035 dies
716 3979 874 4034 binos
904 3995 1033 4034 cum
1073 3978 1165 4033 dat
1195 3994 1362 4049 prope
1396 3978 1565 4033 ﬁnem

221 4078 388 4128 Anno
412 4074 665 4135 milleno,
694 4087 1090 4145 nonagenoque
1115 4086 1335 4126 noveno

223 4170 277 4221 A
304 4168 449 4222 Nato
482 4166 626 4222 celso
653 4166 720 4222 de
749 4166 922 4237 prima
949 4166 1175 4237 Virgine
1207 4163 1405 4219 Verbo.

813 4283 1052 4338 CAPUT
1095 4282 1226 4337 XII.

222 4397 303 4449 De
342 4394 587 4449 electione
632 4394 905 4451 Paschalis
930 4408 1112 4517 paptie,
1154 4396 1205 4447 et
1253 4392 1320 4446 de
1360 4406 1541 4461 prava
1574 4388 1823 4445 Guiberti

934 4480 1049 4517 mor
1076 4479 1120 4517 e.

934 4479 1120 4527 morte.

226 4584 362 4637 Post
386 4596 557 4652 quem
586 4595 725 4653 papa
757 4579 935 4635 bonus
964 4577 1216 4635 laudatur
1241 4576 1526 4648 religiosus

234 4737 320 4792 dit
348 4745 511 4807 atque
538 4735 853 4791 conﬁrmat.
888 4736 957 4807 Et
984 4749 1169 4807 revera
1196 4733 1249 4787 in
1277 4732 1427 4807 Actis
1450 4730 1519 4785 ad
1544 4733 1829 4807 Ravenna-

236 4819 355 4864 tem
398 4805 581 4861 sedem
612 4806 987 4876 spectantibus
1012 4806 1097 4859 ille
1127 4820 1181 4876 se
1231 4805 1832 4876 Wibertmnarchiepi-

234 4894 460 4948 scopum
496 4874 856 4943 inscribebat;
889 4877 943 4930 in
980 4875 1272 4947 pontiﬁciis
1301 4890 1449 4941 vero,
1496 4874 1829 4929 Clementem.

240 4954 400 5007 MUB.

311 5026 462 5085 (858)
493 5022 781 5073 Dictantis.
812 5021 989 5073 Lam.

312 5093 498 5147 Nostri
521 5106 739 5161 quoque
756 5090 971 5144 codices
992 5087 1244 5161 exhibent
1261 5087 1535 5141 dictantis.
1563 5088 1726 5141 MUB.

310 5167 459 5228 (859)
500 5160 719 5233 Begien.
748 5161 918 5233 codex
949 5160 1111 5213 habet
1133 5174 1373 5233 rursum.
1412 5161 1576 5233 qu.

308 5226 456 5303 (860)
490 5226 646 5287 Anno
680 5238 817 5287 1093
867 5230 1224 5303 abHenrico
1247 5240 1397 5303 patre
1426 5228 1624 5282 defecit
1648 5226 1829 5284 Chon-

232 5298 450 5367 radus,'
479 5313 533 5358 et
561 5320 651 5357 rex
676 5304 845 5357 Italia
888 5302 1156 5355 salutatus
1196 5298 1319 5355 fuit.
1350 5303 1507 5354 Mun.

306 5381 457 5441 (861)
490 5378 553 5427 In
585 5374 709 5429 cod.
758 5377 919 5443 Reg,
952 5378 1010 5426 ut
1034 5372 1206 5443 modo.
1242 5376 1398 5425 Mun.

310 5452 457 5513 (862)
490 5448 552 5499 In
578 5446 789 5499 Italiam
816 5442 1173 5498 descenderat
1204 5443 1465 5496 Henricus
1493 5457 1639 5496 anno
1672 5447 1830 5507 1090,

235 5528 413 5590 atque
455 5516 581 5571 inde
609 5532 752 5571 anno
791 5521 920 5570 1097
959 5513 1241 5569 discedens
1280 5513 1640 5568 Germaniam
1672 5529 1831 5584 repe-

196 5592 203 5595 ’
236 5590 348 5644 tiit.
386 5590 545 5643 Mun.

306 5663 457 5725 (863)
483 5660 691 5727 Nempe
721 5654 1065 5721 Mathildam,
1084 5654 1252 5727 cujus
1280 5654 1494 5727 genitor
1515 5653 1619 5710 fuit
1648 5658 1828 5726 Roge-

232 5732 382 5795 rius,
407 5731 539 5795 dux,
575 5726 689 5784 sive
716 5742 924 5793 comes,
947 5726 1143 5781 Sicilia
1173 5733 1228 5780 et
1255 5726 1540 5783 Calabria.
1581 5729 1697 5782 Has
1725 5743 1830 5783 nu-

1913 693 2167 763 Signatos
2198 693 2379 763 apices
2414 693 2797 749 benedicentes
2825 694 2927 748 sibi
2959 696 3200 761 mittens,

1912 786 2040 841 Illos
2067 794 2129 840 ut
2154 801 2335 841 mores
2363 792 2570 853 teneat,
2604 796 2810 854 monet,
2856 789 3179 854 anteriores,

1912 881 2062 950 Quos
2091 877 2330 933 docuere
2370 881 2561 933 Patres
2590 879 2769 949 ipsam
2800 879 3149 936 vehementer
3178 890 3431 938 amantes

1912 971 2269 1041 Simplicitate
2297 973 2454 1026 Pater
2478 972 2651 1027 sancti
2679 972 2847 1026 Jacob
2874 974 3219 1043 patriarcha,

1914 1064 2188 1122 Paschalis
2216 1065 2442 1136 regitur,
2476 1080 2666 1121 secum
2692 1081 2868 1136 neque
2893 1066 3126 1121 subdola
3152 1068 3361 1124 vivunt.

1912 1158 2205 1215 Planitiem
2229 1158 2385 1229 cujus
2414 1157 2604 1213 didicit
2626 1158 2925 1215 Guibertus
2964 1158 3266 1228 homullus,

1917 1253 2046 1307 Mox
2081 1250 2407 1307 Antichristi
2439 1251 2625 1307 sedem
2657 1250 2763 1306 sibi
2793 1252 2985 1307 tollere
3015 1252 3225 1323 gliscit;

1914 1344 2018 1413 Qui
2056 1344 2303 1399 Sutrium
2334 1344 2498 1410 venit,
2541 1344 2688 1399 cives
2730 1343 2993 1400 seducere
3021 1346 3190 1416 coepit

1912 1439 2219 1505 Romanos,
2251 1453 2445 1508 parvos
2475 1438 2758 1508 pretioque
2780 1438 2941 1492 nimis
2968 1438 3113 1509 (866)
3146 1439 3309 1494 simul
3336 1441 3503 1507 altos;
3536 1430 3548 1435 ”

1915 1534 2094 1601 Atque
2121 1530 2264 1586 viam
2299 1530 2510 1585 domini
2540 1531 2687 1585 Petri
2708 1536 2853 1597 (867)
2878 1530 3115 1586 faciebat
3140 1532 3229 1586 hic
3258 1532 3432 1588 hostis

1916 1616 2224 1690 Custodire,
2269 1623 2415 1678 viros
2443 1623 2674 1694 spoliare
2695 1625 2896 1693 jubens
2933 1626 3271 1696 peregrinos.

1829 1701 1878 1761 Β
1916 1717 2009 1771 Hic
2038 1732 2132 1788 per
2158 1717 2345 1787 viginti
2372 1725 2484 1773 tres
2507 1732 2679 1772 annos
2704 1716 2938 1788 denique
2980 1717 3180 1774 Christi

1919 1810 2213 1866 Ecclesiam
2243 1810 2365 1867 nisu
2384 1818 2501 1865 toto
2524 1810 2773 1865 turbarat
2796 1810 3040 1881 iniquus,

1916 1908 2062 1960 Dum
2092 1905 2272 1974 potuit
2295 1903 2500 1959 multos
2541 1905 2752 1958 animos
2779 1902 3040 1958 seducere
3070 1904 3288 1972 stultos,

1914 1998 2136 2052 Destitit
2163 1996 2348 2052 infelix
2371 2012 2678 2067 nunquam,
2709 2011 2809 2051 nec
2836 2001 2981 2061 (868)
3011 2012 3245 2067 corpora
3272 1996 3436 2062 ladit,

1916 2090 2067 2146 Illius
2100 2106 2327 2163 magnus
2353 2088 2597 2145 mundus
2615 2089 2732 2160 jam
2756 2088 2991 2160 despicit
3018 2098 3190 2145 actus.

1920 2183 2174 2239 Ecclesia
2191 2191 2401 2238 cuncta
2422 2185 2578 2237 Petre
2591 2182 2709 2253 jam
2738 2182 2917 2253 prabe
2938 2182 3313 2252 promoconde
3334 2186 3501 2249 (869).

1917 2279 2025 2331 Iste
2048 2292 2211 2332 senex
2241 2284 2302 2331 ut
2329 2276 2491 2331 hebes
2532 2274 2785 2330 homines
2813 2275 2955 2330 sinat
2978 2291 3095 2330 esse
3121 2273 3327 2331 ﬁdeles.

1918 2375 2047 2427 Post
2075 2385 2250 2425 annos
2277 2370 2434 2424 binos
2468 2369 2729 2425 Urbanus
2758 2376 2876 2424 erat
2914 2368 3060 2439 quod
3098 2367 3167 2422 ab
3205 2368 3313 2424 isto

1918 2464 2088 2519 Saclo
2120 2471 2389 2533 portatus,
2416 2462 2645 2531 calique
2678 2461 2850 2516 choro
2882 2462 3155 2525 sociatus;

1918 2558 2026 2610 Iste
2054 2555 2243 2610 dolore
2273 2555 2422 2625 gravi
2455 2561 2630 2608 tactus
2656 2553 2955 2609 Guibertus
2980 2553 3157 2607 inanis

1917 2652 2173 2704 Mortuus
2202 2657 2287 2702 est
2311 2647 2502 2702 Secum
2531 2655 2753 2717 portans
2782 2645 3077 2701 anathema
3102 2662 3198 2716 per
3225 2661 3439 2713 avum;

1920 2745 2215 2813 Propterea
2245 2740 2368 2795 coeli
2407 2740 2660 2810 populus,
2703 2739 3013 2809 pariterque
3052 2737 3261 2805 ﬁdelis,

1922 2835 2314 2905 Exsultentque
2352 2833 2506 2899 boni,
2552 2832 2712 2903 periit
2737 2831 2864 2902 quia
2900 2829 3228 2902 perditionis

1925 2928 2115 2995 Filius,
2148 2935 2208 2983 ut
2243 2935 2427 2999 surgat
2455 2926 2648 2981 similis
2689 2940 2803 2980 non
2832 2924 2924 2979 det
2969 2926 3115 2979 Deus
3144 2939 3406 2995 unquam.

1926 3022 2177 3078 Dictator
2217 3020 2442 3093 quidam
2477 3021 2545 3076 de
2572 3034 2681 3091 quo
2711 3025 2883 3073 metra
2915 3017 3141 3089 protulit
3184 3016 3285 3071 ista
3320 3034 3334 3070 :

1925 3115 2165 3170 Fletibus
2190 3123 2243 3169 et
2264 3113 2523 3185 lacrymis
2546 3127 2712 3178 esses,
2737 3111 3017 3177 Guiberte,
3049 3108 3339 3174 dolendus,

1927 3207 2163 3262 Fletibus
2185 3216 2240 3262 et
2268 3206 2521 3277 lacrymis
2546 3205 2593 3259 si
2617 3203 2759 3259 forte
2782 3203 2930 3258 fores
2961 3201 3332 3258 redimendus.

1927 3300 2031 3355 Sed
2060 3300 2193 3354 nulli
2222 3299 2458 3371 gemitus
2490 3306 2718 3367 possunt
2753 3306 2847 3351 tua
2879 3296 3015 3351 facta
3049 3296 3219 3366 piare,

1928 3394 2111 3464 Quam
2156 3408 2305 3447 mors
2344 3408 2458 3446 non
2488 3390 2667 3461 potuit
2699 3390 2768 3444 de
2799 3388 3029 3460 perﬁdia
3056 3403 3338 3443 revocare.

1926 3489 2050 3542 Non
2080 3493 2163 3541 est
2198 3485 2489 3541 consilium
2517 3482 2666 3554 quod
2696 3483 2869 3553 possit
2897 3481 3193 3549 viviﬁcare,

1926 3581 2012 3637 Ad
2044 3595 2102 3635 se
2130 3594 2296 3651 quem
2322 3577 2523 3649 sprevit
2550 3580 2698 3631 Deus
2719 3577 2777 3630 in
2802 3576 2971 3631 ﬁnem
2994 3590 3269 3630 revocare.

1926 3674 2128 3729 Vivens
2162 3680 2218 3727 et
2260 3672 2505 3727 moriens
2534 3670 2696 3725 nobis
2721 3670 2965 3739 exempla
3004 3667 3228 3736 dedisti,

1928 3765 2088 3835 Quod
2116 3765 2425 3820 membrum
2454 3764 2668 3819 Satana
2694 3778 2803 3817 non
2835 3762 2908 3816 sit
2931 3761 2997 3817 de
3019 3776 3247 3831 corpore
3281 3758 3488 3815 Christi

1928 3863 2053 3916 Non
2074 3859 2400 3925 Dominum,
2431 3856 2527 3913 sed
2551 3855 2914 3920 damonium,
2948 3855 3144 3910 vivens
3178 3853 3445 3920 habuisti;

1929 3956 2053 4009 Non
2081 3952 2406 4015 Dominum,
2442 3950 2536 4006 sed
2562 3950 2928 4013 damonium,
2963 3948 3208 4003 moriens
3255 3945 3508 4001 habuisti.

1934 4049 2077 4116 Ergo
2103 4045 2233 4101 satis
2259 4044 2429 4099 claret
2458 4042 2606 4114 quod
2633 4043 2727 4113 qui
2766 4052 2857 4096 tua
2888 4040 3031 4096 facta
3059 4048 3377 4111 sequentur,

1929 4141 2033 4194 Pro
2070 4138 2235 4194 simili
2263 4139 2423 4208 culpa
2457 4134 2621 4192 simili
2648 4135 2831 4207 gladio
2862 4134 3149 4190 ferientur.

2502 4251 2749 4307 CAPUT
2789 4252 2945 4305 XIII.

2001 4370 2076 4422 De
2105 4367 2255 4420 obitu
2288 4364 2556 4421 Chonradi
2582 4364 2724 4431 regis
2767 4366 2821 4415 et
2865 4360 3137 4416 obsidione
3165 4361 3452 4415 Ferrarius.

1854 4461 1904 4523 D
1934 4481 2187 4539 Scribere
2215 4495 2302 4535 res
2332 4488 2510 4551 gestas
2548 4492 2678 4533 cum
2706 4492 2815 4531 non
2842 4475 2913 4531 sit
2947 4490 3032 4530 res
3058 4473 3382 4540 inhonesta;

1934 4577 2170 4632 Carmen
2200 4573 2387 4629 adesto
2415 4588 2603 4628 meum
2633 4571 2731 4639 sic,
2764 4585 2831 4625 ne
2854 4582 3075 4640 promas
3101 4566 3209 4622 nisi
3242 4581 3453 4622 verum.

1945 4729 2083 4799 ptias
2111 4726 2278 4783 abbas
2306 4727 2469 4799 etiam
2498 4723 2863 4799 Uspergensis
2892 4729 3326 4799 commemorat,
3351 4721 3527 4799 igno-

1942 4793 2091 4854 rasse
2120 4807 2302 4852 autem
2337 4797 2552 4851 videtur
2580 4793 2932 4849 doctissimus
2956 4795 3038 4847 vir
3068 4793 3322 4849 Bocchus
3350 4793 3531 4848 Pirrus

1944 4872 1999 4925 in
2038 4867 2395 4940 clironologia
2427 4883 2617 4940 regum
2649 4866 2868 4921 Sicilia.
2904 4869 3063 4940 Mys.

2014 4946 2162 5007 (864)
2202 4949 2242 4995 A
2288 4934 2523 4993 d'ecresco
2552 4955 2571 4992 :
2598 4939 2701 4991 hoc
2740 4945 2843 4998 est,
2877 4936 3084 4991 nullum
3130 4934 3530 5007 detrimentum

1943 5006 2099 5085 paSsa
2119 5006 2199 5066 est
2226 5010 2440 5085 libertas
2462 5012 2729 5064 Romana
2752 5007 2914 5074 sedis,
2936 5008 3164 5063 Urbano
3186 5008 3235 5060 Il
3259 5007 3311 5058 in
3336 5006 3529 5060 eadem

1941 5084 2185 5140 sedente.
2216 5084 2383 5136 Mua.

2014 5156 2156 5224 (865)
2179 5156 2410 5224 Baron.,
2432 5158 2567 5206 tom.
2594 5153 2726 5214 XII,
2757 5166 2883 5204 ann.
2914 5154 3075 5214 1t00,
3102 5164 3257 5224 num.
3285 5149 3530 5224 ἦχθαι.

2014 5218 2163 5294 (866)
2189 5228 2292 5279 Ms.
2314 5223 2441 5279 cod.
2470 5225 2732 5295 Regien.,
2750 5224 3053 5293 pretioque,
3077 5222 3259 5285 minis,
3281 5218 3536 5273 videlicet

1939 5305 2056 5352 tum
2110 5297 2362 5367 pecunia,
2395 5304 2515 5367 tum
2548 5294 2729 5349 minis.
2765 5295 2922 5367 Mus.

2012 5360 2161 5436 (86'7)
2195 5360 2355 5423 Idem’
2391 5366 2539 5432 cod.,
2585 5368 2807 5435 dompm’
2846 5364 3016 5427 Petri,
3057 5361 3161 5417 hoc
3205 5368 3289 5416 est
3331 5360 3533 5414 damni.

1940 5442 2158 5579 Μῖἕέὸ)
2191 5508 2326 5565 Cod.
2358 5515 2497 5574 aut,
2526 5524 2688 5563 nunc.
2718 5509 2890 5562 Lam.

2010 5568 2228 5635 Habent
2255 5589 2310 5634 et
2346 5568 2521 5632 nostri
2553 5579 2772 5634 codices
2806 5590 2979 5640 nunc;
3010 5587 3209 5646 nempe
3246 5574 3372 5648 quia
3412 5568 3535 5625 sub-

1940 5651 2083 5708 latus
2112 5667 2141 5705 e
2182 5652 2337 5705 vivis.
2376 5652 2535 5703 Mun.

2013 5725 2163 5792 (869)
2199 5724 2258 5781 Id
2298 5728 2383 5777 est
2414 5721 2669 5787 claviger.
2716 5721 2890 5773 L313.
