  <div class='ocr_page' id='page_1' title='image "/cluster/home/n/w/nwhite01/storage/ocr_20150623/148/hvd.32044054760061/515.png"; bbox 0 0 4052 6180; ppageno 0'>
   <div class='ocr_carea' id='block_1_1' title="bbox 571 245 709 299">
    <p class='ocr_par' dir='ltr' id='par_1_1' title="bbox 571 245 709 299">
     <span class='ocr_line' id='line_1_1' title="bbox 571 245 709 299; baseline -0.029 0"><span class='ocrx_word' id='word_1_1' title='bbox 571 245 709 299; x_wconf 72' lang='grc'><strong>1019</strong></span> 
     </span>
    </p>
   </div>
   <div class='ocr_carea' id='block_1_2' title="bbox 572 360 1873 433">
    <p class='ocr_par' dir='ltr' id='par_1_2' title="bbox 572 360 1873 433">
     <span class='ocr_line' id='line_1_2' title="bbox 572 360 1873 433; baseline -0.005 -12"><span class='ocrx_word' id='word_1_2' title='bbox 572 366 722 423; x_wconf 79' lang='lat' dir='ltr'><strong>Infra</strong></span> <span class='ocrx_word' id='word_1_3' title='bbox 764 365 1091 424; x_wconf 86' lang='lat' dir='ltr'><strong>Chonradus</strong></span> <span class='ocrx_word' id='word_1_4' title='bbox 1129 360 1521 433; x_wconf 89' lang='lat' dir='ltr'><strong>Longobardos</strong></span> <span class='ocrx_word' id='word_1_5' title='bbox 1553 361 1873 427; x_wconf 86' lang='lat' dir='ltr'><strong>comitatus,</strong></span> 
     </span>
    </p>
   </div>
   <div class='ocr_carea' id='block_1_3' title="bbox 573 453 1989 526">
    <p class='ocr_par' dir='ltr' id='par_1_3' title="bbox 573 453 1989 526">
     <span class='ocr_line' id='line_1_3' title="bbox 573 453 1989 526; baseline -0.005 -10"><span class='ocrx_word' id='word_1_6' title='bbox 573 463 723 516; x_wconf 88' lang='lat' dir='ltr'><strong>Dum</strong></span> <span class='ocrx_word' id='word_1_7' title='bbox 754 467 923 515; x_wconf 86' lang='lat' dir='ltr'><strong>staret</strong></span> <span class='ocrx_word' id='word_1_8' title='bbox 949 458 1156 512; x_wconf 84' lang='lat' dir='ltr'><strong>discors</strong></span> <span class='ocrx_word' id='word_1_9' title='bbox 1186 472 1215 509; x_wconf 92' lang='lat' dir='ltr'><strong>a</strong></span> <span class='ocrx_word' id='word_1_10' title='bbox 1261 454 1506 509; x_wconf 89' lang='lat' dir='ltr'><strong>Mathildi</strong></span> <span class='ocrx_word' id='word_1_11' title='bbox 1546 457 1693 522; x_wconf 85' lang='lat'>(870)</span> <span class='ocrx_word' id='word_1_12' title='bbox 1724 453 1827 509; x_wconf 89' lang='lat' dir='ltr'><strong>fuit</strong></span> <span class='ocrx_word' id='word_1_13' title='bbox 1869 456 1989 526; x_wconf 92' lang='lat' dir='ltr'><strong>ipso</strong></span> 
     </span>
    </p>
   </div>
   <div class='ocr_carea' id='block_1_4' title="bbox 570 547 1910 624">
    <p class='ocr_par' dir='ltr' id='par_1_4' title="bbox 570 547 1910 624">
     <span class='ocr_line' id='line_1_4' title="bbox 570 547 1910 624; baseline -0.006 -15"><span class='ocrx_word' id='word_1_14' title='bbox 570 557 864 624; x_wconf 85' lang='lat' dir='ltr'><strong>Tempore,</strong></span> <span class='ocrx_word' id='word_1_15' title='bbox 885 549 1105 605; x_wconf 88' lang='lat' dir='ltr'><strong>duravit</strong></span> <span class='ocrx_word' id='word_1_16' title='bbox 1133 547 1415 602; x_wconf 91' lang='lat' dir='ltr'><strong>modicum</strong></span> <span class='ocrx_word' id='word_1_17' title='bbox 1444 547 1715 602; x_wconf 84' lang='lat' dir='ltr'><strong>discordia</strong></span> <span class='ocrx_word' id='word_1_18' title='bbox 1741 548 1865 602; x_wconf 91' lang='lat' dir='ltr'><strong>talis</strong></span> <span class='ocrx_word' id='word_1_19' title='bbox 1897 566 1910 601; x_wconf 89' lang='lat'><strong>:</strong></span> 
     </span>
    </p>
   </div>
   <div class='ocr_carea' id='block_1_5' title="bbox 572 640 1916 714">
    <p class='ocr_par' dir='ltr' id='par_1_5' title="bbox 572 640 1916 714">
     <span class='ocr_line' id='line_1_5' title="bbox 572 640 1916 714; baseline -0.003 -14"><span class='ocrx_word' id='word_1_20' title='bbox 572 648 710 701; x_wconf 88' lang='lat' dir='ltr'><strong>Nam</strong></span> <span class='ocrx_word' id='word_1_21' title='bbox 736 643 895 714; x_wconf 87' lang='lat' dir='ltr'><strong>petiit</strong></span> <span class='ocrx_word' id='word_1_22' title='bbox 923 650 1105 713; x_wconf 88' lang='lat' dir='ltr'><strong>partes</strong></span> <span class='ocrx_word' id='word_1_23' title='bbox 1132 643 1411 696; x_wconf 91' lang='lat' dir='ltr'><strong>Tuscanas</strong></span> <span class='ocrx_word' id='word_1_24' title='bbox 1434 656 1554 708; x_wconf 86' lang='lat' dir='ltr'><strong>rex,</strong></span> <span class='ocrx_word' id='word_1_25' title='bbox 1591 641 1665 695; x_wconf 90' lang='lat' dir='ltr'><strong>ibi</strong></span> <span class='ocrx_word' id='word_1_26' title='bbox 1693 640 1916 696; x_wconf 88' lang='lat' dir='ltr'><strong>tandem</strong></span> 
     </span>
    </p>
   </div>
   <div class='ocr_carea' id='block_1_6' title="bbox 576 733 1914 806">
    <p class='ocr_par' dir='ltr' id='par_1_6' title="bbox 576 733 1914 806">
     <span class='ocr_line' id='line_1_6' title="bbox 576 733 1914 806; baseline -0.002 -14"><span class='ocrx_word' id='word_1_27' title='bbox 576 735 864 792; x_wconf 81' lang='lat' dir='ltr'><strong>Nobilibus</strong></span> <span class='ocrx_word' id='word_1_28' title='bbox 888 734 1115 806; x_wconf 88' lang='lat' dir='ltr'><strong>quidam</strong></span> <span class='ocrx_word' id='word_1_29' title='bbox 1154 733 1477 790; x_wconf 82' lang='lat' dir='ltr'><strong>facientibus</strong></span> <span class='ocrx_word' id='word_1_30' title='bbox 1502 734 1709 804; x_wconf 79' lang='lat' dir='ltr'><strong>expulit</strong></span> <span class='ocrx_word' id='word_1_31' title='bbox 1742 734 1914 801; x_wconf 89' lang='lat' dir='ltr'><strong>iram;</strong></span> 
     </span>
    </p>
   </div>
   <div class='ocr_carea' id='block_1_7' title="bbox 570 827 1948 900">
    <p class='ocr_par' dir='ltr' id='par_1_7' title="bbox 570 827 1948 900">
     <span class='ocr_line' id='line_1_7' title="bbox 570 827 1948 900; baseline -0.001 -16"><span class='ocrx_word' id='word_1_32' title='bbox 570 830 654 884; x_wconf 82' lang='lat' dir='ltr'><strong>Ad</strong></span> <span class='ocrx_word' id='word_1_33' title='bbox 680 844 873 900; x_wconf 90' lang='lat' dir='ltr'><strong>pacem</strong></span> <span class='ocrx_word' id='word_1_34' title='bbox 892 828 1113 883; x_wconf 81' lang='lat' dir='ltr'><strong>firmam</strong></span> <span class='ocrx_word' id='word_1_35' title='bbox 1139 828 1303 883; x_wconf 85' lang='lat' dir='ltr'><strong>rediit</strong></span> <span class='ocrx_word' id='word_1_36' title='bbox 1329 828 1467 882; x_wconf 90' lang='lat' dir='ltr'><strong>bene</strong></span> <span class='ocrx_word' id='word_1_37' title='bbox 1496 842 1624 882; x_wconf 89' lang='lat' dir='ltr'><strong>cum</strong></span> <span class='ocrx_word' id='word_1_38' title='bbox 1649 827 1948 883; x_wconf 90' lang='lat' dir='ltr'><strong>comitissa.</strong></span> 
     </span>
    </p>
   </div>
   <div class='ocr_carea' id='block_1_8' title="bbox 570 918 1913 993">
    <p class='ocr_par' dir='ltr' id='par_1_8' title="bbox 570 918 1913 993">
     <span class='ocr_line' id='line_1_8' title="bbox 570 918 1913 993; baseline -0.002 -15"><span class='ocrx_word' id='word_1_39' title='bbox 570 925 705 978; x_wconf 89' lang='lat' dir='ltr'><strong>Post</strong></span> <span class='ocrx_word' id='word_1_40' title='bbox 730 922 897 978; x_wconf 86' lang='lat' dir='ltr'><strong>istam</strong></span> <span class='ocrx_word' id='word_1_41' title='bbox 918 937 1106 993; x_wconf 89' lang='lat' dir='ltr'><strong>pacem</strong></span> <span class='ocrx_word' id='word_1_42' title='bbox 1126 919 1277 976; x_wconf 87' lang='lat' dir='ltr'><strong>febre</strong></span> <span class='ocrx_word' id='word_1_43' title='bbox 1300 927 1499 974; x_wconf 88' lang='lat' dir='ltr'><strong>tactus.</strong></span> <span class='ocrx_word' id='word_1_44' title='bbox 1531 918 1708 973; x_wconf 89' lang='lat' dir='ltr'><strong>Julius</strong></span> <span class='ocrx_word' id='word_1_45' title='bbox 1728 927 1913 975; x_wconf 89' lang='lat' dir='ltr'><strong>autem</strong></span> 
     </span>
    </p>
   </div>
   <div class='ocr_carea' id='block_1_9' title="bbox 571 1012 2163 1086">
    <p class='ocr_par' dir='ltr' id='par_1_9' title="bbox 571 1012 2163 1086">
     <span class='ocr_line' id='line_1_9' title="bbox 571 1012 2163 1086; baseline -0.003 -15"><span class='ocrx_word' id='word_1_46' title='bbox 571 1015 777 1071; x_wconf 88' lang='lat' dir='ltr'><strong>Mensis</strong></span> <span class='ocrx_word' id='word_1_47' title='bbox 806 1024 924 1072; x_wconf 88' lang='lat' dir='ltr'><strong>erat</strong></span> <span class='ocrx_word' id='word_1_48' title='bbox 958 1030 1204 1086; x_wconf 89' lang='lat' dir='ltr'><strong>magnus,</strong></span> <span class='ocrx_word' id='word_1_49' title='bbox 1236 1013 1475 1068; x_wconf 88' lang='lat' dir='ltr'><strong>moritur</strong></span> <span class='ocrx_word' id='word_1_50' title='bbox 1504 1012 1850 1077; x_wconf 89' lang='lat' dir='ltr'><strong>Chonradus,</strong></span> <span class='ocrx_word' id='word_1_51' title='bbox 1886 1021 1940 1067; x_wconf 92' lang='lat' dir='ltr'><strong>et</strong></span> <span class='ocrx_word' id='word_1_52' title='bbox 1983 1028 2163 1069; x_wconf 87' lang='lat' dir='ltr'><strong>annus</strong></span> 
     </span>
    </p>
   </div>
   <div class='ocr_carea' id='block_1_10' title="bbox 569 1107 2157 1179">
    <p class='ocr_par' dir='ltr' id='par_1_10' title="bbox 569 1107 2157 1179">
     <span class='ocr_line' id='line_1_10' title="bbox 569 1107 2157 1179; baseline -0.003 -14"><span class='ocrx_word' id='word_1_53' title='bbox 569 1110 807 1176; x_wconf 91' lang='lat' dir='ltr'><strong>Tertius,</strong></span> <span class='ocrx_word' id='word_1_54' title='bbox 829 1109 1087 1166; x_wconf 86' lang='lat' dir='ltr'><strong>Urbanus</strong></span> <span class='ocrx_word' id='word_1_55' title='bbox 1119 1107 1267 1179; x_wconf 93' lang='lat' dir='ltr'><strong>quod</strong></span> <span class='ocrx_word' id='word_1_56' title='bbox 1295 1107 1590 1161; x_wconf 86' lang='lat' dir='ltr'><strong>transierat</strong></span> <span class='ocrx_word' id='word_1_57' title='bbox 1616 1114 1958 1161; x_wconf 85' lang='lat' dir='ltr'><strong>memoratus</strong></span> <span class='ocrx_word' id='word_1_58' title='bbox 1989 1110 2157 1175; x_wconf 83' lang='lat'>(871).</span> 
     </span>
    </p>
   </div>
   <div class='ocr_carea' id='block_1_11' title="bbox 568 1199 1941 1274">
    <p class='ocr_par' dir='ltr' id='par_1_11' title="bbox 568 1199 1941 1274">
     <span class='ocr_line' id='line_1_11' title="bbox 568 1199 1941 1274; baseline -0.001 -17"><span class='ocrx_word' id='word_1_59' title='bbox 568 1203 705 1274; x_wconf 85' lang='lat' dir='ltr'><strong>Ejus</strong></span> <span class='ocrx_word' id='word_1_60' title='bbox 743 1203 908 1257; x_wconf 90' lang='lat' dir='ltr'><strong>habet</strong></span> <span class='ocrx_word' id='word_1_61' title='bbox 937 1217 1137 1272; x_wconf 90' lang='lat' dir='ltr'><strong>corpus</strong></span> <span class='ocrx_word' id='word_1_62' title='bbox 1166 1200 1440 1257; x_wconf 89' lang='lat' dir='ltr'><strong>Florentia</strong></span> <span class='ocrx_word' id='word_1_63' title='bbox 1474 1199 1672 1254; x_wconf 86' lang='lat' dir='ltr'><strong>ﬂorida</strong></span> <span class='ocrx_word' id='word_1_64' title='bbox 1699 1214 1941 1270; x_wconf 87' lang='lat' dir='ltr'><strong>prorsus.</strong></span> 
     </span>
    </p>
   </div>
   <div class='ocr_carea' id='block_1_12' title="bbox 576 1293 2017 1350">
    <p class='ocr_par' dir='ltr' id='par_1_12' title="bbox 576 1293 2017 1350">
     <span class='ocr_line' id='line_1_12' title="bbox 576 1293 2017 1350; baseline -0.001 -1"><span class='ocrx_word' id='word_1_65' title='bbox 576 1297 703 1349; x_wconf 87' lang='lat' dir='ltr'><strong>Post</strong></span> <span class='ocrx_word' id='word_1_66' title='bbox 730 1295 872 1349; x_wconf 90' lang='lat' dir='ltr'><strong>hanc</strong></span> <span class='ocrx_word' id='word_1_67' title='bbox 899 1302 1145 1350; x_wconf 72' lang='lat' dir='ltr'><strong>aestatem</strong></span> <span class='ocrx_word' id='word_1_68' title='bbox 1173 1293 1307 1348; x_wconf 91' lang='lat' dir='ltr'><strong>libet</strong></span> <span class='ocrx_word' id='word_1_69' title='bbox 1333 1300 1661 1347; x_wconf 85' lang='lat' dir='ltr'><strong>autumnum</strong></span> <span class='ocrx_word' id='word_1_70' title='bbox 1688 1308 2017 1347; x_wconf 89' lang='lat' dir='ltr'><strong>memorare.</strong></span> 
     </span>
    </p>
   </div>
   <div class='ocr_carea' id='block_1_13' title="bbox 570 1385 1809 1460">
    <p class='ocr_par' dir='ltr' id='par_1_13' title="bbox 570 1385 1809 1460">
     <span class='ocr_line' id='line_1_13' title="bbox 570 1385 1809 1460; baseline 0 -19"><span class='ocrx_word' id='word_1_71' title='bbox 570 1389 674 1460; x_wconf 90' lang='lat' dir='ltr'><strong>Qui</strong></span> <span class='ocrx_word' id='word_1_72' title='bbox 704 1389 872 1453; x_wconf 88' lang='lat' dir='ltr'><strong>venit,</strong></span> <span class='ocrx_word' id='word_1_73' title='bbox 903 1389 1071 1443; x_wconf 91' lang='lat' dir='ltr'><strong>duros</strong></span> <span class='ocrx_word' id='word_1_74' title='bbox 1104 1389 1162 1441; x_wconf 92' lang='lat' dir='ltr'><strong>in</strong></span> <span class='ocrx_word' id='word_1_75' title='bbox 1196 1402 1305 1458; x_wconf 93' lang='lat' dir='ltr'><strong>quo</strong></span> <span class='ocrx_word' id='word_1_76' title='bbox 1345 1385 1589 1441; x_wconf 87' lang='lat' dir='ltr'><strong>Ferraria</strong></span> <span class='ocrx_word' id='word_1_77' title='bbox 1622 1401 1809 1441; x_wconf 91' lang='lat' dir='ltr'><strong>muros</strong></span> 
     </span>
    </p>
   </div>
   <div class='ocr_carea' id='block_1_14' title="bbox 570 1478 1845 1550">
    <p class='ocr_par' dir='ltr' id='par_1_14' title="bbox 570 1478 1845 1550">
     <span class='ocr_line' id='line_1_14' title="bbox 570 1478 1845 1550; baseline -0.002 -13"><span class='ocrx_word' id='word_1_78' title='bbox 570 1483 837 1537; x_wconf 90' lang='lat' dir='ltr'><strong>Obsessos</strong></span> <span class='ocrx_word' id='word_1_79' title='bbox 875 1481 1064 1547; x_wconf 89' lang='lat' dir='ltr'><strong>sensit,</strong></span> <span class='ocrx_word' id='word_1_80' title='bbox 1103 1480 1281 1534; x_wconf 86' lang='lat' dir='ltr'><strong>fuerat</strong></span> <span class='ocrx_word' id='word_1_81' title='bbox 1302 1479 1429 1550; x_wconf 88' lang='lat' dir='ltr'><strong>quia</strong></span> <span class='ocrx_word' id='word_1_82' title='bbox 1460 1478 1604 1535; x_wconf 90' lang='lat' dir='ltr'><strong>facta</strong></span> <span class='ocrx_word' id='word_1_83' title='bbox 1631 1478 1845 1536; x_wconf 88' lang='lat' dir='ltr'><strong>rebellis</strong></span> 
     </span>
    </p>
   </div>
   <div class='ocr_carea' id='block_1_15' title="bbox 573 1572 1703 1644">
    <p class='ocr_par' dir='ltr' id='par_1_15' title="bbox 573 1572 1703 1644">
     <span class='ocr_line' id='line_1_15' title="bbox 573 1572 1703 1644; baseline -0.003 -15"><span class='ocrx_word' id='word_1_84' title='bbox 573 1577 697 1644; x_wconf 88' lang='lat' dir='ltr'><strong>Ipsa</strong></span> <span class='ocrx_word' id='word_1_85' title='bbox 733 1574 1020 1638; x_wconf 88' lang='lat' dir='ltr'><strong>ducatrici,</strong></span> <span class='ocrx_word' id='word_1_86' title='bbox 1045 1589 1149 1628; x_wconf 91' lang='lat' dir='ltr'><strong>nec</strong></span> <span class='ocrx_word' id='word_1_87' title='bbox 1172 1572 1222 1627; x_wconf 90' lang='lat' dir='ltr'><strong>ei</strong></span> <span class='ocrx_word' id='word_1_88' title='bbox 1246 1572 1449 1627; x_wconf 87' lang='lat' dir='ltr'><strong>servire</strong></span> <span class='ocrx_word' id='word_1_89' title='bbox 1477 1573 1703 1643; x_wconf 86' lang='lat' dir='ltr'><strong>cupivit,</strong></span> 
     </span>
    </p>
   </div>
   <div class='ocr_carea' id='block_1_16' title="bbox 574 1664 2057 1737">
    <p class='ocr_par' dir='ltr' id='par_1_16' title="bbox 574 1664 2057 1737">
     <span class='ocr_line' id='line_1_16' title="bbox 574 1664 2057 1737; baseline 0.001 -17"><span class='ocrx_word' id='word_1_90' title='bbox 574 1669 774 1721; x_wconf 85' lang='lat' dir='ltr'><strong>Contra</strong></span> <span class='ocrx_word' id='word_1_91' title='bbox 804 1682 970 1737; x_wconf 91' lang='lat' dir='ltr'><strong>quam</strong></span> <span class='ocrx_word' id='word_1_92' title='bbox 998 1675 1185 1736; x_wconf 84' lang='lat' dir='ltr'><strong>gentes</strong></span> <span class='ocrx_word' id='word_1_93' title='bbox 1207 1680 1442 1720; x_wconf 89' lang='lat' dir='ltr'><strong>numero</strong></span> <span class='ocrx_word' id='word_1_94' title='bbox 1467 1666 1582 1719; x_wconf 90' lang='lat' dir='ltr'><strong>sine</strong></span> <span class='ocrx_word' id='word_1_95' title='bbox 1611 1664 1771 1720; x_wconf 86' lang='lat' dir='ltr'><strong>duxit</strong></span> <span class='ocrx_word' id='word_1_96' title='bbox 1796 1674 1853 1721; x_wconf 90' lang='lat' dir='ltr'><strong>et</strong></span> <span class='ocrx_word' id='word_1_97' title='bbox 1881 1681 2057 1734; x_wconf 84' lang='lat' dir='ltr'><strong>enses,</strong></span> 
     </span>
    </p>
   </div>
   <div class='ocr_carea' id='block_1_17' title="bbox 574 1759 1842 1831">
    <p class='ocr_par' dir='ltr' id='par_1_17' title="bbox 574 1759 1842 1831">
     <span class='ocr_line' id='line_1_17' title="bbox 574 1759 1842 1831; baseline 0.001 -18"><span class='ocrx_word' id='word_1_98' title='bbox 574 1761 801 1827; x_wconf 87' lang='lat' dir='ltr'><strong>Tuscos,</strong></span> <span class='ocrx_word' id='word_1_99' title='bbox 829 1763 1133 1825; x_wconf 85' lang='lat' dir='ltr'><strong>Romanos,</strong></span> <span class='ocrx_word' id='word_1_100' title='bbox 1160 1759 1558 1831; x_wconf 85' lang='lat' dir='ltr'><strong>Longobardos</strong></span> <span class='ocrx_word' id='word_1_101' title='bbox 1584 1759 1842 1831; x_wconf 85' lang='lat' dir='ltr'><strong>galeatos,</strong></span> 
     </span>
    </p>
   </div>
   <div class='ocr_carea' id='block_1_18' title="bbox 572 1853 1916 1923">
    <p class='ocr_par' dir='ltr' id='par_1_18' title="bbox 572 1853 1916 1923">
     <span class='ocr_line' id='line_1_18' title="bbox 572 1853 1916 1923; baseline 0 -15"><span class='ocrx_word' id='word_1_102' title='bbox 572 1856 641 1909; x_wconf 82' lang='lat' dir='ltr'><strong>Et</strong></span> <span class='ocrx_word' id='word_1_103' title='bbox 672 1856 1037 1918; x_wconf 79' lang='lat' dir='ltr'><strong>Ravennates,</strong></span> <span class='ocrx_word' id='word_1_104' title='bbox 1071 1868 1307 1923; x_wconf 92' lang='lat' dir='ltr'><strong>quorum</strong></span> <span class='ocrx_word' id='word_1_105' title='bbox 1337 1860 1464 1907; x_wconf 90' lang='lat' dir='ltr'><strong>sunt</strong></span> <span class='ocrx_word' id='word_1_106' title='bbox 1490 1853 1729 1920; x_wconf 82' lang='lat' dir='ltr'><strong>maxime</strong></span> <span class='ocrx_word' id='word_1_107' title='bbox 1750 1868 1916 1908; x_wconf 87' lang='lat' dir='ltr'><strong>naves</strong></span> 
     </span>
    </p>
   </div>
   <div class='ocr_carea' id='block_1_19' title="bbox 569 1946 2056 2017">
    <p class='ocr_par' dir='ltr' id='par_1_19' title="bbox 569 1946 2056 2017">
     <span class='ocr_line' id='line_1_19' title="bbox 569 1946 2056 2017; baseline 0 -15"><span class='ocrx_word' id='word_1_108' title='bbox 569 1947 947 2003; x_wconf 88' lang='lat' dir='ltr'><strong>Circumstant</strong></span> <span class='ocrx_word' id='word_1_109' title='bbox 974 1946 1227 2015; x_wconf 89' lang='lat' dir='ltr'><strong>equidem</strong></span> <span class='ocrx_word' id='word_1_110' title='bbox 1258 1947 1450 2000; x_wconf 76' lang='lat' dir='ltr'><strong>multae</strong></span> <span class='ocrx_word' id='word_1_111' title='bbox 1476 1946 1642 2000; x_wconf 91' lang='lat' dir='ltr'><strong>maris</strong></span> <span class='ocrx_word' id='word_1_112' title='bbox 1671 1954 1837 2017; x_wconf 91' lang='lat' dir='ltr'><strong>atque</strong></span> <span class='ocrx_word' id='word_1_113' title='bbox 1857 1947 2056 2002; x_wconf 67' lang='lat' dir='ltr'><strong>carinae</strong></span> 
     </span>
    </p>
   </div>
   <div class='ocr_carea' id='block_1_20' title="bbox 569 2038 1995 2108">
    <p class='ocr_par' dir='ltr' id='par_1_20' title="bbox 569 2038 1995 2108">
     <span class='ocr_line' id='line_1_20' title="bbox 569 2038 1995 2108; baseline 0.001 -15"><span class='ocrx_word' id='word_1_114' title='bbox 569 2044 617 2093; x_wconf 80' lang='grc' dir='ltr'>Α</span> <span class='ocrx_word' id='word_1_115' title='bbox 655 2039 792 2093; x_wconf 88' lang='lat' dir='ltr'><strong>duce</strong></span> <span class='ocrx_word' id='word_1_116' title='bbox 823 2039 1085 2108; x_wconf 72' lang='lat' dir='ltr'><strong>praeclaro</strong></span> <span class='ocrx_word' id='word_1_117' title='bbox 1115 2038 1457 2093; x_wconf 68' lang='lat' dir='ltr'><strong>transmissa:</strong></span> <span class='ocrx_word' id='word_1_118' title='bbox 1488 2039 1788 2093; x_wconf 87' lang='lat' dir='ltr'><strong>Venetiano</strong></span> <span class='ocrx_word' id='word_1_119' title='bbox 1821 2041 1995 2107; x_wconf 82' lang='lat'>(872).</span> 
     </span>
    </p>
   </div>
   <div class='ocr_carea' id='block_1_21' title="bbox 570 2130 1949 2201">
    <p class='ocr_par' dir='ltr' id='par_1_21' title="bbox 570 2130 1949 2201">
     <span class='ocr_line' id='line_1_21' title="bbox 570 2130 1949 2201; baseline 0.001 -17"><span class='ocrx_word' id='word_1_120' title='bbox 570 2130 937 2185; x_wconf 90' lang='lat' dir='ltr'><strong>Considerans</strong></span> <span class='ocrx_word' id='word_1_121' title='bbox 974 2130 1198 2184; x_wconf 89' lang='lat' dir='ltr'><strong>demum</strong></span> <span class='ocrx_word' id='word_1_122' title='bbox 1228 2130 1502 2191; x_wconf 86' lang='lat' dir='ltr'><strong>Ferraria,</strong></span> <span class='ocrx_word' id='word_1_123' title='bbox 1533 2146 1606 2185; x_wconf 91' lang='lat' dir='ltr'><strong>ne</strong></span> <span class='ocrx_word' id='word_1_124' title='bbox 1644 2139 1949 2201; x_wconf 88' lang='lat' dir='ltr'><strong>superetur,</strong></span> 
     </span>
    </p>
   </div>
   <div class='ocr_carea' id='block_1_22' title="bbox 573 2222 1811 2293">
    <p class='ocr_par' dir='ltr' id='par_1_22' title="bbox 573 2222 1811 2293">
     <span class='ocr_line' id='line_1_22' title="bbox 573 2222 1811 2293; baseline 0.001 -15"><span class='ocrx_word' id='word_1_125' title='bbox 573 2223 793 2293; x_wconf 88' lang='lat' dir='ltr'><strong>Optavit</strong></span> <span class='ocrx_word' id='word_1_126' title='bbox 830 2238 1016 2293; x_wconf 89' lang='lat' dir='ltr'><strong>pacem</strong></span> <span class='ocrx_word' id='word_1_127' title='bbox 1045 2238 1259 2293; x_wconf 73' lang='lat' dir='ltr'><strong>magnae</strong></span> <span class='ocrx_word' id='word_1_128' title='bbox 1288 2222 1570 2278; x_wconf 89' lang='lat' dir='ltr'><strong>Mathildis</strong></span> <span class='ocrx_word' id='word_1_129' title='bbox 1598 2238 1811 2291; x_wconf 88' lang='lat' dir='ltr'><strong>amare,</strong></span> 
     </span>
    </p>
   </div>
   <div class='ocr_carea' id='block_1_23' title="bbox 572 2315 1920 2384">
    <p class='ocr_par' dir='ltr' id='par_1_23' title="bbox 572 2315 1920 2384">
     <span class='ocr_line' id='line_1_23' title="bbox 572 2315 1920 2384; baseline 0.001 -14"><span class='ocrx_word' id='word_1_130' title='bbox 572 2315 799 2371; x_wconf 85' lang='lat' dir='ltr'><strong>Vincere</strong></span> <span class='ocrx_word' id='word_1_131' title='bbox 826 2315 909 2369; x_wconf 86' lang='lat' dir='ltr'><strong>cui</strong></span> <span class='ocrx_word' id='word_1_132' title='bbox 944 2316 1098 2369; x_wconf 89' lang='lat' dir='ltr'><strong>vivos</strong></span> <span class='ocrx_word' id='word_1_133' title='bbox 1134 2323 1217 2369; x_wconf 88' lang='lat' dir='ltr'><strong>est</strong></span> <span class='ocrx_word' id='word_1_134' title='bbox 1248 2330 1465 2384; x_wconf 89' lang='lat' dir='ltr'><strong>semper</strong></span> <span class='ocrx_word' id='word_1_135' title='bbox 1493 2330 1615 2370; x_wconf 94' lang='lat' dir='ltr'><strong>mos</strong></span> <span class='ocrx_word' id='word_1_136' title='bbox 1642 2316 1920 2373; x_wconf 90' lang='lat' dir='ltr'><strong>inimicos.</strong></span> 
     </span>
    </p>
   </div>
   <div class='ocr_carea' id='block_1_24' title="bbox 1140 2426 1592 2481">
    <p class='ocr_par' dir='ltr' id='par_1_24' title="bbox 1140 2426 1592 2481">
     <span class='ocr_line' id='line_1_24' title="bbox 1140 2426 1592 2481; baseline 0 0"><span class='ocrx_word' id='word_1_137' title='bbox 1140 2426 1383 2481; x_wconf 80' lang='lat' dir='ltr'>CAPUT</span> <span class='ocrx_word' id='word_1_138' title='bbox 1436 2427 1592 2481; x_wconf 81' lang='lat' dir='ltr'><strong>XIV.</strong></span> 
     </span>
    </p>
   </div>
   <div class='ocr_carea' id='block_1_25' title="bbox 576 2528 2168 2597">
    <p class='ocr_par' dir='ltr' id='par_1_25' title="bbox 576 2528 2168 2597">
     <span class='ocr_line' id='line_1_25' title="bbox 576 2528 2168 2597; baseline 0.003 -16"><span class='ocrx_word' id='word_1_139' title='bbox 576 2528 730 2595; x_wconf 84' lang='lat' dir='ltr'><strong>Quod</strong></span> <span class='ocrx_word' id='word_1_140' title='bbox 752 2542 899 2597; x_wconf 82' lang='lat' dir='ltr'><strong>papa</strong></span> <span class='ocrx_word' id='word_1_141' title='bbox 926 2528 1207 2582; x_wconf 73' lang='lat' dir='ltr'><strong>Paschalis</strong></span> <span class='ocrx_word' id='word_1_142' title='bbox 1249 2528 1312 2581; x_wconf 92' lang='lat' dir='ltr'><strong>ob</strong></span> <span class='ocrx_word' id='word_1_143' title='bbox 1353 2530 1507 2597; x_wconf 74' lang='lat' dir='ltr'><strong>piam</strong></span> <span class='ocrx_word' id='word_1_144' title='bbox 1547 2528 1769 2582; x_wconf 85' lang='lat' dir='ltr'><strong>tutelam</strong></span> <span class='ocrx_word' id='word_1_145' title='bbox 1798 2530 2026 2585; x_wconf 63' lang='lat' dir='ltr'><strong>dominre</strong></span> <span class='ocrx_word' id='word_1_146' title='bbox 2054 2534 2168 2586; x_wconf 85' lang='lat' dir='ltr'><strong>Ma-</strong></span> 
     </span>
    </p>
   </div>
   <div class='ocr_carea' id='block_1_26' title="bbox 645 2600 2167 2667">
    <p class='ocr_par' dir='ltr' id='par_1_26' title="bbox 645 2600 2167 2667">
     <span class='ocr_line' id='line_1_26' title="bbox 645 2600 2167 2667; baseline 0.003 -14"><span class='ocrx_word' id='word_1_147' title='bbox 645 2600 831 2653; x_wconf 71' lang='lat' dir='ltr'><strong>thildis</strong></span> <span class='ocrx_word' id='word_1_148' title='bbox 860 2600 1124 2652; x_wconf 65' lang='lat' dir='ltr'><strong>diremeﬁt</strong></span> <span class='ocrx_word' id='word_1_149' title='bbox 1156 2601 1299 2665; x_wconf 87' lang='lat'>(873)</span> <span class='ocrx_word' id='word_1_150' title='bbox 1344 2602 1403 2652; x_wconf 80' lang='grc' dir='ltr'><strong>-ίη</strong></span> <span class='ocrx_word' id='word_1_151' title='bbox 1443 2600 1872 2667; x_wconf 77' lang='lat' dir='ltr'><strong>Longobardiam</strong></span> <span class='ocrx_word' id='word_1_152' title='bbox 1897 2605 2167 2657; x_wconf 76' lang='lat' dir='ltr'><strong>venerabi-</strong></span> 
     </span>
    </p>
   </div>
   <div class='ocr_carea' id='block_1_27' title="bbox 646 2671 1495 2725">
    <p class='ocr_par' dir='ltr' id='par_1_27' title="bbox 646 2671 1495 2725">
     <span class='ocr_line' id='line_1_27' title="bbox 646 2671 1495 2725; baseline -0.001 -1"><span class='ocrx_word' id='word_1_153' title='bbox 646 2672 747 2724; x_wconf 88' lang='lat' dir='ltr'><strong>lem</strong></span> <span class='ocrx_word' id='word_1_154' title='bbox 774 2671 1107 2724; x_wconf 71' lang='lat' dir='ltr'><strong>cardinalem</strong></span> <span class='ocrx_word' id='word_1_155' title='bbox 1135 2671 1495 2725; x_wconf 75' lang='lat' dir='ltr'><strong>Bernardum.</strong></span> 
     </span>
    </p>
   </div>
   <div class='ocr_carea' id='block_1_28' title="bbox 574 2780 1809 2851">
    <p class='ocr_par' dir='ltr' id='par_1_28' title="bbox 574 2780 1809 2851">
     <span class='ocr_line' id='line_1_28' title="bbox 574 2780 1809 2851; baseline -0.002 -14"><span class='ocrx_word' id='word_1_156' title='bbox 574 2781 796 2837; x_wconf 80' lang='lat' dir='ltr'><strong>Auxilio</strong></span> <span class='ocrx_word' id='word_1_157' title='bbox 822 2780 975 2847; x_wconf 90' lang='lat' dir='ltr'><strong>Petri</strong></span> <span class='ocrx_word' id='word_1_158' title='bbox 1002 2780 1113 2849; x_wconf 86' lang='lat' dir='ltr'><strong>jam</strong></span> <span class='ocrx_word' id='word_1_159' title='bbox 1141 2781 1385 2835; x_wconf 87' lang='lat' dir='ltr'><strong>carmina</strong></span> <span class='ocrx_word' id='word_1_160' title='bbox 1415 2781 1652 2851; x_wconf 90' lang='lat' dir='ltr'><strong>plurima</strong></span> <span class='ocrx_word' id='word_1_161' title='bbox 1681 2780 1809 2846; x_wconf 89' lang='lat' dir='ltr'><strong>feci,</strong></span> 
     </span>
    </p>
   </div>
   <div class='ocr_carea' id='block_1_29' title="bbox 573 2873 2169 2945">
    <p class='ocr_par' dir='ltr' id='par_1_29' title="bbox 573 2873 2169 2945">
     <span class='ocr_line' id='line_1_29' title="bbox 573 2873 2169 2945; baseline 0.003 -16"><span class='ocrx_word' id='word_1_162' title='bbox 573 2875 761 2939; x_wconf 88' lang='lat' dir='ltr'><strong>Paule,</strong></span> <span class='ocrx_word' id='word_1_163' title='bbox 778 2873 914 2928; x_wconf 91' lang='lat' dir='ltr'><strong>doce</strong></span> <span class='ocrx_word' id='word_1_164' title='bbox 933 2882 1178 2928; x_wconf 88' lang='lat' dir='ltr'><strong>mentem</strong></span> <span class='ocrx_word' id='word_1_165' title='bbox 1196 2882 1462 2941; x_wconf 89' lang='lat' dir='ltr'><strong>nostram,</strong></span> <span class='ocrx_word' id='word_1_166' title='bbox 1478 2890 1580 2929; x_wconf 89' lang='lat' dir='ltr'><strong>nec</strong></span> <span class='ocrx_word' id='word_1_167' title='bbox 1596 2884 1775 2930; x_wconf 85' lang='lat' dir='ltr'><strong>metra</strong></span> <span class='ocrx_word' id='word_1_168' title='bbox 1795 2877 1943 2945; x_wconf 84' lang='lat'>(874)</span> <span class='ocrx_word' id='word_1_169' title='bbox 1964 2876 2169 2933; x_wconf 88' lang='lat' dir='ltr'><strong>referre</strong></span> 
     </span>
    </p>
   </div>
   <div class='ocr_carea' id='block_1_30' title="bbox 572 2965 1917 3037">
    <p class='ocr_par' dir='ltr' id='par_1_30' title="bbox 572 2965 1917 3037">
     <span class='ocr_line' id='line_1_30' title="bbox 572 2965 1917 3037; baseline 0.002 -17"><span class='ocrx_word' id='word_1_170' title='bbox 572 2970 706 3037; x_wconf 74' lang='lat' dir='ltr'><strong>Quae</strong></span> <span class='ocrx_word' id='word_1_171' title='bbox 733 2965 966 3021; x_wconf 89' lang='lat' dir='ltr'><strong>doceant</strong></span> <span class='ocrx_word' id='word_1_172' title='bbox 987 2982 1174 3037; x_wconf 76' lang='lat' dir='ltr'><strong>pcnnas</strong></span> <span class='ocrx_word' id='word_1_173' title='bbox 1190 2976 1405 3022; x_wconf 90' lang='lat' dir='ltr'><strong>mentes</strong></span> <span class='ocrx_word' id='word_1_174' title='bbox 1427 2967 1656 3023; x_wconf 90' lang='lat' dir='ltr'><strong>tolerare</strong></span> <span class='ocrx_word' id='word_1_175' title='bbox 1678 2983 1917 3023; x_wconf 91' lang='lat' dir='ltr'><strong>serenas.</strong></span> 
     </span>
    </p>
   </div>
   <div class='ocr_carea' id='block_1_31' title="bbox 579 3060 1990 3131">
    <p class='ocr_par' dir='ltr' id='par_1_31' title="bbox 579 3060 1990 3131">
     <span class='ocr_line' id='line_1_31' title="bbox 579 3060 1990 3131; baseline 0.002 -17"><span class='ocrx_word' id='word_1_176' title='bbox 579 3062 802 3114; x_wconf 89' lang='lat' dir='ltr'><strong>Pascere</strong></span> <span class='ocrx_word' id='word_1_177' title='bbox 831 3068 1019 3131; x_wconf 89' lang='lat' dir='ltr'><strong>pastor</strong></span> <span class='ocrx_word' id='word_1_178' title='bbox 1056 3074 1187 3114; x_wconf 88' lang='lat' dir='ltr'><strong>oves</strong></span> <span class='ocrx_word' id='word_1_179' title='bbox 1216 3060 1444 3113; x_wconf 90' lang='lat' dir='ltr'><strong>Domini</strong></span> <span class='ocrx_word' id='word_1_180' title='bbox 1482 3060 1762 3115; x_wconf 87' lang='lat' dir='ltr'><strong>Paschalis</strong></span> <span class='ocrx_word' id='word_1_181' title='bbox 1800 3077 1990 3117; x_wconf 89' lang='lat' dir='ltr'><strong>amore</strong></span> 
     </span>
    </p>
   </div>
   <div class='ocr_carea' id='block_1_32' title="bbox 576 3153 1897 3225">
    <p class='ocr_par' dir='ltr' id='par_1_32' title="bbox 576 3153 1897 3225">
     <span class='ocr_line' id='line_1_32' title="bbox 576 3153 1897 3225; baseline 0 -16"><span class='ocrx_word' id='word_1_182' title='bbox 576 3153 815 3210; x_wconf 83' lang='lat' dir='ltr'><strong>Assiduo</strong></span> <span class='ocrx_word' id='word_1_183' title='bbox 843 3168 1061 3218; x_wconf 88' lang='lat' dir='ltr'><strong>curans,</strong></span> <span class='ocrx_word' id='word_1_184' title='bbox 1093 3153 1435 3207; x_wconf 90' lang='lat' dir='ltr'><strong>comitissam</strong></span> <span class='ocrx_word' id='word_1_185' title='bbox 1469 3153 1707 3208; x_wconf 87' lang='lat' dir='ltr'><strong>maxime</strong></span> <span class='ocrx_word' id='word_1_186' title='bbox 1736 3170 1897 3225; x_wconf 88' lang='lat' dir='ltr'><strong>supra</strong></span> 
     </span>
    </p>
   </div>
   <div class='ocr_carea' id='block_1_33' title="bbox 576 3246 2025 3317">
    <p class='ocr_par' dir='ltr' id='par_1_33' title="bbox 576 3246 2025 3317">
     <span class='ocr_line' id='line_1_33' title="bbox 576 3246 2025 3317; baseline 0.002 -18"><span class='ocrx_word' id='word_1_187' title='bbox 576 3247 728 3317; x_wconf 70' lang='lat' dir='ltr'><strong>Saepe</strong></span> <span class='ocrx_word' id='word_1_188' title='bbox 761 3246 1104 3301; x_wconf 87' lang='lat' dir='ltr'><strong>recordatam</strong></span> <span class='ocrx_word' id='word_1_189' title='bbox 1133 3246 1341 3300; x_wconf 90' lang='lat' dir='ltr'><strong>Christi</strong></span> <span class='ocrx_word' id='word_1_190' title='bbox 1378 3246 1720 3301; x_wconf 88' lang='lat' dir='ltr'><strong>memorabat</strong></span> <span class='ocrx_word' id='word_1_191' title='bbox 1743 3246 1813 3301; x_wconf 90' lang='lat' dir='ltr'><strong>ad</strong></span> <span class='ocrx_word' id='word_1_192' title='bbox 1844 3263 2025 3315; x_wconf 89' lang='lat' dir='ltr'><strong>aram;</strong></span> 
     </span>
    </p>
   </div>
   <div class='ocr_carea' id='block_1_34' title="bbox 576 3338 2098 3413">
    <p class='ocr_par' dir='ltr' id='par_1_34' title="bbox 576 3338 2098 3413">
     <span class='ocr_line' id='line_1_34' title="bbox 576 3338 2098 3413; baseline 0.003 -20"><span class='ocrx_word' id='word_1_193' title='bbox 576 3339 662 3393; x_wconf 81' lang='lat' dir='ltr'><strong>Ad</strong></span> <span class='ocrx_word' id='word_1_194' title='bbox 689 3355 857 3410; x_wconf 88' lang='lat' dir='ltr'><strong>quam</strong></span> <span class='ocrx_word' id='word_1_195' title='bbox 886 3338 1139 3394; x_wconf 89' lang='lat' dir='ltr'><strong>dilectam</strong></span> <span class='ocrx_word' id='word_1_196' title='bbox 1165 3338 1375 3394; x_wconf 88' lang='lat' dir='ltr'><strong>studuit</strong></span> <span class='ocrx_word' id='word_1_197' title='bbox 1402 3341 1779 3396; x_wconf 88' lang='lat' dir='ltr'><strong>transmittere</strong></span> <span class='ocrx_word' id='word_1_198' title='bbox 1803 3342 2098 3413; x_wconf 88' lang='lat' dir='ltr'><strong>quemdam</strong></span> 
     </span>
    </p>
   </div>
   <div class='ocr_carea' id='block_1_35' title="bbox 577 3434 2060 3503">
    <p class='ocr_par' dir='ltr' id='par_1_35' title="bbox 577 3434 2060 3503">
     <span class='ocr_line' id='line_1_35' title="bbox 577 3434 2060 3503; baseline 0.003 -16"><span class='ocrx_word' id='word_1_199' title='bbox 577 3435 697 3489; x_wconf 65' lang='lat' dir='ltr'><strong>Prae</strong></span> <span class='ocrx_word' id='word_1_200' title='bbox 731 3435 946 3489; x_wconf 90' lang='lat' dir='ltr'><strong>cunctis</strong></span> <span class='ocrx_word' id='word_1_201' title='bbox 976 3435 1167 3489; x_wconf 50' lang='lat' dir='ltr'><strong>Romae</strong></span> <span class='ocrx_word' id='word_1_202' title='bbox 1197 3434 1407 3489; x_wconf 89' lang='lat' dir='ltr'><strong>clericis</strong></span> <span class='ocrx_word' id='word_1_203' title='bbox 1439 3439 1589 3503; x_wconf 84' lang='lat'>(875)</span> <span class='ocrx_word' id='word_1_204' title='bbox 1618 3435 2060 3503; x_wconf 89' lang='lat' dir='ltr'><strong>laudabiliorem,</strong></span> 
     </span>
    </p>
   </div>
   <div class='ocr_carea' id='block_1_36' title="bbox 575 3527 1881 3601">
    <p class='ocr_par' dir='ltr' id='par_1_36' title="bbox 575 3527 1881 3601">
     <span class='ocr_line' id='line_1_36' title="bbox 575 3527 1881 3601; baseline 0.003 -21"><span class='ocrx_word' id='word_1_205' title='bbox 575 3527 788 3581; x_wconf 86' lang='lat' dir='ltr'><strong>Scilicet</strong></span> <span class='ocrx_word' id='word_1_206' title='bbox 814 3536 1067 3582; x_wconf 92' lang='lat' dir='ltr'><strong>ornatum</strong></span> <span class='ocrx_word' id='word_1_207' title='bbox 1100 3528 1446 3583; x_wconf 89' lang='lat' dir='ltr'><strong>Bernardum</strong></span> <span class='ocrx_word' id='word_1_208' title='bbox 1486 3530 1881 3601; x_wconf 89' lang='lat' dir='ltr'><strong>presbyteratu,</strong></span> 
     </span>
    </p>
   </div>
   <div class='ocr_carea' id='block_1_37' title="bbox 577 3620 2169 3693">
    <p class='ocr_par' dir='ltr' id='par_1_37' title="bbox 577 3620 2169 3693">
     <span class='ocr_line' id='line_1_37' title="bbox 577 3620 2169 3693; baseline 0.003 -19"><span class='ocrx_word' id='word_1_209' title='bbox 577 3627 657 3675; x_wconf 82' lang='lat' dir='ltr'><strong>Ac</strong></span> <span class='ocrx_word' id='word_1_210' title='bbox 680 3620 1013 3674; x_wconf 90' lang='lat' dir='ltr'><strong>monachum</strong></span> <span class='ocrx_word' id='word_1_211' title='bbox 1039 3621 1215 3689; x_wconf 87' lang='lat' dir='ltr'><strong>plane,</strong></span> <span class='ocrx_word' id='word_1_212' title='bbox 1246 3622 1407 3675; x_wconf 91' lang='lat' dir='ltr'><strong>simul</strong></span> <span class='ocrx_word' id='word_1_213' title='bbox 1440 3621 1695 3677; x_wconf 87' lang='lat' dir='ltr'><strong>abbatem</strong></span> <span class='ocrx_word' id='word_1_214' title='bbox 1724 3638 1943 3693; x_wconf 90' lang='lat' dir='ltr'><strong>quoque</strong></span> <span class='ocrx_word' id='word_1_215' title='bbox 1964 3630 2169 3679; x_wconf 72' lang='lat' dir='ltr'><strong>sanctae</strong></span> 
     </span>
    </p>
   </div>
   <div class='ocr_carea' id='block_1_38' title="bbox 575 3711 2098 3783">
    <p class='ocr_par' dir='ltr' id='par_1_38' title="bbox 575 3711 2098 3783">
     <span class='ocr_line' id='line_1_38' title="bbox 575 3711 2098 3783; baseline 0.003 -18"><span class='ocrx_word' id='word_1_216' title='bbox 575 3711 886 3765; x_wconf 77' lang='lat' dir='ltr'><strong>Ambrosiae</strong></span> <span class='ocrx_word' id='word_1_217' title='bbox 915 3712 1084 3765; x_wconf 82' lang='lat' dir='ltr'><strong>Vallis</strong></span> <span class='ocrx_word' id='word_1_218' title='bbox 1111 3714 1289 3779; x_wconf 89' lang='lat'>(876).</span> <span class='ocrx_word' id='word_1_219' title='bbox 1331 3713 1508 3767; x_wconf 90' lang='lat' dir='ltr'><strong>Factis</strong></span> <span class='ocrx_word' id='word_1_220' title='bbox 1548 3715 1870 3783; x_wconf 87' lang='lat' dir='ltr'><strong>plenissima</strong></span> <span class='ocrx_word' id='word_1_221' title='bbox 1898 3716 2098 3770; x_wconf 90' lang='lat' dir='ltr'><strong>sanctis</strong></span> 
     </span>
    </p>
   </div>
   <div class='ocr_carea' id='block_1_39' title="bbox 575 3804 2168 3879">
    <p class='ocr_par' dir='ltr' id='par_1_39' title="bbox 575 3804 2168 3879">
     <span class='ocr_line' id='line_1_39' title="bbox 575 3804 2168 3879; baseline 0.004 -23"><span class='ocrx_word' id='word_1_222' title='bbox 575 3804 753 3871; x_wconf 92' lang='lat' dir='ltr'><strong>Quem</strong></span> <span class='ocrx_word' id='word_1_223' title='bbox 774 3811 1087 3856; x_wconf 88' lang='lat' dir='ltr'><strong>reverenter</strong></span> <span class='ocrx_word' id='word_1_224' title='bbox 1111 3819 1302 3857; x_wconf 89' lang='lat' dir='ltr'><strong>amans</strong></span> <span class='ocrx_word' id='word_1_225' title='bbox 1322 3804 1623 3871; x_wconf 87' lang='lat' dir='ltr'><strong>Mathildis,</strong></span> <span class='ocrx_word' id='word_1_226' title='bbox 1651 3822 1779 3861; x_wconf 92' lang='lat' dir='ltr'><strong>eum</strong></span> <span class='ocrx_word' id='word_1_227' title='bbox 1797 3807 1955 3877; x_wconf 89' lang='lat' dir='ltr'><strong>quasi</strong></span> <span class='ocrx_word' id='word_1_228' title='bbox 1976 3823 2168 3879; x_wconf 83' lang='lat' dir='ltr'><strong>papam</strong></span> 
     </span>
    </p>
   </div>
   <div class='ocr_carea' id='block_1_40' title="bbox 578 3895 1809 3967">
    <p class='ocr_par' dir='ltr' id='par_1_40' title="bbox 578 3895 1809 3967">
     <span class='ocr_line' id='line_1_40' title="bbox 578 3895 1809 3967; baseline 0 -16"><span class='ocrx_word' id='word_1_229' title='bbox 578 3900 747 3951; x_wconf 86' lang='lat' dir='ltr'><strong>Caute</strong></span> <span class='ocrx_word' id='word_1_230' title='bbox 780 3895 1043 3964; x_wconf 88' lang='lat' dir='ltr'><strong>suscepit,</strong></span> <span class='ocrx_word' id='word_1_231' title='bbox 1076 3910 1268 3963; x_wconf 91' lang='lat' dir='ltr'><strong>parens</strong></span> <span class='ocrx_word' id='word_1_232' title='bbox 1297 3896 1399 3949; x_wconf 89' lang='lat' dir='ltr'><strong>sibi</strong></span> <span class='ocrx_word' id='word_1_233' title='bbox 1422 3897 1809 3967; x_wconf 81' lang='lat' dir='ltr'><strong>mentefideli;</strong></span> 
     </span>
    </p>
   </div>
   <div class='ocr_carea' id='block_1_41' title="bbox 575 3987 1778 4057">
    <p class='ocr_par' dir='ltr' id='par_1_41' title="bbox 575 3987 1778 4057">
     <span class='ocr_line' id='line_1_41' title="bbox 575 3987 1778 4057; baseline 0.002 -15"><span class='ocrx_word' id='word_1_234' title='bbox 575 3988 685 4057; x_wconf 83' lang='lat' dir='ltr'><strong>Qui</strong></span> <span class='ocrx_word' id='word_1_235' title='bbox 714 3988 794 4041; x_wconf 90' lang='lat' dir='ltr'><strong>vir</strong></span> <span class='ocrx_word' id='word_1_236' title='bbox 818 3987 1055 4043; x_wconf 72' lang='lat' dir='ltr'><strong>caelestis</strong></span> <span class='ocrx_word' id='word_1_237' title='bbox 1084 3995 1301 4042; x_wconf 88' lang='lat' dir='ltr'><strong>tantum</strong></span> <span class='ocrx_word' id='word_1_238' title='bbox 1332 3988 1571 4043; x_wconf 72' lang='lat' dir='ltr'><strong>cmlestia</strong></span> <span class='ocrx_word' id='word_1_239' title='bbox 1602 3990 1778 4044; x_wconf 87' lang='lat' dir='ltr'><strong>verbis</strong></span> 
     </span>
    </p>
   </div>
   <div class='ocr_carea' id='block_1_42' title="bbox 578 4079 2028 4152">
    <p class='ocr_par' dir='ltr' id='par_1_42' title="bbox 578 4079 2028 4152">
     <span class='ocr_line' id='line_1_42' title="bbox 578 4079 2028 4152; baseline 0.005 -18"><span class='ocrx_word' id='word_1_240' title='bbox 578 4086 646 4135; x_wconf 76' lang='lat' dir='ltr'><strong>Et</strong></span> <span class='ocrx_word' id='word_1_241' title='bbox 673 4079 830 4136; x_wconf 89' lang='lat' dir='ltr'><strong>factis</strong></span> <span class='ocrx_word' id='word_1_242' title='bbox 858 4090 1178 4136; x_wconf 84' lang='lat' dir='ltr'><strong>monstrans</strong></span> <span class='ocrx_word' id='word_1_243' title='bbox 1207 4083 1454 4152; x_wconf 87' lang='lat' dir='ltr'><strong>exempla</strong></span> <span class='ocrx_word' id='word_1_244' title='bbox 1483 4082 1649 4138; x_wconf 90' lang='lat' dir='ltr'><strong>dabat</strong></span> <span class='ocrx_word' id='word_1_245' title='bbox 1673 4083 1815 4139; x_wconf 87' lang='lat' dir='ltr'><strong>bona</strong></span> <span class='ocrx_word' id='word_1_246' title='bbox 1840 4099 2028 4141; x_wconf 90' lang='lat' dir='ltr'><strong>coram</strong></span> 
     </span>
    </p>
   </div>
   <div class='ocr_carea' id='block_1_43' title="bbox 576 4172 2163 4251">
    <p class='ocr_par' dir='ltr' id='par_1_43' title="bbox 576 4172 2163 4251">
     <span class='ocr_line' id='line_1_43' title="bbox 576 4172 2163 4251; baseline 0.004 -22"><span class='ocrx_word' id='word_1_247' title='bbox 576 4174 873 4239; x_wconf 90' lang='lat' dir='ltr'><strong>Omnibus,</strong></span> <span class='ocrx_word' id='word_1_248' title='bbox 915 4181 970 4228; x_wconf 90' lang='lat' dir='ltr'><strong>et</strong></span> <span class='ocrx_word' id='word_1_249' title='bbox 998 4174 1223 4245; x_wconf 89' lang='lat' dir='ltr'><strong>dignum</strong></span> <span class='ocrx_word' id='word_1_250' title='bbox 1253 4172 1495 4230; x_wconf 90' lang='lat' dir='ltr'><strong>fructum</strong></span> <span class='ocrx_word' id='word_1_251' title='bbox 1527 4178 1765 4232; x_wconf 90' lang='lat' dir='ltr'><strong>Domino</strong></span> <span class='ocrx_word' id='word_1_252' title='bbox 1796 4180 1986 4249; x_wconf 86' lang='lat' dir='ltr'><strong>genuit</strong></span> <span class='ocrx_word' id='word_1_253' title='bbox 2012 4187 2163 4251; x_wconf 90' lang='lat' dir='ltr'><strong>tunc,</strong></span> 
     </span>
    </p>
   </div>
   <div class='ocr_carea' id='block_1_44' title="bbox 575 4267 1633 4341">
    <p class='ocr_par' dir='ltr' id='par_1_44' title="bbox 575 4267 1633 4341">
     <span class='ocr_line' id='line_1_44' title="bbox 575 4267 1633 4341; baseline 0.004 -19"><span class='ocrx_word' id='word_1_254' title='bbox 575 4267 730 4322; x_wconf 92' lang='lat' dir='ltr'><strong>Illius</strong></span> <span class='ocrx_word' id='word_1_255' title='bbox 759 4283 965 4322; x_wconf 89' lang='lat' dir='ltr'><strong>nomen</strong></span> <span class='ocrx_word' id='word_1_256' title='bbox 992 4268 1296 4323; x_wconf 89' lang='lat' dir='ltr'><strong>ducebatur</strong></span> <span class='ocrx_word' id='word_1_257' title='bbox 1321 4271 1509 4341; x_wconf 91' lang='lat' dir='ltr'><strong>procul</strong></span> <span class='ocrx_word' id='word_1_258' title='bbox 1540 4287 1633 4325; x_wconf 92' lang='lat' dir='ltr'><strong>ore</strong></span> 
     </span>
    </p>
   </div>
   <div class='ocr_carea' id='block_1_45' title="bbox 572 4360 1916 4434">
    <p class='ocr_par' dir='ltr' id='par_1_45' title="bbox 572 4360 1916 4434">
     <span class='ocr_line' id='line_1_45' title="bbox 572 4360 1916 4434; baseline 0.004 -20"><span class='ocrx_word' id='word_1_259' title='bbox 572 4360 909 4429; x_wconf 88' lang='lat' dir='ltr'><strong>Multorum,</strong></span> <span class='ocrx_word' id='word_1_260' title='bbox 936 4361 1091 4432; x_wconf 86' lang='lat' dir='ltr'><strong>cujus</strong></span> <span class='ocrx_word' id='word_1_261' title='bbox 1123 4362 1352 4432; x_wconf 92' lang='lat' dir='ltr'><strong>populus</strong></span> <span class='ocrx_word' id='word_1_262' title='bbox 1377 4363 1444 4418; x_wconf 92' lang='lat' dir='ltr'><strong>de</strong></span> <span class='ocrx_word' id='word_1_263' title='bbox 1475 4365 1703 4419; x_wconf 88' lang='lat' dir='ltr'><strong>nomine</strong></span> <span class='ocrx_word' id='word_1_264' title='bbox 1723 4363 1916 4434; x_wconf 88' lang='lat' dir='ltr'><strong>fultus,</strong></span> 
     </span>
    </p>
   </div>
   <div class='ocr_carea' id='block_1_46' title="bbox 575 4453 1951 4527">
    <p class='ocr_par' dir='ltr' id='par_1_46' title="bbox 575 4453 1951 4527">
     <span class='ocr_line' id='line_1_46' title="bbox 575 4453 1951 4527; baseline 0.003 -18"><span class='ocrx_word' id='word_1_265' title='bbox 575 4453 745 4509; x_wconf 90' lang='lat' dir='ltr'><strong>Urbis</strong></span> <span class='ocrx_word' id='word_1_266' title='bbox 773 4455 1074 4509; x_wconf 89' lang='lat' dir='ltr'><strong>Parmensis</strong></span> <span class='ocrx_word' id='word_1_267' title='bbox 1118 4471 1240 4525; x_wconf 91' lang='lat' dir='ltr'><strong>pars</strong></span> <span class='ocrx_word' id='word_1_268' title='bbox 1273 4458 1449 4527; x_wconf 86' lang='lat' dir='ltr'><strong>major</strong></span> <span class='ocrx_word' id='word_1_269' title='bbox 1478 4474 1607 4511; x_wconf 91' lang='lat' dir='ltr'><strong>cum</strong></span> <span class='ocrx_word' id='word_1_270' title='bbox 1639 4458 1951 4513; x_wconf 82' lang='lat' dir='ltr'><strong>vehementi</strong></span> 
     </span>
    </p>
   </div>
   <div class='ocr_carea' id='block_1_47' title="bbox 646 4622 2165 4688">
    <p class='ocr_par' dir='ltr' id='par_1_47' title="bbox 646 4622 2165 4688">
     <span class='ocr_line' id='line_1_47' title="bbox 646 4622 2165 4688; baseline 0.006 -14"><span class='ocrx_word' id='word_1_271' title='bbox 646 4623 798 4688; x_wconf 86' lang='lat'>(870)</span> <span class='ocrx_word' id='word_1_272' title='bbox 848 4622 1155 4677; x_wconf 71' lang='lat' dir='ltr'><strong>Discordia:</strong></span> <span class='ocrx_word' id='word_1_273' title='bbox 1202 4638 1421 4679; x_wconf 91' lang='lat' dir='ltr'><strong>causam</strong></span> <span class='ocrx_word' id='word_1_274' title='bbox 1461 4624 1578 4679; x_wconf 91' lang='lat' dir='ltr'><strong>veri</strong></span> <span class='ocrx_word' id='word_1_275' title='bbox 1626 4624 1839 4680; x_wconf 91' lang='lat' dir='ltr'><strong>videtur</strong></span> <span class='ocrx_word' id='word_1_276' title='bbox 1885 4626 2063 4682; x_wconf 90' lang='lat' dir='ltr'><strong>simile</strong></span> <span class='ocrx_word' id='word_1_277' title='bbox 2096 4627 2165 4683; x_wconf 91' lang='lat' dir='ltr'><strong>ab</strong></span> 
     </span>
    </p>
   </div>
   <div class='ocr_carea' id='block_1_48' title="bbox 574 4692 2162 4768">
    <p class='ocr_par' dir='ltr' id='par_1_48' title="bbox 574 4692 2162 4768">
     <span class='ocr_line' id='line_1_48' title="bbox 574 4692 2162 4768; baseline 0.005 -23"><span class='ocrx_word' id='word_1_278' title='bbox 574 4692 689 4768; x_wconf 75' lang='lat' dir='ltr'><strong>ipsa</strong></span> <span class='ocrx_word' id='word_1_279' title='bbox 715 4693 984 4747; x_wconf 89' lang='lat' dir='ltr'><strong>Mathilde</strong></span> <span class='ocrx_word' id='word_1_280' title='bbox 1002 4695 1345 4768; x_wconf 77' lang='lat' dir='ltr'><strong>processisse,</strong></span> <span class='ocrx_word' id='word_1_281' title='bbox 1364 4696 1441 4749; x_wconf 87' lang='lat' dir='ltr'><strong>uti</strong></span> <span class='ocrx_word' id='word_1_282' title='bbox 1460 4696 1574 4767; x_wconf 90' lang='lat' dir='ltr'><strong>jam</strong></span> <span class='ocrx_word' id='word_1_283' title='bbox 1597 4697 1791 4750; x_wconf 93' lang='lat' dir='ltr'><strong>monui</strong></span> <span class='ocrx_word' id='word_1_284' title='bbox 1816 4698 1868 4751; x_wconf 92' lang='lat' dir='ltr'><strong>in</strong></span> <span class='ocrx_word' id='word_1_285' title='bbox 1892 4699 2162 4768; x_wconf 85' lang='lat' dir='ltr'><strong>Antiquit.</strong></span> 
     </span>
    </p>
   </div>
   <div class='ocr_carea' id='block_1_49' title="bbox 573 4764 2165 4837">
    <p class='ocr_par' dir='ltr' id='par_1_49' title="bbox 573 4764 2165 4837">
     <span class='ocr_line' id='line_1_49' title="bbox 573 4764 2165 4837; baseline 0.004 -20"><span class='ocrx_word' id='word_1_286' title='bbox 573 4764 761 4837; x_wconf 84' lang='lat' dir='ltr'><strong>Esten.</strong></span> <span class='ocrx_word' id='word_1_287' title='bbox 791 4772 993 4837; x_wconf 13' lang='lat' dir='ltr'><strong>cap.r4.</strong></span> <span class='ocrx_word' id='word_1_288' title='bbox 1024 4767 1232 4835; x_wconf 89' lang='lat' dir='ltr'><strong>Nempe</strong></span> <span class='ocrx_word' id='word_1_289' title='bbox 1264 4767 1376 4831; x_wconf 90' lang='lat' dir='ltr'><strong>illa,</strong></span> <span class='ocrx_word' id='word_1_290' title='bbox 1408 4764 1647 4837; x_wconf 82' lang='lat' dir='ltr'><strong>quandiu</strong></span> <span class='ocrx_word' id='word_1_291' title='bbox 1679 4764 2165 4824; x_wconf 40' lang='lat' dir='ltr'><strong>Chonradum‘sibi</strong></span> 
     </span>
    </p>
   </div>
   <div class='ocr_carea' id='block_1_50' title="bbox 574 4835 2155 4907">
    <p class='ocr_par' dir='ltr' id='par_1_50' title="bbox 574 4835 2155 4907">
     <span class='ocr_line' id='line_1_50' title="bbox 574 4835 2155 4907; baseline 0.003 -19"><span class='ocrx_word' id='word_1_292' title='bbox 574 4835 760 4907; x_wconf 84' lang='lat' dir='ltr'><strong>utilem</strong></span> <span class='ocrx_word' id='word_1_293' title='bbox 806 4836 1056 4899; x_wconf 84' lang='lat' dir='ltr'><strong>credidit,</strong></span> <span class='ocrx_word' id='word_1_294' title='bbox 1104 4852 1231 4889; x_wconf 90' lang='lat' dir='ltr'><strong>eum</strong></span> <span class='ocrx_word' id='word_1_295' title='bbox 1285 4835 1502 4907; x_wconf 41' lang='lat' dir='ltr'><strong>quoq—ue</strong></span> <span class='ocrx_word' id='word_1_296' title='bbox 1544 4840 1713 4893; x_wconf 90' lang='lat' dir='ltr'><strong>coluit</strong></span> <span class='ocrx_word' id='word_1_297' title='bbox 1752 4854 1817 4893; x_wconf 91' lang='lat' dir='ltr'><strong>ac</strong></span> <span class='ocrx_word' id='word_1_298' title='bbox 1846 4840 2155 4895; x_wconf 88' lang='lat' dir='ltr'><strong>honoravit.</strong></span> 
     </span>
    </p>
   </div>
   <div class='ocr_carea' id='block_1_51' title="bbox 576 4896 2243 4980">
    <p class='ocr_par' dir='ltr' id='par_1_51' title="bbox 576 4896 2243 4980">
     <span class='ocr_line' id='line_1_51' title="bbox 576 4896 2243 4980; baseline 0.004 -20"><span class='ocrx_word' id='word_1_299' title='bbox 576 4906 688 4960; x_wconf 91' lang='lat' dir='ltr'><strong>Ubi</strong></span> <span class='ocrx_word' id='word_1_300' title='bbox 734 4921 864 4980; x_wconf 82' lang='lat' dir='ltr'><strong>vero</strong></span> <span class='ocrx_word' id='word_1_301' title='bbox 904 4896 1174 4980; x_wconf 79' lang='lat' dir='ltr'><strong>Henricus</strong></span> <span class='ocrx_word' id='word_1_302' title='bbox 1218 4896 1530 4980; x_wconf 48' lang='lat' dir='ltr'><strong>eju‘spater</strong></span> <span class='ocrx_word' id='word_1_303' title='bbox 1576 4926 1715 4978; x_wconf 88' lang='lat' dir='ltr'><strong>pene</strong></span> <span class='ocrx_word' id='word_1_304' title='bbox 1754 4910 1999 4980; x_wconf 88' lang='lat' dir='ltr'><strong>dejectus</strong></span> <span class='ocrx_word' id='word_1_305' title='bbox 2032 4912 2157 4977; x_wconf 85' lang='lat' dir='ltr'><strong>fuit,</strong></span> <span class='ocrx_word' id='word_1_306' title='bbox 2193 4896 2243 4957; x_wconf 82' lang='lat' dir='ltr'><strong>D</strong></span> 
     </span>
    </p>
   </div>
   <div class='ocr_carea' id='block_1_52' title="bbox 576 4977 2165 5053">
    <p class='ocr_par' dir='ltr' id='par_1_52' title="bbox 576 4977 2165 5053">
     <span class='ocr_line' id='line_1_52' title="bbox 576 4977 2165 5053; baseline 0.006 -25"><span class='ocrx_word' id='word_1_307' title='bbox 576 4992 720 5029; x_wconf 86' lang='lat' dir='ltr'><strong>nunc</strong></span> <span class='ocrx_word' id='word_1_308' title='bbox 738 4977 1139 5053; x_wconf 68' lang='lat' dir='ltr'><strong>decrevitapud</strong></span> <span class='ocrx_word' id='word_1_309' title='bbox 1169 4977 1488 5053; x_wconf 24' lang='lat' dir='ltr'><strong>mathil‘dem</strong></span> <span class='ocrx_word' id='word_1_310' title='bbox 1510 4977 1777 5034; x_wconf 88' lang='lat' dir='ltr'><strong>Chonradi</strong></span> <span class='ocrx_word' id='word_1_311' title='bbox 1808 4977 1978 5053; x_wconf 78' lang='lat' dir='ltr'><strong>gratia</strong></span> <span class='ocrx_word' id='word_1_312' title='bbox 2005 4992 2165 5053; x_wconf 86' lang='lat' dir='ltr'><strong>atque</strong></span> 
     </span>
    </p>
   </div>
   <div class='ocr_carea' id='block_1_53' title="bbox 574 5045 2162 5124">
    <p class='ocr_par' dir='ltr' id='par_1_53' title="bbox 574 5045 2162 5124">
     <span class='ocr_line' id='line_1_53' title="bbox 574 5045 2162 5124; baseline 0.006 -25"><span class='ocrx_word' id='word_1_313' title='bbox 574 5046 893 5124; x_wconf 77' lang='lat' dir='ltr'><strong>auctoritas.</strong></span> <span class='ocrx_word' id='word_1_314' title='bbox 1103 5048 1487 5124; x_wconf 49' lang='lat' dir='ltr'><strong>[Jandulphum</strong></span> <span class='ocrx_word' id='word_1_315' title='bbox 1518 5054 1775 5124; x_wconf 29' lang='lat' dir='ltr'><strong>aASancto</strong></span> <span class='ocrx_word' id='word_1_316' title='bbox 1809 5045 1988 5106; x_wconf 75' lang='lat' dir='ltr'><strong>Paulo</strong></span> <span class='ocrx_word' id='word_1_317' title='bbox 2029 5045 2162 5124; x_wconf 59' lang='lat' dir='ltr'><strong>svn-</strong></span> 
     </span>
    </p>
   </div>
   <div class='ocr_carea' id='block_1_54' title="bbox 573 5116 2161 5181">
    <p class='ocr_par' dir='ltr' id='par_1_54' title="bbox 573 5116 2161 5181">
     <span class='ocr_line' id='line_1_54' title="bbox 573 5116 2161 5181; baseline 0.008 -12"><span class='ocrx_word' id='word_1_318' title='bbox 573 5116 842 5170; x_wconf 92' lang='lat' dir='ltr'><strong>chronum</strong></span> <span class='ocrx_word' id='word_1_319' title='bbox 866 5117 919 5169; x_wconf 91' lang='lat' dir='ltr'><strong>in</strong></span> <span class='ocrx_word' id='word_1_320' title='bbox 940 5119 1081 5170; x_wconf 83' lang='lat' dir='ltr'><strong>Hist.</strong></span> <span class='ocrx_word' id='word_1_321' title='bbox 1107 5116 1351 5181; x_wconf 45' lang='lat' dir='ltr'><strong>Mediol.)</strong></span> <span class='ocrx_word' id='word_1_322' title='bbox 1377 5129 1528 5173; x_wconf 91' lang='lat' dir='ltr'><strong>tomo</strong></span> <span class='ocrx_word' id='word_1_323' title='bbox 1553 5122 1617 5173; x_wconf 86' lang='lat' dir='ltr'><strong>IV</strong></span> <span class='ocrx_word' id='word_1_324' title='bbox 1646 5126 1777 5175; x_wconf 85' lang='lat' dir='ltr'><strong>Rer.</strong></span> <span class='ocrx_word' id='word_1_325' title='bbox 1800 5124 1976 5176; x_wconf 85' lang='lat' dir='ltr'><strong>Italic.</strong></span> <span class='ocrx_word' id='word_1_326' title='bbox 2002 5116 2161 5181; x_wconf 57' lang='lat' dir='ltr'><strong>Min.</strong></span> 
     </span>
    </p>
   </div>
   <div class='ocr_carea' id='block_1_55' title="bbox 646 5189 2161 5264">
    <p class='ocr_par' dir='ltr' id='par_1_55' title="bbox 646 5189 2161 5264">
     <span class='ocr_line' id='line_1_55' title="bbox 646 5189 2161 5264; baseline 0.007 -24"><span class='ocrx_word' id='word_1_327' title='bbox 646 5192 794 5254; x_wconf 87' lang='grc'>(871)</span> <span class='ocrx_word' id='word_1_328' title='bbox 831 5192 972 5264; x_wconf 80' lang='lat' dir='ltr'><strong>Ann.</strong></span> <span class='ocrx_word' id='word_1_329' title='bbox 1007 5194 1297 5264; x_wconf 88' lang='lat' dir='ltr'><strong>llOl,_non</strong></span> <span class='ocrx_word' id='word_1_330' title='bbox 1321 5189 1557 5245; x_wconf 82' lang='lat' dir='ltr'><strong>abfuisse</strong></span> <span class='ocrx_word' id='word_1_331' title='bbox 1580 5193 1769 5246; x_wconf 89' lang='lat' dir='ltr'><strong>veneni</strong></span> <span class='ocrx_word' id='word_1_332' title='bbox 1799 5194 2161 5264; x_wconf 89' lang='lat' dir='ltr'><strong>suspicionem</strong></span> 
     </span>
    </p>
   </div>
   <div class='ocr_carea' id='block_1_56' title="bbox 577 5258 1344 5327">
    <p class='ocr_par' dir='ltr' id='par_1_56' title="bbox 577 5258 1344 5327">
     <span class='ocr_line' id='line_1_56' title="bbox 577 5258 1344 5327; baseline 0.003 -16"><span class='ocrx_word' id='word_1_333' title='bbox 577 5258 947 5327; x_wconf 78' lang='lat' dir='ltr'><strong>USpergensis</strong></span> <span class='ocrx_word' id='word_1_334' title='bbox 972 5267 1141 5312; x_wconf 88' lang='lat' dir='ltr'><strong>notat.</strong></span> <span class='ocrx_word' id='word_1_335' title='bbox 1171 5262 1344 5313; x_wconf 78' lang='lat' dir='ltr'><strong>Lmn.</strong></span> 
     </span>
    </p>
   </div>
   <div class='ocr_carea' id='block_1_57' title="bbox 648 5329 2164 5402">
    <p class='ocr_par' dir='ltr' id='par_1_57' title="bbox 648 5329 2164 5402">
     <span class='ocr_line' id='line_1_57' title="bbox 648 5329 2164 5402; baseline 0.006 -20"><span class='ocrx_word' id='word_1_336' title='bbox 648 5332 797 5396; x_wconf 85' lang='lat'>(872)</span> <span class='ocrx_word' id='word_1_337' title='bbox 840 5330 958 5381; x_wconf 88' lang='lat' dir='ltr'><strong>Hoc</strong></span> <span class='ocrx_word' id='word_1_338' title='bbox 995 5338 1078 5402; x_wconf 91' lang='lat' dir='ltr'><strong>est</strong></span> <span class='ocrx_word' id='word_1_339' title='bbox 1120 5330 1282 5402; x_wconf 83' lang='lat' dir='ltr'><strong>Vitali</strong></span> <span class='ocrx_word' id='word_1_340' title='bbox 1316 5329 1602 5395; x_wconf 86' lang='lat' dir='ltr'><strong>Michaele,</strong></span> <span class='ocrx_word' id='word_1_341' title='bbox 1641 5332 1725 5386; x_wconf 91' lang='lat' dir='ltr'><strong>cui</strong></span> <span class='ocrx_word' id='word_1_342' title='bbox 1755 5334 2019 5402; x_wconf 90' lang='lat' dir='ltr'><strong>quasdam</strong></span> <span class='ocrx_word' id='word_1_343' title='bbox 2060 5336 2164 5391; x_wconf 90' lang='lat' dir='ltr'><strong>im-</strong></span> 
     </span>
    </p>
   </div>
   <div class='ocr_carea' id='block_1_58' title="bbox 574 5400 2163 5469">
    <p class='ocr_par' dir='ltr' id='par_1_58' title="bbox 574 5400 2163 5469">
     <span class='ocr_line' id='line_1_58' title="bbox 574 5400 2163 5469; baseline 0.008 -18"><span class='ocrx_word' id='word_1_344' title='bbox 574 5402 967 5469; x_wconf 86' lang='lat' dir='ltr'><strong>munitatesac</strong></span> <span class='ocrx_word' id='word_1_345' title='bbox 996 5400 1273 5469; x_wconf 88' lang='lat' dir='ltr'><strong>privilegia</strong></span> <span class='ocrx_word' id='word_1_346' title='bbox 1312 5402 1367 5453; x_wconf 90' lang='lat' dir='ltr'><strong>in</strong></span> <span class='ocrx_word' id='word_1_347' title='bbox 1407 5402 1622 5456; x_wconf 80' lang='lat' dir='ltr'><strong>civitate</strong></span> <span class='ocrx_word' id='word_1_348' title='bbox 1670 5400 1996 5460; x_wconf 74' lang='lat' dir='ltr'><strong>Ferrariensi</strong></span> <span class='ocrx_word' id='word_1_349' title='bbox 2029 5424 2163 5463; x_wconf 93' lang='lat' dir='ltr'><strong>con-</strong></span> 
     </span>
    </p>
   </div>
   <div class='ocr_carea' id='block_1_59' title="bbox 571 5468 2087 5536">
    <p class='ocr_par' dir='ltr' id='par_1_59' title="bbox 571 5468 2087 5536">
     <span class='ocr_line' id='line_1_59' title="bbox 571 5468 2087 5536; baseline 0.007 -15"><span class='ocrx_word' id='word_1_350' title='bbox 571 5469 741 5521; x_wconf 83' lang='lat' dir='ltr'><strong>cessit</strong></span> <span class='ocrx_word' id='word_1_351' title='bbox 764 5468 1065 5536; x_wconf 75' lang='lat' dir='ltr'><strong>Mathildis;</strong></span> <span class='ocrx_word' id='word_1_352' title='bbox 1088 5479 1149 5524; x_wconf 93' lang='lat' dir='ltr'><strong>ut</strong></span> <span class='ocrx_word' id='word_1_353' title='bbox 1174 5468 1365 5523; x_wconf 85' lang='lat' dir='ltr'><strong>Veneti</strong></span> <span class='ocrx_word' id='word_1_354' title='bbox 1388 5470 1631 5525; x_wconf 66' lang='lat' dir='ltr'><strong>historici</strong></span> <span class='ocrx_word' id='word_1_355' title='bbox 1659 5474 1899 5530; x_wconf 87' lang='lat' dir='ltr'><strong>tradunt.</strong></span> <span class='ocrx_word' id='word_1_356' title='bbox 1926 5481 2087 5535; x_wconf 81' lang='lat' dir='ltr'><strong>MUB.</strong></span> 
     </span>
    </p>
   </div>
   <div class='ocr_carea' id='block_1_60' title="bbox 650 5539 1701 5612">
    <p class='ocr_par' dir='ltr' id='par_1_60' title="bbox 650 5539 1701 5612">
     <span class='ocr_line' id='line_1_60' title="bbox 650 5539 1701 5612; baseline 0.001 -18"><span class='ocrx_word' id='word_1_357' title='bbox 650 5544 802 5608; x_wconf 89' lang='lat'>(873)</span> <span class='ocrx_word' id='word_1_358' title='bbox 834 5539 969 5593; x_wconf 91' lang='lat' dir='ltr'><strong>Cod.</strong></span> <span class='ocrx_word' id='word_1_359' title='bbox 1002 5542 1259 5612; x_wconf 80' lang='lat' dir='ltr'><strong>Regien.,</strong></span> <span class='ocrx_word' id='word_1_360' title='bbox 1289 5542 1517 5597; x_wconf 70' lang='lat' dir='ltr'><strong>diremit.</strong></span> <span class='ocrx_word' id='word_1_361' title='bbox 1543 5545 1701 5599; x_wconf 79' lang='lat' dir='ltr'><strong>MUR.</strong></span> 
     </span>
    </p>
   </div>
   <div class='ocr_carea' id='block_1_61' title="bbox 578 5612 2160 5735">
    <p class='ocr_par' dir='ltr' id='par_1_61' title="bbox 578 5612 2160 5735">
     <span class='ocr_line' id='line_1_61' title="bbox 578 5612 2160 5735; baseline 0.008 -71"><span class='ocrx_word' id='word_1_362' title='bbox 578 5614 799 5735; x_wconf 51' lang='lat' dir='ltr'><strong>Ml(1874)</strong></span> <span class='ocrx_word' id='word_1_363' title='bbox 844 5612 987 5681; x_wconf 88' lang='lat' dir='ltr'><strong>Lege</strong></span> <span class='ocrx_word' id='word_1_364' title='bbox 1024 5629 1151 5667; x_wconf 92' lang='lat' dir='ltr'><strong>cum</strong></span> <span class='ocrx_word' id='word_1_365' title='bbox 1194 5612 1473 5669; x_wconf 88' lang='lat' dir='ltr'><strong>codicibus</strong></span> <span class='ocrx_word' id='word_1_366' title='bbox 1520 5616 1724 5670; x_wconf 88' lang='lat' dir='ltr'><strong>nostris</strong></span> <span class='ocrx_word' id='word_1_367' title='bbox 1786 5633 1929 5674; x_wconf 81' lang='lat' dir='ltr'><strong>nunc</strong></span> <span class='ocrx_word' id='word_1_368' title='bbox 1972 5625 2160 5676; x_wconf 85' lang='lat' dir='ltr'><strong>metra.</strong></span> 
     </span>
     <span class='ocr_line' id='line_1_62' title="bbox 686 5699 742 5735; baseline 0 0"><span class='ocrx_word' id='word_1_369' title='bbox 686 5699 742 5735; x_wconf 60' lang='grc' dir='ltr'>ιι.</span> 
     </span>
    </p>
   </div>
   <div class='ocr_carea' id='block_1_62' title="bbox 642 5697 742 5737">
    <p class='ocr_par' dir='ltr' id='par_1_62' title="bbox 642 5697 742 5737">
     <span class='ocr_line' id='line_1_63' title="bbox 642 5697 742 5737; baseline 0 0"><span class='ocrx_word' id='word_1_370' title='bbox 642 5697 742 5737; x_wconf 77' lang='lat' dir='ltr'><strong>UB.</strong></span> 
     </span>
    </p>
   </div>
   <div class='ocr_carea' id='block_1_63' title="bbox 652 5753 2162 5823">
    <p class='ocr_par' dir='ltr' id='par_1_63' title="bbox 652 5753 2162 5823">
     <span class='ocr_line' id='line_1_64' title="bbox 652 5753 2162 5823; baseline 0.007 -16"><span class='ocrx_word' id='word_1_371' title='bbox 652 5754 796 5823; x_wconf 86' lang='lat'>(875)</span> <span class='ocrx_word' id='word_1_372' title='bbox 828 5753 952 5808; x_wconf 85' lang='lat' dir='ltr'><strong>Fuit</strong></span> <span class='ocrx_word' id='word_1_373' title='bbox 999 5755 1142 5810; x_wconf 90' lang='lat' dir='ltr'><strong>enim</strong></span> <span class='ocrx_word' id='word_1_374' title='bbox 1171 5756 1487 5813; x_wconf 88' lang='lat' dir='ltr'><strong>Bernardus</strong></span> <span class='ocrx_word' id='word_1_375' title='bbox 1530 5758 1632 5815; x_wconf 90' lang='lat' dir='ltr'><strong>iste</strong></span> <span class='ocrx_word' id='word_1_376' title='bbox 1666 5761 1720 5815; x_wconf 92' lang='lat' dir='ltr'><strong>S.</strong></span> <span class='ocrx_word' id='word_1_377' title='bbox 1758 5763 1830 5814; x_wconf 83' lang='lat' dir='ltr'><strong>R.</strong></span> <span class='ocrx_word' id='word_1_378' title='bbox 1878 5762 1944 5816; x_wconf 86' lang='grc' dir='ltr'><strong>Ε.</strong></span> <span class='ocrx_word' id='word_1_379' title='bbox 1984 5762 2162 5818; x_wconf 90' lang='lat' dir='ltr'><strong>cardi-</strong></span> 
     </span>
    </p>
   </div>
   <div class='ocr_carea' id='block_1_64' title="bbox 2195 1729 2242 1790">
    <p class='ocr_par' dir='ltr' id='par_1_64' title="bbox 2195 1729 2242 1790">
     <span class='ocr_line' id='line_1_65' title="bbox 2195 1729 2242 1790; baseline 0 0"><span class='ocrx_word' id='word_1_380' title='bbox 2195 1729 2242 1790; x_wconf 91' lang='lat' dir='ltr'><strong>B</strong></span> 
     </span>
    </p>
   </div>
   <div class='ocr_carea' id='block_1_65' title="bbox 1579 196 3790 294">
    <p class='ocr_par' dir='ltr' id='par_1_65' title="bbox 1579 196 3790 294">
     <span class='ocr_line' id='line_1_66' title="bbox 1579 196 3790 294; baseline 0.001 -2"><span class='ocrx_word' id='word_1_381' title='bbox 1579 238 1670 292; x_wconf 82' lang='lat' dir='ltr'><strong>AD</strong></span> <span class='ocrx_word' id='word_1_382' title='bbox 1708 236 1934 292; x_wconf 60' lang='lat' dir='ltr'><strong>orans</strong></span> <span class='ocrx_word' id='word_1_383' title='bbox 1973 236 2027 291; x_wconf 90' lang='lat' dir='ltr'><strong>s.</strong></span> <span class='ocrx_word' id='word_1_384' title='bbox 2067 196 2389 290; x_wconf 63' lang='lat' dir='ltr'><strong>esseom</strong></span> <span class='ocrx_word' id='word_1_385' title='bbox 2426 234 2859 290; x_wconf 81' lang='lat' dir='ltr'><strong>APPENDICES.</strong></span> <span class='ocrx_word' id='word_1_386' title='bbox 3693 243 3790 294; x_wconf 62' lang='lat'><strong>1020</strong></span> 
     </span>
    </p>
   </div>
   <div class='ocr_carea' id='block_1_66' title="bbox 2190 357 3430 429">
    <p class='ocr_par' dir='ltr' id='par_1_66' title="bbox 2190 357 3430 429">
     <span class='ocr_line' id='line_1_67' title="bbox 2190 357 3430 429; baseline -0.002 -15"><span class='ocrx_word' id='word_1_387' title='bbox 2190 364 2238 427; x_wconf 81' lang='grc' dir='ltr'><strong>Α</strong></span> <span class='ocrx_word' id='word_1_388' title='bbox 2279 361 2424 414; x_wconf 89' lang='lat' dir='ltr'><strong>Voto</strong></span> <span class='ocrx_word' id='word_1_389' title='bbox 2452 358 2643 415; x_wconf 86' lang='lat' dir='ltr'><strong>devote</strong></span> <span class='ocrx_word' id='word_1_390' title='bbox 2669 366 2922 414; x_wconf 90' lang='lat' dir='ltr'><strong>sanctum</strong></span> <span class='ocrx_word' id='word_1_391' title='bbox 2951 358 3103 429; x_wconf 88' lang='lat' dir='ltr'><strong>petiit</strong></span> <span class='ocrx_word' id='word_1_392' title='bbox 3138 357 3430 424; x_wconf 87' lang='lat' dir='ltr'><strong>seniorem,</strong></span> 
     </span>
    </p>
   </div>
   <div class='ocr_carea' id='block_1_67' title="bbox 2272 450 3627 523">
    <p class='ocr_par' dir='ltr' id='par_1_67' title="bbox 2272 450 3627 523">
     <span class='ocr_line' id='line_1_68' title="bbox 2272 450 3627 523; baseline -0.001 -14"><span class='ocrx_word' id='word_1_393' title='bbox 2272 456 2530 523; x_wconf 90' lang='lat' dir='ltr'><strong>Pergeret</strong></span> <span class='ocrx_word' id='word_1_394' title='bbox 2558 460 2620 509; x_wconf 92' lang='lat' dir='ltr'><strong>ut</strong></span> <span class='ocrx_word' id='word_1_395' title='bbox 2645 454 2905 507; x_wconf 88' lang='lat' dir='ltr'><strong>Parmam</strong></span> <span class='ocrx_word' id='word_1_396' title='bbox 2933 452 3122 506; x_wconf 89' lang='lat' dir='ltr'><strong>multis</strong></span> <span class='ocrx_word' id='word_1_397' title='bbox 3149 450 3424 506; x_wconf 90' lang='lat' dir='ltr'><strong>erroribus</strong></span> <span class='ocrx_word' id='word_1_398' title='bbox 3450 458 3627 520; x_wconf 89' lang='lat' dir='ltr'><strong>atram,</strong></span> 
     </span>
    </p>
   </div>
   <div class='ocr_carea' id='block_1_68' title="bbox 2273 543 3622 617">
    <p class='ocr_par' dir='ltr' id='par_1_68' title="bbox 2273 543 3622 617">
     <span class='ocr_line' id='line_1_69' title="bbox 2273 543 3622 617; baseline -0.001 -16"><span class='ocrx_word' id='word_1_399' title='bbox 2273 547 2422 615; x_wconf 89' lang='lat' dir='ltr'><strong>Quos</strong></span> <span class='ocrx_word' id='word_1_400' title='bbox 2451 548 2638 617; x_wconf 90' lang='lat' dir='ltr'><strong>procul</strong></span> <span class='ocrx_word' id='word_1_401' title='bbox 2669 562 2884 601; x_wconf 90' lang='lat' dir='ltr'><strong>errores</strong></span> <span class='ocrx_word' id='word_1_402' title='bbox 2908 548 3073 601; x_wconf 90' lang='lat' dir='ltr'><strong>Pater</strong></span> <span class='ocrx_word' id='word_1_403' title='bbox 3099 545 3188 599; x_wconf 91' lang='lat' dir='ltr'><strong>hic</strong></span> <span class='ocrx_word' id='word_1_404' title='bbox 3212 543 3495 614; x_wconf 85' lang='lat' dir='ltr'><strong>depelleret</strong></span> <span class='ocrx_word' id='word_1_405' title='bbox 3519 561 3622 600; x_wconf 90' lang='lat' dir='ltr'><strong>ore.</strong></span> 
     </span>
    </p>
   </div>
   <div class='ocr_carea' id='block_1_69' title="bbox 2272 637 3638 710">
    <p class='ocr_par' dir='ltr' id='par_1_69' title="bbox 2272 637 3638 710">
     <span class='ocr_line' id='line_1_70' title="bbox 2272 637 3638 710; baseline -0.001 -15"><span class='ocrx_word' id='word_1_406' title='bbox 2272 640 2489 695; x_wconf 87' lang='lat' dir='ltr'><strong>Annuit</strong></span> <span class='ocrx_word' id='word_1_407' title='bbox 2518 638 2605 693; x_wconf 89' lang='lat' dir='ltr'><strong>his</strong></span> <span class='ocrx_word' id='word_1_408' title='bbox 2632 638 2810 707; x_wconf 88' lang='lat' dir='ltr'><strong>dictis,</strong></span> <span class='ocrx_word' id='word_1_409' title='bbox 2842 655 2967 695; x_wconf 94' lang='lat' dir='ltr'><strong>cum</strong></span> <span class='ocrx_word' id='word_1_410' title='bbox 2996 637 3334 710; x_wconf 91' lang='lat' dir='ltr'><strong>consilioque</strong></span> <span class='ocrx_word' id='word_1_411' title='bbox 3365 637 3638 705; x_wconf 86' lang='lat' dir='ltr'><strong>Mathildis,</strong></span> 
     </span>
    </p>
   </div>
   <div class='ocr_carea' id='block_1_70' title="bbox 2272 730 3714 804">
    <p class='ocr_par' dir='ltr' id='par_1_70' title="bbox 2272 730 3714 804">
     <span class='ocr_line' id='line_1_71' title="bbox 2272 730 3714 804; baseline 0 -16"><span class='ocrx_word' id='word_1_412' title='bbox 2272 733 2486 804; x_wconf 91' lang='lat' dir='ltr'><strong>Speque</strong></span> <span class='ocrx_word' id='word_1_413' title='bbox 2513 732 2619 787; x_wconf 86' lang='lat' dir='ltr'><strong>ﬁde</strong></span> <span class='ocrx_word' id='word_1_414' title='bbox 2646 732 2861 804; x_wconf 86' lang='lat' dir='ltr'><strong>fulgens</strong></span> <span class='ocrx_word' id='word_1_415' title='bbox 2892 732 3103 788; x_wconf 90' lang='lat' dir='ltr'><strong>clericis</strong></span> <span class='ocrx_word' id='word_1_416' title='bbox 3132 731 3435 787; x_wconf 89' lang='lat' dir='ltr'><strong>comitatus</strong></span> <span class='ocrx_word' id='word_1_417' title='bbox 3462 730 3526 786; x_wconf 88' lang='lat' dir='ltr'><strong>ad</strong></span> <span class='ocrx_word' id='word_1_418' title='bbox 3550 731 3714 788; x_wconf 87' lang='lat' dir='ltr'><strong>urbem</strong></span> 
     </span>
    </p>
   </div>
   <div class='ocr_carea' id='block_1_71' title="bbox 2272 825 3568 896">
    <p class='ocr_par' dir='ltr' id='par_1_71' title="bbox 2272 825 3568 896">
     <span class='ocr_line' id='line_1_72' title="bbox 2272 825 3568 896; baseline -0.002 -13"><span class='ocrx_word' id='word_1_419' title='bbox 2272 827 2548 895; x_wconf 88' lang='lat' dir='ltr'><strong>Perrexit;</strong></span> <span class='ocrx_word' id='word_1_420' title='bbox 2580 835 2786 884; x_wconf 59' lang='lat' dir='ltr'><strong>sancta</strong></span> <span class='ocrx_word' id='word_1_421' title='bbox 2812 826 3078 882; x_wconf 89' lang='lat' dir='ltr'><strong>dormitio</strong></span> <span class='ocrx_word' id='word_1_422' title='bbox 3112 825 3378 896; x_wconf 85' lang='lat' dir='ltr'><strong>Virginis,</strong></span> <span class='ocrx_word' id='word_1_423' title='bbox 3416 832 3568 896; x_wconf 87' lang='lat' dir='ltr'><strong>atque</strong></span> 
     </span>
    </p>
   </div>
   <div class='ocr_carea' id='block_1_72' title="bbox 2276 918 3563 992">
    <p class='ocr_par' dir='ltr' id='par_1_72' title="bbox 2276 918 3563 992">
     <span class='ocr_line' id='line_1_73' title="bbox 2276 918 3563 992; baseline -0.002 -17"><span class='ocrx_word' id='word_1_424' title='bbox 2276 924 2339 975; x_wconf 87' lang='lat' dir='ltr'><strong>In</strong></span> <span class='ocrx_word' id='word_1_425' title='bbox 2362 920 2545 976; x_wconf 90' lang='lat' dir='ltr'><strong>medio</strong></span> <span class='ocrx_word' id='word_1_426' title='bbox 2575 936 2789 987; x_wconf 88' lang='lat' dir='ltr'><strong>mense,</strong></span> <span class='ocrx_word' id='word_1_427' title='bbox 2816 920 2911 992; x_wconf 93' lang='lat' dir='ltr'><strong>qui</strong></span> <span class='ocrx_word' id='word_1_428' title='bbox 2946 927 3133 975; x_wconf 87' lang='lat' dir='ltr'><strong>sextus</strong></span> <span class='ocrx_word' id='word_1_429' title='bbox 3163 918 3409 973; x_wconf 89' lang='lat' dir='ltr'><strong>noscitur</strong></span> <span class='ocrx_word' id='word_1_430' title='bbox 3428 933 3563 985; x_wconf 88' lang='lat' dir='ltr'><strong>esse,</strong></span> 
     </span>
    </p>
   </div>
   <div class='ocr_carea' id='block_1_73' title="bbox 2270 1010 3627 1085">
    <p class='ocr_par' dir='ltr' id='par_1_73' title="bbox 2270 1010 3627 1085">
     <span class='ocr_line' id='line_1_74' title="bbox 2270 1010 3627 1085; baseline -0.002 -16"><span class='ocrx_word' id='word_1_431' title='bbox 2270 1017 2425 1069; x_wconf 91' lang='lat' dir='ltr'><strong>Tunc</strong></span> <span class='ocrx_word' id='word_1_432' title='bbox 2450 1014 2847 1080; x_wconf 88' lang='lat' dir='ltr'><strong>celebrabatur,</strong></span> <span class='ocrx_word' id='word_1_433' title='bbox 2877 1029 2986 1085; x_wconf 91' lang='lat' dir='ltr'><strong>quo</strong></span> <span class='ocrx_word' id='word_1_434' title='bbox 3026 1010 3167 1067; x_wconf 91' lang='lat' dir='ltr'><strong>festo</strong></span> <span class='ocrx_word' id='word_1_435' title='bbox 3198 1014 3396 1067; x_wconf 90' lang='lat' dir='ltr'><strong>Parma</strong></span> <span class='ocrx_word' id='word_1_436' title='bbox 3425 1012 3627 1077; x_wconf 83' lang='lat' dir='ltr'><strong>beatur;</strong></span> 
     </span>
    </p>
   </div>
   <div class='ocr_carea' id='block_1_74' title="bbox 2273 1103 3570 1179">
    <p class='ocr_par' dir='ltr' id='par_1_74' title="bbox 2273 1103 3570 1179">
     <span class='ocr_line' id='line_1_75' title="bbox 2273 1103 3570 1179; baseline -0.001 -18"><span class='ocrx_word' id='word_1_437' title='bbox 2273 1108 2453 1179; x_wconf 92' lang='lat' dir='ltr'><strong>Majus</strong></span> <span class='ocrx_word' id='word_1_438' title='bbox 2486 1107 2561 1161; x_wconf 88' lang='lat' dir='ltr'><strong>ibi</strong></span> <span class='ocrx_word' id='word_1_439' title='bbox 2601 1108 2872 1178; x_wconf 92' lang='lat' dir='ltr'><strong>templum</strong></span> <span class='ocrx_word' id='word_1_440' title='bbox 2902 1108 3091 1162; x_wconf 68' lang='lat' dir='ltr'><strong>Mariae</strong></span> <span class='ocrx_word' id='word_1_441' title='bbox 3131 1106 3357 1160; x_wconf 89' lang='lat' dir='ltr'><strong>nomine</strong></span> <span class='ocrx_word' id='word_1_442' title='bbox 3386 1103 3570 1173; x_wconf 84' lang='lat' dir='ltr'><strong>fertur,</strong></span> 
     </span>
    </p>
   </div>
   <div class='ocr_carea' id='block_1_75' title="bbox 2272 1197 3685 1271">
    <p class='ocr_par' dir='ltr' id='par_1_75' title="bbox 2272 1197 3685 1271">
     <span class='ocr_line' id='line_1_76' title="bbox 2272 1197 3685 1271; baseline -0.003 -15"><span class='ocrx_word' id='word_1_443' title='bbox 2272 1204 2337 1256; x_wconf 93' lang='lat' dir='ltr'><strong>In</strong></span> <span class='ocrx_word' id='word_1_444' title='bbox 2365 1216 2472 1271; x_wconf 91' lang='lat' dir='ltr'><strong>quo</strong></span> <span class='ocrx_word' id='word_1_445' title='bbox 2510 1200 2663 1271; x_wconf 90' lang='lat' dir='ltr'><strong>plebs</strong></span> <span class='ocrx_word' id='word_1_446' title='bbox 2701 1208 2814 1255; x_wconf 90' lang='lat' dir='ltr'><strong>tota</strong></span> <span class='ocrx_word' id='word_1_447' title='bbox 2843 1200 3129 1256; x_wconf 89' lang='lat' dir='ltr'><strong>Christum</strong></span> <span class='ocrx_word' id='word_1_448' title='bbox 3157 1197 3471 1255; x_wconf 88' lang='lat' dir='ltr'><strong>Parmensis</strong></span> <span class='ocrx_word' id='word_1_449' title='bbox 3496 1198 3685 1253; x_wconf 87' lang='lat' dir='ltr'><strong>adorat.</strong></span> 
     </span>
    </p>
   </div>
   <div class='ocr_carea' id='block_1_76' title="bbox 2270 1291 3795 1365">
    <p class='ocr_par' dir='ltr' id='par_1_76' title="bbox 2270 1291 3795 1365">
     <span class='ocr_line' id='line_1_77' title="bbox 2270 1291 3795 1365; baseline -0.003 -16"><span class='ocrx_word' id='word_1_450' title='bbox 2270 1295 2473 1365; x_wconf 91' lang='lat' dir='ltr'><strong>Virque</strong></span> <span class='ocrx_word' id='word_1_451' title='bbox 2508 1294 2729 1364; x_wconf 90' lang='lat' dir='ltr'><strong>placens</strong></span> <span class='ocrx_word' id='word_1_452' title='bbox 2767 1294 2981 1349; x_wconf 89' lang='lat' dir='ltr'><strong>Christo</strong></span> <span class='ocrx_word' id='word_1_453' title='bbox 3007 1293 3218 1364; x_wconf 89' lang='lat' dir='ltr'><strong>patiens</strong></span> <span class='ocrx_word' id='word_1_454' title='bbox 3248 1291 3553 1347; x_wconf 89' lang='lat' dir='ltr'><strong>Bernardus</strong></span> <span class='ocrx_word' id='word_1_455' title='bbox 3575 1293 3626 1346; x_wconf 89' lang='lat' dir='ltr'><strong>in</strong></span> <span class='ocrx_word' id='word_1_456' title='bbox 3651 1293 3795 1362; x_wconf 89' lang='lat' dir='ltr'><strong>ipsum</strong></span> 
     </span>
    </p>
   </div>
   <div class='ocr_carea' id='block_1_77' title="bbox 2273 1387 3599 1459">
    <p class='ocr_par' dir='ltr' id='par_1_77' title="bbox 2273 1387 3599 1459">
     <span class='ocr_line' id='line_1_78' title="bbox 2273 1387 3599 1459; baseline -0.002 -18"><span class='ocrx_word' id='word_1_457' title='bbox 2273 1388 2492 1442; x_wconf 90' lang='lat' dir='ltr'><strong>Introiit</strong></span> <span class='ocrx_word' id='word_1_458' title='bbox 2529 1387 2797 1459; x_wconf 89' lang='lat' dir='ltr'><strong>phanum,</strong></span> <span class='ocrx_word' id='word_1_459' title='bbox 2842 1388 3073 1442; x_wconf 89' lang='lat' dir='ltr'><strong>missam</strong></span> <span class='ocrx_word' id='word_1_460' title='bbox 3103 1394 3325 1441; x_wconf 90' lang='lat' dir='ltr'><strong>cantare</strong></span> <span class='ocrx_word' id='word_1_461' title='bbox 3364 1393 3599 1457; x_wconf 88' lang='lat' dir='ltr'><strong>paratus,</strong></span> 
     </span>
    </p>
   </div>
   <div class='ocr_carea' id='block_1_78' title="bbox 2272 1478 3619 1553">
    <p class='ocr_par' dir='ltr' id='par_1_78' title="bbox 2272 1478 3619 1553">
     <span class='ocr_line' id='line_1_79' title="bbox 2272 1478 3619 1553; baseline -0.001 -19"><span class='ocrx_word' id='word_1_462' title='bbox 2272 1480 2452 1535; x_wconf 91' lang='lat' dir='ltr'><strong>Verba</strong></span> <span class='ocrx_word' id='word_1_463' title='bbox 2481 1480 2670 1535; x_wconf 89' lang='lat' dir='ltr'><strong>volens</strong></span> <span class='ocrx_word' id='word_1_464' title='bbox 2712 1482 2867 1553; x_wconf 90' lang='lat' dir='ltr'><strong>regni</strong></span> <span class='ocrx_word' id='word_1_465' title='bbox 2900 1480 3101 1551; x_wconf 89' lang='lat' dir='ltr'><strong>populo</strong></span> <span class='ocrx_word' id='word_1_466' title='bbox 3140 1494 3363 1534; x_wconf 89' lang='lat' dir='ltr'><strong>narrare</strong></span> <span class='ocrx_word' id='word_1_467' title='bbox 3396 1478 3619 1549; x_wconf 90' lang='lat' dir='ltr'><strong>superni.</strong></span> 
     </span>
    </p>
   </div>
   <div class='ocr_carea' id='block_1_79' title="bbox 2274 1572 3474 1646">
    <p class='ocr_par' dir='ltr' id='par_1_79' title="bbox 2274 1572 3474 1646">
     <span class='ocr_line' id='line_1_80' title="bbox 2274 1572 3474 1646; baseline -0.001 -19"><span class='ocrx_word' id='word_1_468' title='bbox 2274 1575 2499 1628; x_wconf 86' lang='lat' dir='ltr'><strong>Missam</strong></span> <span class='ocrx_word' id='word_1_469' title='bbox 2539 1574 2735 1635; x_wconf 88' lang='lat' dir='ltr'><strong>devote</strong></span> <span class='ocrx_word' id='word_1_470' title='bbox 2766 1590 2863 1646; x_wconf 90' lang='lat' dir='ltr'><strong>pro</strong></span> <span class='ocrx_word' id='word_1_471' title='bbox 2893 1572 3017 1629; x_wconf 88' lang='lat' dir='ltr'><strong>festi</strong></span> <span class='ocrx_word' id='word_1_472' title='bbox 3048 1573 3211 1644; x_wconf 72' lang='lat' dir='ltr'><strong>cmpit</strong></span> <span class='ocrx_word' id='word_1_473' title='bbox 3241 1572 3474 1641; x_wconf 88' lang='lat' dir='ltr'><strong>honore,</strong></span> 
     </span>
    </p>
   </div>
   <div class='ocr_carea' id='block_1_80' title="bbox 2277 1665 3471 1738">
    <p class='ocr_par' dir='ltr' id='par_1_80' title="bbox 2277 1665 3471 1738">
     <span class='ocr_line' id='line_1_81' title="bbox 2277 1665 3471 1738; baseline -0.002 -15"><span class='ocrx_word' id='word_1_474' title='bbox 2277 1671 2407 1723; x_wconf 86' lang='lat' dir='ltr'><strong>Post</strong></span> <span class='ocrx_word' id='word_1_475' title='bbox 2431 1667 2735 1738; x_wconf 85' lang='lat' dir='ltr'><strong>evangelica</strong></span> <span class='ocrx_word' id='word_1_476' title='bbox 2768 1667 2907 1738; x_wconf 88' lang='lat' dir='ltr'><strong>plebi</strong></span> <span class='ocrx_word' id='word_1_477' title='bbox 2948 1667 3134 1722; x_wconf 91' lang='lat' dir='ltr'><strong>retulit</strong></span> <span class='ocrx_word' id='word_1_478' title='bbox 3160 1682 3258 1721; x_wconf 90' lang='lat' dir='ltr'><strong>sua</strong></span> <span class='ocrx_word' id='word_1_479' title='bbox 3287 1665 3471 1730; x_wconf 89' lang='lat' dir='ltr'><strong>verba,</strong></span> 
     </span>
    </p>
   </div>
   <div class='ocr_carea' id='block_1_81' title="bbox 2275 1759 3548 1832">
    <p class='ocr_par' dir='ltr' id='par_1_81' title="bbox 2275 1759 3548 1832">
     <span class='ocr_line' id='line_1_82' title="bbox 2275 1759 3548 1832; baseline -0.002 -16"><span class='ocrx_word' id='word_1_480' title='bbox 2275 1761 2411 1829; x_wconf 67' lang='lat' dir='ltr'><strong>Quae</strong></span> <span class='ocrx_word' id='word_1_481' title='bbox 2437 1769 2657 1832; x_wconf 90' lang='lat' dir='ltr'><strong>propter</strong></span> <span class='ocrx_word' id='word_1_482' title='bbox 2686 1776 2869 1832; x_wconf 89' lang='lat' dir='ltr'><strong>regem</strong></span> <span class='ocrx_word' id='word_1_483' title='bbox 2904 1760 3184 1816; x_wconf 91' lang='lat' dir='ltr'><strong>nonnullis</strong></span> <span class='ocrx_word' id='word_1_484' title='bbox 3209 1759 3548 1830; x_wconf 89' lang='lat' dir='ltr'><strong>displicuere.</strong></span> 
     </span>
    </p>
   </div>
   <div class='ocr_carea' id='block_1_82' title="bbox 2274 1854 3570 1924">
    <p class='ocr_par' dir='ltr' id='par_1_82' title="bbox 2274 1854 3570 1924">
     <span class='ocr_line' id='line_1_83' title="bbox 2274 1854 3570 1924; baseline -0.002 -15"><span class='ocrx_word' id='word_1_485' title='bbox 2274 1858 2417 1909; x_wconf 93' lang='lat' dir='ltr'><strong>Dum</strong></span> <span class='ocrx_word' id='word_1_486' title='bbox 2446 1855 2674 1910; x_wconf 87' lang='lat' dir='ltr'><strong>calicem</strong></span> <span class='ocrx_word' id='word_1_487' title='bbox 2704 1863 2893 1909; x_wconf 90' lang='lat' dir='ltr'><strong>sancta</strong></span> <span class='ocrx_word' id='word_1_488' title='bbox 2923 1855 3008 1908; x_wconf 91' lang='lat' dir='ltr'><strong>vir</strong></span> <span class='ocrx_word' id='word_1_489' title='bbox 3037 1854 3185 1908; x_wconf 92' lang='lat' dir='ltr'><strong>mitis</strong></span> <span class='ocrx_word' id='word_1_490' title='bbox 3215 1854 3371 1924; x_wconf 91' lang='lat' dir='ltr'><strong>ponit</strong></span> <span class='ocrx_word' id='word_1_491' title='bbox 3398 1854 3455 1907; x_wconf 91' lang='lat' dir='ltr'><strong>in</strong></span> <span class='ocrx_word' id='word_1_492' title='bbox 3483 1867 3570 1907; x_wconf 88' lang='lat' dir='ltr'><strong>ara</strong></span> 
     </span>
    </p>
   </div>
   <div class='ocr_carea' id='block_1_83' title="bbox 2273 1943 3799 2018">
    <p class='ocr_par' dir='ltr' id='par_1_83' title="bbox 2273 1943 3799 2018">
     <span class='ocr_line' id='line_1_84' title="bbox 2273 1943 3799 2018; baseline -0.005 -15"><span class='ocrx_word' id='word_1_493' title='bbox 2273 1948 2556 2018; x_wconf 91' lang='lat' dir='ltr'><strong>Supplicet</strong></span> <span class='ocrx_word' id='word_1_494' title='bbox 2583 1957 2645 2002; x_wconf 92' lang='lat' dir='ltr'><strong>ut</strong></span> <span class='ocrx_word' id='word_1_495' title='bbox 2671 1948 2951 2003; x_wconf 90' lang='lat' dir='ltr'><strong>Christum</strong></span> <span class='ocrx_word' id='word_1_496' title='bbox 2981 1963 3080 2018; x_wconf 92' lang='lat' dir='ltr'><strong>pro</strong></span> <span class='ocrx_word' id='word_1_497' title='bbox 3109 1955 3306 2002; x_wconf 88' lang='lat' dir='ltr'><strong>cuncta</strong></span> <span class='ocrx_word' id='word_1_498' title='bbox 3347 1946 3502 2016; x_wconf 88' lang='lat' dir='ltr'><strong>plebe</strong></span> <span class='ocrx_word' id='word_1_499' title='bbox 3540 1943 3799 2015; x_wconf 89' lang='lat' dir='ltr'><strong>benignum.</strong></span> 
     </span>
    </p>
   </div>
   <div class='ocr_carea' id='block_1_84' title="bbox 2274 2038 3670 2112">
    <p class='ocr_par' dir='ltr' id='par_1_84' title="bbox 2274 2038 3670 2112">
     <span class='ocr_line' id='line_1_85' title="bbox 2274 2038 3670 2112; baseline -0.002 -17"><span class='ocrx_word' id='word_1_500' title='bbox 2274 2042 2412 2095; x_wconf 87' lang='lat' dir='ltr'><strong>Hinc</strong></span> <span class='ocrx_word' id='word_1_501' title='bbox 2437 2042 2647 2096; x_wconf 90' lang='lat' dir='ltr'><strong>clamor</strong></span> <span class='ocrx_word' id='word_1_502' title='bbox 2669 2043 2895 2107; x_wconf 91' lang='lat' dir='ltr'><strong>multus,</strong></span> <span class='ocrx_word' id='word_1_503' title='bbox 2926 2042 3074 2112; x_wconf 89' lang='lat' dir='ltr'><strong>vulgi</strong></span> <span class='ocrx_word' id='word_1_504' title='bbox 3103 2040 3397 2111; x_wconf 89' lang='lat' dir='ltr'><strong>sonuitque</strong></span> <span class='ocrx_word' id='word_1_505' title='bbox 3426 2038 3670 2094; x_wconf 88' lang='lat' dir='ltr'><strong>tumultus</strong></span> 
     </span>
    </p>
   </div>
   <div class='ocr_carea' id='block_1_85' title="bbox 2275 2132 3578 2206">
    <p class='ocr_par' dir='ltr' id='par_1_85' title="bbox 2275 2132 3578 2206">
     <span class='ocr_line' id='line_1_86' title="bbox 2275 2132 3578 2206; baseline -0.002 -17"><span class='ocrx_word' id='word_1_506' title='bbox 2275 2137 2418 2190; x_wconf 83' lang='lat' dir='ltr'><strong>Nam</strong></span> <span class='ocrx_word' id='word_1_507' title='bbox 2448 2134 2824 2206; x_wconf 88' lang='lat' dir='ltr'><strong>blasphemias</strong></span> <span class='ocrx_word' id='word_1_508' title='bbox 2853 2134 3018 2205; x_wconf 70' lang='lat' dir='ltr'><strong>coepit</strong></span> <span class='ocrx_word' id='word_1_509' title='bbox 3043 2134 3372 2204; x_wconf 89' lang='lat' dir='ltr'><strong>depromere</strong></span> <span class='ocrx_word' id='word_1_510' title='bbox 3417 2132 3578 2197; x_wconf 89' lang='lat' dir='ltr'><strong>diras,</strong></span> 
     </span>
    </p>
   </div>
   <div class='ocr_carea' id='block_1_86' title="bbox 2276 2226 3606 2289">
    <p class='ocr_par' dir='ltr' id='par_1_86' title="bbox 2276 2226 3606 2289">
     <span class='ocr_line' id='line_1_87' title="bbox 2276 2226 3606 2289; baseline -0.003 -6"><span class='ocrx_word' id='word_1_511' title='bbox 2276 2227 2551 2283; x_wconf 86' lang='lat' dir='ltr'><strong>Adversus</strong></span> <span class='ocrx_word' id='word_1_512' title='bbox 2600 2228 2885 2285; x_wconf 87' lang='lat' dir='ltr'><strong>Christum</strong></span> <span class='ocrx_word' id='word_1_513' title='bbox 2921 2243 3021 2282; x_wconf 90' lang='lat' dir='ltr'><strong>ceu</strong></span> <span class='ocrx_word' id='word_1_514' title='bbox 3052 2226 3232 2282; x_wconf 68' lang='lat' dir='ltr'><strong>Judaei</strong></span> <span class='ocrx_word' id='word_1_515' title='bbox 3263 2226 3606 2289; x_wconf 83' lang='lat' dir='ltr'><strong>cruciﬁxum;</strong></span> 
     </span>
    </p>
   </div>
   <div class='ocr_carea' id='block_1_87' title="bbox 2273 2319 3622 2390">
    <p class='ocr_par' dir='ltr' id='par_1_87' title="bbox 2273 2319 3622 2390">
     <span class='ocr_line' id='line_1_88' title="bbox 2273 2319 3622 2390; baseline -0.004 -12"><span class='ocrx_word' id='word_1_516' title='bbox 2273 2321 2463 2378; x_wconf 90' lang='lat' dir='ltr'><strong>Plures</strong></span> <span class='ocrx_word' id='word_1_517' title='bbox 2493 2321 2749 2376; x_wconf 83' lang='lat' dir='ltr'><strong>dicebant</strong></span> <span class='ocrx_word' id='word_1_518' title='bbox 2778 2338 2792 2375; x_wconf 87' lang='lat'><strong>:</strong></span> <span class='ocrx_word' id='word_1_519' title='bbox 2824 2320 3097 2376; x_wconf 87' lang='lat' dir='ltr'><strong>Moriatur</strong></span> <span class='ocrx_word' id='word_1_520' title='bbox 3139 2319 3622 2390; x_wconf 83' lang='lat' dir='ltr'><strong>pseudoprOpheta!</strong></span> 
     </span>
    </p>
   </div>
   <div class='ocr_carea' id='block_1_88' title="bbox 2275 2412 3717 2483">
    <p class='ocr_par' dir='ltr' id='par_1_88' title="bbox 2275 2412 3717 2483">
     <span class='ocr_line' id='line_1_89' title="bbox 2275 2412 3717 2483; baseline -0.005 -14"><span class='ocrx_word' id='word_1_521' title='bbox 2275 2415 2601 2469; x_wconf 89' lang='lat' dir='ltr'><strong>Clamabant</strong></span> <span class='ocrx_word' id='word_1_522' title='bbox 2619 2414 2776 2469; x_wconf 91' lang='lat' dir='ltr'><strong>multi</strong></span> <span class='ocrx_word' id='word_1_523' title='bbox 2812 2435 2824 2471; x_wconf 89' lang='lat'>:</span> <span class='ocrx_word' id='word_1_524' title='bbox 2854 2414 3121 2469; x_wconf 89' lang='lat' dir='ltr'><strong>Seductor</strong></span> <span class='ocrx_word' id='word_1_525' title='bbox 3143 2418 3371 2468; x_wconf 86' lang='lat' dir='ltr'><strong>corruat</strong></span> <span class='ocrx_word' id='word_1_526' title='bbox 3395 2413 3545 2468; x_wconf 90' lang='lat' dir='ltr'><strong>urbis</strong></span> <span class='ocrx_word' id='word_1_527' title='bbox 3563 2412 3717 2483; x_wconf 85' lang='lat'>(877)!</span> 
     </span>
    </p>
   </div>
   <div class='ocr_carea' id='block_1_89' title="bbox 2277 2506 3549 2579">
    <p class='ocr_par' dir='ltr' id='par_1_89' title="bbox 2277 2506 3549 2579">
     <span class='ocr_line' id='line_1_90' title="bbox 2277 2506 3549 2579; baseline -0.002 -17"><span class='ocrx_word' id='word_1_528' title='bbox 2277 2508 2403 2575; x_wconf 86' lang='lat' dir='ltr'><strong>Hic,</strong></span> <span class='ocrx_word' id='word_1_529' title='bbox 2432 2508 2607 2573; x_wconf 91' lang='lat' dir='ltr'><strong>aiunt,</strong></span> <span class='ocrx_word' id='word_1_530' title='bbox 2638 2509 2786 2563; x_wconf 90' lang='lat' dir='ltr'><strong>intus</strong></span> <span class='ocrx_word' id='word_1_531' title='bbox 2815 2507 2956 2579; x_wconf 88' lang='lat' dir='ltr'><strong>regis</strong></span> <span class='ocrx_word' id='word_1_532' title='bbox 2987 2515 3095 2562; x_wconf 84' lang='lat' dir='ltr'><strong>stet</strong></span> <span class='ocrx_word' id='word_1_533' title='bbox 3120 2522 3231 2561; x_wconf 90' lang='lat' dir='ltr'><strong>non</strong></span> <span class='ocrx_word' id='word_1_534' title='bbox 3262 2506 3549 2562; x_wconf 85' lang='lat' dir='ltr'><strong>inimicus!</strong></span> 
     </span>
    </p>
   </div>
   <div class='ocr_carea' id='block_1_90' title="bbox 2275 2599 3608 2668">
    <p class='ocr_par' dir='ltr' id='par_1_90' title="bbox 2275 2599 3608 2668">
     <span class='ocr_line' id='line_1_91' title="bbox 2275 2599 3608 2668; baseline -0.002 -12"><span class='ocrx_word' id='word_1_535' title='bbox 2275 2604 2451 2656; x_wconf 91' lang='lat' dir='ltr'><strong>Enses</strong></span> <span class='ocrx_word' id='word_1_536' title='bbox 2478 2599 2781 2668; x_wconf 88' lang='lat' dir='ltr'><strong>denudant,</strong></span> <span class='ocrx_word' id='word_1_537' title='bbox 2815 2601 3111 2655; x_wconf 89' lang='lat' dir='ltr'><strong>mulierum</strong></span> <span class='ocrx_word' id='word_1_538' title='bbox 3140 2617 3244 2655; x_wconf 85' lang='lat' dir='ltr'><strong>vox</strong></span> <span class='ocrx_word' id='word_1_539' title='bbox 3271 2609 3441 2656; x_wconf 88' lang='lat' dir='ltr'><strong>sonat</strong></span> <span class='ocrx_word' id='word_1_540' title='bbox 3468 2616 3569 2655; x_wconf 90' lang='lat' dir='ltr'><strong>una</strong></span> <span class='ocrx_word' id='word_1_541' title='bbox 3597 2618 3608 2654; x_wconf 92' lang='lat'>:</span> 
     </span>
    </p>
   </div>
   <div class='ocr_carea' id='block_1_91' title="bbox 2276 2693 3565 2764">
    <p class='ocr_par' dir='ltr' id='par_1_91' title="bbox 2276 2693 3565 2764">
     <span class='ocr_line' id='line_1_92' title="bbox 2276 2693 3565 2764; baseline 0 -15"><span class='ocrx_word' id='word_1_542' title='bbox 2276 2694 2334 2749; x_wconf 92' lang='lat' dir='ltr'><strong>Si</strong></span> <span class='ocrx_word' id='word_1_543' title='bbox 2372 2694 2550 2749; x_wconf 88' lang='lat' dir='ltr'><strong>sinitis</strong></span> <span class='ocrx_word' id='word_1_544' title='bbox 2589 2696 2796 2763; x_wconf 89' lang='lat' dir='ltr'><strong>vivum,</strong></span> <span class='ocrx_word' id='word_1_545' title='bbox 2820 2709 3003 2764; x_wconf 88' lang='lat' dir='ltr'><strong>regem</strong></span> <span class='ocrx_word' id='word_1_546' title='bbox 3034 2693 3276 2764; x_wconf 85' lang='lat' dir='ltr'><strong>perdetis</strong></span> <span class='ocrx_word' id='word_1_547' title='bbox 3303 2695 3565 2759; x_wconf 83' lang='lat' dir='ltr'><strong>amicum,</strong></span> 
     </span>
    </p>
   </div>
   <div class='ocr_carea' id='block_1_92' title="bbox 2277 2787 3607 2858">
    <p class='ocr_par' dir='ltr' id='par_1_92' title="bbox 2277 2787 3607 2858">
     <span class='ocr_line' id='line_1_93' title="bbox 2277 2787 3607 2858; baseline -0.003 -15"><span class='ocrx_word' id='word_1_548' title='bbox 2277 2790 2400 2843; x_wconf 88' lang='lat' dir='ltr'><strong>Non</strong></span> <span class='ocrx_word' id='word_1_549' title='bbox 2429 2789 2585 2843; x_wconf 86' lang='lat' dir='ltr'><strong>vivus</strong></span> <span class='ocrx_word' id='word_1_550' title='bbox 2609 2787 2789 2851; x_wconf 87' lang='lat' dir='ltr'><strong>vadat,</strong></span> <span class='ocrx_word' id='word_1_551' title='bbox 2821 2788 3022 2858; x_wconf 91' lang='lat' dir='ltr'><strong>cupitis</strong></span> <span class='ocrx_word' id='word_1_552' title='bbox 3052 2788 3098 2842; x_wconf 92' lang='lat' dir='ltr'><strong>si</strong></span> <span class='ocrx_word' id='word_1_553' title='bbox 3124 2788 3326 2853; x_wconf 85' lang='lat' dir='ltr'><strong>vivere,</strong></span> <span class='ocrx_word' id='word_1_554' title='bbox 3358 2789 3607 2842; x_wconf 88' lang='lat' dir='ltr'><strong>clamant.</strong></span> 
     </span>
    </p>
   </div>
   <div class='ocr_carea' id='block_1_93' title="bbox 2276 2879 3701 2951">
    <p class='ocr_par' dir='ltr' id='par_1_93' title="bbox 2276 2879 3701 2951">
     <span class='ocr_line' id='line_1_94' title="bbox 2276 2879 3701 2951; baseline -0.003 -16"><span class='ocrx_word' id='word_1_555' title='bbox 2276 2882 2460 2936; x_wconf 88' lang='lat' dir='ltr'><strong>Vitrea</strong></span> <span class='ocrx_word' id='word_1_556' title='bbox 2492 2897 2613 2936; x_wconf 88' lang='lat' dir='ltr'><strong>vasa</strong></span> <span class='ocrx_word' id='word_1_557' title='bbox 2650 2880 2876 2947; x_wconf 92' lang='lat' dir='ltr'><strong>cadunt,</strong></span> <span class='ocrx_word' id='word_1_558' title='bbox 2904 2881 3077 2936; x_wconf 90' lang='lat' dir='ltr'><strong>hastis</strong></span> <span class='ocrx_word' id='word_1_559' title='bbox 3102 2879 3443 2951; x_wconf 88' lang='lat' dir='ltr'><strong>franguntur</strong></span> <span class='ocrx_word' id='word_1_560' title='bbox 3470 2881 3523 2935; x_wconf 89' lang='lat' dir='ltr'><strong>in</strong></span> <span class='ocrx_word' id='word_1_561' title='bbox 3552 2879 3701 2935; x_wconf 89' lang='lat' dir='ltr'><strong>altum</strong></span> 
     </span>
    </p>
   </div>
   <div class='ocr_carea' id='block_1_94' title="bbox 2278 2973 3518 3046">
    <p class='ocr_par' dir='ltr' id='par_1_94' title="bbox 2278 2973 3518 3046">
     <span class='ocr_line' id='line_1_95' title="bbox 2278 2973 3518 3046; baseline -0.002 -16"><span class='ocrx_word' id='word_1_562' title='bbox 2278 2975 2508 3041; x_wconf 89' lang='lat' dir='ltr'><strong>Erectis,</strong></span> <span class='ocrx_word' id='word_1_563' title='bbox 2541 2976 2703 3046; x_wconf 88' lang='lat' dir='ltr'><strong>longe</strong></span> <span class='ocrx_word' id='word_1_564' title='bbox 2743 2975 2919 3030; x_wconf 90' lang='lat' dir='ltr'><strong>Patris</strong></span> <span class='ocrx_word' id='word_1_565' title='bbox 2947 2974 3079 3029; x_wconf 88' lang='lat' dir='ltr'><strong>socii</strong></span> <span class='ocrx_word' id='word_1_566' title='bbox 3114 2973 3279 3028; x_wconf 88' lang='lat' dir='ltr'><strong>simul</strong></span> <span class='ocrx_word' id='word_1_567' title='bbox 3318 2989 3518 3028; x_wconf 90' lang='lat' dir='ltr'><strong>omnes</strong></span> 
     </span>
    </p>
   </div>
   <div class='ocr_carea' id='block_1_95' title="bbox 2202 3068 3732 3151">
    <p class='ocr_par' dir='ltr' id='par_1_95' title="bbox 2202 3068 3732 3151">
     <span class='ocr_line' id='line_1_96' title="bbox 2202 3068 3732 3151; baseline -0.005 -29"><span class='ocrx_word' id='word_1_568' title='bbox 2202 3090 2245 3151; x_wconf 82' lang='lat' dir='ltr'>C</span> <span class='ocrx_word' id='word_1_569' title='bbox 2277 3070 2574 3139; x_wconf 87' lang='lat' dir='ltr'><strong>Fugerunt,</strong></span> <span class='ocrx_word' id='word_1_570' title='bbox 2599 3068 2769 3123; x_wconf 85' lang='lat' dir='ltr'><strong>abbas</strong></span> <span class='ocrx_word' id='word_1_571' title='bbox 2796 3068 3109 3123; x_wconf 90' lang='lat' dir='ltr'><strong>Thebaldus</strong></span> <span class='ocrx_word' id='word_1_572' title='bbox 3141 3068 3285 3137; x_wconf 85' lang='lat'>(878)</span> <span class='ocrx_word' id='word_1_573' title='bbox 3298 3068 3592 3145; x_wconf 35' lang='lat' dir='ltr'><strong>-maximns</strong></span> <span class='ocrx_word' id='word_1_574' title='bbox 3613 3070 3732 3121; x_wconf 88' lang='lat' dir='ltr'><strong>astat</strong></span> 
     </span>
    </p>
   </div>
   <div class='ocr_carea' id='block_1_96' title="bbox 2278 3153 3806 3227">
    <p class='ocr_par' dir='ltr' id='par_1_96' title="bbox 2278 3153 3806 3227">
     <span class='ocr_line' id='line_1_97' title="bbox 2278 3153 3806 3227; baseline -0.007 -12"><span class='ocrx_word' id='word_1_575' title='bbox 2278 3162 2417 3215; x_wconf 93' lang='lat' dir='ltr'><strong>Cum</strong></span> <span class='ocrx_word' id='word_1_576' title='bbox 2460 3163 2623 3215; x_wconf 88' lang='lat' dir='ltr'><strong>Patre</strong></span> <span class='ocrx_word' id='word_1_577' title='bbox 2650 3161 2801 3215; x_wconf 87' lang='lat' dir='ltr'><strong>solus</strong></span> <span class='ocrx_word' id='word_1_578' title='bbox 2844 3161 2949 3227; x_wconf 85' lang='lat' dir='ltr'><strong>ibi;</strong></span> <span class='ocrx_word' id='word_1_579' title='bbox 2982 3161 3247 3215; x_wconf 90' lang='lat' dir='ltr'><strong>cervicem</strong></span> <span class='ocrx_word' id='word_1_580' title='bbox 3279 3170 3571 3227; x_wconf 87' lang='lat' dir='ltr'><strong>monstrat,</strong></span> <span class='ocrx_word' id='word_1_581' title='bbox 3600 3168 3647 3212; x_wconf 87' lang='lat' dir='ltr'><strong>et</strong></span> <span class='ocrx_word' id='word_1_582' title='bbox 3681 3153 3806 3211; x_wconf 88' lang='lat' dir='ltr'><strong>inﬁt:</strong></span> 
     </span>
    </p>
   </div>
   <div class='ocr_carea' id='block_1_97' title="bbox 2277 3254 3731 3325">
    <p class='ocr_par' dir='ltr' id='par_1_97' title="bbox 2277 3254 3731 3325">
     <span class='ocr_line' id='line_1_98' title="bbox 2277 3254 3731 3325; baseline -0.005 -15"><span class='ocrx_word' id='word_1_583' title='bbox 2277 3254 2439 3310; x_wconf 57' lang='grc' dir='ltr'><strong>(Σωάο</strong></span> <span class='ocrx_word' id='word_1_584' title='bbox 2469 3270 2654 3309; x_wconf 92' lang='lat' dir='ltr'><strong>meum</strong></span> <span class='ocrx_word' id='word_1_585' title='bbox 2679 3254 2902 3319; x_wconf 92' lang='lat' dir='ltr'><strong>collum,</strong></span> <span class='ocrx_word' id='word_1_586' title='bbox 2929 3263 3169 3309; x_wconf 89' lang='lat' dir='ltr'><strong>mortem</strong></span> <span class='ocrx_word' id='word_1_587' title='bbox 3188 3263 3473 3325; x_wconf 85' lang='lat' dir='ltr'><strong>gratanter</strong></span> <span class='ocrx_word' id='word_1_588' title='bbox 3501 3255 3581 3309; x_wconf 92' lang='lat' dir='ltr'><strong>hic</strong></span> <span class='ocrx_word' id='word_1_589' title='bbox 3604 3259 3731 3322; x_wconf 87' lang='lat' dir='ltr'><strong>opto.</strong></span> 
     </span>
    </p>
   </div>
   <div class='ocr_carea' id='block_1_98' title="bbox 2277 3346 3732 3419">
    <p class='ocr_par' dir='ltr' id='par_1_98' title="bbox 2277 3346 3732 3419">
     <span class='ocr_line' id='line_1_99' title="bbox 2277 3346 3732 3419; baseline -0.006 -15"><span class='ocrx_word' id='word_1_590' title='bbox 2277 3348 2402 3404; x_wconf 78' lang='lat' dir='ltr'><strong>Mox</strong></span> <span class='ocrx_word' id='word_1_591' title='bbox 2428 3346 2693 3402; x_wconf 89' lang='lat' dir='ltr'><strong>frameam</strong></span> <span class='ocrx_word' id='word_1_592' title='bbox 2717 3347 2937 3419; x_wconf 88' lang='lat' dir='ltr'><strong>quidam</strong></span> <span class='ocrx_word' id='word_1_593' title='bbox 2970 3363 3064 3419; x_wconf 88' lang='lat' dir='ltr'><strong>per</strong></span> <span class='ocrx_word' id='word_1_594' title='bbox 3093 3347 3296 3402; x_wconf 91' lang='lat' dir='ltr'><strong>collum</strong></span> <span class='ocrx_word' id='word_1_595' title='bbox 3325 3349 3499 3403; x_wconf 86' lang='lat' dir='ltr'><strong>traxit</strong></span> <span class='ocrx_word' id='word_1_596' title='bbox 3525 3347 3589 3402; x_wconf 90' lang='lat' dir='ltr'><strong>ob</strong></span> <span class='ocrx_word' id='word_1_597' title='bbox 3616 3346 3732 3399; x_wconf 91' lang='lat' dir='ltr'><strong>iram</strong></span> 
     </span>
    </p>
   </div>
   <div class='ocr_carea' id='block_1_99' title="bbox 2278 3439 3580 3510">
    <p class='ocr_par' dir='ltr' id='par_1_99' title="bbox 2278 3439 3580 3510">
     <span class='ocr_line' id='line_1_100' title="bbox 2278 3439 3580 3510; baseline 0 -17"><span class='ocrx_word' id='word_1_598' title='bbox 2278 3440 2451 3507; x_wconf 89' lang='lat' dir='ltr'><strong>Illius,</strong></span> <span class='ocrx_word' id='word_1_599' title='bbox 2485 3456 2713 3510; x_wconf 90' lang='lat' dir='ltr'><strong>parvum</strong></span> <span class='ocrx_word' id='word_1_600' title='bbox 2754 3440 2856 3493; x_wconf 87' lang='lat' dir='ltr'><strong>sibi</strong></span> <span class='ocrx_word' id='word_1_601' title='bbox 2885 3439 3009 3494; x_wconf 80' lang='lat' dir='ltr'><strong>fecit</strong></span> <span class='ocrx_word' id='word_1_602' title='bbox 3037 3440 3236 3494; x_wconf 91' lang='lat' dir='ltr'><strong>vulnus</strong></span> <span class='ocrx_word' id='word_1_603' title='bbox 3264 3448 3320 3493; x_wconf 90' lang='lat' dir='ltr'><strong>et</strong></span> <span class='ocrx_word' id='word_1_604' title='bbox 3345 3449 3580 3495; x_wconf 90' lang='lat' dir='ltr'><strong>arctum.</strong></span> 
     </span>
    </p>
   </div>
   <div class='ocr_carea' id='block_1_100' title="bbox 2281 3532 3505 3605">
    <p class='ocr_par' dir='ltr' id='par_1_100' title="bbox 2281 3532 3505 3605">
     <span class='ocr_line' id='line_1_101' title="bbox 2281 3532 3505 3605; baseline 0.002 -17"><span class='ocrx_word' id='word_1_605' title='bbox 2281 3533 2596 3605; x_wconf 82' lang='lat' dir='ltr'><strong>Intrepidus</strong></span> <span class='ocrx_word' id='word_1_606' title='bbox 2624 3534 2803 3588; x_wconf 86' lang='lat' dir='ltr'><strong>stabat</strong></span> <span class='ocrx_word' id='word_1_607' title='bbox 2832 3534 2954 3589; x_wconf 69' lang='lat' dir='ltr'><strong>laeta</strong></span> <span class='ocrx_word' id='word_1_608' title='bbox 2987 3532 3121 3588; x_wconf 81' lang='lat' dir='ltr'><strong>facie</strong></span> <span class='ocrx_word' id='word_1_609' title='bbox 3151 3549 3315 3604; x_wconf 86' lang='lat' dir='ltr'><strong>super</strong></span> <span class='ocrx_word' id='word_1_610' title='bbox 3342 3548 3505 3590; x_wconf 86' lang='lat' dir='ltr'><strong>aram</strong></span> 
     </span>
    </p>
   </div>
   <div class='ocr_carea' id='block_1_101' title="bbox 2277 3621 3709 3697">
    <p class='ocr_par' dir='ltr' id='par_1_101' title="bbox 2277 3621 3709 3697">
     <span class='ocr_line' id='line_1_102' title="bbox 2277 3621 3709 3697; baseline -0.006 -13"><span class='ocrx_word' id='word_1_611' title='bbox 2277 3628 2475 3684; x_wconf 83' lang='lat' dir='ltr'><strong>Christi</strong></span> <span class='ocrx_word' id='word_1_612' title='bbox 2508 3627 2820 3682; x_wconf 87' lang='lat' dir='ltr'><strong>Bernardus</strong></span> <span class='ocrx_word' id='word_1_613' title='bbox 2847 3628 3078 3697; x_wconf 90' lang='lat' dir='ltr'><strong>patiens,</strong></span> <span class='ocrx_word' id='word_1_614' title='bbox 3111 3626 3348 3696; x_wconf 85' lang='lat' dir='ltr'><strong>sapiens,</strong></span> <span class='ocrx_word' id='word_1_615' title='bbox 3389 3621 3709 3682; x_wconf 87' lang='lat' dir='ltr'><strong>venerandus</strong></span> 
     </span>
    </p>
   </div>
   <div class='ocr_carea' id='block_1_102' title="bbox 2277 3722 3641 3793">
    <p class='ocr_par' dir='ltr' id='par_1_102' title="bbox 2277 3722 3641 3793">
     <span class='ocr_line' id='line_1_103' title="bbox 2277 3722 3641 3793; baseline -0.004 -15"><span class='ocrx_word' id='word_1_616' title='bbox 2277 3726 2414 3778; x_wconf 90' lang='lat' dir='ltr'><strong>Cum</strong></span> <span class='ocrx_word' id='word_1_617' title='bbox 2446 3722 2583 3776; x_wconf 91' lang='lat' dir='ltr'><strong>vidit</strong></span> <span class='ocrx_word' id='word_1_618' title='bbox 2609 3723 2799 3791; x_wconf 81' lang='lat' dir='ltr'><strong>vulgus</strong></span> <span class='ocrx_word' id='word_1_619' title='bbox 2823 3722 2998 3777; x_wconf 87' lang='lat' dir='ltr'><strong>ridere</strong></span> <span class='ocrx_word' id='word_1_620' title='bbox 3030 3739 3191 3777; x_wconf 90' lang='lat' dir='ltr'><strong>suum</strong></span> <span class='ocrx_word' id='word_1_621' title='bbox 3226 3724 3391 3793; x_wconf 88' lang='lat' dir='ltr'><strong>quasi</strong></span> <span class='ocrx_word' id='word_1_622' title='bbox 3420 3722 3641 3786; x_wconf 83' lang='lat' dir='ltr'><strong>vultum,</strong></span> 
     </span>
    </p>
   </div>
   <div class='ocr_carea' id='block_1_103' title="bbox 2277 3815 3641 3887">
    <p class='ocr_par' dir='ltr' id='par_1_103' title="bbox 2277 3815 3641 3887">
     <span class='ocr_line' id='line_1_104' title="bbox 2277 3815 3641 3887; baseline -0.001 -17"><span class='ocrx_word' id='word_1_623' title='bbox 2277 3815 2550 3870; x_wconf 90' lang='lat' dir='ltr'><strong>Clamavit</strong></span> <span class='ocrx_word' id='word_1_624' title='bbox 2581 3815 2768 3870; x_wconf 91' lang='lat' dir='ltr'><strong>dicens</strong></span> <span class='ocrx_word' id='word_1_625' title='bbox 2800 3834 2813 3870; x_wconf 90' lang='lat'><strong>:</strong></span> <span class='ocrx_word' id='word_1_626' title='bbox 2849 3815 3099 3886; x_wconf 86' lang='lat' dir='ltr'><strong>Speciem</strong></span> <span class='ocrx_word' id='word_1_627' title='bbox 3123 3816 3315 3871; x_wconf 87' lang='lat' dir='ltr'><strong>Zabuli</strong></span> <span class='ocrx_word' id='word_1_628' title='bbox 3343 3818 3487 3887; x_wconf 88' lang='lat' dir='ltr'><strong>gerit</strong></span> <span class='ocrx_word' id='word_1_629' title='bbox 3513 3816 3641 3878; x_wconf 85' lang='lat' dir='ltr'><strong>iste;</strong></span> 
     </span>
    </p>
   </div>
   <div class='ocr_carea' id='block_1_104' title="bbox 2275 3908 3578 3981">
    <p class='ocr_par' dir='ltr' id='par_1_104' title="bbox 2275 3908 3578 3981">
     <span class='ocr_line' id='line_1_105' title="bbox 2275 3908 3578 3981; baseline -0.001 -19"><span class='ocrx_word' id='word_1_630' title='bbox 2275 3908 2526 3963; x_wconf 90' lang='lat' dir='ltr'><strong>Tollatur</strong></span> <span class='ocrx_word' id='word_1_631' title='bbox 2549 3909 2758 3975; x_wconf 85' lang='lat' dir='ltr'><strong>statim,</strong></span> <span class='ocrx_word' id='word_1_632' title='bbox 2788 3908 3056 3964; x_wconf 91' lang='lat' dir='ltr'><strong>tundatur</strong></span> <span class='ocrx_word' id='word_1_633' title='bbox 3085 3924 3325 3977; x_wconf 89' lang='lat' dir='ltr'><strong>carcere,</strong></span> <span class='ocrx_word' id='word_1_634' title='bbox 3364 3910 3578 3981; x_wconf 85' lang='lat' dir='ltr'><strong>ﬂagris!</strong></span> 
     </span>
    </p>
   </div>
   <div class='ocr_carea' id='block_1_105' title="bbox 2278 3999 3815 4073">
    <p class='ocr_par' dir='ltr' id='par_1_105' title="bbox 2278 3999 3815 4073">
     <span class='ocr_line' id='line_1_106' title="bbox 2278 3999 3815 4073; baseline -0.003 -19"><span class='ocrx_word' id='word_1_635' title='bbox 2278 3999 2577 4073; x_wconf 87' lang='lat' dir='ltr'><strong>Injecitque</strong></span> <span class='ocrx_word' id='word_1_636' title='bbox 2606 4018 2837 4057; x_wconf 91' lang='lat' dir='ltr'><strong>manum</strong></span> <span class='ocrx_word' id='word_1_637' title='bbox 2870 4017 3031 4071; x_wconf 90' lang='lat' dir='ltr'><strong>super</strong></span> <span class='ocrx_word' id='word_1_638' title='bbox 3057 4002 3257 4073; x_wconf 90' lang='lat' dir='ltr'><strong>ipsum,</strong></span> <span class='ocrx_word' id='word_1_639' title='bbox 3300 4002 3460 4073; x_wconf 89' lang='lat' dir='ltr'><strong>cujus</strong></span> <span class='ocrx_word' id='word_1_640' title='bbox 3496 4001 3633 4071; x_wconf 88' lang='lat'>(879)</span> <span class='ocrx_word' id='word_1_641' title='bbox 3664 4004 3815 4050; x_wconf 74' lang='lat' dir='ltr'><strong>avarus</strong></span> 
     </span>
    </p>
   </div>
   <div class='ocr_carea' id='block_1_106' title="bbox 2277 4094 3733 4167">
    <p class='ocr_par' dir='ltr' id='par_1_106' title="bbox 2277 4094 3733 4167">
     <span class='ocr_line' id='line_1_107' title="bbox 2277 4094 3733 4167; baseline -0.004 -18"><span class='ocrx_word' id='word_1_642' title='bbox 2277 4098 2347 4149; x_wconf 85' lang='lat' dir='ltr'><strong>Et</strong></span> <span class='ocrx_word' id='word_1_643' title='bbox 2376 4094 2506 4149; x_wconf 89' lang='lat' dir='ltr'><strong>foris</strong></span> <span class='ocrx_word' id='word_1_644' title='bbox 2535 4103 2843 4165; x_wconf 86' lang='lat' dir='ltr'><strong>asportant,</strong></span> <span class='ocrx_word' id='word_1_645' title='bbox 2877 4094 3010 4149; x_wconf 86' lang='lat' dir='ltr'><strong>heu!</strong></span> <span class='ocrx_word' id='word_1_646' title='bbox 3059 4096 3227 4149; x_wconf 87' lang='lat' dir='ltr'><strong>missa</strong></span> <span class='ocrx_word' id='word_1_647' title='bbox 3256 4096 3588 4167; x_wconf 88' lang='lat' dir='ltr'><strong>relinquitur</strong></span> <span class='ocrx_word' id='word_1_648' title='bbox 3614 4098 3733 4146; x_wconf 84' lang='lat' dir='ltr'><strong>orta.</strong></span> 
     </span>
    </p>
   </div>
   <div class='ocr_carea' id='block_1_107' title="bbox 2277 4186 3705 4260">
    <p class='ocr_par' dir='ltr' id='par_1_107' title="bbox 2277 4186 3705 4260">
     <span class='ocr_line' id='line_1_108' title="bbox 2277 4186 3705 4260; baseline -0.004 -17"><span class='ocrx_word' id='word_1_649' title='bbox 2277 4190 2401 4243; x_wconf 87' lang='lat' dir='ltr'><strong>Non</strong></span> <span class='ocrx_word' id='word_1_650' title='bbox 2432 4188 2691 4242; x_wconf 70' lang='lat' dir='ltr'><strong>Domina:</strong></span> <span class='ocrx_word' id='word_1_651' title='bbox 2722 4204 2935 4259; x_wconf 59' lang='lat' dir='ltr'><strong>magna</strong></span> <span class='ocrx_word' id='word_1_652' title='bbox 2970 4186 3229 4243; x_wconf 89' lang='lat' dir='ltr'><strong>dormitio</strong></span> <span class='ocrx_word' id='word_1_653' title='bbox 3259 4189 3504 4260; x_wconf 87' lang='lat' dir='ltr'><strong>Virginis</strong></span> <span class='ocrx_word' id='word_1_654' title='bbox 3533 4187 3705 4247; x_wconf 70' lang='lat' dir='ltr'><strong>almae,</strong></span> 
     </span>
    </p>
   </div>
   <div class='ocr_carea' id='block_1_108' title="bbox 2275 4280 3513 4345">
    <p class='ocr_par' dir='ltr' id='par_1_108' title="bbox 2275 4280 3513 4345">
     <span class='ocr_line' id='line_1_109' title="bbox 2275 4280 3513 4345; baseline -0.001 -10"><span class='ocrx_word' id='word_1_655' title='bbox 2275 4282 2399 4335; x_wconf 88' lang='lat' dir='ltr'><strong>Non</strong></span> <span class='ocrx_word' id='word_1_656' title='bbox 2427 4280 2594 4335; x_wconf 88' lang='lat' dir='ltr'><strong>altare</strong></span> <span class='ocrx_word' id='word_1_657' title='bbox 2634 4280 2754 4345; x_wconf 89' lang='lat' dir='ltr'><strong>Dei,</strong></span> <span class='ocrx_word' id='word_1_658' title='bbox 2780 4281 2874 4334; x_wconf 92' lang='lat' dir='ltr'><strong>sed</strong></span> <span class='ocrx_word' id='word_1_659' title='bbox 2902 4297 2998 4335; x_wconf 90' lang='lat' dir='ltr'><strong>nec</strong></span> <span class='ocrx_word' id='word_1_660' title='bbox 3029 4281 3335 4336; x_wconf 86' lang='lat' dir='ltr'><strong>reverentia</strong></span> <span class='ocrx_word' id='word_1_661' title='bbox 3366 4282 3513 4337; x_wconf 90' lang='lat' dir='ltr'><strong>Petri</strong></span> 
     </span>
    </p>
   </div>
   <div class='ocr_carea' id='block_1_109' title="bbox 2276 4372 3761 4443">
    <p class='ocr_par' dir='ltr' id='par_1_109' title="bbox 2276 4372 3761 4443">
     <span class='ocr_line' id='line_1_110' title="bbox 2276 4372 3761 4443; baseline -0.006 -15"><span class='ocrx_word' id='word_1_662' title='bbox 2276 4374 2498 4428; x_wconf 88' lang='lat' dir='ltr'><strong>Terruit</strong></span> <span class='ocrx_word' id='word_1_663' title='bbox 2523 4372 2665 4428; x_wconf 89' lang='lat' dir='ltr'><strong>hanc</strong></span> <span class='ocrx_word' id='word_1_664' title='bbox 2694 4382 2915 4443; x_wconf 88' lang='lat' dir='ltr'><strong>gentem</strong></span> <span class='ocrx_word' id='word_1_665' title='bbox 2940 4374 3246 4428; x_wconf 88' lang='lat' dir='ltr'><strong>Pharisaica</strong></span> <span class='ocrx_word' id='word_1_666' title='bbox 3271 4373 3415 4429; x_wconf 90' lang='lat' dir='ltr'><strong>facta</strong></span> <span class='ocrx_word' id='word_1_667' title='bbox 3450 4377 3761 4443; x_wconf 88' lang='lat' dir='ltr'><strong>sequentem,</strong></span> 
     </span>
    </p>
   </div>
   <div class='ocr_carea' id='block_1_110' title="bbox 2273 4468 3644 4539">
    <p class='ocr_par' dir='ltr' id='par_1_110' title="bbox 2273 4468 3644 4539">
     <span class='ocr_line' id='line_1_111' title="bbox 2273 4468 3644 4539; baseline -0.002 -18"><span class='ocrx_word' id='word_1_668' title='bbox 2273 4468 2544 4537; x_wconf 72' lang='lat' dir='ltr'><strong>(lapellam</strong></span> <span class='ocrx_word' id='word_1_669' title='bbox 2576 4476 2775 4533; x_wconf 88' lang='lat' dir='ltr'><strong>totam,</strong></span> <span class='ocrx_word' id='word_1_670' title='bbox 2802 4484 2972 4539; x_wconf 90' lang='lat' dir='ltr'><strong>quam</strong></span> <span class='ocrx_word' id='word_1_671' title='bbox 3012 4469 3323 4539; x_wconf 75' lang='lat' dir='ltr'><strong>praebuerat</strong></span> <span class='ocrx_word' id='word_1_672' title='bbox 3351 4468 3644 4539; x_wconf 90' lang='lat' dir='ltr'><strong>pretiosam</strong></span> 
     </span>
    </p>
   </div>
   <div class='ocr_carea' id='block_1_111' title="bbox 2274 4630 3820 4690">
    <p class='ocr_par' dir='ltr' id='par_1_111' title="bbox 2274 4630 3820 4690">
     <span class='ocr_line' id='line_1_112' title="bbox 2274 4630 3820 4690; baseline -0.006 -1"><span class='ocrx_word' id='word_1_673' title='bbox 2274 4632 2437 4689; x_wconf 88' lang='lat' dir='ltr'><strong>nalis.</strong></span> <span class='ocrx_word' id='word_1_674' title='bbox 2463 4633 2687 4688; x_wconf 86' lang='lat' dir='ltr'><strong>Habent</strong></span> <span class='ocrx_word' id='word_1_675' title='bbox 2721 4643 2776 4689; x_wconf 89' lang='lat' dir='ltr'><strong>et</strong></span> <span class='ocrx_word' id='word_1_676' title='bbox 2816 4636 2985 4690; x_wconf 92' lang='lat' dir='ltr'><strong>nostri</strong></span> <span class='ocrx_word' id='word_1_677' title='bbox 3010 4635 3228 4690; x_wconf 90' lang='lat' dir='ltr'><strong>codices</strong></span> <span class='ocrx_word' id='word_1_678' title='bbox 3262 4658 3284 4681; x_wconf 74' lang='grc' dir='ltr'><strong>α</strong></span> <span class='ocrx_word' id='word_1_679' title='bbox 3317 4635 3490 4689; x_wconf 89' lang='lat' dir='ltr'><strong>abbas</strong></span> <span class='ocrx_word' id='word_1_680' title='bbox 3527 4630 3683 4687; x_wconf 83' lang='lat' dir='ltr'><strong>Vallis</strong></span> <span class='ocrx_word' id='word_1_681' title='bbox 3712 4631 3820 4680; x_wconf 73' lang='lat' dir='ltr'><strong>Am-</strong></span> 
     </span>
    </p>
   </div>
   <div class='ocr_carea' id='block_1_112' title="bbox 2277 4699 3822 4764">
    <p class='ocr_par' dir='ltr' id='par_1_112' title="bbox 2277 4699 3822 4764">
     <span class='ocr_line' id='line_1_113' title="bbox 2277 4699 3822 4764; baseline -0.005 -5"><span class='ocrx_word' id='word_1_682' title='bbox 2277 4709 2484 4764; x_wconf 64' lang='lat' dir='ltr'><strong>brosiaz.</strong></span> <span class='ocrx_word' id='word_1_683' title='bbox 2514 4729 2538 4752; x_wconf 70' lang='grc' dir='ltr'><strong>ι</strong></span> <span class='ocrx_word' id='word_1_684' title='bbox 2559 4722 2686 4760; x_wconf 90' lang='lat' dir='ltr'><strong>cum</strong></span> <span class='ocrx_word' id='word_1_685' title='bbox 2706 4714 2891 4760; x_wconf 90' lang='lat' dir='ltr'><strong>tamen</strong></span> <span class='ocrx_word' id='word_1_686' title='bbox 2918 4708 3184 4761; x_wconf 69' lang='lat' dir='ltr'><strong>Umbrosm</strong></span> <span class='ocrx_word' id='word_1_687' title='bbox 3203 4706 3551 4761; x_wconf 89' lang='lat' dir='ltr'><strong>scribendum</strong></span> <span class='ocrx_word' id='word_1_688' title='bbox 3574 4704 3662 4756; x_wconf 88' lang='lat' dir='ltr'><strong>sit.</strong></span> <span class='ocrx_word' id='word_1_689' title='bbox 3691 4699 3822 4752; x_wconf 78' lang='lat' dir='ltr'><strong>Unus</strong></span> 
     </span>
    </p>
   </div>
   <div class='ocr_carea' id='block_1_113' title="bbox 2274 4767 3819 4849">
    <p class='ocr_par' dir='ltr' id='par_1_113' title="bbox 2274 4767 3819 4849">
     <span class='ocr_line' id='line_1_114' title="bbox 2274 4767 3819 4849; baseline -0.003 -19"><span class='ocrx_word' id='word_1_690' title='bbox 2274 4777 2607 4849; x_wconf 87' lang='lat' dir='ltr'><strong>epitomator</strong></span> <span class='ocrx_word' id='word_1_691' title='bbox 2623 4779 2903 4849; x_wconf 76' lang='lat' dir='ltr'><strong>Regiensis</strong></span> <span class='ocrx_word' id='word_1_692' title='bbox 2922 4778 3179 4846; x_wconf 87' lang='lat' dir='ltr'><strong>antiquus</strong></span> <span class='ocrx_word' id='word_1_693' title='bbox 3199 4781 3300 4833; x_wconf 88' lang='lat' dir='ltr'><strong>Ms.</strong></span> <span class='ocrx_word' id='word_1_694' title='bbox 3340 4777 3531 4843; x_wconf 80' lang='lat' dir='ltr'><strong>habet;</strong></span> <span class='ocrx_word' id='word_1_695' title='bbox 3558 4775 3652 4844; x_wconf 76' lang='lat' dir='ltr'><strong>qui</strong></span> <span class='ocrx_word' id='word_1_696' title='bbox 3667 4767 3819 4837; x_wconf 52' lang='lat' dir='ltr'><strong>fuerat</strong></span> 
     </span>
    </p>
   </div>
   <div class='ocr_carea' id='block_1_114' title="bbox 2275 4848 3250 4904">
    <p class='ocr_par' dir='ltr' id='par_1_114' title="bbox 2275 4848 3250 4904">
     <span class='ocr_line' id='line_1_115' title="bbox 2275 4848 3250 4904; baseline 0 -3"><span class='ocrx_word' id='word_1_697' title='bbox 2275 4848 2444 4901; x_wconf 85' lang='lat' dir='ltr'><strong>abbas</strong></span> <span class='ocrx_word' id='word_1_698' title='bbox 2494 4850 2657 4903; x_wconf 73' lang='lat' dir='ltr'><strong>Vallis</strong></span> <span class='ocrx_word' id='word_1_699' title='bbox 2695 4850 2980 4904; x_wconf 57' lang='lat' dir='ltr'><strong>Umbrosre.</strong></span> <span class='ocrx_word' id='word_1_700' title='bbox 3016 4851 3250 4903; x_wconf 59' lang='lat' dir='ltr'><strong>Munna</strong></span> 
     </span>
    </p>
   </div>
   <div class='ocr_carea' id='block_1_115' title="bbox 2343 4920 3217 4985">
    <p class='ocr_par' dir='ltr' id='par_1_115' title="bbox 2343 4920 3217 4985">
     <span class='ocr_line' id='line_1_116' title="bbox 2343 4920 3217 4985; baseline 0.003 -14"><span class='ocrx_word' id='word_1_701' title='bbox 2343 4922 2495 4985; x_wconf 89' lang='lat'>(876)</span> <span class='ocrx_word' id='word_1_702' title='bbox 2526 4920 2689 4974; x_wconf 90' lang='lat' dir='ltr'><strong>Vallis</strong></span> <span class='ocrx_word' id='word_1_703' title='bbox 2712 4920 3022 4974; x_wconf 78' lang='lat' dir='ltr'><strong>Umbrosae.</strong></span> <span class='ocrx_word' id='word_1_704' title='bbox 3051 4923 3217 4974; x_wconf 79' lang='lat' dir='ltr'><strong>LEIB.</strong></span> 
     </span>
    </p>
   </div>
   <div class='ocr_carea' id='block_1_116' title="bbox 2348 4990 3419 5063">
    <p class='ocr_par' dir='ltr' id='par_1_116' title="bbox 2348 4990 3419 5063">
     <span class='ocr_line' id='line_1_117' title="bbox 2348 4990 3419 5063; baseline -0.001 -19"><span class='ocrx_word' id='word_1_705' title='bbox 2348 4994 2498 5058; x_wconf 87' lang='lat'>(877)</span> <span class='ocrx_word' id='word_1_706' title='bbox 2525 4993 2586 5044; x_wconf 91' lang='lat' dir='ltr'><strong>In</strong></span> <span class='ocrx_word' id='word_1_707' title='bbox 2619 4992 2844 5063; x_wconf 72' lang='lat' dir='ltr'><strong>Regien.</strong></span> <span class='ocrx_word' id='word_1_708' title='bbox 2888 4990 3036 5051; x_wconf 88' lang='lat' dir='ltr'><strong>cod.,</strong></span> <span class='ocrx_word' id='word_1_709' title='bbox 3064 4993 3226 5063; x_wconf 71' lang='lat' dir='ltr'><strong>orbis.</strong></span> <span class='ocrx_word' id='word_1_710' title='bbox 3254 4992 3419 5063; x_wconf 72' lang='lat' dir='ltr'><strong>Man.</strong></span> 
     </span>
    </p>
   </div>
   <div class='ocr_carea' id='block_1_117' title="bbox 2345 5047 3824 5130">
    <p class='ocr_par' dir='ltr' id='par_1_117' title="bbox 2345 5047 3824 5130">
     <span class='ocr_line' id='line_1_118' title="bbox 2345 5047 3824 5130; baseline -0.007 -15"><span class='ocrx_word' id='word_1_711' title='bbox 2345 5047 2498 5130; x_wconf 78' lang='grc'>(878)</span> <span class='ocrx_word' id='word_1_712' title='bbox 2544 5047 2735 5130; x_wconf 67' lang='grc' dir='ltr'><strong>(Ξιιῇυευ</strong></span> <span class='ocrx_word' id='word_1_713' title='bbox 2754 5063 2988 5115; x_wconf 86' lang='lat' dir='ltr'><strong>coenobii</strong></span> <span class='ocrx_word' id='word_1_714' title='bbox 3030 5047 3199 5115; x_wconf 80' lang='lat' dir='ltr'><strong>abbas</strong></span> <span class='ocrx_word' id='word_1_715' title='bbox 3241 5060 3408 5116; x_wconf 88' lang='lat' dir='ltr'><strong>fuerit</strong></span> <span class='ocrx_word' id='word_1_716' title='bbox 3448 5047 3824 5130; x_wconf 62' lang='lat' dir='ltr'><strong>incertum_lta-</strong></span> 
     </span>
    </p>
   </div>
   <div class='ocr_carea' id='block_1_118' title="bbox 2273 5119 3825 5204">
    <p class='ocr_par' dir='ltr' id='par_1_118' title="bbox 2273 5119 3825 5204">
     <span class='ocr_line' id='line_1_119' title="bbox 2273 5119 3825 5204; baseline -0.003 -19"><span class='ocrx_word' id='word_1_717' title='bbox 2273 5119 2491 5204; x_wconf 55' lang='lat' dir='ltr'><strong>etenus:</strong></span> <span class='ocrx_word' id='word_1_718' title='bbox 2520 5119 2655 5185; x_wconf 69' lang='lat' dir='ltr'><strong>Mihi</strong></span> <span class='ocrx_word' id='word_1_719' title='bbox 2686 5148 2824 5201; x_wconf 90' lang='lat' dir='ltr'><strong>pene</strong></span> <span class='ocrx_word' id='word_1_720' title='bbox 2853 5142 3065 5187; x_wconf 86' lang='lat' dir='ltr'><strong>certum</strong></span> <span class='ocrx_word' id='word_1_721' title='bbox 3099 5132 3306 5187; x_wconf 86' lang='lat' dir='ltr'><strong>videtur</strong></span> <span class='ocrx_word' id='word_1_722' title='bbox 3327 5130 3501 5204; x_wconf 81' lang='lat' dir='ltr'><strong>fuisse</strong></span> <span class='ocrx_word' id='word_1_723' title='bbox 3533 5119 3825 5204; x_wconf 56' lang='grc' dir='ltr'><strong>ζὴρὸᾳζάυξξ</strong></span> 
     </span>
    </p>
   </div>
   <div class='ocr_carea' id='block_1_119' title="bbox 2272 5184 3826 5258">
    <p class='ocr_par' dir='ltr' id='par_1_119' title="bbox 2272 5184 3826 5258">
     <span class='ocr_line' id='line_1_120' title="bbox 2272 5184 3826 5258; baseline -0.005 -3"><span class='ocrx_word' id='word_1_724' title='bbox 2272 5184 2531 5256; x_wconf 46' lang='lat' dir='ltr'><strong>abbatem</strong></span> <span class='ocrx_word' id='word_1_725' title='bbox 2569 5184 3486 5258; x_wconf 36' lang='lat' dir='ltr'><strong>ﬂammulassanas</strong></span> <span class='ocrx_word' id='word_1_726' title='bbox 3517 5195 3734 5257; x_wconf 70' lang='lat' dir='ltr'><strong>Genesii,</strong></span> <span class='ocrx_word' id='word_1_727' title='bbox 3775 5184 3826 5239; x_wconf 86' lang='lat' dir='ltr'><strong>ad</strong></span> 
     </span>
    </p>
   </div>
   <div class='ocr_carea' id='block_1_120' title="bbox 2272 5268 3825 5347">
    <p class='ocr_par' dir='ltr' id='par_1_120' title="bbox 2272 5268 3825 5347">
     <span class='ocr_line' id='line_1_121' title="bbox 2272 5268 3825 5347; baseline -0.005 -21"><span class='ocrx_word' id='word_1_728' title='bbox 2272 5289 2438 5347; x_wconf 83' lang='lat' dir='ltr'><strong>quem</strong></span> <span class='ocrx_word' id='word_1_729' title='bbox 2460 5288 2622 5347; x_wconf 78' lang='lat' dir='ltr'><strong>supra</strong></span> <span class='ocrx_word' id='word_1_730' title='bbox 2644 5273 2821 5347; x_wconf 63' lang='lat' dir='ltr'><strong>inniti,</strong></span> <span class='ocrx_word' id='word_1_731' title='bbox 2849 5274 2939 5347; x_wconf 90' lang='lat' dir='ltr'><strong>lib.</strong></span> <span class='ocrx_word' id='word_1_732' title='bbox 2972 5290 3013 5341; x_wconf 84' lang='lat' dir='ltr'><strong>r,</strong></span> <span class='ocrx_word' id='word_1_733' title='bbox 3033 5291 3156 5344; x_wconf 87' lang='lat' dir='ltr'><strong>cap.</strong></span> <span class='ocrx_word' id='word_1_734' title='bbox 3185 5280 3270 5334; x_wconf 85' lang='lat'><strong>18,</strong></span> <span class='ocrx_word' id='word_1_735' title='bbox 3296 5275 3481 5327; x_wconf 88' lang='lat' dir='ltr'><strong>datum</strong></span> <span class='ocrx_word' id='word_1_736' title='bbox 3500 5268 3735 5347; x_wconf 58' lang='lat' dir='ltr'><strong>diploma</strong></span> 
     </span>
    </p>
   </div>
   <div class='ocr_carea' id='block_1_121' title="bbox 2272 5335 3825 5415">
    <p class='ocr_par' dir='ltr' id='par_1_121' title="bbox 2272 5335 3825 5415">
     <span class='ocr_line' id='line_1_122' title="bbox 2272 5335 3825 5415; baseline -0.007 -18"><span class='ocrx_word' id='word_1_737' title='bbox 2272 5335 2502 5415; x_wconf 72' lang='lat' dir='ltr'><strong>mitissa:</strong></span> <span class='ocrx_word' id='word_1_738' title='bbox 2528 5335 2831 5398; x_wconf 82' lang='lat' dir='ltr'><strong>Mathildis.</strong></span> <span class='ocrx_word' id='word_1_739' title='bbox 2865 5335 3185 5415; x_wconf 83' lang='lat' dir='ltr'><strong>Congruunt</strong></span> <span class='ocrx_word' id='word_1_740' title='bbox 3213 5354 3345 5400; x_wconf 78' lang='lat' dir='ltr'><strong>aetas</strong></span> <span class='ocrx_word' id='word_1_741' title='bbox 3368 5358 3433 5395; x_wconf 91' lang='lat' dir='ltr'><strong>ac</strong></span> <span class='ocrx_word' id='word_1_742' title='bbox 3464 5335 3707 5415; x_wconf 69' lang='lat' dir='ltr'><strong>vicinitas</strong></span> <span class='ocrx_word' id='word_1_743' title='bbox 3727 5335 3825 5415; x_wconf 52' lang='lat' dir='ltr'><strong>loct-</strong></span> 
     </span>
    </p>
   </div>
   <div class='ocr_carea' id='block_1_122' title="bbox 2274 5411 3827 5485">
    <p class='ocr_par' dir='ltr' id='par_1_122' title="bbox 2274 5411 3827 5485">
     <span class='ocr_line' id='line_1_123' title="bbox 2274 5411 3827 5485; baseline -0.005 -17"><span class='ocrx_word' id='word_1_744' title='bbox 2274 5414 2605 5469; x_wconf 82' lang='lat' dir='ltr'><strong>Thedaldum</strong></span> <span class='ocrx_word' id='word_1_745' title='bbox 2663 5415 2896 5484; x_wconf 88' lang='lat' dir='ltr'><strong>appellat</strong></span> <span class='ocrx_word' id='word_1_746' title='bbox 2938 5411 3293 5485; x_wconf 74' lang='lat' dir='ltr'><strong>Bacchinius,</strong></span> <span class='ocrx_word' id='word_1_747' title='bbox 3353 5412 3678 5469; x_wconf 71' lang='lat' dir='ltr'><strong>Thebaidam</strong></span> <span class='ocrx_word' id='word_1_748' title='bbox 3721 5411 3827 5454; x_wconf 60' lang='grc' dir='ltr'><strong>τνθΓο</strong></span> 
     </span>
    </p>
   </div>
   <div class='ocr_carea' id='block_1_123' title="bbox 2271 5485 2746 5541">
    <p class='ocr_par' dir='ltr' id='par_1_123' title="bbox 2271 5485 2746 5541">
     <span class='ocr_line' id='line_1_124' title="bbox 2271 5485 2746 5541; baseline 0 -3"><span class='ocrx_word' id='word_1_749' title='bbox 2271 5485 2551 5538; x_wconf 77' lang='lat' dir='ltr'><strong>Azzarius.</strong></span> <span class='ocrx_word' id='word_1_750' title='bbox 2584 5487 2746 5541; x_wconf 78' lang='lat' dir='ltr'><strong>MUB.</strong></span> 
     </span>
    </p>
   </div>
   <div class='ocr_carea' id='block_1_124' title="bbox 2347 5556 3260 5628">
    <p class='ocr_par' dir='ltr' id='par_1_124' title="bbox 2347 5556 3260 5628">
     <span class='ocr_line' id='line_1_125' title="bbox 2347 5556 3260 5628; baseline 0.007 -21"><span class='ocrx_word' id='word_1_751' title='bbox 2347 5558 2487 5628; x_wconf 81' lang='grc'>(879)</span> <span class='ocrx_word' id='word_1_752' title='bbox 2512 5556 2646 5610; x_wconf 91' lang='lat' dir='ltr'><strong>Cod.</strong></span> <span class='ocrx_word' id='word_1_753' title='bbox 2682 5558 2879 5628; x_wconf 89' lang='lat' dir='ltr'><strong>antiq.,</strong></span> <span class='ocrx_word' id='word_1_754' title='bbox 2910 5560 3060 5612; x_wconf 78' lang='lat' dir='ltr'><strong>civis.</strong></span> <span class='ocrx_word' id='word_1_755' title='bbox 3088 5560 3260 5613; x_wconf 76' lang='lat' dir='ltr'><strong>Lmn.</strong></span> 
     </span>
    </p>
   </div>
   <div class='ocr_carea' id='block_1_125' title="bbox 2342 5609 3828 5698">
    <p class='ocr_par' dir='ltr' id='par_1_125' title="bbox 2342 5609 3828 5698">
     <span class='ocr_line' id='line_1_126' title="bbox 2342 5609 3828 5698; baseline 0.003 -18"><span class='ocrx_word' id='word_1_756' title='bbox 2342 5609 2528 5698; x_wconf 73' lang='lat' dir='ltr'><strong>Nostri</strong></span> <span class='ocrx_word' id='word_1_757' title='bbox 2577 5609 3055 5698; x_wconf 36' lang='lat' dir='ltr'><strong>quoquejcyodices</strong></span> <span class='ocrx_word' id='word_1_758' title='bbox 3098 5632 3230 5682; x_wconf 72' lang='lat' dir='ltr'><strong>civis</strong></span> <span class='ocrx_word' id='word_1_759' title='bbox 3282 5639 3502 5681; x_wconf 77' lang='lat' dir='ltr'><strong>avarus.</strong></span> <span class='ocrx_word' id='word_1_760' title='bbox 3552 5624 3690 5698; x_wconf 65' lang='lat' dir='ltr'><strong>Tum</strong></span> <span class='ocrx_word' id='word_1_761' title='bbox 3729 5609 3828 5698; x_wconf 48' lang='grc' dir='ltr'><strong>θεᾷ·</strong></span> 
     </span>
    </p>
   </div>
   <div class='ocr_carea' id='block_1_126' title="bbox 2270 5685 3830 5769">
    <p class='ocr_par' dir='ltr' id='par_1_126' title="bbox 2270 5685 3830 5769">
     <span class='ocr_line' id='line_1_127' title="bbox 2270 5685 3830 5769; baseline -0.01 -15"><span class='ocrx_word' id='word_1_762' title='bbox 2270 5696 2528 5769; x_wconf 58' lang='grc' dir='ltr'><strong>Ββεὶβηη</strong></span> <span class='ocrx_word' id='word_1_763' title='bbox 2577 5685 2627 5751; x_wconf 72' lang='lat' dir='ltr'><strong>et</strong></span> <span class='ocrx_word' id='word_1_764' title='bbox 2655 5685 2793 5765; x_wconf 71' lang='lat' dir='ltr'><strong>foris</strong></span> <span class='ocrx_word' id='word_1_765' title='bbox 2825 5705 3090 5768; x_wconf 82' lang='lat' dir='ltr'><strong>asportat.</strong></span> <span class='ocrx_word' id='word_1_766' title='bbox 3143 5700 3416 5769; x_wconf 79' lang='lat' dir='ltr'><strong>Antiquus</strong></span> <span class='ocrx_word' id='word_1_767' title='bbox 3443 5693 3715 5769; x_wconf 84' lang='lat' dir='ltr'><strong>breviator</strong></span> 
     </span>
    </p>
   </div>
   <div class='ocr_carea' id='block_1_127' title="bbox 2273 5766 3832 5825">
    <p class='ocr_par' dir='ltr' id='par_1_127' title="bbox 2273 5766 3832 5825">
     <span class='ocr_line' id='line_1_128' title="bbox 2273 5766 3832 5825; baseline -0.004 -4"><span class='ocrx_word' id='word_1_768' title='bbox 2273 5766 2560 5825; x_wconf 72' lang='lat' dir='ltr'><strong>bliothecm</strong></span> <span class='ocrx_word' id='word_1_769' title='bbox 2589 5772 2829 5825; x_wconf 78' lang='lat' dir='ltr'><strong>Estensis</strong></span> <span class='ocrx_word' id='word_1_770' title='bbox 2851 5788 2865 5824; x_wconf 87' lang='lat'><strong>:</strong></span> <span class='ocrx_word' id='word_1_771' title='bbox 2885 5766 3049 5825; x_wconf 32' lang='lat' dir='ltr'><strong>’Unde</strong></span> <span class='ocrx_word' id='word_1_772' title='bbox 3066 5787 3211 5825; x_wconf 83' lang='lat' dir='ltr'><strong>unus</strong></span> <span class='ocrx_word' id='word_1_773' title='bbox 3235 5766 3313 5825; x_wconf 74' lang='lat' dir='ltr'><strong>de</strong></span> <span class='ocrx_word' id='word_1_774' title='bbox 3327 5767 3537 5823; x_wconf 70' lang='lat' dir='ltr'><strong>civibus</strong></span> <span class='ocrx_word' id='word_1_775' title='bbox 3560 5766 3832 5817; x_wconf 64' lang='lat' dir='ltr'><strong>avarusiﬂ‘</strong></span> 
     </span>
    </p>
   </div>
  </div>
