4052 6180
236 228 362 283 1021

235 352 379 408 Huic
404 352 612 409 domno
643 351 812 423 digno
842 352 1123 407 comitissa
1170 352 1478 415 Mathildis,
1523 353 1579 407 in
1603 353 1720 424 ipso

230 446 457 516 Templo
486 444 782 501 confestim
820 445 1004 517 rapuit
1048 445 1200 517 plebs
1244 446 1500 517 pessima,
1532 446 1711 517 fregit.

228 539 467 595 Nuntius
495 554 524 594 e
551 539 728 594 multo
746 537 943 602 vicino,
974 555 1132 594 mane
1166 539 1428 605 secundo,

225 632 450 688 Scilicet
476 630 549 688 ad
577 630 840 701 grandem
871 632 1215 688 comitissam
1245 633 1409 697 venit,
1456 640 1509 687 et
1533 632 1673 687 hanc
1700 647 1820 688 rem

224 725 544 782 Notiﬁcavit
584 726 655 793 ei,
692 740 815 796 quae
840 726 975 781 dans
1004 727 1235 798 snspiria
1256 726 1431 793 ﬂevit,

223 824 409 889 Atque
448 819 533 874 sui
582 816 748 873 fortes
786 818 1005 874 athletae
1040 820 1206 890 jussit
1236 828 1297 875 ut
1342 833 1539 875 omnes

221 912 504 967 Adversus
523 913 785 967 Parmam
814 909 1092 967 deferrent
1114 911 1331 967 insimul
1359 927 1536 977 arma,

221 1005 385 1061 Fines
430 1012 564 1060 tunc
603 1019 801 1074 nempe
838 1004 1150 1060 retinebant
1172 1005 1311 1060 hanc
1360 1005 1713 1060 Motinenses.

219 1099 303 1153 Ut
340 1098 565 1153 volucer
600 1098 755 1152 velox
792 1098 903 1152 cito
937 1113 1166 1169 pergens
1193 1098 1309 1152 haec
1336 1098 1420 1169 pia
1444 1114 1576 1153 vero

219 1193 423 1246 Parma
466 1190 552 1245 die
581 1198 733 1245 terna
778 1206 944 1261 prope
965 1191 1137 1246 sensit
1165 1207 1288 1247 eam
1313 1191 1504 1259 timet,
1524 1206 1590 1247 ex
1611 1206 1715 1262 qua

215 1283 514 1340 Nobilibus
540 1284 683 1339 vasis
709 1288 855 1350 (880)
890 1284 1035 1339 illius
1064 1283 1291 1339 reddere
1339 1285 1522 1339 statim

212 1377 434 1449 Injuste
454 1384 677 1448 captum
709 1375 925 1432 studuit
949 1378 1423 1454 supratitulatum,

215 1471 288 1524 Et
314 1470 562 1527 dominae
603 1477 858 1525 cunctam
887 1470 1154 1541 capellam
1204 1470 1465 1535 reddidit,
1498 1469 1638 1525 ultra

209 1566 345 1619 Non
379 1563 586 1635 aliquid
628 1562 893 1630 retinens,
940 1565 1109 1618 vitare
1157 1564 1359 1635 pericla
1397 1564 1692 1634 requirens,

207 1660 351 1727 Quae
395 1673 505 1711 non
531 1657 770 1725 vitasset,
810 1656 913 1711 nisi
944 1657 1028 1711 vir
1056 1658 1263 1728 patiens
1292 1656 1617 1712 adamasset.

209 1749 446 1806 Civibus
488 1750 711 1805 indulsit
756 1750 1027 1805 comitissa
1064 1749 1364 1815 Mathildis,
1396 1758 1452 1805 et
1478 1750 1597 1805 urbi

201 1845 379 1899 Jussu
406 1842 689 1912 Bernardi,
719 1843 875 1915 cujus
914 1844 1110 1914 pietate
1138 1844 1420 1908 remansit,

207 1936 368 1992 Mille
399 1938 490 1992 Dei
520 1937 629 1991 nati
650 1945 784 1992 tunc
807 1945 1025 1992 centum
1057 1946 1291 2007 quatuor
1309 1937 1455 1993 anni.

816 2032 1057 2086 CAPUT
1112 2032 1241 2085 XV.

509 2127 584 2180 De
612 2125 759 2178 obitu
781 2127 923 2192 regis
940 2127 1156 2180 Henrici
1186 2127 1336 2179 tertii
1362 2124 1522 2193 (881).

202 2217 410 2272 Dictus
427 2216 547 2289 jam
584 2217 797 2272 dudum
844 2232 937 2272 rex
965 2232 1075 2288 quo
1105 2218 1177 2271 sit
1224 2217 1330 2271 ﬁne
1361 2217 1594 2284 solutus,

199 2310 431 2367 Scilicet
458 2311 756 2376 Henricus,
803 2312 930 2365 volo
960 2310 1155 2365 mundi
1194 2310 1365 2366 discat
1394 2310 1628 2374 amicus,

198 2407 353 2461 Cum
398 2404 603 2475 scierit,
630 2412 818 2459 noscat
846 2402 1153 2459 faciendum
1180 2403 1311 2474 quid
1338 2402 1440 2458 sibi
1467 2412 1699 2458 constat.

197 2500 323 2553 Rex
364 2498 675 2569 suprafatus
714 2499 899 2569 vivens
938 2506 1054 2553 erat
1084 2498 1403 2568 illaqueatus

194 2591 441 2647 Actibus
477 2592 531 2646 in
580 2591 781 2662 pravis,
824 2591 993 2646 semel
1021 2599 1079 2646 at
1120 2607 1179 2645 se
1226 2590 1599 2645 dissimulavit

195 2684 488 2749 Converti,
538 2684 696 2756 pleno
725 2683 873 2755 quod
903 2683 1028 2739 fecit
1055 2682 1222 2739 corde
1264 2698 1495 2749 veneno,

194 2778 600 2833 Schismaticos
623 2792 843 2849 semper
884 2777 1056 2833 coluit
1092 2776 1377 2848 tenuitque
1412 2774 1672 2840 libenter;

195 2873 357 2926 Hinc
398 2871 760 2927 exardescens
811 2871 997 2925 minor
1035 2871 1150 2941 ejus
1174 2870 1315 2924 ﬁlius
1347 2870 1515 2940 (882),
1545 2883 1704 2924 enses

197 2968 402 3021 Elevat
430 2964 721 3020 adversum
748 2965 1073 3035 genitorem,
1102 2963 1298 3018 tollere
1328 2978 1560 3034 regnum

199 3058 433 3130 Quaarit
458 3057 529 3125 ei,
561 3057 759 3111 duram
786 3072 973 3113 secum
1001 3057 1352 3112 committere
1391 3071 1630 3127 pugnam

193 3155 341 3207 Non
390 3150 567 3222 piguit
594 3150 794 3221 campi,
825 3166 992 3220 quem
1040 3149 1290 3205 bellando
1328 3149 1629 3220 superavit,

190 3243 470 3300 Maestitia
514 3245 685 3299 multa
729 3260 821 3313 per
859 3252 1039 3298 totum
1075 3252 1294 3315 tempus
1318 3243 1626 3308 abundans,

188 3336 475 3408 Undique
521 3336 830 3405 confossus,
875 3346 1180 3409 quassatus,
1227 3346 1282 3392 et
1310 3337 1554 3407 undique
1595 3342 1805 3402 tortus;

190 3436 454 3488 Mortem
484 3446 593 3485 non
619 3446 845 3501 sperans
873 3432 1127 3497 demum,
1160 3439 1345 3485 tamen
1370 3429 1480 3499 ipsa
1514 3436 1702 3484 catena

189 3524 408 3581 Mortis
444 3539 570 3579 eum
598 3523 848 3591 strinxit;
878 3523 1058 3594 rapuit
1086 3522 1155 3579 de
1184 3537 1415 3593 corpore
1444 3520 1610 3585 tristi,

190 3618 447 3690 Augusti
487 3625 683 3689 quarto
712 3615 1033 3689 defungitur
1061 3616 1189 3671 Idus
1212 3616 1266 3670 in
1308 3631 1451 3669 anno

188 3711 410 3770 Christi
444 3712 667 3765 milleno
689 3720 925 3766 centeno
955 3710 1194 3780 denique
1218 3725 1351 3764 seno
1380 3714 1525 3777 (883)

190 3808 284 3862 Ad
309 3804 588 3878 templum
607 3804 779 3874 Spirae
794 3803 1018 3869 dormit,
1036 3803 1182 3873 quod
1202 3802 1461 3857 struxerit
1480 3806 1625 3869 (884)
1641 3799 1805 3857 idem.

788 3898 1031 3953 CAPUT
1059 3899 1210 3951 XVI.

493 3992 745 4059 Congrua
777 3992 1087 4045 emhortatio
1122 3990 1368 4044 Paschalz'
1386 4005 1560 4059 papa}.

198 4090 373 4141 Petre
391 4084 557 4153 (885),
580 4084 767 4148 Paule,
786 4083 954 4139 duces
974 4083 1144 4146 orbis,
1172 4088 1335 4151 caput
1350 4082 1534 4137 omnis
1558 4081 1611 4136 in
1636 4081 1810 4147 Urbe,

196 4180 583 4234 lnsectatores
626 4176 790 4231 vestri
832 4176 1062 4232 ducatus
1088 4175 1358 4229 homones

182 4348 331 4416 jecit
378 4358 603 4416 manum
644 4358 801 4412 super
831 4343 1035 4396 dictum
1077 4339 1428 4416 cardinalem,
1476 4344 1531 4394 et
1558 4341 1697 4407 foris
1750 4339 1814 4392 de

192 4414 355 4473 dicta
399 4415 615 4469 ecclesia
644 4431 759 4468 eum
799 4415 1123 4483 asportavit.
1158 4414 1318 4467 MUB.

1142 228 1431 284 APPEND.
1471 228 1560 282 III.
1603 258 1665 268 -—
1704 229 2123 285 MONUMENTA
2161 228 2615 286 GREGORIANA.

3284 300 3287 305 ί
3389 240 3527 293 1022

1858 358 1910 419 Α
1938 354 2126 409 Penna
2154 355 2375 410 corvina
2433 355 2548 409 loca
2573 355 2690 426 jam
2722 364 3014 427 peragrant
3042 358 3345 431 peregrina.

1930 449 2061 503 Hazc
2092 448 2219 503 alba
2244 464 2439 519 penna,
2470 463 2564 503 vos
2603 464 2763 520 papae
2790 449 2990 505 mittite
3025 450 3185 505 verba
3223 470 3235 507 :

1928 544 1976 598 Ο
2003 550 2186 611 pastor
2212 550 2395 596 rector
2441 541 2717 597 Paschalis
2766 557 2981 599 summe
3009 543 3283 611 sacerdos,
3306 538 3309 543 λ

1928 636 2060 689 Haec
2089 634 2360 689 meditans
2396 638 2542 698 (886)
2583 641 2776 701 tracta,
2800 635 3095 706 prudenter
3128 635 3239 692 duc
3261 645 3355 692 tua
3379 638 3522 694 facta

1929 726 2229 782 Ecclesiam
2261 726 2458 782 Christi
2482 726 2549 782 de.
2574 742 2742 799 regno
2765 730 2959 783 mortis
2988 728 3165 801 abyssi

1934 823 2189 890 Ereptam
2225 818 2422 890 gaude,
2453 828 2560 874 stet
2600 827 2679 885 ut,
2707 822 2905 891 aspice,
2935 822 3104 879 libera
3145 830 3302 880 caute
3330 844 3342 879 :

1929 913 2081 968 Illius
2103 927 2289 983 pacem
2322 928 2432 966 non
2455 913 2681 967 ulterius
2706 913 2913 968 violare

1930 1006 2090 1062 Ullus
2122 1012 2440 1075 praesumat,
2470 1014 2659 1060 caveat
2683 1015 2835 1076 pater
2861 1007 2965 1062 hoc
2988 1016 3082 1063 tua
3113 1025 3268 1065 cura.

1932 1099 2081 1155 Velle
2109 1108 2269 1154 tuum
2299 1099 2521 1154 ﬁrmum
2550 1113 2714 1169 super
2752 1100 2909 1154 illum
2937 1109 3044 1156 stet
3071 1102 3409 1158 cruciﬁxum.

1931 1193 2036 1262 Qui
2090 1200 2263 1247 semet
2288 1193 2455 1247 morti
2488 1208 2586 1263 pro
2613 1208 2811 1263 sponsa
2845 1192 3085 1248 subdidit
3128 1193 3293 1250 hosti.

1929 1289 2013 1341 Tu
2042 1286 2128 1341 cui
2154 1286 2431 1341 commisit
2461 1285 2735 1352 Christus,
2757 1300 3132 1358 sponsamque
3172 1288 3412 1358 reliquit,

1926 1379 2179 1450 Prospice
2208 1378 2503 1451 perfectam
2539 1379 2687 1449 (887)
2714 1379 3161 1439 commendatam
3192 1380 3289 1435 tibi
3310 1395 3523 1452 semper

1924 1472 2178 1527 Reddere
2213 1470 2408 1527 festina
2438 1488 2637 1543 sponso
2668 1488 2927 1543 sponsam
2958 1473 3062 1528 sibi
3101 1472 3339 1544 dignam.

1925 1568 2088 1621 Ferto
2128 1566 2278 1635 prius
2318 1574 2576 1634 mortem,
2613 1565 2752 1621 male
2779 1581 2947 1636 quam
2984 1566 3217 1621 violetur
3245 1567 3315 1621 ab
3340 1566 3516 1632 hoste,

1926 1659 2120 1714 Nullus
2151 1674 2273 1714 eam
2306 1667 2497 1728 raptor
2548 1660 2717 1730 rapiat
2757 1659 2879 1723 tibi,
2909 1659 3093 1714 nullus
3128 1667 3344 1715 amator

1844 1727 1892 1789 B
1929 1754 2117 1808 Falsus
2144 1727 2825 1808 seducatiblandetvirtute
2846 1768 2949 1808 nec
2979 1753 3108 1808 ulla.

1924 1846 2037 1902 Scit
2086 1847 2358 1901 Dominus
2382 1845 2633 1903 Christus
2662 1847 2790 1917 quia
2816 1846 2861 1901 si
2891 1847 3108 1901 steteris
3134 1846 3273 1901 bene
3301 1844 3543 1909 firmus;

1921 1940 2169 1994 Libertas
2196 1955 2413 2011 sponsa
2436 1954 2720 2009 nunquam
2757 1939 3034 1994 minuetur
3059 1938 3127 1993 ab
3156 1939 3339 2004 hoste;
3376 1974 3379 1975 ν

1922 2033 2121 2088 Omnis
2165 2048 2266 2087 nec
2293 2036 2473 2087 Roma
2506 2032 2653 2101 (888)
2691 2031 2794 2087 sub
2815 2040 2891 2095 te,
2917 2033 3183 2103 regnique
3228 2047 3514 2093 coronam,

1922 2129 2095 2181 Nemo
2123 2124 2258 2181 ferre
2297 2126 2457 2193 valet,
2506 2125 2713 2180 tribuas
2739 2124 2843 2179 nisi
2871 2132 2930 2179 tu
2963 2125 3063 2179 sibi
3095 2125 3275 2195 plane,

1920 2219 2026 2287 Qui
2050 2218 2283 2289 gestabit
2319 2234 2444 2273 eam
2500 2219 2614 2272 sine
2643 2226 2698 2273 te
2750 2219 3070 2288 (praeceptor
3130 2216 3374 2273 habenas

1919 2316 2006 2368 Tu
2031 2312 2172 2384 regis
2200 2320 2365 2383 atque
2384 2316 2558 2377 tenes)
2589 2327 2792 2366 vacuus
2818 2310 3016 2381 poterit
3041 2326 3323 2367 remanere
3345 2311 3512 2381 (889),

1920 2409 2069 2461 Dum
2091 2405 2262 2461 falsus
2291 2405 2517 2476 quidam
2554 2420 2818 2476 sponsam
2850 2405 3085 2460 lacerare
3110 2403 3408 2475 benignam

1920 2502 2047 2555 Non
2082 2499 2289 2567 timuit,
2328 2507 2509 2553 tecum
2556 2499 2741 2568 plures
2778 2497 3000 2569 vigilare
3021 2497 3307 2554 studerent
3341 2501 3512 2566 (890).

1922 2595 2073 2646 Inter
2115 2607 2253 2661 quos
2299 2599 2555 2661 prompte
2592 2589 2892 2650 Mathildis,
2925 2589 3032 2646 ﬁlia
3062 2606 3297 2661 sponsae,

1920 2684 2152 2755 Pervigil
2182 2692 2237 2738 et
2261 2682 2435 2748 fortis,
2464 2699 2743 2753 perversos
2764 2699 2907 2753 saepe
2930 2684 3225 2749 remordit;

1922 2776 2146 2833 Fervida
2176 2775 2315 2831 bella
2352 2775 2522 2829 nimis
2558 2792 2688 2830 cum
2715 2791 2840 2845 rege
2869 2784 3122 2845 potenter
3158 2776 3333 2842 inivit,

1920 2873 2057 2924 Nam
2095 2885 2192 2941 per
2218 2868 2435 2940 triginta
2463 2867 2676 2922 duravit
2720 2876 2965 2938 tempora
3010 2867 3190 2935 ﬁrma,

1918 2966 2089 3018 Nocte
2126 2962 2218 3017 die
2237 2962 2447 3017 bellans
2477 2962 2627 3032 regni
2656 2960 2916 3016 calcando
2943 2960 3224 3031 procellas.

1843 3068 1888 3130 ρ
1922 3057 2074 3113 Finis
2121 3055 2280 3110 adest
2303 3070 2533 3126 guerrae,
2565 3054 2806 3125 requiem
2836 3061 2991 3125 rogat
3024 3061 3085 3108 ut
3127 3053 3233 3108 sibi
3264 3062 3505 3124 praestes.

1836 3144 1847 3194 ἱ
1920 3151 1973 3205 Si
2000 3150 2101 3205 tibi
2120 3157 2325 3204 crescet
2348 3164 2506 3218 opus,
2541 3163 2821 3219 nunquam
2844 3147 3017 3202 deerit
3043 3147 3144 3202 tibi
3166 3146 3335 3202 robur

1921 3246 1987 3297 Et
2007 3244 2108 3310 vis,
2136 3250 2189 3297 et
2207 3256 2475 3312 agnosces
2495 3246 2661 3309 (891),
2683 3242 2809 3311 quia
2838 3240 2984 3295 Petri
3000 3256 3111 3296 non
3130 3248 3279 3295 amat
3302 3240 3504 3296 hostes.

2488 3343 2723 3397 CAPUT
2762 3344 2938 3397 XVII.

1917 3446 1995 3497 De
2048 3442 2282 3496 adventu
2349 3456 2508 3510 papa:
2574 3442 2652 3493 Pa
2707 3441 2903 3495 schalis
2958 3442 3017 3494 in
3064 3439 3499 3509 Longobardiam

2481 3517 2531 3565 et
2555 3513 2614 3564 in
2635 3512 2865 3565 Gallias.

1918 3614 2286 3677 Postobitum
2315 3612 2462 3683 regis
2487 3612 2883 3684 prtetaxatique
2906 3610 3154 3667 Guiberti
3171 3652 3186 3677 ,

1914 3708 2168 3763 Ecclesia
2219 3715 2420 3762 sanctae
2460 3722 2560 3775 pax
2606 3705 2772 3775 coepit
2798 3720 3056 3771 crescere
3110 3704 3286 3770 valde,

1920 3803 2149 3855 Errores
2175 3808 2409 3864 cessant,
2448 3799 2675 3854 redeunt
2697 3806 2750 3853 et
2776 3814 2902 3853 vera
2932 3799 3181 3868 neglecta
3207 3816 3221 3852 :

1921 3894 2195 3949 Adversus
2239 3908 2458 3963 papam,
2486 3901 2677 3947 contra
2720 3890 3018 3961 sedemque
3071 3891 3293 3945 beatam

1919 3990 2102 4041 Ausus
2125 3987 2308 4041 nullus
2333 3994 2450 4041 erat
2473 4000 2821 4057 consurgere,
2847 3984 2941 4039 sed
2962 3983 3294 4049 reticebant;

1920 4081 2197 4151 Optabant
2212 4095 2407 4135 omnes
2428 4088 2488 4133 ut
2510 4086 2760 4149 pergeret
2781 4078 2896 4147 ipse
2919 4092 3013 4147 per
3033 4076 3225 4131 orbem

1920 4174 2253 4243 Corripiens,
2295 4172 2533 4236 solvens,
2567 4170 2855 4225 medicans
2880 4170 3158 4241 contagia,
3189 4167 3396 4224 sordes.

1922 4334 2010 4389 vix
2042 4333 2129 4387 ille
2160 4348 2370 4387 errasse
2399 4330 2723 4387 credendus.
2771 4334 2946 4399 Quare
2989 4347 3113 4385 seno
3161 4330 3507 4385 retinendum

1922 4416 2081 4476 atque
2114 4405 2189 4458 ita
2231 4406 2297 4458 ab
2337 4404 2430 4457 illo
2473 4403 2671 4457 litteris
2696 4404 2954 4457 traditum
2985 4402 3196 4470 aequius
3235 4402 3510 4454 existima-

268 4467 435 4553 (880)
469 4467 687 4553 Corrige
717 4502 780 4539 ex
831 4467 933 4539 li‘de
962 4484 1214 4538 codicum
1254 4490 1571 4537 nostrorum
1592 4500 1622 4553 7:
1656 4482 1810 4553 Nobi-
1844 4467 1891 4529 D
1924 4467 2127 4553 bimus.
2159 4477 2317 4553 Mue.

192 4561 351 4613 libus
376 4559 572 4611 cassis.
604 4552 813 4625 Nempe
844 4556 1035 4609 vassali
1066 4555 1294 4622 nobiles,
1341 4554 1542 4623 quibus
1577 4552 1806 4625 feudum

189 4630 438 4700 aliquod
491 4623 1230 4700 committebaturyseniori
1260 4641 1381 4690 suo,
1435 4639 1560 4677 cum
1607 4623 1805 4677 bellum

191 4697 476 4763 instabat,
513 4713 569 4752 se
595 4698 894 4769 adjungere
926 4697 1192 4769 solebant,
1223 4705 1276 4749 et
1308 4711 1404 4769 pro
1448 4710 1548 4748 suo
1580 4709 1805 4769 munere

190 4787 372 4841 opem
423 4769 570 4823 ferre
598 4764 963 4841 cogebantur;
1023 4768 1111 4837 qui
1166 4782 1288 4819 mos
1314 4764 1492 4820 adhuc
1519 4764 1800 4834 perdurat.

192 4847 377 4898 Mnn.

275 4916 432 4978 (881)
474 4913 535 4964 In
563 4908 766 4963 nostris
810 4908 1089 4964 codicibus
1115 4907 1344 4962 habetur
1386 4914 1600 4961 tantum
1626 4976 1632 4978 Α
1662 4908 1808 4973 regis

194 4976 462 5039 Hem-iet.
498 4984 655 5037 Certe
680 4995 864 5051 regem
912 4980 1189 5049 appellans
1228 4978 1426 5032 rectius
1483 4976 1808 5051 appellasset

190 5059 477 5125 quartum
504 5068 667 5121 quam
689 5047 905 5106 tertium
923 5047 1088 5115 {nam
1116 5051 1163 5125 is
1194 5051 1331 5103 inter
1361 5057 1634 5118 Augustos
1662 5047 1808 5101 dun—

193 5124 364 5180 taxat
394 5126 591 5178 tertius
619 5132 701 5178 est
740 5132 1081 5176 numeratus.
1116 5124 1272 5175 Mun.

281 5196 436 5266 (882)
476 5196 750 5248 Henricus
780 5194 1001 5259 scilicet,
1042 5192 1266 5263 quintus
1291 5191 1437 5266 inter
1488 5187 1806 5245 Germania:

192 5283 396 5338 reges,
418 5263 838 5340 cujusfacinora
867 5279 1128 5340 perquam
1153 5270 1302 5340 nota.
1326 5263 1482 5340 Non.
1578 5331 1607 5340 L
1762 5328 1774 5340 ⁸

280 5331 434 5403 (883)
459 5331 690 5405 Regien.
710 5331 1109 5403 cod.,‘den_ique
1136 5337 1343 5403 quinto.
1374 5339 1553 5401 Atque
1574 5331 1648 5385 ita
1668 5331 1807 5405 scri-

192 5402 811 5482 psiSseDon‘iaonem,
845 5402 1103 5482 suspicari
1137 5402 1623 5482 possumustcum
1684 5402 1809 5471 Epi-

192 5475 371 5535 tome
400 5478 642 5533 Estensis
672 5492 736 5531 ac
787 5475 1155 5537 Leibnitiana,
1202 5475 1431 5529 Henrici.
1461 5477 1527 5529 IV
1571 5482 1805 5526 mortem

194 5566 281 5606 ex
314 5550 439 5619 ipso
488 5550 773 5602 Donizone
815 5556 1063 5602 statuant
1110 5547 1167 5619 in
1210 5548 1486 5619 millesimo
1532 5547 1811 5619 centesimo

191 5615 427 5692 quinto.
461 5621 662 5692 Verum
699 5626 850 5673 extra
881 5634 1106 5692 omnem
1129 5616 1535 5692 dubitationem
1566 5615 1813 5692 positum

190 5686 319 5754 est,
350 5690 657 5744 Henricum
688 5691 1022 5744 concessisse
1053 5704 1082 5743 e
1109 5688 1244 5741 vivis
1275 5702 1419 5740 anno
1454 5691 1612 5751 1106,
1662 5691 1719 5739 et
1752 5686 1810 5740 in

190 5778 299 5827 re,
331 5774 453 5830 quae
487 5761 773 5815 Donizone
823 5761 1030 5814 vivente
1061 5758 1307 5814 omnium
1338 5772 1497 5811 aures
1546 5756 1807 5826 implevit,

1986 4552 2114 4614 (884
2122 4560 2136 4609 )
2162 4550 2308 4617 Lege
2337 4560 2464 4599 cum
2484 4543 2603 4598 cod.
2637 4542 2843 4617 nostris
2863 4543 3006 4617 quod
3020 4545 3316 4617 strueret.
3344 4542 3501 4595 MUR.

1992 4625 2134 4683 (885)
2162 4614 2386 4673 Rectius
2420 4618 2474 4669 in
2502 4616 2707 4669 nostris
2723 4615 2876 4667 mstis
2903 4616 2977 4668 :0
3002 4617 3167 4668 Petre.
3217 4614 3377 4667 Mun.

1984 4696 2126 4755 (888)
2158 4689 2335 4743 Iidem
2364 4686 2581 4741 codices
2610 4704 2623 4739 :
2654 4688 2805 4741 Nunc
2834 4685 3121 4738 meditans.
3159 4687 3327 4739 MUB.

1988 4764 2130 4825 (887)
2161 4760 2294 4814 Cod.
2331 4759 2581 4829 Regien.,
2608 4760 2865 4826 perfecte.
2909 4758 3075 4811 MUR.

1991 4837 2140 4895 (888)
2170 4834 2427 4885 Romam.
2461 4831 2625 4883 LEIB.

1982 4902 2170 4957 Nostri
2207 4901 2438 4965 codices,
2474 4915 2614 4953 nunc
2662 4903 2846 4953 Roma.
2898 4900 2968 4953 Et
3012 4895 3149 4951 nihil
3197 4895 3344 4951 aliud
3392 4895 3506 4950 im-

1916 4973 2267 5031 mutandum,
2327 4988 2490 5026 sensu
2545 4970 2794 5025 absoluto
2842 4986 2903 5024 ac
2950 4978 3156 5039 aperto.
3228 4970 3433 5037 Nempe
3494 4985 3507 5021 :

1916 5048 2069 5101 Nunc
2094 5050 2207 5099 tota
2244 5046 2411 5098 Roma
2450 5044 2548 5097 sub
2596 5048 2643 5096 te
2670 5046 2767 5106 est,
2802 5042 3057 5111 regnique
3101 5053 3362 5111 coronam
3409 5052 3507 5090 ne-

1918 5116 2052 5169 mini
2085 5123 2319 5186 gestare,
2366 5115 2530 5168 sibive
2558 5115 2841 5186 imponere
2864 5108 3015 5177 licet,
3048 5110 3153 5186 nisi
3178 5118 3236 5163 tu
3269 5108 3498 5186 tribuas.

1915 5187 2027 5241 Ubi
2077 5179 2224 5241 vides
2253 5186 2494 5240 Romani
2527 5179 2795 5253 pontificis
2839 5181 3259 5253 praerogativam
3285 5179 3340 5232 in
3393 5180 3499 5233 ele-

1915 5259 2095 5312 ctione
2122 5266 2174 5311 et
2198 5256 2615 5311 conﬁrmatione
2643 5261 3036 5325 Augustorum.
3060 5254 3217 5305 MUR.

1991 5330 2131 5397 (889)
2163 5328 2298 5383 Cod.
2336 5328 2591 5397 Regien.,
2614 5328 2811 5394 poterit
2839 5339 3087 5379 remeare.
3114 5325 3273 5375 Mun.

1993 5402 2137 5468 (890)
2162 5401 2479 5455 Studebunt.
2518 5400 2688 5452 LEIB.

1997 5465 2171 5523 Habet
2198 5470 2343 5524 idem
2381 5470 2550 5524 codex
2587 5468 2891 5521 studerunt.
2916 5465 3077 5518 Man.

1992 5542 2137 5612 (891)
2181 5541 2313 5594 Cod.
2350 5541 2511 5609 antiq.
2547 5559 2559 5593 :
2595 5539 2731 5605 Ejus
2775 5543 2825 5591 et
2859 5549 3112 5604 agnosces
3145 5534 3277 5602 quia
3317 5530 3506 5602 (quod)

1919 5615 2071 5667 Petri
2095 5627 2200 5664 non
2227 5618 2373 5663 amat
2398 5612 2792 5681 hostes.7Lnrn.
2871 5675 2903 5681 __
3083 5674 3094 5681 _
3320 5680 3325 5681 ί
3372 5672 3381 5681 ,
3454 5672 3463 5681 ,

1991 5684 2307 5737 Consonaut
2345 5697 2471 5735 cum
2494 5680 2756 5734 Vaticano
2786 5675 3002 5730 codices
3025 5674 3187 5729 etiam
3209 5674 3403 5736 nostri,
3449 5674 3507 5724 in

1919 5754 2075 5825 queis
2105 5754 2260 5824 lego:
2299 5753 2453 5821 Ejus,
2484 5755 2535 5804 et
2554 5762 2824 5817 agnosces,
2848 5746 3007 5813 quod,
3032 5753 3133 5799 etc.
3166 5745 3324 5796 Mun.
