4052 6180
192 325 212 377 Ι
222 324 328 378 025

186 448 260 501 Et
279 445 349 502 de
378 462 506 518 pace
530 447 781 518 loquens,
810 447 877 502 de
895 448 1035 520 regis
1062 448 1271 504 honore
1293 465 1526 521 suoque,

184 541 434 612 Utraque
462 556 587 611 pars
615 540 837 596 tandem
864 556 1057 613 pacem
1073 542 1309 599 laudavit
1329 542 1599 610 eamdem,

186 633 294 688 Sed
321 642 509 689 contra
536 636 762 689 Petrum
785 650 897 689 non
940 636 1197 706 promisit
1228 635 1344 691 fore
1389 652 1597 692 secum.

188 728 577 798 Francigenam
596 735 823 783 stratam
862 732 1007 799 (901)
1030 730 1208 785 tenuit
1236 746 1353 797 rex,
1378 746 1507 801 pace
1537 738 1776 802 peracta,

185 820 461 876 Transivit
484 828 633 877 certe
666 830 799 877 tunc
846 821 1135 893 incipiente
1165 823 1495 879 Decembre.
1644 820 1647 821 ⁷

184 917 438 971 Montem
465 914 736 971 Burdonis
755 920 898 982 (902)
926 918 1191 973 Tuscanae
1217 917 1377 972 ﬂuxit
1396 918 1537 987 (903)
1569 918 1625 972 in
1651 918 1779 986 oris,

187 1009 340 1065 Gens
360 1007 603 1079 trepidat
629 1017 848 1076 cuncta,
878 1024 1141 1065 nummos
1171 1010 1276 1065 sibi
1306 1010 1505 1082 datque
1552 1010 1779 1080 tributa,

182 1103 295 1157 Ceu
318 1100 692 1173 Longobardi,
720 1102 802 1157 sic
820 1103 987 1158 Tusci
1015 1112 1144 1159 sunt
1164 1103 1494 1171 tremefacti,

184 1195 327 1250 Cum
356 1195 682 1250 Florentinis
722 1199 891 1264 (904).
947 1197 1261 1252 Celebravit
1300 1196 1537 1270 denique
1582 1198 1781 1254 Christi

186 1289 463 1354 Natalem,
494 1287 694 1344 densas
713 1289 862 1361 plebs
891 1290 1010 1347 haec
1037 1290 1139 1345 sibi
1163 1291 1400 1347 contulit
1430 1307 1602 1348 escas.

186 1381 360 1437 Urbis
384 1382 617 1437 Aretinm
635 1398 826 1438 muros
845 1384 974 1448 ruit,
1011 1384 1150 1439 ussit
1164 1393 1219 1439 et
1240 1384 1389 1456 igne.

187 1474 321 1531 ldus
349 1475 407 1530 in
428 1484 621 1548 quarto
642 1474 840 1532 Februi
868 1481 1064 1533 Romae
1096 1476 1218 1541 fuit,
1243 1479 1391 1533 almo

186 1569 437 1625 Paschali
456 1584 607 1641 papa;
638 1569 932 1638 mandans,
952 1570 1075 1642 quia
1104 1571 1215 1626 vult
1238 1586 1497 1626 venerare

185 1662 368 1733 ipsius
390 1664 630 1733 jussum,
661 1679 766 1720 nec
793 1664 1131 1735 episcopium
1150 1665 1306 1735 cupit
1327 1664 1499 1719 ullum

197 1754 486 1819 Vendere,
511 1756 752 1827 praebere
778 1755 883 1811 nisi
901 1756 1013 1812 dux
1043 1757 1165 1828 pius
1196 1757 1566 1828 ipsejuberet.

186 1849 453 1905 Exsultat
475 1851 656 1905 Roma
679 1865 1010 1905 concurrens
1034 1850 1269 1921 undique
1288 1858 1423 1918 tota,

191 1944 362 2013 Papa,
381 1943 711 2010 sacerdotes,
738 1943 935 2011 levitas,
968 1944 1124 2014 plebs
1156 1944 1228 1999 ob
1253 1959 1498 1999 amorem

185 2036 383 2108 Regis,
412 2036 667 2108 majores,
684 2037 930 2109 juvenes,
963 2037 1270 2109 pariterque
1307 2038 1567 2104 minores,

184 2129 483 2185 Femineus
506 2145 685 2195 sexus,
704 2129 981 2197 monachi,
1004 2129 1292 2186 monachae
1302 2145 1521 2202 quoque
1541 2137 1784 2194 centum,

185 2222 563 2294 Lampadibus
587 2223 776 2279 multis
803 2240 932 2279 cum
962 2224 1106 2279 claro
1156 2224 1360 2279 lumine
1383 2223 1639 2295 sumptis,

186 2315 431 2387 Antiquo
458 2332 610 2372 more
657 2318 930 2388 processio
963 2318 1104 2389 regis
1152 2317 1360 2373 honore

187 2411 357 2465 Facta
380 2409 442 2463 ﬁt
477 2418 697 2465 extensa
727 2414 871 2476 (905)
899 2411 1139 2466 nummis
1160 2411 1236 2465 eis
1263 2416 1537 2481 c00perta.

190 2503 479 2557 Intrarunt
498 2504 768 2575 templum
803 2504 971 2560 sancti
1002 2505 1145 2559 Petri
1188 2501 1572 2570 reverendum,

190 2598 313 2651 Rex
353 2596 524 2651 altare
570 2605 758 2667 petens
796 2596 1019 2653 humilis
1064 2597 1215 2664 satis,
1264 2604 1318 2651 et
1364 2596 1500 2651 bene
1547 2595 1788 2650 clemens

190 2685 314 2740 Ibat
343 2700 438 2756 per
460 2686 664 2741 scalam
686 2686 1040 2757 pedetentim,
1061 2701 1219 2742 crura
1247 2685 1499 2757 plicabat.

191 2778 279 2833 Ad
311 2794 598 2834 summum
629 2780 790 2835 scalae
817 2796 914 2835 sua
942 2780 1167 2851 porrigit
1204 2778 1391 2835 oscula
1424 2793 1607 2849 papae;

195 2871 589 2927 Investituram
621 2872 768 2943 (906)
788 2888 958 2944 super
988 2888 1143 2928 aram
1183 2872 1453 2928 construit
1476 2886 1646 2926 unam

194 2965 466 3020 Ecclesias
490 2966 737 3021 nummis
751 2965 897 3037 quod
916 2981 1201 3037 nunquam
1217 2964 1471 3020 venderet
1493 2963 1607 3031 ulli,

192 3060 315 3115 Non
345 3058 649 3125 investiret,
682 3059 874 3131 jubeat
904 3059 1009 3115 nisi
1055 3075 1190 3131 papa
1238 3058 1504 3130 benigne;

1095 326 1382 380 APPEND.
1422 327 1509 380 111.
1550 357 1621 367 -—
1657 327 2069 385 MONUMENTA
2114 331 2572 387 GREGORIANA.

3347 336 3484 389 l026

1804 456 1857 517 Α
1888 454 2201 511 Priscorum
2229 471 2441 510 morem
2470 453 2633 525 cupio
2672 468 2973 524 regumque
2999 453 3277 519 decorem,

1889 548 2029 603 Nolo
2058 547 2155 603 det
2182 556 2243 603 ut
2269 549 2443 604 solam
2475 546 2611 603 mihi
2641 546 2886 603 domnus
2905 562 3042 618 papa
3074 564 3362 621 coronam,

1888 640 2100 696 Anulus
2125 649 2179 695 et
2205 640 2364 695 fustis
2393 656 2489 711 per
2526 655 2618 695 me
2645 638 2809 695 detur
2832 639 2955 695 volo
2988 641 3201 696 cunctis

1889 732 2218 789 Pmsulibus
2240 734 2411 788 nostri
2442 734 2613 805 regni,
2639 748 2738 788 ceu
2758 749 2880 789 mos
2905 732 3013 789 fuit
3042 734 3192 789 olim.

1888 826 2009 880 Hoc
2034 825 2135 880 sibi
2165 840 2518 897 nequaquam
2543 825 2714 881 voluit
2742 825 3044 882 concedere
3069 843 3234 898 papa,

1888 921 2104 974 Ducere
2127 935 2291 990 quem
2321 918 2448 974 fecit
2470 935 2586 987 rex,
2618 918 2961 990 hospitioque
2990 921 3213 991 recepit.

1890 1013 2011 1067 Nox
2040 1011 2332 1068 accedebat
2357 1028 2487 1067 cum
2517 1012 2650 1066 talia
2682 1026 2779 1066 rex
2810 1010 3061 1079 faciebat,

1889 1105 2206 1172 Pontiﬁces,
2234 1106 2382 1162 cives
2420 1106 2600 1177 plures
2632 1105 2923 1175 capiuntur
2950 1105 3179 1172 ibidem,

1891 1203 2069 1270 Atque
2093 1215 2280 1255 cruces
2307 1207 2522 1255 sanctas
2545 1198 2791 1269 rapiebat
2813 1215 2950 1269 gens
2974 1199 3305 1255 Alemanna.

1890 1292 2054 1347 Ebria
2077 1308 2208 1364 gens
2238 1293 2343 1347 ista
2373 1292 2549 1348 nescit
2578 1291 2783 1347 Christi
2812 1291 2899 1363 pia
2927 1292 3100 1361 dicta;

1890 1388 1949 1439 In
1970 1385 2243 1458 lacrymas
2270 1385 2407 1442 laetis
2431 1390 2576 1451 (907)
2597 1393 2885 1440 vertuntur
2912 1384 3109 1457 gaudia
3136 1385 3307 1457 pacis.

1890 1480 2066 1535 Nocte
2094 1478 2294 1534 cohors
2322 1487 2517 1534 cuncta
2541 1479 2705 1533 simul
2732 1487 2816 1534 est
2829 1482 3083 1535 Romana
3116 1479 3324 1546 locuta,

1891 1572 2131 1644 Surgunt
2163 1588 2329 1628 mane
2366 1572 2552 1643 spatis,
2581 1572 2783 1644 clypeis
2808 1581 2865 1628 et
2897 1572 3052 1644 equis
3095 1572 3382 1643 phalerati,

1889 1665 2221 1720 Concutiunt
2246 1665 2432 1721 hostes
2471 1665 2826 1732 Alemannos,
2857 1680 3087 1735 corpore
3117 1664 3292 1720 fortes

1889 1758 2135 1827 Caedunt,
2160 1758 2421 1814 occidunt
2443 1767 2497 1813 et
2514 1774 2607 1813 eos
2632 1758 2850 1827 penitus
2873 1757 3024 1827 quasi
3054 1758 3303 1813 vincunt.

1812 1830 1858 1891 B
1891 1851 1997 1907 Sed
2020 1852 2252 1923 ﬂagrant
2270 1868 2394 1924 erga
2410 1850 2573 1906 nimis
2594 1851 2794 1906 horum
2812 1850 3011 1921 quippe
3023 1850 3298 1907 Tabernas
3321 1856 3486 1917 (908),

1893 1945 2117 2001 Insimul
2148 1961 2214 2000 ex
2239 1945 2404 2000 armis
2424 1953 2479 1999 et
2505 1943 2751 1999 denariis
2777 1944 2989 1998 onerati

1892 2040 2022 2093 Plus
2081 2037 2337 2093 adamant
2388 2052 2719 2104 nummum,
2777 2052 2948 2107 quam
3002 2035 3207 2091 bellum
3265 2035 3489 2093 vincere

3087 2131 3416 2199 [sumptum,

1892 2222 2399 2299 Longobardorum
2432 2221 2602 2277 nimis
2623 2227 2705 2276 est
2731 2235 2823 2276 rex
2853 2227 3007 2276 tutus
3028 2219 3115 2275 hic
3143 2221 3335 2284 armis,

1893 2318 2083 2387 Ipsum
2105 2316 2465 2382 circumdant,
2491 2315 2760 2371 Romanis
2791 2314 2999 2370 viscera
3024 2322 3306 2381 truncant,

1892 2411 2011 2464 Rex
2040 2424 2205 2480 eques
2242 2410 2444 2464 electus
2470 2408 2633 2464 celeri
2660 2412 2833 2476 (909),
2864 2423 2975 2479 quo
3004 2423 3168 2463 nemo
3205 2415 3487 2479 repertus,

1893 2503 2081 2558 Astitit
2102 2503 2215 2573 ipse
2243 2502 2380 2569 suis,
2406 2502 2551 2557 cives
2580 2502 2836 2556 contrivit
2861 2508 2914 2556 et
2946 2500 3144 2568 Urbis,

1892 2595 2125 2650 Interitu
2145 2610 2381 2666 quorum
2404 2593 2548 2649 facto
2574 2593 2749 2649 nimio
2779 2593 3115 2666 populorum

1892 2689 2134 2745 Romani
2163 2696 2404 2758 coeptum
2433 2686 2670 2758 perdunt
2698 2686 3002 2742 miserabile
3031 2685 3261 2741 bellum.

1894 2785 2012 2838 Rex
2042 2797 2171 2837 vero
2198 2796 2393 2852 papam
2419 2780 2616 2844 tenuit,
2646 2780 2699 2834 vi
2721 2795 2853 2850 pace
2877 2787 3093 2851 negata.

1895 2875 2035 2930 Cum
2064 2874 2281 2946 reliquis
2305 2882 2497 2943 captus
2529 2872 2835 2927 Parmensis
2878 2879 2995 2926 erat
3022 2873 3372 2930 venerandus

1894 2966 2208 3022 Bernardus
2234 2965 2455 3038 praesul,
2478 2964 2683 3021 Christi
2707 2963 2775 3020 de
2804 2964 3062 3036 dogmate
3089 2965 3307 3035 plenus,

1894 3068 2074 3133 Atque
2094 3060 2272 3116 bonus
2296 3058 2479 3115 senior
2504 3062 2650 3124 (9l0)
2682 3056 2924 3129 Reginus
2943 3056 3233 3129 episcopus
3254 3099 3270 3127 ,
3291 3059 3384 3114 illo

194 3151 446 3223 Hincque
491 3152 870 3224 triumphabat
904 3152 1074 3225 plebs,
1107 3152 1304 3220 clerus,
1356 3150 1593 3205 maxime
1629 3164 1791 3221 papa,
1824 3176 1869 3240 ο
1902 3154 2210 3225 Simplicior
2238 3153 2402 3209 credo
2428 3151 2699 3223 reperitur
2726 3166 2896 3206 nemo
2926 3150 3202 3207 sacerdos.

195 3244 448 3315 Cumque
479 3254 634 3317 parat
652 3262 788 3317 papa
813 3244 946 3301 dare
974 3246 1087 3318 regi
1119 3260 1353 3317 quaeque
1372 3252 1613 3317 rogarat,

196 3339 274 3393 Ut
292 3336 497 3405 veniat,
527 3339 773 3405 mandat,
818 3354 913 3394 rex
940 3338 1172 3408 distulit,
1201 3337 1380 3393 abdita
1410 3345 1683 3393 tractans:

197 3434 339 3486 Nam
384 3432 641 3501 Zabulus,
673 3433 881 3505 priscus
921 3432 1209 3488 hominum
1246 3432 1503 3488 seductor
1547 3430 1794 3502 iniquus,

198 3523 408 3580 Invidia
437 3523 648 3581 fervens
677 3525 746 3581 de
772 3527 926 3598 regni
961 3542 1112 3597 pace,
1146 3533 1372 3596 repente

198 3617 450 3673 Perﬁdiae
479 3634 666 3674 semen
687 3618 914 3690 jaciens,
944 3619 1165 3674 turbare
1216 3617 1407 3673 ﬁdeles

201 3712 397 3783 Diligit
424 3712 700 3780 ardenter,
727 3720 857 3768 sunt
884 3727 1113 3784 quaeque
1153 3720 1353 3767 statuta
1379 3710 1655 3778 decenter,

202 3807 335 3861 Mox
366 3804 500 3861 elisa
536 3804 703 3861 nimis
742 3805 919 3873 ﬁunt;
948 3821 1042 3861 rex
1070 3805 1149 3861 sic
1177 3820 1398 3877 quoque
1418 3804 1581 3861 dicit:

276 4010 431 4137 φοι)
460 4010 677 4066 Scilicet
708 4012 1002 4077 Emiliam,
1032 4026 1197 4082 quam
1219 4026 1321 4066 nos
1365 4010 1659 4067 Claudiam
1706 4024 1799 4079 ap-

276 4083 490 4137 lamus.
543 4085 679 4137 Eam
734 4098 859 4137 vero
910 4083 1017 4137 hoc
1060 4082 1283 4136 nomine
1319 4082 1616 4137 donabant.
1675 4081 1799 4137 auia

200 4081 490 4155 pellamus.
543 4085 685 4155 Eamp
734 4098 871 4155 vero
910 4081 1283 4155 hocjnomine
1319 4082 1616 4155 donabant,
1674 4081 1800 4155 quia

200 4151 357 4210 recta
388 4153 444 4207 in
497 4153 804 4220 Franciam,
834 4154 944 4210 sive
998 4154 1224 4219 Gallias,
1256 4151 1601 4222 perducebat.
1632 4154 1798 4206 Mun.

274 4230 430 4295 (902)
458 4226 538 4277 Ita
568 4240 785 4296 quoque
814 4226 940 4296 msti
958 4224 1196 4279 codices.
1224 4225 1431 4277 Verum
1464 4222 1805 4292 antiquiores

200 4301 440 4352 montem
459 4295 729 4351 Bardom's
760 4295 1033 4366 appellare
1052 4302 1474 4366 consueverunt,
1507 4309 1604 4366 per
1632 4307 1801 4363 quem

198 4384 229 4422 a
276 4369 512 4421 Berceto
537 4367 795 4421 transitus
820 4365 874 4421 in
905 4366 1159 4422 Tusciam
1190 4365 1420 4420 habetur
1445 4381 1541 4437 per
1567 4365 1805 4419 Pontem

197 4437 557 4504 Tremulum,
604 4453 750 4492 nunc
786 4440 1124 4493 Pontremolz'.
1176 4440 1338 4494 MUR.

273 4508 429 4575 (903)
466 4510 611 4565 Oris.
642 4511 810 4564 LEIB.

275 4580 436 4662 (904)
463 4580 744 4662 coniunge
764 4579 893 4662 haec
906 4579 1277 4662 sequentibus.
1300 4578 1585 4662 Breviator
1612 4579 1807 4660 Esten-
1839 4597 1891 4662 D

195 4654 276 4733 sis
299 4650 589 4733 rustus_i_ta
628 4650 755 4733 legit
784 4652 1236 4733 :‘Etuce‘lebravi’t'
1270 4650 1563 4733 praedictus
1611 4666 1717 4733 fear
1758 4652 1815 4733 tu

194 4728 435 4782 civitate
474 4719 751 4778 Florentia:
796 4724 1149 4778 Nativitatem
1178 4722 1397 4777 Christi.
1432 4720 1588 4774 Paria
1611 4719 1811 4774 habent

195 4794 884 4868 epitomatorRegiensis,
936 4801 991 4847 et
1023 4792 1426 4868 Legi-bnitianus,
1454 4799 1528 4868 ut_
1553 4791 1807 4868 omittam

196 4862 455 4926 Annales
500 4862 1006 4928 Hildeshcmenses,
1059 4863 1299 4933 aliasque
1323 4862 1616 4933 Historias.
1652 4864 1809 4916 Mnn.

268 4942 429 5005 (905)
457 4936 599 5005 Quid
628 4935 717 4990 hic
742 4935 847 4990 sibi
894 4935 1021 4989 velit
1047 4932 1419 4989 tenebricosus
1452 4932 1689 4999 Donizo,
1722 4933 1811 4988 in-

199 5006 549 5077 terrogabis.
594 5006 896 5078 Signiﬁcat,
926 5006 968 5060 si
999 5005 1128 5076 quid
1156 5005 1335 5073 vid-eo,
1369 5018 1686 5078 processum
1714 5019 1812 5078 po-_-

195 5080 328 5150 puli
382 5074 680 5132 extensum
713 5076 909 5150 fuisse,
960 5074 1032 5131 et_
1065 5091 1328 5150 nummos
1369 5075 1529 5150 jussu
1576 5074 1811 5150 Augusti

194 5143 491 5222 projectos
516 5163 679 5222 super
709 5148 887 5217 ipsum
918 5148 1203 5222 populum,
1234 5148 1309 5222 ita
1334 5143 1403 5222 ut
1434 5145 1602 5199 veluti
1633 5143 1813 5222 imbre

191 5218 486 5290 cooperiri
503 5219 835 5284 viderentur,
868 5227 1005 5272 teste
1026 5218 1230 5272 Ottone
1261 5218 1811 5290 Frisingense,_Hen-

190 5288 362 5350 ricus
382 5292 431 5345 V
462 5288 612 5345 Cives
645 5292 970 5356 (Romanos)
1000 5290 1314 5343 muneribus
1348 5288 1455 5342 sibi
1483 5288 1807 5341 conciliavit.

195 5368 447 5424 Constat
474 5360 634 5416 etiam
664 5376 859 5416 aurum
888 5360 955 5415 de
984 5375 1135 5414 more
1163 5375 1193 5413 a
1224 5359 1435 5414 caeteris
1465 5358 1725 5427 Augustis
1754 5359 1811 5411 in

196 5448 412 5493 eorum
442 5432 801 5488 coronatione
829 5447 1080 5502 sparsum
1127 5431 1185 5485 in
1214 5430 1503 5501 populum.
1548 5430 1811 5500 Exempla

197 5508 395 5564 mitto.
429 5507 593 5559 Mus.
1494 5514 1497 5519 ‘

274 5580 436 5644 (906)
456 5577 593 5644 Qua
616 5575 703 5630 hic
723 5572 887 5629 habet
909 5573 1143 5640 Donizo,
1166 5570 1501 5628 conferenda
1524 5580 1656 5626 sunt
1683 5587 1810 5644 cum

201 5651 267 5706 iis
289 5643 521 5719 'qum‘in
551 5646 670 5719 Vita
698 5645 989 5719 Paschalis
1037 5647 1110 5709 Il,
1143 5654 1278 5719 tom.
1311 5646 1400 5719 ΙΙΙ.
1442 5646 1586 5719 Rer._
1611 5643 1810 5709 Italic.,

201 5730 257 5777 et
292 5715 459 5785 apud
508 5715 887 5772 Dodechinum
934 5717 991 5770 in
1036 5715 1286 5785 Append.
1337 5715 1405 5785 ad
1454 5715 1708 5781 Mariam,
1756 5723 1813 5769 et

203 5784 362 5866 apud
397 5788 595 5866 Raron.
630 5789 684 5841 in
711 5785 906 5866 Aunal.
948 5784 1258 5866 referuntur
1287 5784 1355 5866 ad
1384 5800 1586 5866 annum
1603 5792 1669 5866 Α.
1702 5788 1811 5840 Ne-

204 5856 317 5935 qiie
350 5859 505 5915 enim
529 5858 646 5914 hac
674 5858 805 5913 satis
832 5872 960 5913 cum
989 5857 1051 5913 iis
1074 5856 1408 5913 concordare
1432 5856 1712 5925 videntur,
1742 5870 1809 5911 ac

1902 3249 2009 3302 Pro
2037 3247 2236 3318 quibus
2256 3245 2515 3301 audacter
2544 3244 2622 3299 vir
2647 3243 3095 3310 facundissimus,
3122 3252 3283 3315 atque

1902 3340 2119 3395 Nobilis
2146 3338 2428 3394 Arduinus
2459 3340 2604 3406 (911)
2624 3335 3133 3408 Longobardusque
3160 3337 3389 3407 peritus,

1904 3436 2087 3503 Atque
2117 3432 2289 3487 ﬁdelis
2311 3432 2395 3486 vir
2416 3430 2622 3486 missus
2652 3429 3002 3501 dominaeque
3032 3430 3319 3486 Mathildis

1905 3526 2221 3598 Alloquitur
2248 3540 2433 3597 regem
2466 3530 2687 3595 pactum
2717 3538 3035 3578 memorans
3065 3524 3383 3580 comitissaz.

1903 3620 2178 3675 Continuo
2205 3633 2342 3689 quos
2370 3632 2464 3673 rex
2503 3616 2638 3672 sinit
2668 3615 2745 3671 ire
2774 3615 3059 3672 Mathildis
3088 3616 3319 3673 honore.

1904 3715 2122 3769 Rumor
2151 3720 2266 3768 erat
2285 3710 2498 3766 mundo
2526 3710 2594 3767 de
2622 3717 2780 3781 capto
2810 3708 3041 3780 praesule
3069 3725 3322 3779 summo,

1903 3805 2030 3877 Qui,
2059 3813 2283 3877 propter
2305 3805 2474 3873 cives,
2504 3818 2645 3875 quos
2674 3817 2865 3858 secum
2890 3810 3110 3873 ceperat
3138 3802 3283 3859 idem

1908 4007 2367 4083 praecipuaimpii
2394 4007 2538 4063 illius
2577 4005 2833 4083 facinoris
2873 4012 3300 4083 causa_tacetur.
3332 4009 3501 4083 MUR.

1981 4077 2126 4150 (90‘!)
2172 4077 2408 4137 Codices
2446 4078 2621 4134 nostri
2664 4077 2897 4144 habent,
2946 4079 3006 4130 in
3048 4078 3303 4145 lacrymis
3355 4079 3498 4132 latis.

1908 4155 2069 4208 Mun.

1983 4225 2129 4287 (908)
2180 4221 2413 4291 Ragieu.
2444 4220 2568 4275 cod.
2619 4218 2840 4290 praefert
2882 4218 3170 4275 Zabemas.
3210 4221 3393 4291 Atque
3432 4219 3506 4276 ita

1911 4294 2179 4363 scriptum
2202 4300 2334 4361 puto
2364 4306 2393 4344 a
2421 4291 2729 4363 Donizone.
2758 4291 3017 4354 Zaberna,
3042 4299 3181 4346 teste
3206 4292 3391 4362 Papia,
3424 4300 3509 4346 est

1911 4362 2063 4426 arca,
2088 4362 2174 4417 vel
2193 4362 2549 4415 armariolum
2578 4362 2675 4414 ubi
2700 4367 2871 4432 uestes
2890 4368 3187 4432 ponuntur,
3217 4368 3315 4415 aut
3341 4363 3510 4432 quod-

1914 4436 2041 4490 libet
2090 4433 2265 4487 aliud.
2297 4432 2435 4487 Vide
2472 4431 2822 4501 Ducangium
2852 4431 2906 4484 iu
2938 4430 3240 4501 Glossario,
3271 4440 3327 4485 et
3348 4430 3505 4486 ‘Vos—

1913 4507 2055 4562 sium
2078 4509 2162 4560 De
2188 4504 2330 4557 vitiis
2355 4518 2551 4567 serm,
2583 4500 2657 4555 lib
2676 4500 2768 4568 .11,
2790 4517 2912 4570 cap.
2936 4507 3025 4567 21,
3052 4500 3120 4554 ad
3141 4516 3326 4555 vocem
3349 4503 3511 4570 Zaby-

1923 4594 2009 4640 ra,
2038 4576 2131 4647 qui
2160 4574 2397 4647 afferunt
2427 4570 2738 4647 Hariulfum
2770 4580 2824 4625 et
2845 4571 3083 4647 Abdjam
3114 4570 3507 4647 Babylonicum

1925 4642 2119 4704 eodem
2170 4645 2431 4701 vocabulo
2469 4660 2617 4699 usos.
2654 4646 2840 4713 Itaque
2885 4643 3151 4697 Zabernas
3181 4642 3510 4712 interpretor

1920 4736 2081 4781 casse,
2097 4718 2355 4787 forzieri,
2404 4718 2634 4783 coffam',
2684 4712 2872 4779 baulli,
2907 4714 3067 4787 bolge,
3108 4722 3271 4784 atque
3318 4712 3508 4787 hujus-

1918 4784 2110 4856 modi,
2131 4789 2223 4843 ubi
2255 4788 2558 4842 Teutonica
2586 4800 2720 4857 gens
2748 4784 3035 4856 pecuniam
3066 4800 3130 4840 ac
3170 4784 3508 4857 suppellecti-

1920 4861 1989 4915 lia
2020 4858 2373 4914 recondebat.
2414 4859 2571 4911 Mnn.

1991 4934 2137 4997 (909)
2157 4928 2292 4984 Cod.
2322 4929 2582 4999 Regien.,
2604 4927 2789 4982 celeris
2812 4942 2916 4996 quo
2938 4942 3088 4981 nemo
3106 4932 3387 4997 repertus;
3408 4943 3509 4999 pro

1919 5002 2165 5058 celerior.
2198 5002 2359 5055 MUB.

1991 5078 2136 5139 (910)
2165 5068 2527 5126 Scribendum
2561 5089 2573 5126 :
2621 5070 3004 5139 Bonus-senior
3044 5072 3276 5139 Reginus
3306 5071 3510 5139 episco-

1912 5138 2037 5215 pus.
2062 5144 2201 5199 Illud
2234 5142 2431 5214 quippe
2451 5156 2654 5215 nomen
2674 5149 2806 5215 tunc
2824 5138 2932 5196 fuit
2956 5138 3211 5215 Regiensi
3232 5138 3507 5212 episcopo,

1918 5213 2167 5273 videlicet
2186 5216 2529 5282 Bonsignore.
2562 5214 2621 5267 In
2650 5213 2907 5283 Epitome
2937 5213 3191 5283 Regiensi
3216 5220 3359 5266 msta
3392 5215 3509 5283 Do-

1918 5288 2133 5342 nizonis
2175 5286 2482 5357 appellatur
2522 5282 2943 5357 Bonsegnorius,
2989 5282 3059 5337 de
3102 5299 3211 5357 quo
3251 5282 3511 5357 nonnulla

1918 5357 2085 5414 habet
2121 5353 2419 5429 Ugh'ellus,
2452 5364 2602 5429 tom.‘
2623 5357 2670 5410 Il
2698 5356 2813 5409 ltal.
2843 5358 2985 5429 Sac.,
3016 5361 3075 5407 et
3102 5353 3259 5425 plura
3291 5353 3515 5407 Fulvius

1916 5427 2258 5483 Azzarius'in
2290 5428 2430 5482 Hist.
2469 5427 2697 5499 Regien.
2732 5434 2889 5499 msta.
2915 5428 3077 5480 Mvn.

1990 5504 2136 5565 (911)
2166 5502 2397 5569 Nempe,
2420 5508 2480 5553 ut
2500 5495 2647 5553 recte
2676 5498 2872 5568 conjici
2894 5502 3107 5569 potest,
3130 5495 3423 5569 Arduz'nus
3451 5495 3517 5549 de

1917 5564 2141 5638 Palude,
2191 5564 2333 5624 ﬁlius
2375 5570 2669 5634 Guidonis,
2713 5584 2744 5622 a
2782 5564 2921 5638 'quo',
2942 5564 3139 5620 nobilis
3190 5576 3247 5621 et
3293 5567 3513 5638 antiqua

1919 5636 2169 5697 comitum
2194 5642 2260 5695 de
2302 5642 2509 5695 Palude
2539 5638 2737 5696 familia
2785 5636 3271 5709 Regiiupropagata
3299 5636 3513 5709 dudum

1918 5713 2213 5783 splenduit,
2257 5720 2311 5785 et
2357 5712 2541 5785 adhuc
2587 5704 3357 5785 superest;'ejussiquidem
3387 5704 3514 5785 fre-

1920 5776 2090 5854 q'uens
2135 5776 2342 5854 mentio
2375 5782 2431 5854 in
2467 5776 2845 5854 monumeutis
2880 5776 3179 5854 comitissé:
3222 5776 3513 5833 Mathildis

1919 5845 2064 5925 apud
2093 5852 2488 5911 Florentiuium
2515 5858 2572 5905 et
2591 5845 2966 5903 Bacchinium.
2996 5849 3157 5902 Mun.
