4052 6180
500 392 503 393 ν
602 325 738 378 1027

600 450 740 512 Rex,
782 454 1029 502 metuens
1056 446 1297 495 mortem
1323 442 1638 507 paterentur
1668 448 1734 487 ne
1772 432 1936 488 simul
1974 446 2189 497 omnes,
2222 437 2271 498 Α

604 543 752 595 Dum
781 538 981 593 festum
1017 530 1235 589 Pascha;
1262 528 1428 594 venit,
1458 525 1651 581 tribuit
1671 525 1773 579 sibi
1798 539 2013 596 pacem,

602 632 814 686 Urbem
845 625 1176 683 Romuleam
1195 623 1298 678 sibi
1326 620 1590 687 subdens,
1614 628 1668 676 et
1692 618 1944 675 diadema

604 724 778 794 Ipsius
804 720 966 792 capiti
999 704 1228 790 ponens,
1260 715 1473 788 unguit,
1503 712 1800 769 benedixit.

604 816 817 873 Ultima
845 814 933 869 lux
960 812 1168 868 mensis
1200 814 1345 875 (912)
1372 808 1529 880 primi
1570 816 1703 861 tunc
1735 804 1938 860 Pascha
1968 801 2193 867 revexit,

606 908 858 965 Numinis
881 905 1171 962 undecimo
1191 911 1409 961 centum
1439 910 1561 973 post
1590 899 1733 954 mille
1757 898 1859 953 sub
1888 911 2049 951 anno.

601 1008 882 1073 Augustus
911 1000 1069 1071 plane
1099 996 1249 1053 dedit
1279 996 1477 1067 inclyta
1508 1008 1737 1047 munera
1770 1006 1957 1061 papae;

602 1095 863 1153 Gaudens
889 1093 984 1149 sed
1011 1091 1202 1157 fessus,
1228 1105 1329 1144 nec
1358 1104 1473 1143 non
1503 1086 1774 1142 exercitus
1798 1084 1913 1155 ejus

607 1189 755 1245 Exiit
781 1206 810 1243 a
846 1190 1049 1253 Roma,
1080 1184 1353 1259 Tuscanas
1377 1181 1589 1236 transiit
1610 1196 1735 1235 oras

610 1289 777 1342 Recte
802 1286 957 1340 frena
984 1298 1198 1354 regens,
1229 1280 1483 1351 equitaus
1504 1293 1616 1333 non
1645 1275 1879 1332 extrahit
1910 1289 2088 1339 enses,

609 1382 1108 1454 Longobardorum
1134 1394 1363 1451 regnum
1389 1377 1541 1448 petiit
1570 1376 1894 1448 spatiosum,

618 1482 976 1551 Illustresque
1006 1480 1175 1534 duces
1196 1478 1379 1547 ipsum
1407 1492 1590 1547 regem
1616 1483 1926 1545 preeuntes,

610 1578 778 1633 Valde
807 1575 994 1631 nutriti
1024 1573 1385 1629 resalutavere
1408 1570 1735 1625 Mathildim.

610 1678 838 1748 Pergere
867 1689 969 1728 nec
993 1675 1180 1729 Caesar
1211 1671 1423 1741 sapiens
1452 1684 1687 1740 usquam
1713 1667 1986 1738 cupiebat,

608 1771 926 1842 Respiceret
945 1770 1147 1826 faciem
1184 1767 1287 1823 nisi
1305 1768 1425 1839 jam
1445 1766 1601 1822 dictae
1630 1765 1944 1819 comitissaa.

610 1870 749 1925 Cum
770 1868 891 1940 jam
916 1868 1213 1938 coepissent
1240 1865 1476 1919 transire
1504 1864 1620 1919 dies
1646 1862 1811 1917 Madii
1842 1878 1932 1916 sex

615 1967 858 2036 lpsemet
885 1964 1139 2029 accessit,
1166 1962 1265 2016 scit
1294 1976 1417 2015 eam
1442 1958 1559 2014 fore
1588 1958 1893 2025 Bibianelli,

612 2063 913 2118 Teutonica
943 2062 1128 2132 lingua
1150 2058 1317 2114 refert
1342 2059 1545 2128 pariter
1570 2074 1668 2112 sua
1697 2056 1844 2111 dicta
1875 2075 1889 2111 :

613 2163 736 2216 Non
764 2167 882 2213 erat
910 2160 1178 2233 interpres
1198 2156 1341 2210 ullus
1371 2155 1473 2209 sibi
1513 2155 1708 2225 quippe
1732 2169 1974 2209 necesse.

616 2258 749 2312 Huic
770 2256 1024 2328 promisit
1041 2259 1186 2321 (913)
1204 2253 1437 2308 similem
1457 2268 1514 2307 se
1527 2268 1618 2307 rex
1640 2267 1926 2322 nunquam
1949 2251 2210 2321 reperire,

615 2355 715 2409 Cui
752 2353 966 2425 Liguris
1002 2352 1157 2423 regni
1186 2350 1433 2420 regimen
1462 2348 1633 2415 dedit,
1665 2349 1718 2403 in
1752 2349 1865 2403 vice
1896 2348 2036 2419 regis
2067 2353 2211 2414 (9l4)

618 2449 853 2505 Nomine
878 2463 1049 2519 quam
1086 2445 1285 2500 matris
1319 2443 1498 2497 verbis
1523 2442 1685 2497 claris
1725 2442 1987 2498 vocitabit
2029 2448 2210 2511 (915);

618 2548 858 2617 Tresque
877 2544 996 2600 dies
1026 2559 1216 2600 secum
1240 2541 1443 2597 faciens
1471 2541 1693 2595 ﬁrmum
1722 2556 1941 2612 quoque
1962 2540 2141 2598 foedus

620 2644 861 2699 Omnino
895 2641 1072 2703 laetus.
1100 2654 1349 2695 crescens
1370 2638 1574 2710 jugiter
1600 2638 1751 2708 quasi
1781 2637 1998 2707 cedrus,

620 2739 725 2794 Ivit
747 2754 875 2794 cum
906 2737 1117 2809 magnis
1142 2737 1281 2792 ultra
1308 2744 1521 2791 montes
1556 2733 1900 2792 Alemannis.

694 2930 838 2992 (912)
864 2927 945 2979 Ita
972 2938 1190 2994 quoque
1212 2922 1339 2976 msti
1368 2921 1607 2989 codices,
1637 2929 1692 2994 et
1721 2930 1930 2978 vetusta
1959 2923 2215 2993 Epitome

621 2996 885 3052 Estensis.
924 2993 1275 3049 Clarissimus
1302 2995 1495 3064 Pagius
1524 2994 1581 3047 in
1605 2993 1726 3046 crit.
1752 2996 1951 3047 Baron.
1983 2994 2053 3048 ad
2082 3012 2209 3049 ann.

620 3076 674 3135 4,
710 3082 862 3122 num.
890 3072 947 3132 3,
967 3066 1185 3135 longam
1212 3066 1634 3135 disputationem
1655 3064 1815 3117 habet
1842 3064 1911 3118 de
1932 3064 2019 3118 die
2049 3081 2213 3119 coro-

622 3139 861 3194 nationis
904 3143 1166 3192 Romana).
1212 3136 1439 3191 Henrici
1485 3138 1530 3187 V
1569 3150 1734 3201 quam
1765 3136 2048 3190 contendit
2078 3153 2205 3206 per-

1601 309 1691 364 AD
1729 307 1955 363 OPERA
1996 304 2053 361 S.
2095 305 2417 361 GREGORII
2456 298 2893 357 APPENDICES.

3692 303 3787 355 l0‘28

2874 423 3119 478 CAPUT
3164 421 3322 474 XIX.

2419 522 2531 587 Quo
2563 522 2753 573 timore
2780 516 3077 573 Mantuani
3114 515 3188 568 ad
3216 514 3509 587 ﬁdelitatem
3540 515 3720 569 domina

2822 588 3105 646 Mathildis
3144 586 3418 640 redierint.

2305 684 2525 752 Gloria,
2559 683 2800 749 Christe,
2830 680 2921 735 tibi
2951 680 3106 750 cujus
3129 677 3323 732 virtute
3350 674 3603 731 Mathildis

2303 782 2383 833 Ex
2428 786 2548 832 toto
2573 776 2772 830 victrix
2802 780 2991 829 manet
3014 770 3269 827 omnibus
3296 786 3360 825 ex
3388 769 3617 837 inimicis,

2308 875 2447 926 Nam
2476 884 2726 941 proceres
2753 868 2934 940 plures
2953 865 3185 921 comites
3208 863 3473 934 superavit
3493 871 3543 917 et
3568 861 3723 928 urbes;

2305 968 2515 1037 Regem
2546 969 2690 1029 (916)
2723 960 3074 1031 contempsit,
3100 973 3228 1014 cum
3256 972 3438 1013 secum
3464 956 3627 1028 praelia
3658 955 3788 1027 gessit,

2308 1058 2551 1113 Marchia
2581 1062 2727 1123 (917)
2754 1055 2990 1112 nolendo
3015 1052 3117 1108 sibi
3142 1052 3321 1124 paruit
3347 1058 3499 1121 atque
3518 1048 3721 1115 valendo,

2308 1156 2539 1208 Mantua
2567 1140 2924 1206 crudelis’sibi
2950 1148 3169 1203 devetat
3193 1161 3311 1201 esse
3340 1143 3524 1210 ﬁdelis,

2310 1250 2501 1300 Annos
2530 1244 2717 1315 viginti
2752 1258 2845 1314 per
2872 1250 3110 1312 quatuor
3135 1248 3299 1310 atque
3325 1236 3552 1308 reliquit,

2306 1339 2467 1409 Quod
2497 1338 2596 1393 sibi
2629 1354 2742 1392 non
2766 1336 2958 1401 servit,
2986 1334 3085 1390 sed
3115 1330 3414 1405 proditione
3436 1328 3660 1400 superbit.

2310 1432 2547 1488 Protulit
2572 1431 2812 1487 edictum
2841 1428 3096 1500 quocirca
3122 1426 3359 1483 maxime
3386 1424 3555 1479 dirum

2310 1530 2428 1582 Rex
2454 1526 2684 1596 scriptus
2712 1540 2895 1595 supra,
2928 1521 3075 1592 quod
3103 1520 3325 1598 sprevit‘
3343 1520 3551 1573 Mantua
3577 1513 3704 1570 dura.

2311 1620 2414 1689 Qui
2433 1628 2601 1674 staret
2624 1632 2939 1689 quanquam
2959 1631 3085 1670 cum
3107 1612 3235 1670 forti
3255 1623 3411 1686 gente
3423 1612 3669 1665 Lemanna
3686 1610 3809 1671 (918),

2314 1714 2504 1767 Cessat
2535 1712 2739 1782 legatos
2769 1720 2958 1765 tamen
2983 1707 3129 1763 haud
3158 1706 3256 1762 sibi
3291 1705 3500 1760 mittere
3524 1702 3687 1765 claros,

2234 1828 2283 1890 Β
2312 1806 2515 1877 Inclyta
2536 1803 2819 1859 Mathildis
2845 1818 2971 1858 cum
2994 1799 3312 1856 muneribus
3332 1798 3465 1853 bene
3482 1794 3653 1866 dignis.

2317 1899 2599 1955 Gloriﬁcat
2631 1898 2813 1953 Caesar
2842 1895 3003 1952 donis
3023 1903 3078 1949 et
3104 1910 3230 1949 eam
3260 1892 3376 1947 vice
3398 1905 3553 1946 versa.

2319 1992 2527 2047 Accidit
2551 1992 2753 2047 interea
2770 1988 3051 2045 tribulatio
3072 1987 3320 2043 maxima
3347 1982 3601 2055 quaedam,

2318 2087 2454 2155 Quae
2478 2085 2661 2140 turbat
2683 2092 2909 2149 terram,
2942 2096 3234 2153 pravorum
3260 2078 3427 2135 corda
3452 2074 3645 2137 revelat,

2321 2188 2500 2250 Atque
2526 2180 2828 2234 voluntates
2854 2174 3115 2231 reseravit
3133 2182 3188 2229 et
3226 2172 3551 2242 impietates.

2318 2272 2536 2342 Disjice,
2568 2269 2804 2336 Christe,
2829 2268 2940 2323 vias
2964 2267 3121 2335 tales,
3149 2265 3355 2322 abrade
3380 2264 3572 2327 ruinas,

2324 2363 2533 2419 Exaudi
2565 2363 2793 2421 miseros
2822 2365 2970 2417 Deus
2997 2360 3127 2415 audi
3152 2367 3348 2414 noster
3370 2370 3576 2428 egenos,

2322 2462 2497 2529 Atque
2524 2456 2784 2513 ducatrici
2814 2456 2982 2509 vitam
3004 2452 3246 2509 concede
3274 2449 3516 2508 Mathildi
3546 2468 3557 2503 :

2320 2554 2461 2608 Cum
2492 2552 2762 2606 morietur
2784 2549 2951 2615 enim,
2980 2546 3417 2603 denudabuntur
3442 2541 3609 2615 egeni,

2322 2645 2578 2700 Ecclesia:
2602 2659 2732 2699 sane
2754 2642 2885 2698 ﬁent
2906 2641 3146 2713 graviter
3182 2641 3453 2711 spoliatae.

2322 2742 2441 2793 Hoc
2464 2752 2715 2810 proceres
2740 2736 2969 2792 credent
2994 2750 3054 2791 se
3076 2734 3352 2801 facturos,
3378 2730 3598 2788 humiles
3616 2738 3749 2781 nunc.

2323 2926 2798 2993 Gemblacensem,
2840 2923 2898 2977 in
2925 2922 3198 2977 Chronico
3228 2937 3339 2977 suo
3380 2922 3492 2977 haec
3527 2914 3821 2993 scribentem:

2322 3001 2418 3052 Die
2457 2998 2674 3053 Pascha:
2704 2989 2923 3050 Henrico
2963 2998 3019 3047 in
3061 2996 3439 3063 imperatorem
3465 2992 3694 3063 coronato,
3717 2989 3820 3063 etc:

2322 3083 2447 3138 quae
2491 3068 2649 3121 verba
2682 3066 2931 3120 Labbeus
2960 3074 3018 3138 et
3047 3061 3264 3138 Pagiusg
3295 3062 3572 3138 emendare
3598 3061 3823 3138 coguntur.

2320 3129 2506 3209 utpote
2534 3138 2778 3207 Opinioni
2813 3153 2926 3191 suae
2956 3129 3318 3209 adversantia.
3357 3140 3503 3190 Tunc
3531 3129 3709 3183 vivebat
3730 3136 3823 3209 sep:

621 3192 803 3266 actam
829 3207 994 3264 fuisse
1027 3223 1062 3262 v
1090 3209 1212 3263 Idus
1241 3208 1453 3277 Aprilis
1482 3192 1847 3280 Dominicaiu
1865 3208 2037 3280 Albis.
2071 3192 2205 3280 Eam
2240 3198 2286 3262 C
2322 3192 2592 3280 bebatque
2622 3209 2934 3280 Sigebertus
2969 3207 3288 3280 Chronicon
3309 3222 3484 3280 suum,
3509 3211 3561 3256 et
3585 3214 3680 3254 non
3699 3192 3825 3249 multo

620 3298 754 3336 vero
783 3280 1114 3335 sententiam
1145 3287 1205 3332 ut
1234 3275 1502 3338 tueretur,
1531 3292 1666 3349 opus
1700 3278 1773 3331 illi
1808 3275 1911 3331 fuit
1940 3278 2213 3349 corrigere

622 3351 1167 3407 Malmesburiensem
1195 3350 1397 3419 ipsum,
1424 3349 1577 3419 cujus
1595 3347 1701 3420 ﬁde
1726 3349 1936 3413 nititur,
1964 3347 2212 3420 alios—que

621 3424 933 3493 scriptores.
965 3421 1403 3493 Baroniusvero
1451 3426 1605 3493 gesta
1654 3419 1741 3493 illa
1789 3419 2209 3493 tribuit_Idibus

622 3490 863 3565 Aprilis,
901 3492 1367 3565 quemadmodum
1402 3491 1563 3565 etiam
1595 3490 1802 3565 habent
1825 3491 2210 3565 Annales_Hil-

620 3561 1028 3625 déshemenses,
1076 3573 1132 3619 et
1163 3562 1616 3633 chronographus
1646 3564 1785 3616 Saxo
1830 3577 1858 3615 a
1900 3561 2211 3618 Mabillonio

624 3637 681 3690 in
730 3637 927 3690 Annal.
982 3634 1257 3689 Benedict.
1292 3640 1656 3704 memoratus,
1684 3634 1840 3703 cujus
1869 3633 2051 3700 verba,
2084 3636 2210 3704 quia

623 3705 859 3761 fortasse
889 3707 1056 3775 Pagio
1100 3706 1306 3775 ignota,
1343 3702 1539 3775 afferre
1584 3702 1761 3772 juvat.
1810 3707 1925 3758 Rea:
1956 3702 2211 3759 Henricus

620 3778 827 3830 Pascha
861 3774 1144 3842 non’longe
1172 3776 1239 3828 ab
1268 3774 1396 3829 urbe
1426 3775 1487 3826 in
1515 3776 1717 3829 castris
1752 3777 1867 3828 suis
1891 3776 2206 3842 celebravit,

622 3852 671 3901 et
701 3863 796 3915 per
837 3851 1047 3900 octavas
1088 3846 1324 3909 Pascha,
1369 3844 1457 3897 die
1485 3845 1687 3897 scilicet
1726 3847 1852 3899 Idus
1892 3848 2121 3914 Aprilis,
2156 3850 2212 3900 in

622 3919 837 3972 ecclesia
868 3918 1013 3969 beati
1043 3918 1194 3969 Petri
1220 3918 1281 3967 in
1312 3918 1686 3981 imperatorem
1715 3922 2066 3971 consecratur.
2109 3919 2212 3971 Mi-

621 4004 745 4043 rum
774 3996 875 4051 est,
917 3986 971 4039 in
996 4002 1051 4041 re
1076 3985 1211 4038 tanti
1242 3985 1534 4047 momenti,
1573 4000 1746 4053 neque
1775 3986 1939 4039 nimia
1980 3989 2212 4041 saeculo-

623 4075 746 4114 rum
786 4056 1187 4127 intercapedine
1230 4071 1259 4110 a
1309 4054 1467 4127 nobis
1513 4054 1736 4121 dissita,
1772 4054 2010 4127 dubium
2057 4058 2209 4113 illum

624 4129 776 4183 diem
807 4126 1253 4182 adhuc’restare.
1287 4126 1449 4195 Quod
1489 4127 1667 4195 magis
1710 4126 1886 4198 etiam,
1929 4136 2209 4198 stuporem

622 4202 861 4271 ingerere
886 4206 1085 4267 potest,
1115 4198 1327 4253 Donizo
1367 4206 1554 4252 noster
1582 4198 1843 4271 rotundis
1858 4197 2047 4271 litteris
2070 4202 2207 4255 scri-

625 4268 724 4337 bit,
748 4270 1046 4325 Henricum
1061 4272 1457 4334 Vcoronatum,
1480 4275 1729 4333 unctum,
1752 4278 1806 4323 et
1831 4268 2203 4337 benedictum,

623 4344 751 4397 dum
775 4342 992 4396 Pascha:
1010 4344 1207 4408 festum
1226 4342 1389 4401 venit,
1415 4348 1598 4410 postea
1627 4340 1911 4396 subdendo
1943 4358 1957 4395 :

702 4415 907 4468 Ultima
932 4414 1030 4467 tua:
1053 4415 1248 4465 mensis
1274 4414 1442 4480 primi
1466 4418 1599 4465 tunc
1622 4414 1823 4465 Pascha
1844 4416 2065 4480 revexit,

690 4487 937 4543 Numinis
961 4485 1235 4537 undecimo
1254 4488 1463 4536 centum
1488 4488 1608 4551 post
1628 4482 1770 4535 mille
1787 4484 1883 4537 sub
1906 4500 2063 4537 anno.

2320 3290 2442 3351 post
2463 3276 2744 3350 postremo
2769 3278 2885 3333 fato
2906 3277 3154 3351 sublatus
3176 3286 3280 3331 est.
3294 3280 3353 3351 _ls
3379 3278 3536 3348 igitur
3558 3276 3828 3351 aperte‘ctttn

2320 3336 2606 3406 'Doni'zone
2635 3351 2911 3415 convenit,
2951 3348 3098 3420 quod
3128 3358 3212 3420 est
3239 3349 3310 3403 ad
3338 3336 3675 3420 co‘Fonatio'nis.
3702 3336 3823 3420 (belli:

2318 3422 2477 3492 Quod
2526 3431 2706 3477 autem
2731 3411 2940 3492 spectat
2968 3411 3039 3475 ad
3059 3419 3340 3492 Paschatis
3374 3420 3534 3492 diem,
3565 3411 3681 3492 mihi
3706 3411 3828 3492 ipsis!

2320 3481 2548 3549 monstri
2581 3481 2812 3553 videtur.
2842 3493 3191 3547 Donizonem
3223 3491 3282 3544 in
3312 3507 3369 3546 re
3407 3489 3538 3544 adeo
3572 3481 3734 3553 celebri
3758 3490 3828 3553 cu-

2312 3545 2403 3635 jus
2417 3545 3080 3635 tem—pusiignorareinon
3107 3562 3312 3633 potuit,
3344 3545 3453 3635 tam
3482 3545 3832 3635 turpiterballu-

2318 3622 2582 3762 gnatum.
2624 3622 2813 3707 Itaque
2845 3651 2962 3690 rem
2994 3622 3123 3688 aliis
3162 3622 3589 3705 perpendendam
3625 3622 3828 3689 relinquo-

2382 3723 2483 3762 un.

2382 3723 2483 3762 UB.

2391 3784 2531 3842 (913)
2564 3775 2699 3831 Cod.
2726 3784 2862 3833 ant..
2892 3778 3139 3846 promsil.
3167 3776 3343 3831 LBIB.

2391 3827 2699 3921 natura
2722 3827 3319 3921 jaats‘msaoaiaa;
3335 3827 3579 3921 promsit,
3595 3827 3835 3921 ista}...

2319 3936 2412 3975 sus
2444 3914 2543 3975 est.
2580 3921 2651 3973 Ex
2679 3918 2764 3972 his
2794 3926 2977 3971 autem
3007 3932 3129 3985 quae
3153 3917 3321 3972 habet
3344 3914 3557 3971 ’Donizo
3578 3914 3719 3985 testis

2321 3969 2771 4057 l—a—tiiSVIc‘or—r—uu‘nt
2798 3969 3504 4059 ⁷άίέξίἷὲιῖισίίῆ(διίέιεενὶὲιις)
3546 3978 3729 4037 Vitalis.
3766 3969 3835 4059 lii);

2319 4040 2534 4133 {[5ng
2544 4040 2597 4115 vi
2606 4040 3170 4133 safiac‘ciééjiiiéi;
3205 4040 3415 4133 nempe
3426 4040 3511 4133 leo
3547 4062 3594 4133 te
3602 4059 3758 4133 πυροῖς
3770 4040 3838 4133 Α

2321 4115 2558 4187 Ιὶεὖτῆο
2597 4135 2643 4186 V
2680 4115 2943 4185 vastatam
2971 4129 3135 4185 fuisse
3163 4115 3462 4184 VMathildis
3486 4124 3699 4195 potentis
3733 4115 3837 4195 hem.

2319 4208 2613 4273 spatiosum
2649 4207 2917 4270 regionem
2938 4242 2951 4265 ,
2996 4206 3117 4270 qius
3156 4204 3436 4261 Ticinum,
3479 4186 3841 4273 Ριαοςηίτξξτηίξί

2314 4260 2569 4347 magnam
2585 4260 2799 4342 partVem
2823 4260 3021 4347 Italiae;
3034 4288 3155 4341 qua:
3177 4290 3325 4347 nunc
3344 4260 3842 4347 Ιέράηρςζζᾷίαβίῇίξλῧ

2312 4332 2640 4417 possidebat.
2668 4348 2856 4413 Neque
2876 4332 3108 4399 veritate
3136 4344 3334 4400 nititur
3356 4336 3622 4397 Mathildis
3644 4332 3844 4389 domina-

2319 4416 2393 4471 tio
2428 4416 2627 4471 Ticini.
2670 4420 2832 4471 Mun.

2390 4467 2887 4557 (9—ld)lirgovejuti
2923 4487 3243 4554 vice-regina
3268 4480 3603 4557 Italicitjcgnj
3629 4467 3845 4557 ερηφξιξῖ

630 4532 827 4610 Ultima
868 4558 966 4609 tua;
992 4532 1507 4623 ρνίιηῖἠιὲὶὶέὲέὲεί
1535 4532 2199 4623 ῤ’όέίί-έῶἑιᾟίῖέςῖἆιὲιηίί.
2243 4532 2289 4594 Π
2322 4532 2470 4612 1αὲιὶ
2487 4532 3243 4612 ﬁaaao'ii‘taat'eamatgg;
3258 4532 3675 4623 ᾖῖἷιὲᾘῖιὰῖζςθᾴ-
3690 4550 3736 4599 et
3751 4544 3845 4623 ante

626 4626 841 4682 Videsis
862 4642 1030 4696 quam
1052 4628 1207 4695 longe
1225 4627 1385 4696 abeat
1410 4624 1479 4677 ab
1505 4624 1738 4696 aliorum
1760 4634 1942 4679 mente
1973 4626 2201 4696 Donizo,

625 4698 718 4765 qui
759 4695 942 4751 tamen
990 4697 1056 4751 iis
1086 4696 1218 4766 ipsis
1259 4695 1450 4750 diebus
1502 4696 1617 4750 haec
1658 4695 1851 4750 litteris
1880 4695 2194 4751 mandabat.

624 4768 729 4848 Sed
747 4777 801 4823 et
824 4770 1055 4848 alterum
1079 4766 1285 4848 accedit
1302 4766 1543 4848 stuporis
1565 4777 1967 4837 argumentum.
1996 4768 2199 4848 Pascha

623 4839 772 4893 enim
810 4837 1111 4893 secundum
1141 4838 1512 4909 chronologos
1555 4846 1605 4891 et
1634 4854 1871 4894 canones
1898 4840 2202 4909 cyclorum,

625 4926 770 4964 anno
808 4916 842 4964 4
870 4908 1060 4963 incidit
1097 4909 1154 4963 in
1181 4909 1324 4963 diem
1372 4908 1671 4963 secundam
1703 4908 1939 4979 Aprilis;
1988 4912 2204 4966 Donizo

625 4997 751 5036 vero
773 4980 829 5034 in
861 4980 1162 5035 Historiam
1196 4980 1333 5033 hanc
1360 4980 1707 5034 scribendam
1732 4982 1927 5036 eodem
1959 4992 2206 5051 tempore

624 5052 895 5119 intentus,
945 5067 1066 5106 eam
1106 5051 1395 5121 contigisse
1438 5052 1517 5104 ait
1560 5060 1837 5119 postremo
1877 5052 1960 5106 die
2002 5053 2201 5107 Martii.

622 5124 737 5177 Nisi
762 5132 877 5178 tam
907 5123 1142 5195 graviter
1171 5121 1262 5195 hic
1285 5122 1599 5195 impegisset
1616 5122 1849 5191 scriptor
1870 5131 2075 5186 noster,
2097 5124 2206 5195 _uti-

665 5211 729 5249 ue
750 5192 1074 5249 sententiam
1100 5193 1213 5261 ejus
1233 5192 1300 5245 de
1331 5192 1687 5262 coronatione
1719 5200 1934 5261 peracta
1967 5192 2203 5262 paschali

663 5266 709 5320 ie
730 5266 1020 5321 Dominico
1040 5260 1140 5333 ego
1168 5262 1389 5330 reliquis
1413 5260 1751 5333 praeferrem,
1776 5260 1981 5333 quippe
2001 5264 2045 5317 is
2058 5273 2207 5319 tanta

623 5338 888 5407 temporis
916 5344 969 5390 et
994 5332 1097 5407 loci
1124 5332 1402 5407 vicinitate
1431 5332 1657 5407 vixigfalli
1684 5332 2001 5407 credendus
2042 5333 2202 5389 foret.

628 5402 900 5465 Praeterea
927 5405 1051 5459 audi
1082 5404 1381 5473 Rogerium
1412 5402 1480 5457 de
1510 5402 1818 5467 Hoveden.,
1866 5414 2000 5472 part.
2038 5420 2060 5461 Ι
2098 5412 2205 5462 An-

626 5477 760 5541 nal.,
790 5476 881 5530 ubi
913 5476 1028 5531 hinc
1055 5476 1122 5530 de
1165 5473 1398 5535 Henrico
1429 5474 1591 5528 habet
1622 5493 1635 5526 :
1665 5476 1968 5530 Paschalem
2007 5494 2207 5547 papam

625 5550 789 5617 cepit,
836 5553 887 5601 et
934 5550 991 5600 in
1031 5548 1332 5617 custodiam
1362 5548 1588 5617 posuit,
1621 5547 1714 5601 sed
1756 5550 2093 5616 postmodum
2137 5550 2209 5601 ad

623 5615 850 5675 Pontem
876 5620 965 5672 via
992 5618 1231 5678 Salaria,
1281 5615 1371 5671 ubi
1412 5618 1718 5685 paschatlem
1758 5615 2107 5684 festivitatem
2150 5622 2210 5673 in

623 5707 809 5760 campo
826 5690 1242 5749 celebraverunt,
1270 5703 1453 5760 pacem
1481 5704 1598 5742 cum
1622 5706 1677 5744 eo
1698 5693 1851 5756 fecit.
1879 5692 2083 5746 Eodem
2112 5706 2213 5747 sae-

626 5758 755 5817 culo
775 5762 961 5817 ﬂoruit
985 5760 1276 5831 Rogerius.
1303 5758 1458 5815 Adde
1482 5760 1785 5816 Robertum
1813 5760 1882 5815 de
1906 5764 2114 5827 Monte,
2142 5763 2211 5817 ab

627 5833 805 5905 Hegio
836 5832 1147 5900 laudatum,
1187 5832 1315 5899 sive,
1351 5840 1411 5887 ut
1438 5831 1569 5887 mihi
1601 5833 1834 5901 videtur,
1867 5832 2211 5906 Sigebertum

2314 4628 2432 4683 haec
2460 4637 2709 4698 tempora
2738 4629 2845 4682 late
2883 4628 3170 4682 dominata
3205 4638 3288 4682 est
3324 4614 3845 4698 inclyta_m_u!iel‘,7“§l

2315 4677 3377 4771 sese;Et5g'h'agiaicag‘fggt“piget;
3391 4677 3739 4771 'ﬁaaqulphpé
3758 4677 3843 4771 ᾖ

2314 4759 2479 4826 Paulo
2524 4759 2899 4842 synchronus,
2945 4770 3102 4840 cujus
3147 4759 3463 4824 Chronicon
3500 4759 3850 4821 Mediolanense

2312 4842 2565 4897 dedimus
2592 4846 2718 4896 Rer.
2748 4842 2921 4896 Italic.
2956 4848 3091 4893 tom.
3124 4843 3214 4894 IV.
3247 4843 3417 4895 Mun.

2385 4919 2525 4978 (915)
2551 4914 2740 4967 Scribe
2767 4914 3019 4966 vocitavit
3048 4927 3178 4965 cum
3210 4927 3344 4967 mss.
3376 4906 3593 4963 nostris.
3624 4900 3769 4954 MUB.

2385 4990 2528 5049 (916)
2555 4985 2849 5039 Henricum
2876 4986 2966 5037 IV.
2998 4986 3157 5037 MUB.

2906 5031 3013 5125 ego
3021 5031 3392 5134 interpretor,
3409 5058 3569 5134 atque
3586 5031 3855 5134 magna:

2314 5112 2583 5181 rentiui'us
2612 5128 2662 5181 in
2715 5112 2970 5180 Monum?
3008 5112 3301 5179 comitissae
3346 5112 3604 5193 ejusdem.
3644 5112 3857 5193 Ajfamff

2314 5198 2639 5253 meminisse
2669 5196 2881 5268 juvabit
2918 5198 3217 5268 Marchiam
3249 5186 3471 5268 quotins

2316 5286 2345 5323 a
2382 5245 2958 5323 nonnullisJaccenseri
2991 5245 3287 5321 ditionibus
3313 5245 3460 5317 olim
3496 5259 3561 5313 ad
3590 5245 3856 5311 Mathildem

2316 5339 2706 5406 spectantibus.
2759 5341 2891 5393 Hac
2929 5346 3113 5392 autem
3157 5331 3511 5406 subsequenti
3553 5328 3731 5406 saltat-1}
3763 5325 3858 5406 εἷς)

2316 5394 2577 5475 Μανοὴία,
2605 5410 2765 5463 veluti
2793 5410 3245 5472 antonomastice,
3267 5394 3858 5476 appellata_cst-__Ye'j‘_‘_m

2318 5464 2481 5535 ῐιιιιιίε
2510 5464 2683 5535 ﬁrmis
2706 5480 2909 5535 tabulis
2929 5478 3103 5533 adhuc
3126 5464 3282 5534 didici
3302 5464 3628 5529 'lilathildim
3656 5464 3751 5519 illic
3773 5464 3859 5511 im-

2318 5567 2556 5632 perasse:
2588 5554 2728 5632 Imp,
2757 5552 2830 5606 uti
2862 5551 3139 5632 adnotavit
3158 5547 3457 5632 Pompeius
3483 5538 3858 5632 (30033352223:

2320 5605 2378 5677 in
2420 5622 2587 5693 Regia
2635 5605 2863 5687 Picena,
2904 5621 2971 5676 iis
3016 5605 3555 5693 ipsis_temporibus_
3587 5605 3859 5693 Ψαζζιῗξῖιξδ

2319 5672 2439 5819 ἐμ
2450 5672 3464 5765 ἷῖὲιῐανῖοῐὼἷὲεἰὸίιί’ἷιῐῖάόέηίὶιειωε
3482 5683 3641 5740 fuisse
3662 5672 3855 5730 videtur.

2384 5780 2420 5819 υ
2429 5781 2459 5819 n
2472 5806 2482 5818 .

2384 5780 2482 5819 UB.

2394 5841 2537 5901 (918)
2564 5835 2883 5891 Alemanna.
2929 5837 3089 5889 Lam.
