4010 6164
201 232 316 287 1029

196 355 343 410 Latro
370 354 567 411 latroni
609 356 759 412 dabit
797 358 1059 414 auxilium
1111 360 1263 430 quasi
1309 359 1480 430 proli;

196 448 369 504 Praedo
403 449 738 519 praedonem,
762 452 845 506 leo
866 452 1022 507 rodet
1047 460 1105 507 ut
1124 467 1219 507 ore
1238 452 1475 508 leonem.

191 543 286 597 Visi
327 559 477 598 nunc
508 544 701 612 ﬂores;
751 544 884 615 quid
912 554 1076 617 agent
1101 545 1430 617 quandoque
1486 546 1764 603 latrones?

194 638 454 692 Hactenus
480 653 547 692 en
590 637 719 693 vivit
746 637 988 708 prudens
1014 640 1295 695 comitissa
1327 639 1620 708 Mathildis,

193 730 285 785 Sed
298 730 464 785 nimis
482 730 762 786 inﬁrmam
780 734 1053 787 Baruncio
1067 749 1226 787 mons
1242 737 1296 799 (9
1309 740 1321 787 I
1335 738 1389 801 9)
1404 743 1552 789 tenet
1565 734 1760 805 ipsam.

132 848 137 853 ο
194 823 409 878 Pullulat
433 822 561 879 hinc
589 824 798 893 lolium,
819 834 1059 896 segetem
1085 825 1320 881 suffocat
1343 826 1619 898 iniquum,

188 916 429 987 Undique
474 916 668 973 funesti
708 928 1045 974 concurrunt
1073 929 1237 991 atque
1286 920 1550 991 protervi;

192 1009 505 1065 Defunctam
534 1010 737 1066 dictam
766 1026 931 1083 supra
964 1012 1208 1068 referunt
1257 1014 1621 1069 comitissam.

188 1106 296 1159 Hoc
330 1105 561 1159 verbum
585 1104 814 1159 credunt
843 1106 989 1161 cives
1014 1122 1152 1177 quos
1178 1109 1403 1162 Mantua
1438 1122 1627 1162 secum

186 1200 397 1269 Semper
423 1197 622 1252 habere
664 1198 834 1265 solet,
860 1214 991 1253 mox
1024 1200 1259 1269 priscam
1293 1200 1659 1271 proditionem

186 1292 259 1346 Ut
273 1299 530 1345 renovent
546 1298 801 1357 tractant,
821 1292 1113 1363 exquirunt
1130 1302 1295 1364 atque
1306 1293 1374 1348 Ri
1381 1294 1586 1364 paltam
1599 1297 1765 1359 (920).

194 1384 350 1455 Cujus
392 1384 645 1439 custodes
672 1385 903 1455 perculsi
934 1386 1135 1456 quippe
1158 1386 1379 1454 timore,

186 1478 262 1531 De
306 1477 534 1547 propriae
558 1476 713 1532 valde
741 1477 981 1533 dominae
1006 1478 1113 1533 vita
1138 1479 1451 1535 dubitantes
1467 1520 1481 1546 ,

186 1572 351 1641 Seque
377 1586 502 1625 suas
520 1571 722 1641 proles,
742 1571 836 1627 sed
851 1588 964 1627 non
986 1558 1171 1627 tamen
1195 1573 1399 1644 absque
1414 1582 1626 1639 tenore,

188 1664 262 1718 Ad
292 1664 477 1735 populi
523 1674 713 1719 votum
758 1665 1002 1720 subdunt
1038 1674 1280 1720 castrum
1310 1681 1527 1736 quoque
1566 1673 1766 1720 totum.

182 1756 302 1811 Tale
327 1756 431 1811 fuit
458 1755 664 1823 foedus,
688 1758 735 1811 si
762 1757 883 1812 viva
914 1758 1191 1814 Mathildis
1220 1759 1475 1826 habetur,

186 1851 298 1904 Non
320 1849 580 1905 adversus
602 1865 723 1906 eam
751 1859 997 1906 castrum
1025 1851 1261 1907 retinere
1300 1852 1573 1908 volebant.

182 1943 279 1999 Sed
302 1944 467 1999 nimis
511 1944 721 2015 absque
750 1944 852 2000 ﬁde
882 1954 1011 1999 sunt
1035 1946 1121 2000 usi
1169 1945 1348 2001 vivere
1371 1947 1549 2013 cives;

184 2039 321 2092 Nam
358 2038 459 2092 sub
509 2053 566 2092 se
607 2046 851 2093 castrum
902 2047 1193 2110 potsquam
1221 2039 1401 2095 videre
1457 2038 1761 2105 redactum,

176 2132 329 2187 Clam
357 2132 497 2186 male
530 2130 833 2202 disponunt
862 2132 1044 2203 ipsum
1073 2132 1401 2188 comburere
1419 2140 1623 2187 totum.

181 2227 391 2279 Interea
424 2224 661 2295 prudens
695 2225 890 2295 praesul
924 2223 1241 2280 Manfredus
1270 2230 1413 2292 (92l)
1462 2225 1532 2281 ad
1560 2224 1768 2281 urbem

180 2317 356 2383 Venit,
390 2317 536 2389 quod
567 2318 739 2373 vivam
759 2318 988 2385 dimisit,
1034 2319 1130 2385 ait,
1149 2319 1514 2374 comitissam.

184 2410 270 2466 Ad
297 2410 455 2482 cujus
483 2410 690 2466 dictum
740 2412 975 2482 populus
1020 2419 1334 2466 commotus
1370 2412 1426 2465 in
1456 2412 1663 2483 ipsum,

182 2507 337 2560 Esset
378 2504 437 2559 ni
462 2504 660 2572 clarus,
689 2505 757 2560 de
786 2504 979 2577 grandi
1004 2504 1174 2575 stirpe
1221 2513 1457 2572 creatus,

182 2598 358 2654 Credo
382 2614 579 2653 manus
606 2598 663 2653 in
690 2613 817 2653 eum
848 2598 1149 2663 misissent,
1185 2598 1277 2653 sed
1305 2598 1554 2653 timuere.

179 2693 305 2747 Non
342 2691 510 2746 timor
544 2690 645 2746 hos
684 2693 830 2763 regis
857 2691 1098 2759 cohibet,
1149 2690 1330 2746 foedus
1357 2706 1535 2763 neque
1577 2689 1771 2761 gentis.

180 2787 456 2852 Castrum,
488 2800 589 2839 ceu
612 2784 821 2839 dudum
842 2784 1157 2855 cupiebant,
1192 2782 1437 2839 funditus
1468 2791 1667 2851 urunt;

184 2875 507 2949 Effringunt
530 2885 729 2944 turres,
760 2876 963 2949 lapides
992 2885 1281 2948 portantur
1331 2876 1402 2932 ad
1451 2878 1666 2931 urbem.

182 2976 283 3027 Per
312 2986 562 3025 mensem
589 2973 734 3039 (922)
762 2970 1031 3025 damnum
1053 2971 1228 3026 scelus
1270 2970 1375 3026 hoc
1400 2986 1513 3025 non
1544 2971 1604 3024 ﬁt
1627 2979 1777 3041 pate-

180 3065 426 3119 lnﬁrmae
450 3064 693 3119 dominae
720 3064 880 3119 ﬁeret
906 3079 974 3118 ne
998 3079 1160 3119 causa
1184 3065 1372 3119 ruinae.
1486 3067 1504 3131 [
1546 3062 1775 3118 factum.

180 3157 392 3212 Mensis
418 3165 535 3212 erat
560 3167 744 3213 sextus
770 3158 933 3211 nimis
980 3158 1033 3211 in
1074 3173 1183 3228 quo
1223 3156 1435 3227 proﬁcit
1478 3165 1668 3224 aestus,

176 3252 283 3306 Vix
312 3249 412 3306 sed
440 3260 661 3306 sanatur
714 3251 1071 3306 sustentatrix
1097 3250 1419 3317 viduarum,
1634 3250 1641 3251 ⁷

177 3348 320 3418 Quae
367 3344 567 3416 degant
592 3352 755 3400 castae
778 3345 928 3415 (923)
968 3344 1310 3400 comitissam
1339 3344 1514 3400 vivere
1537 3351 1777 3415 captent,

176 3437 443 3493 Rusticus
484 3446 646 3509 atque
675 3452 844 3492 manu
872 3437 1134 3493 sulcando
1174 3436 1341 3492 ducat
1371 3445 1634 3503 aratrum,

176 3533 399 3585 Tauros
421 3536 584 3601 atque
613 3530 821 3597 domet,
854 3540 1059 3601 pascat,
1081 3538 1309 3602 tuteque
1333 3529 1563 3595 laboret,

174 3626 385 3694 Carpat
412 3624 512 3678 iter
538 3632 739 3691 tutum,
770 3626 954 3680 vivens
975 3624 1112 3690 haec,
1140 3632 1301 3695 atque
1330 3623 1529 3679 viator.

177 3716 414 3773 Eridani
445 3726 620 3772 cesset
647 3718 885 3787 piratam
912 3726 1077 3772 nauta
1106 3717 1319 3785 timere,

173 3815 525 3866 Praesentem
572 3810 738 3865 vitam
766 3810 943 3866 donec
973 3809 1174 3867 fruitur
1196 3810 1495 3867 comitissa.

167 3907 321 3974 Quae
354 3903 489 3958 dum
512 3903 616 3958 scit
633 3912 899 3975 quantum
949 3904 1051 3959 sibi
1075 3903 1209 3959 fecit
1235 3906 1453 3959 Mantua
1489 3903 1781 3970 damnum,

170 3998 332 4053 Dicit
358 4014 373 4051 :
395 3996 567 4052 Adest
580 4007 792 4052 certum
816 4006 1001 4069 pereat
1024 4013 1136 4068 quo
1157 4000 1381 4052 Mantua
1395 4005 1642 4068 tempus;

166 4090 452 4147 Offensas
482 4090 627 4145 diras
672 4091 800 4146 urbs
838 4090 1155 4145 emendabit
1183 4090 1387 4161 iniqua.

173 4187 449 4241 Scutatas
498 4192 690 4255 gentes
719 4183 984 4255 disponit,
1016 4192 1069 4239 et
1105 4183 1489 4251 arcitenentes,

253 4336 411 4413 (919)
441 4335 599 4414 unc
620 4338 795 4414 monte
821 4336 1177 4414 Baranzone,_
1188 4333 1413 4414 inagro,
1436 4332 1790 4414 etnmontibus

164 4404 789 4476 Mutinensibusiultra
830 4415 1077 4476 montem
1140 4404 1432 4459 Zibinium.
1480 4408 1784 4476 Supersunt

162 4476 378 4531 adhuc
403 4475 682 4531 nonnulla?
706 4475 905 4530 chartae
928 4474 1291 4531 donationum
1321 4494 1349 4530 a
1380 4474 1643 4531 Mathilde
1672 4476 1780 4531 illic

162 4546 465 4603 factarum
490 4548 631 4617 apud
654 4546 1015 4616 Silingardum
1039 4556 1093 4600 et
1113 4548 1485 4604 Bacchinium.
1510 4550 1667 4603 Mun.

259 4622 419 4685 (920)
460 4620 718 4672 Vetustus
740 4626 932 4671 auctor
962 4619 1242 4687 Epitomes
1288 4634 1391 4673 ms.
1429 4620 1666 4674 Estensis
1690 4634 1786 4688 ap-

164 4691 359 4760 pellat
401 4696 601 4743 terram
645 4690 883 4758 Ripath
928 4690 993 4742 de
1021 4692 1325 4758 episcopatu
1366 4691 1621 4745 Mantuae.
1661 4690 1785 4743 Lei-

168 4762 473 4815 bnitianus
496 4762 827 4829 epitomator
888 4762 1161 4829 Ripaltam
1214 4763 1497 4815 comitissce
1536 4762 1786 4817 Castrum

159 4834 357 4888 tertio
388 4831 454 4903 ab
480 4833 866 4903 urbeMantuce
886 4833 1145 4884 milliaria
1170 4832 1398 4885 distans.
1428 4831 1568 4887 Vide
1596 4848 1783 4903 supra,

156 4919 302 4973 cap.
330 4910 369 4957 4
403 4902 567 4972 hujus
592 4902 734 4957 libri.
766 4905 926 4957 Mus.

248 4978 415 5039 (921)
448 4974 666 5028 Scilicet
693 4974 976 5043 episcOpus
1002 4974 1353 5029 Mantuanus.
1384 4976 1547 5029 Mun.

245 5044 414 5113 (922)
448 5049 507 5099 In
531 5044 650 5099 cod.
677 5044 923 5115 Regien.,
957 5049 1320 5099 Parmensem.
1354 5045 1461 5100 Sed
1503 5043 1789 5099 retinenda

158 5118 345 5187 prior
384 5115 561 5187 lectio.
597 5117 753 5171 Mun.

250 5188 414 5257 (923)
446 5185 582 5243 Cod.
614 5188 870 5257 Regien.,
901 5202 1024 5255 qum
1069 5187 1269 5257 degant
1304 5193 1485 5243 castra.
1527 5187 1665 5254 Quae
1698 5202 1790 5242 se-

151 5266 439 5331 quuntur
502 5258 741 5313 tenebris
778 5259 1075 5325 abundant,
1107 5274 1299 5328 nempe
1348 5262 1667 5313 comitissam
1708 5260 1789 5331 ci-

150 5330 303 5385 uere
324 5333 565 5399 captent.
606 5333 742 5384 Puto
766 5338 1088 5399 usurpatum
1118 5336 1333 5398 captent
1364 5346 1460 5400 pro
1482 5336 1680 5399 optent.
1702 5330 1789 5384 Sic

150 5401 326 5457 infra
355 5401 598 5454 occurrit
620 5404 800 5454 vivens
830 5402 959 5467 hwc,
994 5400 1274 5455 Prisciano
1315 5402 1663 5468 reclamante,
1693 5416 1790 5471 pro

154 5476 409 5529 vivente
428 5472 546 5526 hac.
568 5474 721 5527 Mun.

245 5543 664 5615 (924)AAlludit
713 5542 785 5597 ad
827 5541 1038 5615 Virgilii
1078 5559 1265 5599 versus
1317 5542 1525 5599 Eneid.
1577 5542 1675 5604 lib.
1727 5558 1785 5598 x.

152 5631 329 5689 quos
362 5612 565 5669 referre
582 5631 718 5685 opus
740 5622 823 5669 est
846 5634 859 5670 :

335 5705 571 5758 Mantua
591 5704 737 5757 dives
759 5719 824 5757 ιιυ
833 5706 897 5769 is,
920 5704 1012 5758 sed
1030 5720 1136 5759 non
1153 5717 1320 5772 genus
1344 5704 1587 5760 omnibus
1602 5719 1788 5766 unum,

339 5773 484 5830 Gens
516 5774 603 5828 illi
626 5775 847 5843 mpm,
870 5781 975 5829 etc.
1720 5790 1724 5795 ·

1081 200 1367 291 ΑΡΡιηΞΝι).
1410 236 1497 290 ιιι.
1538 265 1607 278 -
1643 234 2063 294 MONUMENTA
2102 238 2565 295 GREGORIANA.

3334 246 3471 299 1030

1792 368 1845 429 Α
1872 363 2057 419 Celsas
2082 380 2145 419 ac
2193 380 2397 436 puppes
2427 371 2667 419 armatas
2697 362 2839 417 hanc
2868 378 3030 434 super
3059 365 3272 432 urbem,

1870 460 2017 512 Dum
2060 474 2199 513 nova
2259 458 2401 513 ﬁunt
2441 458 2559 513 haec
2605 456 2785 513 subito
2836 457 3057 528 vulgata
3107 474 3205 529 per
3248 460 3465 529 urbem,

1869 551 2020 605 Urbs
2071 551 2261 606 avibus
2306 551 2458 606 dives
2491 554 2657 620 (924),
2694 549 2839 623 degit
2871 550 2967 606 sed
2991 566 3124 622 gens
3154 551 3230 607 ibi
3260 554 3473 624 triplex,

1870 644 2040 699 Ocius
2081 644 2367 715 explorant
2403 644 2529 715 quid
2560 652 2743 715 agant,
2775 644 2933 699 simul
2974 652 3137 715 atque
3190 645 3466 712 laborant,

1871 736 2085 791 Bellum
2115 736 2256 791 ferre
2293 736 2442 800 libet,
2470 753 2591 807 pars
2623 737 2877 809 quaedam
2908 737 3038 791 dicit
3073 738 3257 808 inique

1872 831 2064 885 Noctis
2084 846 2188 885 nos
2208 846 2335 884 usos
2366 835 2513 897 (925)
2548 830 2667 884 fore
2697 839 2782 884 sat
2807 829 3099 885 defendere
3120 847 3325 887 muros.

1871 923 2168 995 Pauperior
2208 922 2457 995 quaedam
2486 939 2543 978 se
2584 939 2806 994 pergere
2836 939 2959 993 pars
2989 923 3067 977 ait
3104 933 3279 981 extra.

1871 1017 2022 1071 Talia
2043 1016 2317 1088 jactantes
2344 1016 2530 1083 dictis,
2554 1032 2617 1071 ac
2646 1016 2807 1071 stulta
2838 1024 3113 1086 putantes,

1876 1113 2003 1165 Pars
2035 1110 2228 1165 melior
2255 1110 2453 1179 surgit,
2480 1110 2710 1180 juvenes
2736 1108 2938 1163 affatur
2960 1118 3012 1163 et
3046 1109 3210 1164 urbes
3268 1114 3415 1179 (9‘26)
3453 1131 3463 1165 2

1874 1206 1987 1259 Vos
2011 1203 2171 1273 juvat
2204 1208 2373 1269 (927),
2418 1219 2450 1257 ο
2482 1203 2653 1273 pueri,
2704 1211 2859 1272 rapto
2900 1218 2998 1257 ceu
3032 1202 3213 1258 vivere
3240 1203 3475 1274 praedis?

1875 1296 1981 1352 Sed
2006 1296 2231 1367 pudeat,
2266 1297 2442 1366 pueri,
2477 1313 2591 1351 non
2618 1294 2905 1351 obsidione
2924 1295 3119 1362 teneri,

1876 1389 2268 1459 Advenanvult
2308 1391 2465 1445 miles
2509 1398 2724 1444 nostras
2748 1384 2989 1444 incidere
3032 1390 3191 1456 vites,

1876 1484 1923 1538 Ο
1957 1483 2186 1554 juvenes
2217 1481 2420 1551 fortes,
2464 1481 2640 1553 fugiat
2692 1482 2967 1537 discordia
3002 1482 3187 1553 longe!

1876 1577 2007 1630 Pars
2036 1585 2124 1630 eat
2155 1575 2223 1630 ad
2274 1576 2491 1631 veniam
2544 1586 2865 1630 nostrorum
2908 1593 2922 1630 :
2980 1575 3251 1645 supplicet
3303 1575 3476 1642 illam,

1878 1671 1995 1724 Nos
2016 1669 2242 1723 omnino
2261 1668 2419 1724 decet
2442 1669 2526 1724 cui
2551 1668 2728 1723 laetius
2757 1684 2873 1723 esse
2905 1667 3115 1722 ﬁdeles.

1795 1760 1843 1821 B
1876 1764 2009 1817 Haec
2038 1778 2160 1833 pars
2195 1761 2491 1817 exhortans
2534 1761 2759 1827 melior;
2803 1760 3097 1816 fortissima
3127 1762 3296 1816 corda

1874 1856 2197 1910 Mollescunt
2228 1852 2534 1925 juvenum:
2565 1855 2689 1909 vicit
2738 1854 3033 1909 concordia
3066 1854 3315 1908 demum.

1873 1949 2159 2003 Accedunt
2188 1948 2391 2013 timide,
2424 1956 2656 2019 poscunt
2689 1948 2903 2002 veniam
2933 1947 3257 2003 comitissae:

1875 2042 1969 2096 Illa
1994 2043 2112 2097 solo
2156 2042 2294 2096 ﬁxos
2346 2041 2535 2096 oculos
2578 2056 2768 2095 aversa
2804 2039 3051 2107 tenebat,

1877 2138 2002 2190 Non
2050 2134 2241 2190 audire
2277 2150 2462 2205 preces
2500 2134 2639 2188 tales
2662 2133 2888 2188 omnino
2917 2132 3159 2188 volebat.

1878 2228 2029 2283 Missi
2072 2228 2317 2283 lenibant
2373 2228 2619 2282 animum
2650 2228 2792 2282 sicut
2827 2226 2933 2282 sibi
2968 2226 3241 2297 quibant:

1877 2324 2107 2377 Nostras
2158 2320 2394 2375 offensas
2421 2322 2604 2388 nobis,
2639 2334 2903 2392 generosa
2936 2328 3195 2389 potestas,

1878 2415 2225 2483 Quaesumus,
2249 2414 2491 2484 indulge,
2521 2423 2770 2469 nostram
2798 2413 2897 2467 tibi
2920 2412 3219 2484 pandimus
3258 2412 3477 2479 urbem,

1876 2508 2085 2562 Cuncta
2141 2507 2240 2560 tibi
2283 2506 2436 2577 juret
2493 2506 2668 2576 plebs,
2718 2522 2843 2578 qua:
2896 2515 3145 2560 versatur
3195 2506 3255 2560 in
3326 2506 3480 2559 urbe.

1878 2600 2054 2655 Dictis
2093 2600 2326 2654 istorum
2382 2600 2586 2669 pariter
2634 2612 3033 2669 procerumque
3067 2614 3293 2653 suorum

1882 2694 1984 2747 Vix
2012 2692 2166 2748 dedit
2222 2707 2525 2746 assensum.
2568 2692 2712 2759 Quin
2738 2691 2869 2745 urbs
2898 2689 3064 2745 affert
3091 2691 3195 2745 sibi
3225 2706 3476 2757 censum,

1884 2790 2062 2857 Atque
2091 2793 2491 2840 sacramentum
2521 2783 2785 2838 minimus
2814 2784 3161 2854 p0pu|usque
3209 2772 3481 2853 superbus

1886 2878 2037 2933 Fecit
2067 2878 2119 2932 in
2158 2878 2291 2933 urbe
2339 2877 2472 2947 sibi;
2509 2876 2632 2931 facti
2661 2884 2789 2931 sunt
2816 2876 2934 2946 ejus
2964 2875 3151 2943 amici,

1888 2978 2066 3043 Atque
2096 2971 2263 3025 velint
2290 2970 2493 3035 nolint,
2523 2969 2669 3023 soliti
2694 2968 2914 3023 fuerant
2941 2969 3085 3023 velut
3114 2968 3269 3022 olim.

1888 3067 2009 3120 Hoc
2039 3065 2243 3120 etenim
2298 3073 2515 3136 pactum
2538 3062 2784 3117 Bundeni
2819 3064 2964 3130 (928)
3002 3062 3250 3116 noscitur
3275 3068 3478 3115 actum.

1885 3162 2039 3214 Tunc
2062 3166 2179 3212 erat
2223 3159 2484 3223 October,
2516 3172 2683 3227 prope
2719 3156 2883 3210 ﬁnem
2914 3163 3157 3209 currerat
3204 3169 3377 3224 usque

1886 3254 2191 3322 Computus
2214 3266 2486 3305 annorum
2509 3248 2731 3315 Christi,
2781 3257 2996 3303 texatur
3023 3253 3167 3312 (929)
3202 3255 3257 3302 et
3287 3246 3486 3301 horum

1888 3345 2138 3414 Quatuor
2163 3352 2330 3416 atque
2356 3342 2780 3411 decemcentum
2804 3357 3024 3413 quoque
3041 3341 3191 3396 mille
3202 3338 3485 3395 recedunt.

2499 3444 2743 3500 CAPUT
2765 3444 2902 3497 ΧΧ.

1893 3545 2045 3614 Quod
2062 3560 2188 3614 erga
2211 3545 2310 3599 Dei
2324 3544 2527 3599 cultum
2554 3543 2772 3680 dgmi‘na
2794 3540 3081 3595 Mathildis
3121 3540 3491 3596 intentissima

2630 3629 2689 3666 ui
2720 3654 2733 3666 .

2630 3629 2713 3666 ιιῑι
2720 3654 2733 3666 .

1907 3718 2105 3774 Fualma
2144 3719 2289 3774 velut
2317 3717 2517 3772 ﬂorens
2563 3713 2843 3771 Mathildis
2874 3713 3040 3785 pollet
3067 3711 3308 3779 honore,

1908 3823 2123 3870 wamos
2152 3821 2207 3867 et
2244 3811 2467 3867 frondes
2513 3825 2612 3865 cen
2650 3816 2868 3879 tempus
2912 3808 3086 3877 palma
3141 3822 3238 3878 per
3305 3822 3489 3871 omne,

1910 3919 1999 3963 rex
2015 3914 2134 3961 toto
2154 3914 2332 3961 servat
2352 3904 2548 3959 virides
2571 3902 2737 3957 nimis
2754 3901 2901 3973 intus
2922 3909 2977 3955 et
3005 3907 3155 3955 extra
3188 3918 3203 3955 :

1912 4001 2020 4055 mic
2047 4000 2194 4070 viget
2224 3998 2390 4069 hujus
2419 3997 2616 4062 honor,
2655 4010 2724 4049 ne
2748 3994 2989 4061 deﬁciat,
3018 3997 3187 4061 Deus,
3225 4008 3344 4049 oro.

1909 4094 2131 4165 wajulat
2155 4092 2275 4147 haec
2304 4105 2516 4161 parvos,
2574 4089 2764 4158 inopes
2802 4094 3075 4143 sustentat
3104 4094 3160 4141 et
3184 4086 3345 4153 altos,

1912 4194 2050 4243 ..διδ
2078 4183 2390 4241 sacerdotes
2426 4182 2495 4238 de
2537 4180 2739 4237 Christi
2770 4186 2919 4249 (930)
2946 4179 3114 4235 vincit
3140 4194 3347 4245 amore,

1900 4330 2177 4400 Appellata
2203 4343 2334 4398 ergo
2362 4330 2591 4400 Mantua
2608 4326 2922 4400 divesapis,
2940 4322 3173 4400 _hoc_est
3220 4322 3492 4400 majorum

1892 4392 2061 4473 gloria
2089 4392 2350 4470 perquam
2386 4396 2630 4473 illustris.
2660 4402 2731 4450 At
2757 4393 2910 4473 illico
2940 4392 3283 4473 Donizonem
3308 4392 3494 4473 rideas

1891 4463 2217 4541 (vicibus'pro'
2232 4473 2346 4524 avis
2385 4467 2734 4524 scribentem.
2757 4467 2959 4519 Verum
2991 4463 3095 4518 hoc
3122 4463 3212 4517 ille
3230 4463 3491 4541 consulto

1893 4543 2042 4606 fecit,
2070 4534 2131 4598 ut
2149 4543 2447 4597 subsannet
2481 4543 2786 4603 Mantuam,
2815 4551 2979 4607 quam
3001 4550 3109 4609 non
3135 4534 3368 4609 amplius
3404 4535 3495 4589 di-

1892 4618 2052 4669 vitem
2079 4616 2214 4674 avis,
2241 4613 2337 4667 sed
2366 4613 2555 4665 avibus
2578 4610 2801 4665 divitem
2826 4606 2999 4661 vocat.
3022 4606 3292 4660 Fortassis
3307 4614 3492 4661 autem

1894 4696 1948 4740 et
1976 4686 2082 4741 alia
2111 4684 2199 4739 illa
2251 4684 2408 4737 verba
2429 4699 2554 4749 gens
2587 4683 2667 4735 ibi
2686 4680 2913 4749 triplex,
2946 4678 3054 4731 alio
3075 4677 3273 4749 accipit
3299 4692 3489 4749 sensu.

1902 4759 2025 4812 Hoc
2051 4764 2133 4810 est
2161 4762 2317 4810 erant
2346 4748 2541 4822 ibi’qui
2572 4748 2777 4805 bellum
2802 4750 3127 4822 suadebant,
3172 4748 3272 4822 qui
3294 4748 3496 4819 impro-

1900 4828 2118 4892 babant,
2167 4826 2261 4896 qui
2295 4825 2414 4878 urbi
2443 4821 2501 4877 se
2533 4821 3177 4896 valedicturosiaiebant.
3223 4821 3381 4875 Man.

1968 4900 2109 4970 (925)
2132 4892 2359 4970 Codices
2372 4894 2556 4970 nostri
2569 4893 2867 4970 praeferunt
2886 4894 3085 4947 Hostis.
3115 4892 3273 4946 Mun.

1964 4962 2112 5037 (926)
2143 4967 2361 5037 Corrige
2389 4973 2438 5020 et
2470 4962 2639 5026 urbis,
2671 4979 2828 5018 sensu
2861 4971 3117 5032 poscente
3172 4973 3225 5017 et
3288 4962 3494 5017 nostris
3538 5004 3541 5005 ν

1895 5041 2174 5096 codicibus
2196 5038 2340 5093 idem
2371 5037 2719 5092 testantibus.
2752 5038 2917 5090 Mun.

1968 5112 2111 5181 (927)
2134 5110 2331 5181 Accipe
2350 5107 2631 5181 quomodo
2662 5108 2780 5162 haec
2800 5107 3101 5161 habeantur
3136 5103 3191 5157 in
3221 5103 3348 5160 cod.
3378 5107 3490 5159 Re-

1898 5179 2068 5255 gien.,
2113 5197 2226 5237 uno
2274 5180 2351 5236 ibi
2380 5179 2569 5235 addito
2620 5193 2815 5233 versu:

2046 5301 2148 5353 Vos
2182 5298 2361 5367 juvat,
2406 5313 2434 5349 ο
2452 5297 2630 5365 pueri,
2663 5310 2756 5348 nos
2786 5292 3061 5367 obsidione
3090 5290 3298 5367 teneri

2050 5371 2150 5424 Vos
2183 5362 2372 5437 'juvat,
2396 5384 2424 5421 0
2442 5362 2617 5435 pueri,
2639 5371 2803 5437 rapto
2822 5380 2927 5437 seu,
2944 5365 3122 5415 vivere
3141 5362 3391 5437 praedis?

2041 5440 2146 5495 Sed
2165 5434 2397 5508 pudeat,
2417 5434 2595 5507 pueri,
2638 5452 2735 5490 nos
2756 5434 3027 5490 obsidione
3090 5435 3274 5488 teneri.
3332 5437 3493 5489 Mus.

1972 5560 2116 5623 (928)
2151 5557 2229 5609 De
2258 5570 2369 5625 quo
2415 5567 2556 5625 pago
2594 5550 2735 5625 infra
2766 5548 2869 5625 erit
2899 5562 3104 5614 sermo,
3135 5564 3259 5625 cum
3280 5548 3351 5625 ib_i
3370 5550 3496 5625 Ma-

1900 5618 2107 5684 thildis'
2134 5618 2434 5680 comitissa'
2459 5618 2719 5676 humanis
2767 5618 2929 5671 rebus
2963 5620 3283 5675 excesserit.
3332 5623 3492 5673 Mun.

1975 5701 2119 5768 (929)
2182 5698 2299 5753 Imo
2336 5696 2394 5768 in
2441 5691 2648 5768 nostris
2695 5686 3269 5768 codicibus-tamtum
3300 5692 3457 5746 Mun.

1973 5756 2115 5842 (930)
2151 5769 2211 5826 ιιι
2242 5774 2324 5826 est
2341 5765 2575 5820 devincit
2597 5775 2782 5817 amore
2802 5756 3024 5812 Christi.
3058 5759 3218 5816 Mun.
