4052 6180
486 272 489 275 ’
561 297 693 351 ιοθι

571 430 852 493 v-aempore
888 428 1159 476 nocturno
1182 415 1482 473 studiosius
1511 422 1676 486 atque
1716 413 1910 469 diurno

574 522 683 568 trist
711 515 881 569 sacris
910 512 1137 583 psalmis
1165 526 1230 566 ac
1256 508 1453 565 ofﬁciis
1480 506 1802 564 venerandis

573 607 881 677 welligione
929 604 1040 675 pia,
1094 604 1227 659 satis
1269 604 1385 659 haec
1430 602 1638 656 intenta
1671 599 1866 671 perita.

573 706 802 761 maerent
836 711 1054 767 semper
1098 697 1149 752 ei
1179 697 1453 767 sapientes
1493 693 1733 749 maxime
1762 692 1916 757 cleri,

571 790 835 847 <estibus
879 798 934 845 et
953 790 1091 845 vasis
1123 789 1373 860 pretiosis
1397 789 1506 844 rite
1534 786 1760 843 sacratis

572 883 772 943 zullus
810 898 872 937 ea
916 883 1114 955 praesul
1162 882 1462 938 studiosior
1504 881 1832 936 invenietur.

572 976 755 1048 copia
790 977 1056 1032 librorum
1085 992 1200 1031 non
1230 975 1430 1031 defecit
1448 976 1592 1043 (93l)
1621 973 1816 1027 buicve
1857 969 2155 1025 bonorum.

574 1069 783 1129 r‘ibros
820 1085 885 1125 ex
929 1070 1138 1125 cunctis
1167 1070 1329 1124 habet
1356 1068 1566 1124 artibus
1608 1076 1772 1136 atque
1804 1063 2015 1136 ﬁguris.

575 1179 908 1218 v-mmemor
933 1172 1016 1218 est
1042 1179 1325 1234 nunquam
1348 1177 1561 1217 servare
1580 1167 1778 1215 statuta
1795 1155 2052 1213 secunda.

577 1256 733 1310 wella
764 1258 868 1312 Dei
900 1257 1097 1329 gessit;
1130 1257 1321 1311 victrix
1347 1256 1418 1311 ob
1448 1254 1503 1310 id
1533 1261 1712 1309 exstat
1734 1250 1977 1307 inermis.

576 1357 699 1405 wex
723 1352 895 1419 (932),
936 1348 1203 1421 paradise,
1230 1365 1359 1404 suas
1383 1348 1588 1403 sanctis
1618 1362 1717 1418 pro
1747 1354 1800 1400 te
1828 1344 1962 1399 dare
1982 1348 2156 1403 curat,

578 1451 726 1501 <ota
762 1442 848 1498 sui
871 1443 1049 1499 cordis
1086 1443 1209 1500 coeli
1238 1443 1509 1513 complete
1532 1439 1750 1496 coloni:

577 1537 813 1591 Zaxime
836 1544 897 1591 tu
926 1537 1176 1608 princeps
1201 1540 1381 1601 Petre,
1408 1534 1493 1591 cui
1519 1550 1617 1590 sua
1644 1539 1837 1588 cuncta
1869 1532 2016 1599 (933)
2050 1532 2159 1595 ξτε-

1868 1624 1881 1696 [
1912 1622 2087 1695 liquit.

577 1723 866 1782 Haluctibus
890 1723 1156 1794 impulsus
1186 1723 1358 1793 ponti,
1389 1737 1657 1792 saccoque
1678 1719 1945 1783 reclusus,

578 1818 705 1874 v-lle
732 1816 925 1873 beatus
944 1816 1026 1872 vir
1052 1818 1325 1889 levitaque
1345 1816 1610 1872 Casarius
1638 1817 1785 1883 (934)
1804 1812 1873 1868 sit

578 1910 912 1971 Zullatenus
940 1910 1157 1979 tardus,
1179 1910 1277 1965 sed
1306 1910 1378 1965 sit
1410 1907 1851 1980 promptissimus
1874 1905 2053 1959 almus

581 2003 796 2066 ><hristi
840 2002 1123 2059 clementis
1148 2003 1439 2075 rogitator,
1478 2010 1539 2057 ut
1563 2002 1667 2055 ista
1701 1999 1953 2070 supernis

584 2112 677 2151 -η
716 2096 973 2151 domibus
997 2097 1157 2161 vivat,
1187 2096 1395 2151 baratri
1422 2111 1522 2150 nec
1547 2095 1747 2150 sentiat
1776 2094 1951 2156 iram;

583 2189 835 2259 r-lempla,
873 2188 1200 2255 sacerdotes,
1226 2188 1413 2243 levitas
1452 2189 1567 2259 ipsa
1596 2188 1821 2243 decorat
1847 2186 1989 2257 (935)

586 2282 837 2353 Zartyris
874 2282 1060 2349 istius,
1086 2282 1319 2351 coepisse
1344 2280 1494 2351 quod
1525 2281 1730 2351 optime
1761 2279 1953 2334 scitur.

588 2376 746 2440 olim
770 2375 887 2447 jam
923 2376 1077 2445 plene
1104 2371 1239 2428 facit
1274 2374 1571 2429 ecclesiam
1602 2374 1841 2428 renitere
1867 2394 1880 2429 :

589 2481 737 2529 2am
765 2467 901 2522 cluit
921 2482 988 2522 ex
1016 2482 1173 2534 auro,
1203 2466 1335 2522 aluit
1364 2476 1702 2539 argentoque
1729 2465 1951 2531 decoro,

592 2561 825 2633 >mplas
853 2560 973 2632 ejus
998 2565 1143 2626 (936)
1172 2569 1365 2628 terras,
1398 2561 1584 2628 libros,
1617 2568 1671 2615 et
1699 2558 2166 2630 pallia,gemmas,

592 2654 873 2720 contulit,
904 2653 1162 2709 ecclesias
1188 2654 1291 2709 scit
1307 2654 1425 2725 jam
1452 2653 1834 2709 transcendere
1866 2651 2089 2723 primas.

587 2746 772 2820 mujus
798 2762 936 2818 opus
955 2762 1111 2801 musa
1138 2747 1217 2802 sic
1246 2755 1326 2801 est
1349 2747 1620 2804 Canusina
1648 2748 1831 2802 locuta
1867 2765 1880 2798 :
2045 2742 2054 2751 ⁸

588 2849 891 2911 czsquequo
919 2838 1156 2895 mundus
1182 2840 1304 2908 erit,
1332 2840 1405 2895 sit
1429 2848 1490 2896 ut
1515 2840 1633 2897 haec
1663 2840 1791 2896 hera
1820 2836 2045 2910 provida

1827 2935 1846 3000 [
1870 2930 2097 3003 quaerit;

588 3032 839 3083 manctus
895 3026 1242 3097 Apollonius,
1280 3029 1596 3099 Victorque,
1618 3029 1854 3095 Corona,
1892 3025 2170 3098 Quirinus,

573 3129 860 3181 (Quaerant
893 3128 1024 3176 ante
1063 3124 1264 3187 Deum,
1294 3120 1579 3176 Mathildis
1608 3129 1670 3176 ut
1698 3121 1808 3175 ista
1834 3119 2027 3175 beetur

586 3215 720 3280 <ita
742 3213 1249 3285 coelesti,'pascatur
1272 3230 1408 3285 pane
1436 3215 1659 3286 perenni
1692 3233 1705 3268 :

588 3322 743 3379 terga
763 3322 902 3379 quos
927 3315 1141 3362 rectum
1183 3307 1276 3363 det
1296 3324 1566 3375 amorem,
1599 3324 1753 3364 more
1777 3313 2064 3379 parentum

592 3401 852 3463 viximus
872 3401 929 3455 in
956 3400 1150 3472 primis
1170 3416 1275 3456 nos
1294 3401 1361 3457 de
1380 3401 1676 3458 dictamine
1721 3402 1847 3457 libri
1868 3421 1883 3469 ;

586 3506 702 3554 Ore
731 3510 900 3549 manu
928 3494 975 3549 si
995 3494 1129 3565 quid
1148 3494 1427 3551 inhonesti
1456 3495 1697 3551 scribere
1728 3494 1831 3550 visi

588 3597 708 3647 Zos
736 3604 1003 3655 essemus,
1034 3589 1170 3644 item
1203 3589 1455 3645 Dominae
1508 3597 1817 3660 peteremus
1845 3587 2025 3645 eidem

590 3696 682 3734 -—n
707 3680 833 3734 libri
854 3681 960 3735 ﬁne
978 3682 1247 3751 patientur
1270 3689 1331 3736 ut
1353 3682 1475 3752 ipsa
1493 3681 1703 3738 feriret.

591 3773 769 3828 Nelus
798 3772 1136 3843 perﬂagrans
1158 3773 1291 3828 fecit
1310 3789 1414 3828 nos
1438 3790 1691 3845 promere
1709 3783 1884 3841 tanta,

593 3864 861 3921 Ofﬁcium
881 3864 1086 3920 dictant
1104 3867 1245 3935 (937)
1268 3875 1522 3922 nostrum
1544 3876 1717 3923 metra
1741 3884 1948 3923 nomen
1966 3874 2019 3923 et
2045 3868 2163 3935 ista,

574 3957 725 4012 Finis
753 3956 907 4014 adest
936 3960 1080 4027 (938)
1113 3958 1257 4026 libri,
1291 3960 1593 4015 Dominum
1627 3960 1931 4023 laudemus,
1962 3961 2161 4015 Amici.

648 4050 724 4101 De
742 4048 941 4114 insigni
973 4047 1121 4101 obitu
1153 4049 1533 4117 memorande,
1564 4050 1846 4104 comitissa:
1870 4050 2170 4105 Mathildis.

577 4136 798 4208 Cogitat
825 4144 880 4190 et
904 4143 1107 4191 tractat
1134 4136 1232 4203 vir,
1264 4136 1361 4193 sed
1386 4140 1539 4194 Deus
1559 4138 1779 4193 ordinat
1807 4147 1955 4210 apta.

650 4260 797 4322 (931)
828 4257 1057 4329 Rectius
1086 4257 1143 4311 in
1198 4261 1403 4315 nostris
1444 4277 1560 4319 mss
1586 4264 1785 4329 defuit.
1837 4265 2003 4320 Mun.

656 4330 802 4411 (933)
824 4327 960 4411 God.
992 4329 1193 4411 antiq,
1224 4334 1342 4411 Res.
1370 4334 1539 4390 L313.
1568 4327 1739 4411 ——'F.t
1765 4337 1935 4411 nostri
1968 4336 2174 4411 habent

582 4402 704 4482 Res.
734 4399 1189 4482 Quod‘sequitur
1237 4404 1369 4457 dare
1416 4411 1636 4469 sanctis,
1670 4406 1941 4482 signiﬁcat
1988 4408 2171 4480 largiri

578 4471 816 4526 ecclesiis
842 4470 944 4525 sub
962 4470 1188 4527 nomine
1229 4483 1537 4535 sanctorum
1568 4484 1686 4534 Deo
1721 4470 1947 4532 dicatis.
2007 4470 2165 4534 Mus.

649 4544 813 4622 (933).
836 4541 973 4597 Cod.
1005 4543 1202 4622 antiq.,
1230 4546 1540 4622 _relinquet.
1585 4555 1724 4607 Nam
1773 4549 1998 4622 scripsit
2056 4549 2172 4622 hanc

578 4621 773 4693 auctor
800 4613 943 4693 ipsa_
966 4613 1155 4669 adhuc“
1193 4616 1332 4684 viva,
1360 4613 1462 4678 et'si
1494 4625 1695 4679 librum
1737 4613 2029 4674 absolverit
2056 4620 2171 4691 ipsa

581 4687 871 4738 exstincta.
921 4687 1091 4740 Lmn.

656 4754 882 4825 Legitur
940 4771 1159 4826 quoque
1213 4756 1267 4812 in
1291 4759 1493 4814 nostris
1534 4757 1820 4833 codicibus
1878 4764 2164 4833 relinquet.

580 4827 792 4901 lfiempe
822 4841 1005 4901 usum,
1036 4842 1167 4882 nam
1197 4837 1362 4884 antea
1390 4831 1704 4901 apostolicae
1728 4833 1842 4889 sedi
1863 4848 1962 4890 sua
1987 4827 2170 4890 omnia

579 4894 738 4952 dono,
755 4894 1002 4952 dederat.
1050 4902 1214 4955 Mus.

622 5037 632 5047 .
655 4972 801 5033 (934)
831 4971 969 5047 Acta
1024 4970 1460 5047 δειραὶ-(ζωδπῇ
1492 4971 1656 5047 habes
1684 4975 1832 5047 apud
1855 4977 2074 5032 Surium
2101 4976 2172 5031 ad

580 5038 737 5120 diem.
764 5047 783 5093 ι
832 5041 1177 5120 Novembris.
1208 5042 1517 5120 liicautem
1546 5038 1856 5120 invocatur,
1893 5048 2019 5117 quia
2048 5050 2170 5102 Ma-

581 5108 771 5200 thildis
825 5111 1095 5200 comitissa
1142 5112 1432 5200 ecclesiam
1464 5115 1650 5168 Sancti
1677 5108 1924 5171 Caesarii'
1956 5119 2008 5171 iu
2041 5134 2171 5200 agro

582 5181 881 5256 Mutinensi
912 5182 1249 5249 amplissime
1294 5182 1577 5256 ditaverat,
1614 5202 1846 5256 eamque
1895 5178 2173 5243 canonicis
2225 5178 2235 5195 ’

584 5252 922 5332 regularibus
952 5261 1316 5332 concesserat.
1365 5255 1670 5332 Lotharius
1702 5252 1779 5311 lli
1824 5269 2087 5329 angustus
2117 5260 2171 5315 in

583 5325 865 5401 privilegio
910 5336 1057 5401 a__me
1079 5325 1193 5401 viso
1211 5336 1625 5401 commemorat
1654 5328 1789 5381 bona
1818 5325 2024 5400 quoque
2053 5348 2173 5401 qua:

583 5393 779 5445 damna
810 5396 1081 5447 comitissa
1107 5394 1386 5448 Mathildis
1426 5411 1526 5465 pro
1545 5399 1715 5452 salute
1753 5393 1873 5462 suci,
1920 5393 2173 5456 suorum-

583 5478 684 5544 q_ue
711 5468 1005 5544 porcinum
1050 5467 1266 5544 animae,
1298 5468 1407 5544 ipsi
1444 5469 1674 5522 ecclesia:
1725 5472 1909 5526 Sancti
1940 5473 2177 5529 Cwsarii

582 5534 1063 5615 donavit._Datum
1106 5545 1191 5590 est
1209 5534 1454 5615 diploma
1484 5554 1623 5615 anno
1663 5546 1822 5606 1138,
1849 5546 1997 5614 apud
2036 5548 2173 5600 Vin-

581 5605 1033 5688 Qiolunt._i3§gius
1072 5606 1364 5688 contendit
1388 5609 1721 5688 Lotharium
1771 5605 1913 5670 anno
1962 5633 2169 5687 praece-

583 5677 733 5757 denti
768 5682 927 5757 1137,
956 5692 987 5731 e
1029 5677 1170 5732 vivis
1198 5677 1508 5757 decessisse.
1536 5683 1590 5737 Si
1623 5699 1943 5757 germanum
1963 5677 2057 5743 ‘est
2076 5687 2180 5743 hoc

582 5745 851 5817 diploma,
873 5749 995 5818 ejus
1013 5763 1167 5804 mors
1187 5752 1382 5805 rectius
1406 5770 1434 5807 a
1460 5745 1700 5811 Baronio
1719 5757 1981 5814 stabilita.
2011 5764 2177 5815 Mus.

658 5822 809 5887 (935)
837 5820 973 5877 Cod.
998 5821 1259 5892 Regien.,
1291 5826 1413 5893 ipsa
1441 5825 1666 5883 decoret.
1720 5829 1883 5885 MUB.

1563 292 1653 345 AD
1692 289 1918 345 OPERA
1956 286 2011 341 S.
2053 283 2372 341 GREGORII
2411 281 2843 337 APPENDICES.

2181 414 2234 474 Α
2264 408 2480 463 Dictavi
2516 405 2672 461 binos
2722 419 2899 474 nuper
2925 417 3055 458 cum
3083 401 3326 457 carmine
3368 400 3545 467 libros,

2259 501 2412 570 Quos
2430 516 2532 573 ego
2560 498 2805 554 Mathildi
2830 495 3119 553 comitissae
3151 495 3368 549 mittere
3390 493 3516 561 dixi,

3673 283 3775 334 l032

2266 598 2449 650 Patres
2495 594 2643 648 illius
2669 591 2843 647 codex
2874 591 3118 661 loquitur
3143 588 3268 659 quia
3299 588 3520 658 primus,

2262 687 2348 743 Ad
2396 688 2615 743 laudem
2645 685 2802 756 cujus
2826 692 3016 739 manet
3050 682 3229 737 editus
3257 689 3415 752 atque
3440 680 3702 735 secundus.

2263 781 2476 838 Frivola
2506 779 2690 846 vitavi,
2718 793 2840 849 quae
2869 776 3083 847 scripsi,
3116 790 3241 829 vera
3296 773 3532 844 probavi.

2264 874 2482 931 Laetitia
2515 872 2711 928 mentis
2741 872 2909 926 libros
2961 868 3099 925 dum
3129 877 3291 923 necto
3318 867 3554 932 tabellis;

2220 1000 2223 1003 »
2268 968 2507 1023 Nuntius
2535 964 2768 1033 advenit,
2824 963 2918 1035 qui
2955 978 3048 1017 me
3075 962 3241 1016 nimis
3287 957 3652 1030 obstupefecit,

2268 1061 2465 1116 Dicens
2490 1059 2807 1115 exstinctam
2840 1063 3191 1128 praetentam
3246 1054 3595 1109 comitissam.

2270 1155 2428 1209 Vires
2466 1153 2702 1223 dirupta:
2743 1150 2876 1206 mihi
2902 1157 3047 1216 sunt,
3087 1148 3378 1218 subitoque
3422 1144 3680 1209 medullae,

2275 1246 2556 1317 Palpebris
2587 1244 2759 1301 dulcis
2806 1242 2989 1300 somni
3016 1242 3276 1297 dormitio
3305 1240 3463 1311 fugit,

2266 1341 2487 1396 Viscera
2516 1339 2836 1410 frigescunt,
2865 1336 3027 1392 simul
3054 1352 3177 1391 ossa
3215 1349 3447 1405 caroque
3501 1333 3788 1402 liquescunt,

2268 1436 2510 1506 Quaeque
2527 1433 2843 1489 laborabam
2866 1438 2993 1485 sunt
3016 1446 3045 1484 e
3075 1428 3329 1483 manibus
3352 1435 3588 1482 vacuata.

2269 1528 2431 1584 Haud
2455 1536 2621 1582 nocet
2642 1526 2789 1580 illius
2818 1524 2952 1578 mihi
2996 1538 3166 1590 mors,
3196 1529 3409 1577 tantum
3442 1517 3598 1575 modo
3633 1516 3784 1581 scitur,

2268 1620 2457 1679 Ofﬁcit
2483 1620 2708 1675 omnino
2739 1626 2883 1673 recte
2905 1615 3210 1671 viventibus
3232 1615 3346 1669 imo
3386 1630 3400 1666 :

2268 1718 2407 1771 Sunt
2426 1714 2737 1785 ubicunque
2754 1711 2907 1776 boni,
2929 1709 3149 1765 fuerant
3166 1709 3267 1764 sibi
3285 1707 3521 1762 maxime
3549 1704 3668 1759 noti.

2194 1787 2240 1848 Β
2269 1814 2407 1867 Nam
2449 1809 2539 1880 qui
2569 1818 2718 1863 trans
2764 1810 3025 1872 Pontum,
3069 1820 3167 1859 seu
3207 1802 3451 1860 Gallicia‘.
3479 1805 3787 1860 remorantur,

2269 1904 2489 1961 Christo
2514 1902 2639 1975 jure
2671 1916 2857 1973 preces
2878 1916 2944 1955 ex
2973 1899 3088 1969 ipsa
3107 1896 3335 1953 fundere
3358 1911 3499 1966 saepe

2273 1999 2569 2063 Curabant,
2590 1996 2786 2052 missos
2800 1994 2901 2050 sibi
2929 1993 3329 2062 mittebantque
3360 1990 3630 2061 benignos.

2274 2092 2407 2163 Ejus
2426 2091 2618 2146 notitia
2635 2087 2945 2161 patriarcha
2974 2083 3427 2157 Hierosolymita,

2272 2188 2500 2256 Ipseque
2536 2187 2844 2249 Romanus,
2871 2178 3521 2249 ConstantinOpolitanus,

2276 2278 2631 2335 Laetabantur
2659 2279 2756 2342 ita,
2777 2276 2922 2348 quod
2946 2276 2993 2330 ei
3018 2291 3113 2330 sua
3144 2272 3363 2345 propria
3387 2271 3578 2340 scripta

2276 2374 2496 2429 Mittere
2522 2372 2749 2428 solerter
2774 2371 3099 2427 studuerunt
3126 2377 3291 2440 atque
3314 2367 3585 2422 decenter.

2277 2468 2478 2523 Omnis
2518 2466 2803 2537 honorque
2850 2465 3017 2520 decus
3045 2472 3177 2518 tunc
3216 2460 3398 2517 Italiae
3425 2458 3721 2515 ceciderunt.

2283 2565 2429 2615 Dum
2457 2559 2712 2615 defuncta
2754 2557 2925 2625 cadis,
2968 2555 3268 2621 Mathildis,
3309 2554 3459 2609 clara
3485 2548 3723 2608 ducatrix.

2277 2654 2463 2710 Vicisti
2484 2670 2653 2726 reges,
2678 2652 2779 2708 tibi
2801 2660 3028 2708 cunctos
3055 2659 3222 2721 atque
3247 2648 3511 2713 rebelles;

2277 2748 2696 2818 Conciliumque
2723 2750 2867 2815 (939)
2896 2753 3081 2811 tuum,
3124 2758 3223 2798 nec
3254 2757 3371 2797 non
3400 2740 3611 2797 rutilum
3635 2745 3805 2806 quoque

3522 2835 3539 2900 [
3581 2829 3755 2885 vultum

2276 2935 2469 2991 Totius
2496 2943 2658 2990 terra:
2691 2932 2987 3004 cupiebant
3006 2944 3229 2985 noscere
3249 2936 3444 3000 gentes
3467 2945 3480 2982 :

2279 3028 2446 3102 Queis
2478 3044 2737 3099 responsa
2766 3026 2955 3091 dabas,
2979 3040 3175 3081 omnes
3218 3023 3267 3078 ei
3302 3017 3696 3077 honoriﬁcabas.

2204 3158 2252 3223 α
2280 3125 2507 3181 Stabant
2536 3139 2569 3178 ο
2588 3122 2773 3194 quanti
2792 3120 3039 3177 crudeles
3053 3128 3218 3191 atque
3236 3117 3460 3190 tyranni

2279 3218 2394 3274 Sub
2435 3216 2611 3288 specie
2644 3215 2813 3286 justa,
2861 3222 3148 3269 noscentes
3194 3221 3248 3267 te
3274 3210 3401 3266 fore
3457 3210 3676 3281 justam:

2276 3312 2378 3381 Qui
2407 3309 2795 3375 dissolvuntur,
2839 3308 2961 3380 jam
3002 3306 3147 3377 pacis
3176 3303 3392 3361 fmdera
3438 3303 3695 3371 rumpunt,

2276 3406 2547 3462 Ecclesias
2584 3403 2842 3474 spoliant,
2876 3417 3023 3457 nunc
3061 3416 3226 3456 nemo
3272 3397 3521 3453 vindicat
3545 3397 3693 3465 ipsas.

2188 3556 2195 3564 ,
2275 3501 2331 3558 Si
2346 3501 2537 3573 quisse
2558 3497 2765 3564 forsan,
2788 3503 2937 3552 tutor
2956 3494 3103 3565 quod
3120 3495 3189 3549 sit
3206 3493 3357 3563 (940)
3385 3490 3552 3562 quasi,
3569 3485 3813 3542 monstrat,

2278 3593 2533 3649 Ecclesiae
2562 3600 2776 3662 partem
2807 3598 2968 3645 terra
2985 3586 3246 3660 grandem
3272 3586 3431 3655 prius
3457 3581 3646 3638 aufert.

2276 3690 2457 3743 Morte
2513 3695 2607 3740 tua
2656 3699 2825 3755 purus
2871 3679 3153 3738 Mathildis
3194 3678 3393 3735 deﬁcit
3439 3691 3585 3732 usus.

2275 3784 2416 3836 Nam
2470 3779 2634 3835 solito
2678 3776 2837 3831 miles
2872 3775 3019 3846 (941)
3052 3772 3283 3829 domino
3329 3770 3525 3827 studet
3564 3763 3703 3821 altius
3740 3759 3811 3812 ire.

2276 3873 2472 3928 Deviat
2500 3888 2529 3927 a
2548 3880 2694 3927 retro
2717 3872 2866 3938 (943)
2898 3883 3086 3941 gressu
3109 3866 3227 3938 jam
3265 3865 3522 3929 clericus,
3557 3857 3688 3926 (943)
3707 3864 3820 3922 ergo.

2282 3966 2446 4022 Dives
2483 3965 2597 4021 edit
2625 3972 2902 4033 sumptus,
2944 3974 3084 4033 quos
3114 3973 3321 4030 pauper
3352 3955 3595 4013 habebat
3628 3951 3677 4005 in
3697 3956 3814 4005 usus,

2279 4054 2444 4109 Fiunt
2488 4052 2717 4108 diversa:
2746 4050 2939 4107 mundi
2967 4065 3065 4120 per
3092 4047 3309 4103 climata
3338 4054 3529 4111 secta,

2281 4145 2428 4213 Quas
2477 4158 2510 4198 ο
2568 4140 2849 4196 Mathildis
2878 4136 3210 4211 prohibebas
3250 4135 3359 4190 rite
3391 4129 3651 4203 malignis.

2353 4269 2499 4333 (936)
2525 4264 2658 4320 Cod.
2697 4271 2837 4329 ant.,
2869 4264 2976 4317 cui.
3015 4262 3192 4316 LEIB.

2349 4320 2572 4407 tegitur
2610 4336 2665 4389 in
2693 4320 2897 4407 nostris
2928 4348 3154 4407 quoque
3184 4328 3471 4407 codicibus
3490 4371 3503 4392 ,
3544 4320 3820 4407 cui.

2351 4391 2496 4475 (9307)
2527 4408 2607 4463 Ut
2634 4407 2689 4460 in
2730 4391 3045 4475 praefatione
3064 4391 3343 4475 adnotavi,
3376 4391 3821 4475 per'acrostjchtlﬂ}

2282 4496 2343 4533 ex
2361 4469 2672 4532 'initialibus
2708 4469 2902 4532 litteris
2928 4490 3179 4529 versuum
3214 4469 3411 4543 capitis
3445 4469 3620 4540 hujus,
3649 4470 3822 4519 DODIZO

2281 4566 2444 4606 suum
2466 4564 2665 4603 nomen
2689 4565 2751 4602 ac
2774 4562 2974 4601 munus
2998 4544 3284 4613 expressit.
3314 4546 3479 4599 MUB.
3502 4611 3515 4616 _
3636 4607 3647 4616 _

2352 4623 2500 4689 (938)
2522 4619 2763 4684 Scilicet,
2798 4620 3007 4673 Donizo
3034 4605 3234 4689 librum
3255 4631 3419 4689 suum
3451 4611 3517 4689 ad
3543 4605 3823 4689 umbilicum

2278 4672 2888 4763 ρθέᾆίιέεὶεἰδὶξέίιὼᾁυέ
2921 4686 3391 4763 Μδῐὴὶιάἰηξιάιιυρ
3442 4681 3630 4763 viventi
3663 4672 3825 4763 (ξίξεξῖθ

2279 4752 2676 4826 meditabatur,
2698 4752 2825 4817 cum
2849 4775 2973 4815 ecce
2999 4774 3151 4813 mors
3173 4758 3323 4812 illam
3354 4752 3700 4822 intercipit,et
3722 4756 3823 4826 caui-

2280 4850 2401 4891 sam
2444 4842 2621 4907 poetae
2652 4832 2859 4903 praebet
2884 4827 3177 4901 adjiciendi
3202 4829 3595 4898 subsequentes
3650 4825 3821 4871 versus.

2281 4910 2444 4962 ltinn.

2352 4952 2496 5041 (939)
2528 4976 2585 5030 1d
2612 4982 2695 5030 est
2719 4976 2925 5029 curiam
2951 4978 3117 5026 tuam.
3154 4968 3447 5043 Regiensis
3472 4975 3653 5020 tamen
3686 4952 3826 5012 codex

2281 5047 2444 5104 habet
2492 5048 2797 5101 aemilium.
2837 5047 2991 5099 MUn.

2353 5121 2498 5187 (940)
2537 5118 2839 5172 Advocatos
2866 5115 3215 5170 ecclesiarum
3244 5109 3439 5178 carpit,
3471 5106 3562 5187 qui
3592 5108 3829 5187 serpentia

2279 5172 2396 5245 rem
2422 5172 2631 5252 earum,
2660 5188 2752 5243 sed
2783 5203 2941 5242 suam
2959 5186 3220 5257 agebant,
3241 5172 3675 5257 eas'ex'piliandog
3697 5172 3826 5257 Μςῖ

2351 5262 2499 5330 (941)
2532 5262 2595 5313 Id
2616 5250 2701 5313 est
2740 5258 2955 5330 nobiles
2981 5250 3140 5330 vassi,
3179 5256 3292 5330 sive
3328 5250 3543 5330 vassali,
3588 5250 3675 5330 qui
3716 5250 3827 5330 fill}:

2279 5318 2644 5402 ab‘epis'copis
2671 5345 2731 5402 ac
2756 5328 3042 5402 abbatibus
3069 5318 3231 5402 fetida
3280 5322 3632 5402 recepissent,
3677 5318 3829 5402 post?

2280 5382 2636 5528 garéiﬁgpéis'
2667 5382 3033 5467 dominis,et
3088 5398 3350 5454 adversus
3396 5382 3544 5463 ipsos
3588 5382 3831 5457 superbie-

2318 5483 2430 5527 ant.
2522 5486 2624 5527 UB.
3823 5516 3831 5524 .

2318 5483 2430 5527 ant.
2460 5476 2624 5528 Mnn.
3804 5516 3831 5528 ,.

2353 5524 2885 5614 (sam—Tvpographi
2918 5556 3071 5596 error
3111 5541 3298 5614 Desint
3334 5551 3367 5588 a
3406 5537 3567 5588 recto.
3613 5531 3687 5614 ll?

2280 5591 2510 5671 codices.
2554 5591 2859 5685 Ia‘q‘ﬁibﬁs
2891 5591 3084 5685 etiam
3111 5591 3352 5685 habetur
3380 5620 3530 5685 ergo.
3576 5612 3685 5685 “OE
3709 5591 3831 5685 (lii-‘3'

2290 5664 2511 5758 Nempe
2539 5664 2785 5758 vocejilla
2805 5664 3087 5758 indigebat
3124 5664 3355 5741 Donizo,
3383 5664 3467 5729 ut"
3483 5664 3689 5728 versum
3716 5664 3833 5719 clau-

2290 5756 2453 5816 deret
2472 5756 2754 5827 rhythmo.
2783 5757 2947 5811 Mun.

2364 5832 2452 5901 (94
2463 5829 2516 5899 3)
2539 5827 2713 5884 Ordo.
2742 5828 2905 5881 LEIB.
