4010 6164
205 233 317 286 1033

197 356 350 410 Causa
393 362 504 409 tua:
534 354 727 409 mortis
753 353 1037 421 scribatur,
1071 364 1130 408 ut
1165 353 1349 409 audiat
1381 354 1560 423 orbis;

197 451 264 505 Ut
283 456 367 503 tua
394 448 503 503 vita
532 447 683 515 cluit,
704 463 854 502 mors
883 448 963 502 sic
998 457 1093 502 tua
1120 448 1277 503 laude
1322 448 1549 503 refulsit.

200 545 323 597 Dum
356 540 441 596 bis
465 550 658 611 quarta
710 548 902 596 manet
930 540 1172 607 indictio,
1197 541 1448 613 jungitur
1475 551 1635 611 atque

199 634 418 706 Virginei
446 642 652 704 partus,
684 633 774 705 qui
796 650 1015 689 currere
1042 643 1282 705 cmperat
1306 651 1487 690 annus
1515 640 1661 699 (914)

197 728 426 783 Millenus
466 727 700 799 quintus
736 726 984 782 decimus
1023 728 1358 782 centesimus
1389 748 1400 783 :
1436 728 1591 781 illum

194 821 424 877 Natalem
470 823 615 889 (915)
645 818 847 876 Christi
892 820 1062 875 voluit
1102 820 1373 875 celebrare
1423 821 1665 875 canentis
1708 822 1709 825 “

196 916 249 969 111
292 912 531 986 quodam
558 929 714 984 pago,
754 913 1017 969 Bondeno
1039 918 1185 980 (916)
1216 929 1421 984 nempe
1448 922 1662 969 vocato.

193 1009 488 1079 Octavoque
516 1006 602 1062 die
630 1009 810 1061 Roma
845 1008 1089 1075 veniens,
1132 1010 1298 1062 Pater
1350 1007 1461 1074 ille,

194 1101 477 1173 Relligione
501 1116 663 1172 super
689 1109 918 1156 cunctos
944 1101 1039 1171 qui
1080 1101 1319 1155 maxime
1355 1100 1533 1168 lucet,-

193 1196 397 1253 Scilicet
450 1195 728 1265 inspector
756 1194 1002 1251 Cluniaci
1029 1194 1175 1264 (917)
1206 1195 1388 1249 Ponzo
1414 1193 1672 1250 sacerdos

196 1295 239 1345 Α
262 1288 474 1344 domina
496 1295 647 1342 tanta
681 1297 984 1359 susceptus,
1018 1296 1081 1342 ut
1108 1288 1346 1359 inclytus
1398 1286 1566 1342 abbas

193 1386 337 1439 More
383 1397 484 1437 suo
528 1380 727 1436 sanctis
782 1396 1012 1453 surgens
1043 1390 1263 1435 cantare
1312 1379 1563 1452 synaxim

195 1478 550 1539 Nocturnam,
582 1489 815 1546 magnus
846 1474 972 1529 licet
1007 1474 1161 1545 algor
1184 1474 1472 1544 stringeret
1500 1484 1671 1540 artus,

192 1574 390 1626 Devote
414 1567 633 1640 gracilis
661 1568 835 1640 surgit
889 1576 1083 1623 tamen
1120 1568 1235 1636 ipsa
1266 1566 1566 1635 Mathildis,

190 1663 425 1719 Auribus
452 1662 673 1718 intentis
696 1660 961 1732 capiendo
987 1661 1145 1715 verba
1167 1661 1413 1715 canentis

188 1760 447 1813 Extensos
470 1764 661 1811 cantus
705 1770 816 1810 non
856 1754 1094 1810 deseruit
1136 1755 1239 1809 sibi
1283 1763 1469 1826 gratos

191 1850 408 1921 Frigore
448 1865 723 1920 percussa,
778 1848 953 1903 doluit
992 1849 1158 1903 nimis
1188 1848 1332 1904 illico
1390 1856 1566 1919 gutta.

190 1945 394 2015 Vixque
414 1943 499 1999 die
520 1943 723 1998 mansit
746 1942 926 1997 Patris
952 1941 1022 1997 ad
1044 1942 1269 1998 missam
1286 1939 1607 2006 venerandi,

190 2038 433 2107 Cumque
483 2036 605 2092 dies
636 2036 792 2101 luxit,
822 2033 930 2090 fuit
958 2035 1011 2089 in
1050 2052 1158 2106 qua
1188 2036 1394 2090 tinctus
1413 2035 1467 2089 in
1489 2032 1648 2088 undis

191 2124 455 2199 Christus,
494 2138 551 2184 et
602 2130 657 2183 in
687 2128 843 2183 stella
882 2128 1103 2199 paganis
1144 2144 1203 2183 se
1233 2127 1562 2194 manifestat,

189 2229 267 2280 Ac
286 2223 520 2295 liquidos
541 2224 705 2277 vertit
727 2221 922 2277 latices
953 2222 1008 2275 in
1034 2223 1204 2277 odore
1231 2222 1470 2289 Falerni,

189 2316 493 2387 Praescripti
512 2315 686 2370 Patris
704 2314 962 2370 manibus
988 2315 1076 2369 vix
1095 2314 1264 2370 ducta
1286 2313 1535 2370 ducatrix

192 2410 414 2466 Audivit
440 2410 690 2476 missam,
724 2408 853 2463 licet
876 2423 1023 2479 aegra
1075 2408 1339 2463 remansit
1366 2407 1435 2463 ad
1476 2408 1675 2478 ipsam,

191 2503 471 2576 Languida
515 2500 749 2574 grabato
777 2500 921 2556 redit
949 2500 1135 2556 ofﬁcio
1168 2501 1465 2556 celebrato.

194 2598 378 2654 Abbas
398 2596 638 2667 dumque
656 2594 763 2650 sibi
793 2603 1111 2650 comeatum
1133 2596 1248 2665 (sic,
1270 2596 1579 2665 postulante
1596 2596 1785 2661 metro)

1284 2686 1461 2759 [plane
1501 2688 1715 2759 petivit,

187 2786 334 2856 Ipsa,
360 2784 474 2839 suis
512 2783 684 2839 ﬁdens
709 2782 975 2854 precibus,
1006 2780 1231 2836 donavit
1254 2780 1434 2837 eidem

192 2877 380 2942 Pallia,
425 2886 665 2932 sacratas
696 2886 892 2943 vestes,
923 2882 1175 2947 argentea
1203 2890 1347 2939 vasa,

187 2976 373 3043 Atque
398 2987 622 3026 crucem
650 2978 924 3034 sanctam,
958 2968 1181 3041 pulchre
1219 2969 1456 3040 gemmis
1484 2976 1784 3040 operatam.

188 3067 239 3121 Ο
284 3065 482 3119 cultrix
541 3064 765 3130 Christi,
811 3072 1074 3134 quantum
1108 3060 1352 3116 studiosa
1398 3060 1575 3117 fuisti!

186 3164 241 3212 Α
289 3166 345 3214 te
368 3174 480 3212 non
505 3157 649 3212 ullus
670 3172 874 3212 vacuus
902 3156 1155 3210 discessit
1198 3154 1501 3221 homullus,

184 3253 245 3309 Si
276 3250 503 3305 Domini
536 3259 747 3305 certum
772 3248 936 3320 quisti
962 3248 1076 3303 fore
1102 3248 1313 3304 discere
1335 3264 1574 3303 servum.

186 3347 337 3401 Cum
365 3344 514 3399 venit
534 3352 775 3414 tempus,
806 3342 955 3414 quod
979 3342 1191 3414 jejunat
1221 3357 1439 3413 quoque
1467 3345 1497 3397 J
1504 3356 1651 3407 esus,

183 3439 455 3509 Jejunare
482 3437 672 3491 volens
701 3436 820 3491 haec
850 3433 1066 3501 debilis,
1106 3435 1223 3506 ejus
1268 3450 1481 3501 amore,

188 3531 500 3588 Pontiﬁces
528 3529 747 3595 adsunt,
775 3528 1075 3599 prohibent
1093 3527 1329 3599 jejuuia.
1364 3535 1581 3584 tantum

182 3628 455 3697 Ingentes
473 3639 675 3696 agapes
697 3622 801 3677 sibi
831 3621 1152 3692 praecipiunt
1180 3621 1313 3676 dare
1342 3620 1505 3692 large.

181 3716 536 3775 Pontiﬁcum
562 3716 722 3771 dictis
744 3714 1027 3770 Mathildis
1047 3714 1226 3785 paruit
1250 3713 1395 3781 istis;

188 3814 383 3881 Queis
429 3810 637 3865 conﬁsa
687 3806 787 3864 fuit
816 3811 965 3875 (918)
996 3808 1254 3880 lacrymis
1281 3824 1380 3863 sua
1409 3806 1594 3863 debita
1621 3807 1794 3878 puris,

267 3995 291 4017 ‘
349 3998 496 4059 (914)
521 3995 746 4055 Baron.,
788 3996 942 4046 1115.
976 3991 1160 4046 Lsin.‘

268 4066 420 4147 (9L5)
452 4062 910 4147 Igitur'lionizoni
932 4079 1107 4147 annus
1138 4061 1651 4147 1115_incipiebata
1681 4063 1796 4147 ¹Νει-

176 4133 289 4192 tali
326 4134 574 4191 Domini.
620 4134 718 4188 Hic
743 4142 924 4187 autem
957 4134 1135 4204 agitur
1164 4133 1230 4187 de
1273 4134 1447 4187 Natali
1490 4134 1795 4187 secundum

176 4223 301 4264 nos
347 4206 481 4262 anni
526 4212 676 4259 1114.
714 4206 1053 4259 Decurrebat
1081 4212 1267 4259 autem
1299 4204 1580 4258 Decembri
1612 4219 1798 4259 mense

179 4280 349 4335 illius
394 4277 524 4332 anni
572 4276 796 4330 indictio
828 4290 939 4330 vm
981 4292 1010 4329 a
1056 4275 1361 4345 Septembri
1393 4290 1599 4330 mense.
1638 4278 1794 4329 Mun.

274 4352 427 4419 (916)
458 4349 521 4401 In
569 4347 790 4419 chartis,
843 4361 979 4415 quas
1005 4345 1166 4401 affert
1196 4345 1531 4419 Bacchinius,
1560 4345 1795 4419 appella:-

184 4416 296 4475 ιιιὲ
326 4420 643 4474 Bundenum
671 4418 736 4471 de
756 4419 1070 4479 Ronchoris,
1105 4433 1216 4471 non
1246 4416 1620 4488 illudquidem
1646 4416 1796 4487 quod

182 4508 360 4546 nunc
388 4492 442 4543 in
490 4489 819 4545 Ferrariensi
859 4504 991 4557 agro
1016 4490 1182 4543 situm
1216 4497 1297 4543 est
1325 4487 1394 4542 ad
1421 4487 1792 4543 Scultennam

1084 231 1368 285 APPEND.
1411 232 1495 285 Ill.
1538 260 1609 271 —
1644 230 2056 287 MONUMENTA
2098 234 2557 289 GREGOBIANA.

3336 243 3472 295 1034

1804 360 1857 423 Α
1884 358 2013 413 Jure
2041 359 2193 414 stolis
2230 375 2465 428 quorum
2493 358 2626 414 solvi
2674 360 2878 413 meruit
2904 361 3193 417 Seniorum

1878 453 2089 506 Interea
2120 453 2349 523 languor
2386 468 2513 507 cum
2542 469 2655 506 non
2692 462 2929 507 cessaret
2970 452 3039 507 ab
3068 455 3187 510 alvo

1878 546 2053 609 Illius,
2086 545 2207 599 inde
2236 546 2436 601 timens
2472 546 2617 601 dedit
2676 546 2916 601 ecclesiis
2967 563 3063 601 sua
3092 547 3292 602 vivens.

1878 638 2230 708 Ampliﬁcare
2250 639 2475 694 studens
2504 649 2637 694 tunc
2679 640 2931 694 ecclesias
2970 640 3110 694 bene
3160 641 3369 725 glires,

1880 732 2000 785 Non
2023 740 2103 785 est
2132 732 2297 786 oblita
2324 733 2456 803 quin
2494 734 2788 786 Ecclesium
2832 734 3182 788 Canusinam.

1882 826 2108 895 Semper
2127 825 2286 879 chara
2307 825 2405 879 sibi
2430 825 2555 891 fuit,
2582 825 2724 879 illius
2755 834 2917 896 atque
2941 828 3262 897 pr0pinquis
3282 872 3296 895 ,

1880 917 2012 988 Ejus
2032 932 2141 987 quo
2161 918 2301 972 circa
2326 918 2515 973 tribuit
2537 918 2771 988 subjure
2799 920 3022 973 Filinam
3045 923 3192 990 (919)

1883 1011 2168 1081 Egregiam
2211 1021 2448 1076 curtem,
2476 1010 2695 1066 dantem
2737 1010 2919 1082 fruges
2956 1021 3040 1067 sat
3066 1014 3301 1082 abunde,

1886 1106 2319 1175 Innumerosque
2346 1121 2473 1159 suos
2508 1104 2746 1159 famulos
2759 1105 2914 1175 jubet
2938 1105 3055 1160 haec
3094 1106 3225 1162 hera
3253 1118 3479 1165 cunctos

1885 1198 2159 1268 lngenuos
2186 1198 2311 1253 vita:
2342 1206 2462 1268 post
2487 1197 2655 1268 ipsius
2684 1196 2802 1252 fore
2830 1198 3017 1253 ﬁnem.

1894 1292 2059 1361 Egra
2084 1291 2275 1360 jacens
2309 1299 2518 1361 septem
2552 1306 2647 1361 per
2676 1306 2890 1345 menses
2920 1291 3035 1346 haec
3076 1292 3375 1364 eademque

1888 1386 2031 1437 Ante
2060 1383 2287 1438 domum
2307 1384 2429 1438 lecti
2446 1384 2766 1450 recubabat,
2799 1384 2888 1439 ubi
2911 1385 3118 1456 jugiter
3146 1386 3225 1442 sic

1890 1476 2061 1531 Jussit
2105 1477 2311 1531 honore
2357 1478 2476 1544 Dei,
2509 1478 2803 1547 Jacobique
2870 1478 2943 1547 pii
2984 1479 3235 1534 Zebedaei

1894 1570 2189 1624 Ecclesiam
2233 1586 2461 1640 parvam
2492 1570 2633 1636 ﬁeri,
2667 1569 2773 1625 fuit
2812 1579 2867 1625 et
2895 1572 3009 1626 cito
3033 1570 3192 1628 facta.

1891 1662 2070 1718 Ofﬁcii
2101 1672 2297 1731 vestes,
2328 1672 2383 1719 et
2407 1679 2564 1735 agros
2584 1664 2649 1720 ad
2680 1665 2872 1735 pabula
2896 1681 3100 1721 mensae

1832 1759 1879 1821 B
1909 1756 2122 1812 Obtulit
2148 1756 2270 1811 huic
2284 1758 2475 1828 gratis,
2493 1758 2633 1814 hanc
2658 1758 2852 1828 praesul
2880 1759 3099 1829 quando
3125 1759 3343 1814 dicavit.

1889 1852 2047 1905 More
2082 1867 2181 1906 suo
2214 1851 2440 1905 missam
2476 1852 2741 1907 recubans
2771 1851 2982 1906 audivit
3010 1852 3063 1907 in
3094 1853 3229 1923 ipsa.

1887 1943 2066 2014 Hujus
2094 1944 2357 1999 mortales
2387 1946 2698 2016 exemplum
2735 1945 2925 2000 discite
2978 1947 3109 2012 tale,

1889 2037 2024 2105 Quae
2053 2037 2269 2091 Christo
2301 2042 2443 2105 (920)
2471 2038 2659 2092 vivens
2698 2038 2944 2093 moriens
2999 2039 3214 2093 servivit
3257 2039 3471 2107 eidem;

1888 2131 1993 2186 Sex
2036 2130 2328 2201 deciesque
2357 2146 2559 2185 novem
2606 2132 2794 2185 vivens
2816 2147 2991 2185 annos
3018 2131 3074 2184 in
3106 2131 3341 2197 honore,

1887 2224 2064 2279 Julius
2089 2232 2217 2279 ante
2262 2222 2381 2278 dies
2421 2231 2546 2278 octo
2571 2239 2736 2293 quam
2765 2223 2859 2278 det
2906 2240 3073 2295 prope
3107 2224 3273 2279 ﬁnem
3307 2226 3482 2295 (921);

1892 2317 2113 2372 Scilicet
2140 2325 2272 2374 ante
2298 2316 2387 2372 die
2414 2316 2685 2372 celebrem
2716 2318 2912 2373 Jacobi
2932 2319 3204 2375 Zebedaai.

1891 2412 2103 2481 Corpus
2127 2410 2175 2464 ei
2208 2410 2428 2475 Christi,
2465 2410 2776 2481 pariterque
2810 2427 3029 2467 crucem
3068 2412 3319 2471 cruciﬁxi

1892 2503 2141 2557 Porrexit
2184 2502 2382 2573 praesul
2408 2501 2666 2573 Reginus,
2693 2503 2859 2558 corde
2889 2520 3137 2572 serenus,

1893 2596 2109 2666 Quique
2154 2594 2333 2665 bonus
2388 2595 2584 2649 Senior
2614 2602 2761 2662 (922)
2779 2598 3001 2667 proprio
3046 2598 3110 2651 ﬁt
3150 2600 3379 2655 nomine
3408 2602 3495 2656 di-

3246 2691 3420 2763 fctus.

1895 2785 1957 2837 In
2010 2782 2263 2837 manibus
2322 2782 2476 2853 cujus
2502 2781 2784 2836 comitissa
2813 2782 3096 2837 Mathildis
3124 2784 3191 2838 ab
3221 2784 3411 2855 hujus.

1902 2879 2161 2931 Erumna
2207 2875 2361 2941 secli,
2396 2875 2605 2946 jugiter
2632 2875 3014 2939 memoranda,
3054 2876 3276 2932 recedit.

1898 2972 1959 3023 In
1989 2985 2149 3025 cruce
2178 2985 2303 3023 nam
2351 2968 2572 3024 Christo
2605 2984 2705 3022 sua
2759 2967 2928 3040 ﬁgens
2968 2970 3157 3024 oscula
3198 2969 3341 3025 dixit
3370 2988 3384 3025 ε

1898 3066 1975 3118 Te
2001 3062 2140 3117 colui
2166 3078 2401 3131 semper,
2436 3078 2554 3116 mea
2587 3078 2734 3116 nunc
2759 3077 2892 3132 rogo
2920 3062 3150 3117 crimina
3182 3072 3350 3135 terge.

1818 3137 1864 3199 (ἶ
1899 3156 2191 3226 Accipiens
2219 3155 2423 3210 Christi
2452 3171 2651 3225 corpus
2694 3156 2998 3209 venerabile
3028 3156 3165 3211 dixit
3194 3172 3208 3207 :

1902 3252 2127 3320 Semper
2154 3248 2286 3303 dum
2314 3248 2440 3317 vixi,
2474 3251 2644 3317 Deus,
2672 3247 2777 3301 hoc
2804 3248 2928 3314 scis,
2960 3264 3113 3318 spem
3144 3250 3238 3304 tibi
3267 3249 3383 3317 ﬁxi,

1902 3345 2059 3398 Nunc
2087 3342 2143 3396 in
2191 3341 2296 3396 ﬁne
2326 3356 2449 3395 meo
2479 3356 2566 3394 me
2605 3341 2817 3395 salvans
2849 3341 3082 3412 suscipe,
3109 3358 3316 3413 quaeso.

1904 3436 1995 3491 Sic
2017 3450 2184 3490 orans
2205 3434 2406 3505 migrat
2435 3449 2564 3487 mox
2620 3433 2738 3489 haec
2776 3435 2996 3503 sapiens
3025 3435 3326 3505 comitissa,

1902 3532 2229 3600 Quanquam
2271 3526 2580 3595 credamus,
2634 3528 2776 3581 Deus
2804 3525 2932 3581 huic
2960 3543 3175 3599 quoque
3228 3534 3371 3595 (923)
3430 3531 3502 3585 sit

3089 3620 3424 3693 [miseratus

1904 3718 2091 3785 Ipsum
2119 3730 2284 3770 nemo
2311 3722 2501 3769 tamen
2529 3711 2821 3785 scitl924),
2844 3714 3068 3783 quinon
3099 3716 3339 3786 postulet
3370 3719 3497 3786 alte,

1903 3812 1985 3865 Ut
2012 3808 2119 3863 sibi
2145 3807 2412 3863 concedat
2440 3806 2676 3877 paradisi
2706 3806 2905 3877 gaudia
2936 3824 3078 3863 vera.

1899 3991 2171 4063 jectorum
2195 3992 2308 4045 sive
2329 3988 2709 4063 addictorum,_
2726 3990 2873 4046 inter
2899 4007 3021 4061 quae
3054 3991 3497 4049 Padolironense.

1906 4061 2111 4118 Verum
2143 4063 2400 4133 Pontius
2422 4062 2569 4115 vitiis
2597 4061 2783 4131 potius
2816 4078 2979 4133 quam
3016 4064 3303 4119 virtutibus
3324 4066 3496 4119 abun-

1906 4134 2080 4195 davit,
2126 4148 2296 4203 usque
2338 4131 2478 4186 adeo
2533 4140 2593 4185 ut
2630 4131 2979 4187 anathemate
3023 4150 3306 4202 percussus
3352 4136 3501 4191 diem

1905 4220 2071 4259 suum
2114 4202 2389 4263 clauserit,
2441 4202 2521 4255 uti
2573 4204 2812 4271 produnt
2859 4206 3096 4259 Annales
3156 4208 3501 4263 Benedictini

1906 4276 2109 4330 clariss.
2164 4272 2481 4327 Mabillonio
2528 4281 2751 4326 auctore
2770 4274 2927 4327 editi.
2964 4278 3123 4332 Mnn.

1978 4350 2123 4410 (918)
2154 4344 2286 4398 Cod.
2343 4350 2483 4406 ant.,
2516 4344 2643 4408 Quis
2668 4345 2909 4408 confessa
2946 4348 3072 4411 fuit.
3113 4351 3282 4404 L313.

1976 4415 2154 4472 Nostri
2186 4429 2400 4486 quoque
2431 4414 2645 4486 codices
2668 4416 2935 4486 confessa.
2970 4420 3125 4472 Mus.

1977 4494 2125 4553 (919)
2148 4485 2401 4541 castrum
2426 4485 2481 4538 in
2511 4500 2641 4556 agro
2671 4485 2925 4555 Regiensi
2967 4486 3109 4543 inter
3148 4490 3365 4543 Montes
3406 4505 3497 4544 su-

183 4540 464 4627 ᾖῖιῐῖυὲὶί,
489 4540 845 4615 gessitet-aa
864 4540 1793 4629 sanast.)initiatuses;
1830 4540 1877 4601 Ι)
1904 4540 2437 4630 ρηῖΒίὲηὰδηῙυδω.
2478 4540 2665 4611 Ρεῖὶηα
2712 4540 3099 4627 aspellam;
3138 4540 3507 4628 amantia:

183 4634 353 4703 pius.
389 4634 447 4685 In
470 4632 624 4686 Lucii
655 4633 703 4686 II
722 4646 871 4698 papae
900 4630 1044 4703 bulla
1074 4630 1213 4701 apud
1239 4630 1725 4703 Ughellum,tom.
1756 4630 1798 4681 V

182 4700 332 4759 ital.
371 4704 516 4761 Sac..
549 4717 669 4772 pag.
704 4706 859 4761 1607,
885 4700 1139 4771 episcOpo
1166 4700 1415 4772 Regiensi
1437 4701 1803 4772 conﬁrmatur

181 4774 373 4830 Plebs
398 4775 461 4828 de
502 4770 750 4828 Bondeno
796 4773 859 4827 de
888 4774 1143 4828 Roncolis.
1202 4771 1438 4842 Ideoque
1486 4770 1538 4824 in
1577 4770 1803 4826 dimcesi

182 4845 477 4915 Regiensi
495 4844 749 4898 defuncta
769 4852 851 4897 est
881 4843 1189 4915 Mathildis,
1214 4842 1375 4915 eique
1395 4842 1647 4915 morienti
1682 4858 1805 4911 pro-

184 4913 402 4987 pterea
439 4916 611 4970 astitit
642 4914 1051 4987 Bonus-Senior
1102 4914 1245 4969 illius
1301 4913 1450 4987 urbis
1500 4914 1800 4983 episcopus.

188 4984 268 5044 In
302 4988 544 5057 antiquis
571 5002 696 5040 vero
730 4986 1123 5039 Mutinensium
1171 4984 1471 5039 Annalibus
1514 4999 1671 5046 mss.,
1704 5000 1805 5038 suo

184 5064 337 5115 loco
375 5056 623 5121 edendis,
674 5057 791 5111 haec
816 5057 1096 5125 leguntur:
1134 5056 1292 5110 Anno
1321 5057 1537 5110 Domini
1568 5061 1808 5119 1115,1x

189 5132 334 5187 Kal.
374 5130 614 5197 Augusti
643 5129 772 5181 obiit
793 5130 1057 5181 comitissa
1090 5129 1363 5182 Mathilda
1393 5127 1723 5180 nobilissima
1753 5129 1810 5179 in

182 5205 479 5259 comitatu
499 5200 810 5259 Mutinensi,
836 5201 891 5251 in
917 5200 1023 5251 loco
1066 5202 1161 5267 qui
1178 5204 1395 5251 vocatur
1416 5198 1723 5251 Bondcnum
1744 5198 1809 5250 de

183 5276 460 5337 diacono,
494 5271 588 5325 ubi
616 5272 899 5339 aedificavit
947 5270 1237 5338 quamdam
1263 5270 1551 5331 ecclesiam,
1597 5271 1725 5323 dum
1753 5271 1812 5321 in

182 5343 779 5413 inﬁrmitatejaceret,
796 5342 868 5395 ad
884 5341 1135 5413 honorem
1164 5343 1339 5395 sancti
1356 5341 1539 5413 Jacobi
1560 5340 1811 5409 apostoli,

171 5412 385 5489 juxta
398 5415 625 5489 parietes
642 5412 794 5482 cujus
818 5414 1070 5489 migravit
1095 5412 1159 5489 de
1180 5414 1271 5489 hoc
1296 5412 1505 5489 sagulo.
1535 5414 1633 5489 MU
1645 5427 1697 5489 11.

273 5482 439 5557 (917)
466 5488 609 5557 Lege
635 5500 760 5557 cum
790 5483 993 5557 nostris
1035 5482 1309 5538 codicibus
1339 5482 1596 5557 Cluniaci.
1655 5484 1807 5537 Pon-

179 5559 319 5617 tius
350 5556 527 5613 abbas
550 5553 933 5613 'Cluniacensis
961 5564 1097 5625 erat,
1129 5563 1292 5625 atque
1340 5553 1476 5608 adeo
1511 5562 1673 5625 caput
1701 5568 1809 5609 ca:-

182 5630 519 5687 nobiorum
552 5627 802 5683 omnium
850 5624 1630 5696 Cluniacensi’congregationi
1677 5626 1809 5682 sub-

1909 4628 2055 4685 nunc
2115 4628 2431 4699 appellatur.
2491 4630 2653 4699 qu.

1987 4703 2136 4766 (920)
2152 4697 2791 4770 ‘ScribendumiChristi,
2825 4699 2901 4753 uti
2933 4699 2986 4754 in
3014 4715 3148 4755 mss.
3181 4700 3431 4770 habetur,
3453 4713 3508 4759 et

1911 4787 2106 4826 sensus
2138 4771 2395 4839 postulat.
2428 4768 2645 4821 Sublata
2673 4777 2851 4839 autem
2895 4779 2975 4825 est
3020 4786 3049 4825 e
3076 4772 3209 4827 vivis
3256 4768 3505 4829 celeber-

1914 4844 2048 4895 rima
2081 4838 2283 4894 femina
2314 4855 2459 4893 anno
2507 4843 2664 4900 1115,
2692 4838 2776 4893 die
2816 4846 2881 4895 24
2919 4843 3122 4897 mensis
3159 4845 3310 4900 Julii.
3343 4847 3504 4899 Diem

1916 4913 2108 4967 mortis
2138 4912 2253 4983 ejus
2285 4910 2690 4985 ita__Bre_viator
2720 4913 2964 4985 Eislensis
2994 4917 3251 4985 expr'mit
3282 4934 3295 4969 :
3326 4922 3508 4969 octavo

1917 4985 2005 5038 die
2029 4988 2251 5037 exeunte
2296 4983 2458 5035 Julio.
2494 4983 2571 5034 Ex
2601 4997 2707 5049 quo
2734 4984 3013 5057 intelligis
3065 4983 3194 5057 quid
3240 4986 3509 5057 significet

1918 5058 2151 5109 intrante
2179 5065 2230 5107 et
2265 5058 2491 5107 emeunle
2518 5068 2691 5106 mense
2732 5055 2783 5107 in
2812 5065 3054 5110 veterum
3082 5055 3315 5113 'chartisi
3370 5056 3511 5113 Vide

1918 5127 2267 5195 antiquitates
2293 5130 2558 5179 Esteuses.
2595 5125 2758 5179 Mus.

1993 5202 2141 5262 (921)
2172 5200 2401 5259 Baron.,
2431 5211 2520 5248 an.
2568 5201 2722 5249 1115.
2754 5198 2915 5253 LEIB.

1992 5274 2136 5332 (922)
2168 5268 2303 5323 Cod.
2326 5274 2467 5329 ant.,
2496 5270 2923 5323 Bonus-Senior.
2950 5270 3112 5323 LEIB.

1995 5340 2139 5411 (923)
2163 5339 2393 5394 Codices
2420 5338 2615 5411 nostri,
2648 5339 2771 5393 huic
2801 5340 2961 5409 quod.
2991 5341 3151 5395 Mun.

1997 5409 2140 5475 (924)
2172 5411 2355 5466 Codex
2377 5409 2572 5479 antiq.,
2606 5411 2693 5464 sit.
2743 5413 2915 5467 LEIB.

1985 5485 2048 5537 In
2080 5480 2270 5535 iisdem
2293 5479 2530 5535 habetur
2556 5486 2737 5535 tamen
2751 5484 2857 5549 sit;
2879 5488 3044 5551 atque
3067 5482 3142 5538 ita
3169 5496 3359 5542 revera
3382 5484 3513 5540 scri-

1917 5551 2161 5609 bendum
2203 5555 2363 5609 Mus.

279 5775 306 5801 "
350 5771 519 5827 Hunc
544 5770 601 5826 in
635 5777 891 5826 notarum
920 5766 1166 5824 numeris
1193 5767 1399 5824 saltum
1432 5768 1711 5841 opusculis
1730 5768 1846 5841 jam
1884 5767 2033 5840 prelo
2061 5766 2260 5837 paratis
2283 5780 2350 5820 ex
2378 5777 2481 5817 suo
2502 5762 2568 5818 ad
2595 5760 2762 5815 alium
2784 5759 2967 5816 locum
2994 5764 3277 5821 translatis
3302 5766 3526 5823 tribuas.

514 5862 747 5915 Parson.
783 5858 1039 5914 CXLVIII.

3114 5856 3178 5907 33
