4010 6164
161 194 282 247 1037

1050 174 1336 250 APPEND.
1376 197 1464 251 IlI.
1508 228 1575 236 -
1614 199 2031 255 MONUMENTA
2068 201 2528 256 GREGORIANA.

3301 211 3436 263 1038

154 324 278 383 tam,
307 326 603 387 gantonem
629 321 776 385 (931)
808 326 863 373 et
892 320 1198 374 vascionem
1252 325 1394 385 (932)
1423 329 1605 388 terra,
1642 330 1728 377 at-
1756 331 1810 393 Α
1836 324 1964 379 timi
2009 324 2171 380 libras
2221 325 2396 391 mille;
2444 326 2651 397 argenti
2705 328 2941 397 pondera
2992 339 3225 400 quatuor
3272 332 3436 387 millia

153 426 248 480 que
273 425 490 465 ramum
520 412 733 466 arboris
752 417 922 479 (933),
955 422 1010 468 et
1039 429 1125 467 me
1151 412 1352 469 exinde
1392 413 1542 469 foras
1568 431 1736 486 expu-

152 504 208 569 li,
234 503 435 575 garpivi
476 510 644 572 (934),
694 510 750 561 et
788 505 1075 562 absentem
1123 522 1214 562 me
1246 507 1363 571 feci,
1408 516 1463 563 et
1514 526 1546 565 a
1585 518 1740 580 parte

154 597 311 668 ipsius
386 598 644 654 Ecclesia
708 598 1020 656 habendam
1078 602 1225 669 (935)
1276 601 1490 675 reliqui,
1539 602 1735 658 facien-

152 688 275 746 dum
310 696 452 758 (936)
512 690 712 746 exinde
755 708 880 763 pars
925 694 1098 764 ipsius
1140 694 1393 750 Ecclesia
1441 694 1659 751 dederit
1707 712 1735 751 a

152 784 391 857 praesenti
439 782 529 840 die
558 785 831 857 quidquid
880 786 1136 855 voluerit,
1167 789 1286 843 sine
1314 789 1468 843 omni
1516 805 1638 844 mea
1686 798 1737 845 et

152 877 420 934 haredum
450 894 514 934 ac
552 878 932 949 proharedum
982 896 1239 937 meorum
1281 881 1730 938 contradictione.

152 972 203 1028 Si
245 972 375 1045 quid
422 988 549 1028 vero
582 972 751 1043 (quod
784 972 1033 1030 futurum
1073 990 1191 1030 esse
1238 991 1351 1030 non
1386 977 1570 1041 credo)
1626 977 1737 1031 sive

151 1081 244 1138 ego
294 1066 576 1122 comitissa
621 1066 910 1137 Mathilda,
943 1067 1089 1140 quod
1113 1068 1281 1123 absit!
1328 1077 1423 1124 aut
1478 1069 1620 1125 ullus
1668 1071 1735 1125 de

152 1159 451 1216 haredibus
477 1176 540 1216 ac
568 1160 979 1231 proharedibus
1018 1160 1177 1229 meis,
1210 1177 1305 1217 seu
1344 1164 1603 1234 qualibet
1632 1180 1732 1234 op—

150 1255 309 1325 posita
357 1269 587 1326 persona
632 1262 823 1309 contra
875 1254 1014 1310 hanc
1054 1255 1361 1311 chartulam
1404 1257 1733 1328 quandoque

151 1345 450 1403 offertionis
488 1347 586 1413 ire,
635 1362 793 1420 agere
837 1349 1250 1415 teutaverimus,
1294 1358 1389 1403 aut
1434 1357 1547 1405 tam
1588 1352 1734 1416 (937)

152 1440 283 1510 (938)
312 1456 409 1513 per
435 1440 664 1511 quodvis
684 1441 970 1512 ingenium
1001 1440 1297 1513 infringere
1338 1443 1734 1513 quasierimus,

152 1544 273 1591 tunc
298 1533 602 1590 inferamus
625 1533 693 1589 ad
710 1534 861 1589 illam
876 1543 1105 1606 partem,
1135 1543 1325 1590 contra
1351 1551 1516 1607 quam
1543 1537 1734 1594 exinde

152 1628 295 1684 litem
342 1628 684 1683 intulerimus
725 1628 981 1696 multam,
1013 1628 1161 1699 quod
1190 1638 1272 1684 est
1299 1646 1457 1701 poena
1482 1631 1599 1685 auri
1639 1648 1735 1702 op-

1851 427 2033 490 etquo
2064 425 2207 485 (939)
2242 421 2637 492 repetierimus,
2681 422 2953 478 vindicare
2988 441 3102 479 non
3128 427 3432 491 valeamus;

1847 512 1943 567 sed
1974 530 2211 584 prasens
2241 515 2355 571 hac
2388 515 2633 571 chartula
2665 516 2965 571 offertionis
2994 519 3246 575 omnibus
3293 530 3431 576 tem-

1850 607 2072 676 poribus
2118 608 2276 663 ﬁrma
2306 618 2623 679 permaneat
2668 620 2832 681 atque
2860 612 3112 682 persistat
3155 622 3208 669 et
3246 630 3433 686 perga-

1847 716 2010 755 mena
2065 718 2192 757 cum
2243 705 2636 759 atramentario
2675 706 2742 761 de
2799 713 2942 762 terra
3002 708 3171 764 levavi
3226 712 3435 780 pagina

1847 793 2111 850 Guidonis
2124 798 2319 851 notarii
2344 802 2509 863 (940),
2537 797 2756 863 tradidi,
2786 808 2841 854 et
2861 802 3096 857 scribere
3116 804 3319 873 rogavi.
3354 807 3435 858 De

1846 902 1952 957 qua
1980 888 2169 943 subter
2197 890 2532 945 conﬁrmans
2575 894 2800 948 testibus
2843 895 3013 950 obtuli
3046 897 3430 952 roborandam.

1844 985 2047 1037 Actum
2090 984 2338 1040 Canusia
2374 984 2623 1053 feliciter,
2672 988 2955 1051 Mathilda,
3024 990 3123 1044 Dei
3162 992 3352 1061 gratia,
3388 992 3430 1045 si

1844 1075 1974 1145 quid
2000 1084 2103 1143 est,
2131 1076 2184 1131 in
2208 1078 2309 1133 hac
2330 1078 2516 1134 charta
2540 1096 2571 1135 a
2598 1096 2687 1134 me
2714 1081 2878 1145 facta,
2906 1090 3007 1136 etc.

1915 1167 1986 1238 >X<
2016 1172 2129 1240 Ego
2151 1171 2467 1239 Ardericus,
2483 1172 2649 1242 judex
2676 1173 2913 1236 interfui,
2941 1183 3041 1229 etc.

1918 1264 1989 1327 ἦ(
2014 1264 2128 1333 Ego
2156 1263 2431 1329 Ubaldus,
2456 1264 2626 1335 judex
2665 1265 2908 1331 interfui,
2936 1275 3040 1321 etc.

1916 1355 2143 1425 Signum
2174 1372 2343 1411 manu
2388 1358 2605 1412 Attonis
2632 1357 2699 1413 de
2744 1368 2927 1414 monte
2980 1360 3343 1414 Barranzonis
3386 1368 3441 1415 et

1846 1446 2127 1502 Bonvicini
2153 1447 2222 1502 de
2242 1450 2492 1513 Canusia,
2526 1450 2695 1521 rogati
2718 1460 2901 1506 testes.

1917 1542 2032 1610 Ego
2062 1540 2266 1605 Guido,
2307 1542 2552 1597 notarius
2586 1544 2795 1613 palatii,
2830 1544 3061 1615 scriptor
3086 1544 3251 1615 hujus
3275 1545 3439 1599 char-

1845 1634 1972 1688 tula
1998 1632 2309 1689 offertionis
2335 1643 2459 1704 post
2482 1636 2737 1691 traditam
2761 1637 3048 1707 complevi,
3080 1644 3133 1692 et
3152 1637 3300 1705 dedi,
3332 1646 3434 1692 etc.

412 1935 503 1993 De
544 1931 847 1994 Thesauro
881 1934 1198 1993 Canusina
1222 1934 1503 1994 Ecclesia
1524 1937 1771 2075 gomam
1798 1941 2173 2093 trt;n3misso,
2208 1944 2264 1997 et
2294 1940 2363 1997 de
2385 1940 2862 2017 compensatione
2887 1940 3169 2000 Ecclesiae

1571 2020 1839 2076 anusina
1895 2025 2046 2076 acta.

1571 2020 1839 2076 anusina
1864 2020 2046 2076 facta.

1615 2169 1981 2184 ————_—-.

218 2316 380 2366 Anno
409 2310 633 2366 Domini
676 2315 830 2377 1082,
857 2309 1133 2366 comitissa
1161 2308 1437 2366 Mathildis
1464 2326 1593 2366 cum
1622 2311 1734 2382 epi-
1770 2319 1817 2380 Β
1847 2314 2133 2385 episcopus
2176 2315 2496 2371 Heribertus
2544 2317 2811 2372 catholice
2862 2320 3173 2373 Romanam
3214 2318 3446 2389 diligens

148 2420 314 2475 scopo
354 2405 637 2467 Anselmo,
686 2404 782 2475 qui
811 2412 868 2459 et
912 2403 1144 2460 vicarius
1184 2412 1300 2460 erat
1337 2419 1491 2475 papa
1527 2406 1742 2474 Grego-

148 2499 219 2553 rii
245 2500 345 2553 VII
392 2496 446 2552 in
486 2498 590 2553 illis
631 2497 822 2553 diebus
864 2497 921 2552 in
965 2497 1380 2569 Longobardia,
1424 2497 1741 2552 thesaurum

150 2590 407 2647 Ecclesia
452 2590 740 2647 Canusina
784 2590 1081 2661 postulavit
1108 2590 1289 2645 abbati
1338 2589 1606 2653 Gerardo,
1652 2589 1742 2661 qui

148 2694 276 2740 tunc
304 2692 535 2755 praerat
564 2683 804 2755 prafata
824 2683 1193 2749 Ecclesia,'ad
1218 2682 1569 2755 dirigendum
1590 2697 1743 2752 papa

148 2794 243 2850 pro
267 2776 587 2833 defensione
613 2781 881 2832 Romana
914 2776 1191 2844 Ecclesia,
1222 2791 1346 2848 qua
1372 2776 1463 2831 illo
1492 2783 1741 2845 tempore

150 2870 587 2944 persecutionem
632 2868 899 2943 grandem
946 2868 1181 2925 habebat
1208 2885 1238 2925 a
1270 2869 1537 2927 Guiberto
1567 2867 1745 2923 hare-

149 2964 380 3022 siarcha.

221 3062 409 3129 Itaque
423 3058 855 3129 pranominatus
869 3056 1039 3113 abbas
1050 3074 1158 3112 una
1182 3071 1309 3112 cum
1326 3054 1746 3127 congregatione

152 3152 411 3215 fratrum,
441 3149 657 3206 ﬁdelem
694 3166 939 3206 amorem
972 3161 1025 3206 et
1050 3150 1401 3206 dilectionem
1445 3148 1652 3203 habens
1694 3147 1747 3201 in

149 3249 215 3301 Β.
252 3249 416 3301 Petro
446 3252 501 3299 et
528 3249 779 3300 Romana
816 3244 1071 3311 Ecclesia,
1104 3244 1302 3299 vicario
1339 3244 1457 3315 ejus
1495 3250 1547 3296 et
1572 3240 1749 3295 comi-

148 3341 303 3395 tissa
356 3338 601 3410 petitioni
629 3338 877 3393 alacriter
905 3338 1227 3393 thesaurum
1256 3336 1474 3403 obtulit,
1527 3334 1619 3406 qui
1660 3348 1745 3387 xx

145 3443 201 3490 et
231 3448 297 3489 Iv
341 3447 562 3488 corona
592 3437 740 3499 (941)
770 3439 906 3497 erat,
937 3440 991 3486 et
1038 3448 1146 3486 una
1181 3432 1396 3485 illarum
1425 3444 1585 3484 aurea
1617 3442 1745 3509 cum

143 3526 427 3583 crucicula
456 3542 562 3581 una
596 3525 785 3580 itidem
817 3540 1004 3592 aurea,
1035 3534 1088 3580 et
1110 3524 1232 3580 dua
1262 3523 1464 3578 tabula
1493 3520 1745 3576 altarium

144 3628 449 3693 argentea,
485 3628 538 3674 et
566 3627 889 3689 coopertura
925 3617 1136 3690 argenti
1171 3632 1312 3672 arca
1344 3615 1526 3671 altaris
1559 3610 1749 3669 Sancti

1848 2408 2146 2461 Ecclesiam
2179 2407 2384 2464 factum
2412 2408 2645 2478 episcopi
2670 2411 2919 2465 Anselmi
2953 2411 3215 2481 laudavit,
3240 2421 3293 2467 et
3327 2414 3444 2468 lau-

1847 2498 1981 2554 dans
2020 2500 2279 2566 ﬁrmavit,
2332 2501 2739 2573 Ecclesiamque
2784 2504 3114 2558 Canusinam
3155 2521 3444 2561 consecra-

1850 2593 1928 2647 vit
1957 2612 1971 2659 ;
2005 2607 2235 2663 quaque
2270 2592 2508 2649 habebat
2548 2595 2790 2649 Ecclesia
2821 2612 2885 2649 ex
2916 2612 3014 2651 suo
3035 2597 3159 2667 jure
3186 2614 3280 2653 sua
3318 2598 3445 2653 dote

1850 2686 2041 2740 annuit
2076 2686 2199 2752 sibi,
2244 2694 2303 2740 et
2334 2687 2638 2756 postulante
2678 2687 2869 2742 eadem
2910 2688 3139 2744 domina
3170 2692 3447 2745 comitissa

1850 2778 1979 2833 alias
2006 2778 2146 2833 duas
2179 2778 2429 2850 capellas,
2463 2795 2630 2833 unam
2658 2779 2711 2833 in
2743 2780 2864 2833 villa
2894 2781 3170 2846 Placiola,
3195 2792 3248 2836 et
3285 2784 3447 2838 aliam

1852 2872 1909 2925 in
1938 2875 2077 2926 Jano
2111 2877 2255 2938 (944)
2285 2872 2448 2926 sitam
2478 2870 2662 2926 eidem
2706 2873 2989 2943 supposuit
3020 2874 3298 2943 Ecclesia,
3347 2893 3445 2931 nec

1854 2980 1962 3019 non
1993 2973 2044 3019 et
2090 2965 2354 3036 capellam
2382 2965 2433 3019 in
2475 2966 2663 3037 Gurgo
2689 2965 2850 3020 sitam
2882 2982 2976 3037 per
3019 2967 3359 3023 voluntatem
3388 2986 3451 3024 ac

1855 3067 2021 3113 nutus
2051 3062 2197 3125 (945)
2224 3058 2378 3113 istius
2406 3059 2643 3129 episcopi
2667 3076 2697 3113 a
2718 3061 2959 3129 patronis
2987 3060 3233 3131 ejusdem
3266 3063 3446 3118 Eccle-

1853 3153 1971 3207 sia.
2028 3153 2299 3208 Canusina
2350 3161 2481 3207 tunc
2533 3153 2815 3223 acquisivit
2862 3154 3099 3208 Ecclesia
3138 3162 3281 3223 (946)
3307 3172 3451 3211 anno

1860 3250 2011 3299 1090.
2057 3245 2226 3317 Hujus
2276 3245 2509 3316 episcopi
2558 3246 2896 3316 temporibus
2930 3249 3279 3318 purgavimus
3314 3250 3451 3304 inte-

1857 3339 1972 3393 rius
2015 3346 2071 3393 et
2096 3338 2331 3393 exterius
2373 3338 2656 3392 ecclesiam
2687 3339 2835 3393 illam
2863 3339 2928 3394 de
2958 3341 3148 3411 Gurgo
3174 3357 3240 3395 ex
3286 3343 3455 3413 spinis

1860 3440 1915 3487 et
1955 3431 2223 3501 vepribus.
2287 3434 2421 3486 Post
2467 3430 2582 3486 hac
2630 3431 2771 3486 idem
2811 3434 3096 3503 episcopus
3138 3434 3456 3489 Heribertus

1862 3540 2085 3596 pergere
2116 3524 2300 3578 volens
2343 3524 2401 3577 in
2441 3523 2683 3578 Siciliam
2714 3540 2807 3593 per
2846 3525 3150 3595 proﬁcuum
3183 3535 3238 3581 et
3272 3527 3453 3582 hono-

1861 3634 1979 3672 rem
2004 3618 2203 3689 regina
2240 3618 2518 3681 Ecclesia,
2550 3617 2674 3687 quia
2696 3633 2831 3688 pura
2855 3618 3095 3673 amicitia
3124 3619 3454 3675 Canusinam

144 3682 450 3786 Apollonii,
498 3721 553 3768 et
578 3682 920 3767 thu-ribulum
966 3682 1167 3783 gvrande
1218 3718 1552 3782 argenteum.
1592 3706 1751 3778 Quod
1782 3682 1826 3744 Ο
1862 3682 2125 3782 diligebat
2152 3710 2473 3777 Ecclesiam,
2516 3682 2715 3765 m-utuo-
2740 3711 2945 3782 accepit
2972 3717 3113 3777 (947)
3158 3714 3453 3782 pretiosam

139 3807 449 3864 decoctum
483 3805 696 3861 Canusii
726 3804 1084 3877 septingenta
1124 3804 1280 3859 libra
1317 3802 1529 3875 argenti
1564 3800 1669 3857 fuit
1699 3808 1753 3855 et

142 3915 359 3957 novem
381 3898 534 3953 libra
566 3897 702 3953 auri.

223 3990 479 4048 Tandem
506 3990 830 4045 transmisso
861 3988 1118 4044 thesauro
1149 3992 1391 4043 Romam
1424 4003 1521 4057 per
1562 4003 1751 4041 assen-

144 4105 285 4145 sum
302 4094 357 4143 et
373 4087 707 4143 voluntatem
724 4103 895 4158 papa,
909 4086 1005 4157 qui
1025 4085 1271 4141 chartam
1285 4083 1594 4139 offertionis
1609 4085 1754 4150 (942)

143 4182 223 4239 de
260 4180 525 4237 omnibus
554 4180 771 4251 pradiis
810 4179 1082 4251 pradicta
1111 4178 1406 4234 comitissa
1447 4177 1516 4231 ab
1560 4192 1623 4232 ea
1668 4192 1752 4231 re-

140 4284 402 4348 ceperat,
430 4290 593 4345 supra
628 4274 945 4329 nominatus
970 4274 1222 4341 vicarius,
1254 4272 1347 4343 qui
1390 4280 1445 4326 et
1470 4270 1611 4325 hunc
1640 4270 1754 4341 epl-

138 4376 451 4441 scopatum
515 4376 667 4435 tunc,
717 4368 967 4438 jussione
1015 4382 1189 4437 papa,
1245 4365 1490 4436 regebat,
1530 4370 1757 4437 regante

134 4462 388 4518 domina
448 4460 725 4516 comitissa
802 4476 899 4530 pro
954 4458 1287 4531 aliquantula
1368 4458 1758 4513 restauratione

137 4555 330 4613 ablati
354 4554 620 4619 thesauri,
653 4553 784 4609 alias
813 4553 949 4608 duas
978 4553 1211 4623 capellas
1236 4553 1292 4606 in
1321 4553 1495 4607 Filma
1530 4557 1673 4617 (943)
1706 4558 1761 4605 et

136 4664 337 4706 unam
367 4648 421 4703 in
448 4648 627 4703 casula
652 4647 941 4720 supposuit
966 4647 1220 4702 Ecclesia
1240 4645 1547 4702 Canusina.
1566 4648 1761 4700 Postea

226 4812 392 4875 (931)
414 4810 789 4874 Guantonem,
812 4808 867 4863 id
896 4816 979 4863 est
1002 4807 1386 4863 chirothecam.
1417 4809 1579 4861 an.

224 4884 394 4949 (932)
427 4881 806 4937 Gwascionem
834 4882 974 4951 lego,
1001 4880 1364 4950 gwasionem,
1392 4876 1449 4932 id
1468 4886 1551 4933 est
1589 4877 1761 4948 cespi-

137 4964 303 5012 tem.
351 4954 514 5007 L313.

230 5028 391 5094 (933)
421 5022 621 5093 Supple
654 5039 666 5075 :
701 5022 928 5085 tradidi,
959 5022 1039 5077 vel
1070 5022 1175 5077 tale
1203 5018 1427 5092 aliquid.
1461 5022 1632 5075 LEIB.

230 5093 389 5164 (934)
415 5093 700 5165 Guarpivi,
727 5094 781 5149 id
810 5103 892 5148 est
918 5094 1069 5165 ejeci.
1096 5095 1261 5147 LEIB.

233 5170 401 5237 (935)
429 5166 710 5221 Habenda.
742 5168 911 5221 Lam.

235 5233 403 5305 (936)
442 5237 534 5293 Ad
560 5238 873 5303 faciendum
909 5235 1105 5291 exinde
1127 5249 1258 5304 pars
1288 5236 1460 5303 ipsius
1503 5233 1764 5299 Ecclesia,

142 5309 475 5367 barbarum
498 5316 598 5370 est,
632 5323 727 5377 pro
758 5328 769 5361 :
800 5313 860 5361 ut
887 5309 1057 5374 faciat
1082 5305 1279 5359 exinde
1299 5319 1427 5377 pars
1467 5305 1637 5373 ipsius
1658 5307 1769 5377 _Ec-

146 5384 354 5437 clesice
382 5374 647 5448 quidquid
672 5380 916 5433 voluerit.
947 5380 1063 5433 Vox
1093 5377 1306 5430 dederit
1338 5375 1549 5430 videtur
1578 5374 1773 5429 redun-

148 5454 332 5510 dare.
365 5453 530 5505 Lars.

238 5528 404 5587 (937)
428 5524 630 5575 Etiam.
656 5522 819 5575 Lam.

242 5599 406 5663 (938)
438 5593 625 5648 Scribe
650 5598 745 5646 aut
775 5608 923 5660 eam;
960 5590 1038 5646 ita
1065 5589 1211 5646 enim
1241 5590 1298 5646 in
1343 5588 1463 5647 aliis
1504 5587 1775 5663 ejusmodi

152 5665 409 5723 chartis.
442 5667 599 5719 Mun.

246 5736 407 5805 (939)
423 5737 598 5803 Quod.
620 5736 778 5789 LEIB.

1790 5084 1841 5144 D
1946 5093 2087 5151 (944)
2121 5086 2269 5141 Idem
2296 5084 2442 5150 cod.,

1863 3805 2133 3875 planetam
2176 3804 2246 3859 de
2284 3819 2523 3875 purpura
2568 3804 2860 3875 sanguinea
2913 3814 2967 3859 et
3028 3805 3254 3876 pulchro
3311 3807 3456 3861 auri-

1866 3897 2019 3953 frisio
2040 3901 2185 3964 (948)
2214 3913 2344 3952 cum
2374 3896 2583 3951 decenti
2605 3896 2743 3951 lineo
2762 3897 3105 3963 indumento,
3137 3915 3305 3970 quam
3330 3916 3459 3955 cum

1863 3991 2190 4046 indumento
2216 3989 2353 4046 dixit
2374 3991 2553 4045 valere
2583 4006 2712 4046 xxx
2734 3990 2917 4057 libras,
2948 3999 3002 4045 et
3028 4002 3223 4047 cuncta
3253 4008 3373 4064 qua
3393 4009 3459 4047 ex

1868 4100 1967 4139 suo
2010 4084 2133 4155 jure
2185 4083 2454 4138 Canusina
2501 4082 2734 4138 habebat
2793 4083 3036 4139 Ecclesia
3096 4085 3297 4141 iterum
3349 4086 3461 4140 suis

1868 4176 2268 4247 pontiﬁcalibus
2298 4176 2475 4230 verbis
2514 4175 2666 4229 valde
2708 4176 3058 4242 conﬁrmans,
3092 4186 3146 4231 et
3179 4178 3460 4248 spondens

1868 4284 1995 4323 vera
2022 4269 2127 4324 ﬁde
2157 4278 2213 4323 et
2237 4277 2384 4323 certa
2417 4267 2799 4337 promissione,
2831 4269 2875 4322 si
2922 4285 2949 4322 a
2981 4270 3160 4323 Sicilia
3197 4272 3348 4325 vivus
3374 4288 3456 4325 re-

1869 4370 2188 4427 verteretur,
2219 4360 2365 4432 quod
2395 4360 2462 4415 de
2517 4359 2834 4415 melioribus
2880 4361 3100 4429 capellis
3138 4362 3218 4416 sui
3250 4363 3460 4431 episco-

1870 4464 2025 4528 patus
2049 4455 2367 4527 subjugaret
2393 4452 2682 4509 Canusina
2716 4453 2986 4519 Ecclesia,
3023 4463 3077 4507 et
3104 4455 3146 4509 si
3176 4455 3458 4527 continge-

1869 4559 1954 4605 ret
1972 4566 2100 4605 eum
2141 4565 2249 4603 non
2278 4547 2494 4613 reverti,
2526 4555 2619 4600 aut
2648 4546 2690 4599 si
2718 4544 2964 4615 perderet
2994 4547 3263 4617 planetam
3297 4558 3351 4603 et
3380 4548 3461 4603 in-

1870 4643 2218 4709 dumentum,
2261 4641 2375 4712 ipse
2432 4638 2716 4695 ordinaret
2757 4654 2928 4693 unum
2993 4639 3059 4694 de
3118 4640 3279 4696 bonis
3323 4647 3463 4712 (949)

1943 4807 2085 4868 (940)
2116 4801 2373 4872 Paginam
2405 4798 2648 4855 Guidoni
2677 4797 2916 4853 notario.
2948 4800 3114 4855 LEIB.

1940 4879 2086 4939 (941)
2117 4875 2302 4938 Forte,
2329 4887 2659 4925 coronarum.
2692 4872 2863 4924 LBIB.

1941 4950 2086 5010 (942)
2113 4945 2294 5005 Forte,
2323 4941 2631 4996 oblationis.
2655 4943 2819 4996 LEIB.

1942 5020 2088 5081 (943)
2112 5014 2247 5069 Cod.
2273 5013 2529 5081 Regien.,
2550 5016 2610 5066 in
2626 5014 2822 5067 Filina.
2843 5015 3003 5069 MUB.

2485 5088 2541 5137 in
2571 5086 2738 5136 Fano.
2772 5087 2930 5138 Mun.

1948 5164 2096 5223 (945)
2121 5158 2273 5211 Idem
2300 5157 2451 5218 cod.,
2474 5171 2539 5209 ac
2557 5161 2712 5209 nutu.
2739 5157 2900 5209 Mun.

1947 5234 2089 5297 (946)
2122 5228 2277 5283 Idem
2307 5227 2455 5297 cod.,
2485 5229 2775 5295 acquisivit
2820 5226 3084 5281 Ecclesia.
3116 5227 3259 5278 Tum
3289 5226 3472 5295 sequi-

1876 5290 1999 5355 tur:
2020 5290 2160 5354 anno
2186 5305 2321 5354 1090
2348 5290 2505 5369 h’ujus
2528 5290 2776 5369 episcoIJi,
2799 5305 2903 5350 etc.

1950 5376 2093 5435 (947)
2120 5371 2269 5425 Idem
2302 5367 2451 5428 codl,
2484 5375 2667 5422 mutuo
2693 5368 2761 5421 ab
2788 5383 2845 5420 ea
2882 5368 3101 5433 accepit.
3130 5367 3292 5421 MUB.

1951 5449 2095 5508 (948)
2129 5444 2455 5508 Auri/Hgio.
2488 5442 2658 5493 LEIB.

1956 5505 2281 5577 (949)1dem
2332 5505 2454 5567 cod.
2488 5511 2743 5579 Regien.,
2783 5505 3035 5579 undeide
3087 5509 3230 5563 bonis
3281 5511 3479 5575 regina:

1882 5587 2129 5641 Ecclesia:
2168 5578 2615 5640 restaurationem
2666 5580 2883 5634 haberet
2918 5578 3201 5633 (Canusina
3252 5582 3482 5634 Ecclesia

1886 5657 1956 5711 de
1982 5662 2231 5713 mutuato
2255 5656 2362 5709 sibi
2390 5653 2724 5706 indumento.
2772 5648 2977 5699 Deinde
3007 5662 3154 5710 vero,
3186 5657 3292 5703 etc.
3327 5653 3482 5704 Mun.
