4010 6164
611 276 745 328 1039

1612 260 1701 313 AD
1741 258 1965 312 OPEBA
2002 255 2059 309 S.
2102 249 2423 307 GREGOBII
2458 236 2891 302 APPENDICES.

3664 243 3754 295 1W)

606 399 810 470 regina
837 392 1111 456 Ecclesia,
1158 397 1217 444 ut
1262 384 1719 443 restaurationem
1760 382 1983 436 haberet
2010 379 2196 434 Canu-
2225 381 2279 442 Α
2309 374 2594 445 prietatem
2627 367 2809 424 Sancti
2833 366 2983 421 Petri
3010 380 3042 418 a
3066 361 3335 418 comitissa
3365 369 3634 432 susceperat,
3657 364 3756 417 omni

607 494 724 547 sina
754 488 1000 546 Ecclesia
1048 483 1115 539 de
1144 488 1399 537 mutuato
1427 477 1529 535 sibi
1571 476 1914 532 indumento.
1953 476 2198 528 Demum

612 600 736 640 vero
765 589 889 653 post
915 576 1271 635 concordiam
1298 588 1451 646 papa
1480 568 1759 626 Paschalis
1806 583 1932 622 cum
1961 566 2198 636 impera-

607 685 750 744 tore,
779 683 834 730 et
861 682 984 745 post
1004 680 1246 726 mortem
1274 666 1569 724 comitissae
1595 665 1672 718 M.
1704 660 1983 717 mandavit
2018 659 2199 714 Canu-

604 770 725 825 sina
755 767 999 823 Ecclesia
1038 780 1189 836 papa
1239 776 1467 817 censum
1499 758 1737 829 quinque
1767 768 2064 819 annorum,
2109 765 2201 821 pe-

608 873 731 919 tens
759 861 1078 915 ﬁrmitatem
1102 856 1472 912 Ecclesiarum
1506 856 1653 918 (950)
1681 863 1929 909 suarum,
1964 854 2021 901 et
2049 845 2201 899 illam

606 954 922 1011 libertatem
944 967 1112 1023 quam
1142 966 1173 1004 a
1200 957 1450 1018 tempore
1469 944 1632 1016 primi
1655 941 1877 998 Ottonis
1911 940 2200 1009 imperato-

607 1049 682 1104 ris
711 1051 969 1104 Romana
1000 1041 1235 1099 Ecclesia
1265 1040 1368 1096 sibi
1402 1036 1816 1108 conscripserat,
1845 1034 1919 1088 ita
1957 1030 2207 1086 videlicet

608 1151 671 1197 ut
694 1156 860 1196 nemo
903 1138 1290 1210 episc0porum
1324 1147 1564 1203 unquam
1596 1130 1653 1184 in
1680 1128 1860 1198 aliquo
1889 1124 1987 1180 sibi
2016 1122 2203 1179 domi-

607 1242 849 1301 naretur,
894 1240 949 1287 et
994 1238 1057 1286 ut
1098 1227 1396 1300 Gregorius
1440 1226 1543 1281 VII
1598 1222 1690 1293 qui
1735 1230 1848 1276 tam
1892 1223 2039 1285 (951)
2077 1232 2200 1289 pro-

614 1397 2412 1428 _——_—-———————-—_—_——_————————_

2304 482 2447 522 anno
2476 461 3006 519 reddendo’censum
3034 472 3119 511 xx
3146 454 3453 521 solidorum,
3485 453 3548 509 sic
3581 470 3655 509 suo
3676 472 3757 525 apo-

2307 557 2542 616 stolicali
2568 555 2852 629 privilegio
2885 568 3007 608 eam
3034 548 3400 605 corroboraret
3427 556 3563 618 atque
3582 549 3757 602 muniret.

2311 652 2471 722 Quod
2486 660 2541 707 et
2552 650 2682 706 fecit
2701 648 3073 705 sanctissimus
3092 658 3246 715 papa,
3268 650 3505 714 perpetuo
3518 639 3763 695 anathemate

2311 747 2572 813 subdens,
2595 754 2649 800 et
2673 743 2916 798 alienans
2951 755 2982 794 a
3029 751 3255 809 corpore
3288 742 3341 790 et
3377 734 3600 805 sanguine
3617 733 3760 797 Christi,

2310 840 2620 911 quicunque
2647 837 2697 891 vi
2744 833 2877 890 illud
2904 834 3153 899 scienter,
3182 827 3323 900 quod
3349 827 3480 899 juris
3505 829 3552 883 S.
3577 826 3762 897 Apollonii

2310 943 2416 1004 est,
2446 931 2759 994 abstulerit,
2808 928 2889 983 vel
2921 926 3018 998 qui
3041 922 3341 980 confractor
3364 920 3471 991 ejus
3501 918 3699 990 privilegii
3717 921 3764 971 in-

2318 1036 2514 1082 ventus
2538 1024 2718 1080 fuerit.
2739 1022 2917 1093 Hujus
2934 1028 3124 1074 autem
3139 1017 3213 1071 rei
3229 1024 3384 1070 testes
3403 1012 3592 1067 fuerunt
3610 1010 3768 1066 domnus

2315 1123 2531 1185 Petrus,
2557 1114 2900 1179 Vincentius,
2927 1115 3079 1168 Pert.
3131 1113 3365 1166 Joannes
3399 1110 3525 1172 (952)
3548 1115 3591 1160 et
3609 1108 3767 1159 Donatus

2310 1214 2427 1285 ejus
2454 1208 2766 1267 monasterii
2790 1206 2993 1274 clerici,
3020 1213 3120 1260 etc.

2417 1383 3770 1412 Μ

1240 1559 1579 1679 VITA
1662 1552 2432 1671 COMITISSZE
2516 1480 3274 1661 MATHILDIS

611 1773 890 1837 Oratione
912 1774 1108 1834 soluta
1139 1772 1214 1832 ab
1254 1776 1497 1830 auctore
1536 1784 1835 1845 anonymo
1870 1770 2110 1845 scripta
2148 1768 2213 1845 et
2240 1780 2315 1821 ex
2353 1780 2460 1819 ms.
2508 1758 2791 1845 Franeici
2849 1756 3059 1815 Mariae
3112 1748 3439 1811 Florentim'
3477 1766 3509 1807 a
3548 1742 3769 1806 Guilielno

1686 1837 2015 1923 Godefrido
2034 1844 2325 1903 Leibm'tz'o
2338 1847 2609 1921 primum
2634 1837 2820 1897 edita.

2060 2013 2467 2025 ~—

1352 2167 1699 2222 HISTORIA
1723 2164 2290 2219 ILLUSTRISSIMIE
2316 2160 2709 2217 COMITISSE
2738 2156 3168 2221 MATHILDIS,

2012 2255 2107 2307 ET
2133 2254 2233 2307 DE
2261 2252 2507 2309 GESTIS

1406 2342 2109 2399 POTENTISSIMORUM
2158 2342 2749 2399 PROGENITORUM
2787 2338 3132 2402 SUORUM,

711 2440 935 2497 CUJUS
961 2437 1242 2492 CORPUS
1268 2435 1699 2504 REQUIESCIT
1720 2434 1796 2487 IN
1823 2432 2254 2487 DIGNISSIMO
2283 2431 2637 2487 COENOBIO
2666 2432 2719 2485 S.
2754 2426 3147 2484 BENEDICTI
3172 2424 3271 2479 DE
3297 2414 3712 2477 PADOLIRONE.

1531 2523 1898 2579 DIOECFJSIS
1927 2523 2020 2575 ET
2052 2520 2479 2576 DlSTRlCTUS
2507 2519 2917 2574 MANTUANI.

812 2621 1008 2676 OBIIT
1034 2619 1296 2674 AUTEM
1327 2616 1528 2671 ANNO
1558 2614 1994 2670 HUMANATAi
2023 2610 2463 2664 DIVINITATIS
2495 2606 2902 2663 MILLESIMO
2931 2602 3343 2660 CENTESIMO
3389 2595 3640 2667 QUINTO.

1646 2700 1933 2757 DECIMO
1956 2699 2152 2754 NONO
2179 2700 2501 2754 KALEND.
2532 2696 2873 2753 AUGUSTI.

670 2860 951 2918 Mathildis
980 2860 1174 2932 inclyta
1203 2857 1504 2924 comitissa,
1538 2864 1593 2910 et
1618 2854 1877 2910 militaris
1896 2850 2201 2910 admodum
2228 2854 2275 2916 Β
2312 2850 2533 2905 natione
2561 2848 2969 2920 Burgundium.
3001 2849 3139 2902 Post
3162 2844 3318 2916 cujus
3342 2850 3557 2900 mortem
3580 2827 3782 2913 Lotharius
3890 2882 3891 2897 χ

598 2956 816 3022 mulier,
867 2952 1104 3008 Henrico
1146 2953 1221 3006 ιν
1264 2951 1564 3021 imperante
1606 2948 1722 3003 suis
1764 2945 2195 3019 praclarissimis

595 3049 808 3104 actibus
834 3049 892 3101 in
936 3044 1187 3101 muliebri
1234 3059 1367 3099 sexu
1398 3044 1542 3096 inter
1585 3042 1730 3096 viros
1767 3038 2200 3112 pracellentibus

506 3209 518 3217 ~
598 3141 892 3197 virtutibus
958 3139 1187 3195 habetur
1242 3136 1480 3206 insignis.
1551 3133 1729 3205 Hujus
1782 3133 2030 3195 historia,
2084 3141 2199 3201 tam

598 3234 1014 3306 progenitorum
1054 3231 1230 3302 ipsius
1267 3245 1432 3301 quam
1465 3243 1623 3283 suam
1671 3226 1944 3299 originem
1980 3233 2035 3280 et
2080 3234 2200 3280 acta

600 3325 919 3383 summatim
947 3324 1261 3389 continens,
1303 3338 1370 3377 ex
1400 3319 1625 3377 diversis
1658 3319 1879 3376 collecta
1909 3318 2199 3385 chronicis,

598 3420 845 3491 sequitur
874 3419 928 3473 in
949 3418 1095 3473 hunc
1126 3414 1374 3471 modum.

1095 3529 1334 3585 CAPUT
1384 3527 1698 3581 PRIMUM.

601 3638 674 3689 De
711 3634 982 3687 obsidione
1032 3632 1200 3685 castra:
1241 3629 1505 3693 Canossaz,
1553 3644 1613 3681 ac
1646 3627 1961 3679 liberatione
2000 3628 2202 3693 reginae

669 3703 964 3827 Acgelteidw,
1013 3716 1184 3771 quam
1248 3700 1599 3766 Beringarius
1654 3713 1752 3751 rea:
1828 3698 2004 3751 Italia:
2063 3697 2199 3750 deti-

670 3791 735 3830 ne
773 3791 806 3828 a
838 3814 851 3827 .

670 3882 999 3955 Sigifredus,
1045 3880 1293 3953 princeps
1341 3877 1567 3948 quidam
1619 3877 1844 3932 illustris
1884 3877 1953 3933 de
1994 3877 2204 3932 Tuscia

599 3975 851 4048 partibus
896 3973 1161 4029 comitatu
1208 3970 1441 4026 Lucensi
1485 3977 1660 4037 ortus,
1693 3969 1919 4024 studens
1970 3969 2053 4024 sui
2099 3984 2202 4024 no-

598 4070 759 4125 minis
796 4068 1032 4140 gloriam
1078 4064 1369 4136 ampliare,
1399 4061 1900 4135 Longobardorum
1942 4061 2083 4117 ﬁnes
2118 4063 2203 4117 in-

598 4178 816 4234 gressus
839 4176 967 4216 cum
1000 4158 1127 4213 ﬁliis
1154 4158 1273 4229 ejus
1302 4154 1595 4227 Sigilredo,
1630 4158 1831 4210 Attone
1859 4164 1915 4209 et
1943 4153 2205 4220 Gerardo,

2308 2943 2426 3014 ejus
2468 2943 2609 2999 ﬁlius
2652 2943 2733 2998 vir
2780 2942 3017 3014 prudens
3060 2940 3336 3012 regnavit,
3373 2936 3554 2992 habens
3585 2926 3781 2998 conjugem
3890 3008 3891 3015 γ

2311 3036 2630 3093 Adeleidam
2676 3036 2921 3103 nomine,
2972 3032 3319 3105 splendidam
3364 3029 3594 3100 reginam.
3631 3022 3689 3075 Ex
3721 3015 3785 3068 hac
3890 3020 3891 3071 l

2308 3130 2620 3185 subtractus
2693 3129 2813 3184 luce
2875 3127 3204 3193 Lotharius,
3283 3122 3487 3197 quidam
3532 3106 3786 3183 Berengarius

2308 3222 2705 3294 Longobardus
2745 3222 2907 3292 hujus
2959 3222 3209 3276 nominis
3250 3226 3481 3292 quartus,
3508 3212 3668 3280 absque
3697 3208 3785 3294 nutu
3890 3228 3891 3269 ξ

2308 3316 2588 3373 Adeleida
2618 3316 2823 3372 relicta
2873 3316 3105 3386 regina,
3142 3290 3314 3386 eaque
3342 3309 3583 3367 renitente
3610 3314 3682 3375 pro
3704 3290 3786 3348 viri-

2309 3411 2433 3477 bus,
2464 3426 2560 3466 rex
2607 3418 2827 3465 creatur
2874 3408 3062 3464 Italia.
3116 3408 3223 3480 Qui
3252 3414 3432 3461 contra
3474 3414 3577 3456 eam
3617 3393 3669 3449 ob
3696 3389 3787 3443 hanc

2309 3519 2536 3559 causam
2565 3503 2767 3559 savitia
2814 3511 2868 3557 et
2897 3502 2972 3556 ira
3002 3477 3206 3572 pariter
3252 3499 3307 3554 in
3353 3504 3548 3552 tantum
3582 3477 3787 3543 incanduit.

2311 3606 2374 3653 ut
2401 3598 2579 3668 ipsam
2626 3612 2740 3652 sua
2776 3593 3189 3650 sublimationis
3241 3585 3648 3663 impugnatricem
3683 3584 3786 3641 διιρεῖ
3890 3584 3891 3587 “

2310 3706 2493 3745 arcem
2522 3690 2763 3746 Gardam
2802 3696 2947 3743 retro
2975 3686 3179 3743 turrim
3208 3662 3407 3741 carceri
3443 3671 3687 3737 incluserit,
3718 3662 3787 3718 $013

2312 3783 2414 3839 sibi
2458 3798 2715 3839 concessa
2744 3780 3020 3837 ancillula.
3059 3780 3300 3852 Regina,
3330 3792 3451 3832 cum
3488 3771 3568 3827 diu
3591 3759 3787 3821 mansissel

2313 3877 2542 3943 inclusa,
2597 3873 2861 3947 capellani
2907 3873 2992 3929 sui
3053 3872 3281 3928 tandem
3322 3866 3528 3926 solertia
3565 3860 3622 3917 de
3650 3859 3788 3910 eam"

2315 3969 2500 4025 evasit.
2552 3968 2659 4024 Hic
2712 3967 2861 4023 enim
2915 3965 3190 4021 Martinus
3218 3962 3434 4021 nomine
3483 3958 3552 4013 vir
3599 3946 3727 4006 ﬁdelis
3760 3945 3791 3990 et

2312 4078 2493 4134 sagax,
2525 4076 2751 4116 murum
2779 4060 2945 4116 turris
2982 4058 3258 4131 confregit
3286 4054 3502 4117 occulte,
3526 4056 3574 4105 et
3596 4038 3790 4134 dominam

2311 4172 2439 4211 cum
2469 4155 2724 4211 ancillula
2768 4154 2909 4209 clam
2963 4151 3091 4208 inde
3138 4152 3364 4213 ducens,
3408 4144 3533 4201 datis
3574 4135 3651 4192 sibi
3687 4124 3788 4185 indu'

598 4255 800 4310 multas
828 4254 1099 4321 civitates,
1129 4258 1317 4321 gentes
1333 4258 1386 4304 et
1413 4247 1611 4319 oppida
1642 4248 1987 4319 conquisivit,
2014 4257 2068 4304 et
2095 4248 2199 4304 sibi
2234 4226 2278 4289 Ο
2307 4248 2508 4303 mentis
2537 4246 2804 4313 virilibus,
2840 4260 3011 4317 usque
3039 4243 3110 4299 ad
3135 4246 3384 4299 Mantua
3413 4239 3573 4293 lacum
3598 4216 3788 4314 perduxitj

597 4348 828 4420 subegit.
875 4345 1155 4401 Defuncto
1203 4341 1431 4398 tandem
1478 4358 1565 4409 eo,
1615 4341 1743 4396 ﬁliis
1787 4342 1907 4412 ejus
1953 4340 2194 4413 prafatis

596 4451 819 4512 paterna
863 4438 1138 4495 condivisa
1187 4435 1495 4493 substantia
1529 4453 1542 4489 :
1593 4433 1703 4490 duo
1733 4450 1800 4489 ex
1843 4434 1942 4501 eis,
1987 4434 2195 4490 scilicet

597 4533 894 4605 Sigifredus
923 4541 977 4587 et
1013 4529 1292 4588 Gerardus
1334 4530 1689 4584 Parmensem
1716 4527 1988 4581 civitatem
2034 4527 2193 4582 inco-

598 4625 835 4680 luerunt.
868 4628 998 4680 Atto
1027 4638 1153 4678 vero
1182 4621 1275 4693 qui
1305 4622 1465 4692 longe
1492 4619 1688 4674 fratres
1716 4618 1922 4674 viribus
1949 4625 2004 4674 et
2031 4618 2194 4675 rebus

597 4718 1028 4783 transcenderat,
1072 4718 1375 4772 Canossam
1422 4722 1664 4768 castrum
1706 4712 1808 4767 sibi
1855 4711 2193 4768 domicilium

596 4811 818 4882 accepit,
847 4809 999 4881 quod
1041 4808 1291 4864 turribus
1333 4806 1566 4861 munivit
1618 4813 1676 4861 et
1714 4806 1991 4862 moenibus
2031 4806 2193 4863 deco-

597 4904 760 4960 ravit.
792 4906 928 4959 Erat
956 4901 1107 4957 enim
1146 4901 1255 4956 loci
1290 4908 1489 4955 natura
1534 4899 1956 4971 circumquaque
2002 4900 2192 4955 muni-

596 5005 740 5064 tum,
796 4993 1208 5067 inexpugnabile
1273 5007 1462 5048 revera
1522 4992 1858 5063 prasidium,
1915 4993 2085 5049 situm
2133 4993 2192 5047 in

595 5089 821 5147 diacesi
847 5085 1171 5160 Reginensi.
1210 5085 1298 5141 Ad
1322 5085 1473 5156 cujus
1501 5086 1666 5140 castri
1690 5085 2034 5141 obsidionem
2056 5086 2190 5141 dum

595 5183 833 5239 venisset
861 5179 1212 5253 Beringarius
1243 5194 1339 5233 rex
1365 5178 1554 5247 Italia,
1586 5195 1714 5234 cum
1743 5178 1858 5234 ﬁlio
1886 5186 1941 5234 et
1964 5181 2188 5250 Longo-

594 5275 899 5332 bardorum
941 5272 1199 5338 exercitu,
1250 5280 1313 5327 ut
1355 5270 1455 5327 sibi
1516 5274 1783 5327 Attonem
1833 5287 1963 5326 cum
2007 5280 2189 5327 castro

595 5369 912 5441 subjiceret,
951 5362 1047 5423 rex
1084 5376 1139 5422 et
1178 5366 1322 5421 ﬁlius
1350 5372 1484 5420 sunt
1521 5365 1792 5420 exstincti.
1838 5364 2189 5438 Longobardi

592 5478 721 5521 vero
749 5462 1009 5534 Ugonem
1034 5460 1215 5517 virum
1238 5458 1505 5531 inclytum
1530 5466 1843 5515 statuerunt
1867 5459 1974 5515 sibi
2002 5474 2189 5531 regem

662 5626 814 5693 (950)
855 5620 1010 5677 Idem
1062 5622 1209 5692 cod.,
1247 5621 1575 5690 ﬁrmitatem
1624 5623 1874 5675 omnium
1920 5621 2189 5677 Ecclesia-

590 5714 751 5837 “(’35
763 5697 827 5837 1131
830 5708 989 5821 ῗεῗὲω
1018 5761 1164 5829 cod.,
1186 5764 1283 5833 qui
1298 5779 1417 5817 eam
1438 5764 1499 5818 in
1513 5764 1921 5833 proprietatem.
1952 5764 2115 5819 Mnn.

2304 4341 2395 4412 qui
2425 4341 2752 4412 piscatorem
2785 4354 2917 4395 cum
2946 4336 3197 4393 navicula
3241 4332 3567 4406 reperientes,
3594 4306 3787 4376 transvehi

2306 4410 2600 4505 petierunt.
2633 4436 2712 4489 Eo
2738 4448 2866 4488 vero
2888 4429 3258 4503 navigationis
3286 4425 3511 4499 pretium
3536 4410 3789 4501 exposcente,

2302 4527 2479 4598 inquit
2523 4526 2592 4582 ad
2657 4542 2786 4582 eum
2837 4524 3151 4597 capellanus
3202 4521 3453 4593 regina:
3491 4513 3539 4571 Si
3574 4508 3789 4598 scires

2301 4636 2513 4688 sumus,
2567 4636 2669 4675 nos
2718 4622 2877 4676 latus
2903 4591 2980 4674 ἐἰ
3033 4616 3243 4688 absque
3271 4591 3439 4687 pretio
3488 4606 3684 4661 veheres.
3724 4591 3791 4658 (ιω

2302 4713 2590 4784 respondit
2621 4731 2635 4768 :
2677 4715 2825 4784 Ergo
2878 4710 3015 4767 mihi
3044 4709 3255 4782 aperite
3309 4706 3400 4779 qui
3425 4699 3578 4759 estis?
3612 4692 3791 4784 DUM“?

2300 4814 2707 4862 sacramentum
2734 4776 2806 4861 ab
2834 4820 2900 4862 eo
2947 4776 3200 4876 peterent
3227 4776 3377 4873 quod
3400 4789 3583 4854 nemini
3604 4776 3792 4876 mvelim

2302 4915 2585 4967 arcanum,
2616 4900 2754 4970 ipse,
2783 4898 3003 4955 duobus
3050 4869 3293 4967 acceptis
3321 4888 3521 4948 baculis
3558 4883 3607 4937 in
3629 4869 3792 4970 εῗῧϐίὲξ]

2301 4993 2481 5049 crucis
2508 4993 2568 5047 in
2597 5002 2803 5048 terram
2828 4991 3042 5063 positis,
3093 5005 3152 5045 se
3182 5003 3304 5043 rem
3329 4985 3603 5040 celaturum
3638 4963 3790 5042 jurarit.

2300 5088 2457 5141 Tunc
2480 5086 2791 5157 capellanus
2825 5060 2874 5140 ei
2904 5084 3136 5155 aperuit,
3188 5080 3435 5136 indicans
3461 5085 3564 5128 esse

2302 5149 2562 5235 Piscator-
2582 5179 2762 5250 itaque
2808 5149 2969 5234 latus
3022 5174 3275 5241 effectus,
3330 5171 3524 5244 palmas
3553 5158 3611 5215 ad
3646 5149 3791 5250 99"“1”

2303 5271 2549 5337 tendens,
2579 5242 2765 5326 statim
2791 5286 2885 5326 eos
2919 5271 2977 5326 in
3006 5268 3255 5324 navicula
3283 5242 3571 5330 assumptos
3605 5246 3661 5304 ad
3682 5242 3792 5299 aliam
3890 5244 3891 5321 ξ

2300 5365 2452 5420 lacus
2479 5365 2655 5436 ripam
2678 5363 2914 5431 devexit,
2944 5379 3112 5435 prope
3135 5361 3331 5416 silvam
3374 5365 3533 5425 usque
3567 5339 3679 5400 Iacui
3699 5343 3791 5436 oon"

2300 5428 2544 5531 tiguam:
2560 5457 2792 5529 Regina
2837 5428 3065 5530 quoque
3085 5455 3294 5529 piscem
3335 5445 3524 5506 obtulit
3557 5443 3714 5507 rogalis
3740 5428 3788 5481 υίν

2292 5622 2518 5757 W923
2545 5617 2699 5674 Idem
2724 5617 2875 5687 cod.,
2920 5619 3131 5683 Petrus,
3160 5616 3415 5677 Joannes,
3440 5610 3489 5661 et
3512 5597 3701 5658 Domi”
3725 5582 3789 5636 θίν’
