4052 6180
241 275 368 332 1041

1148 278 1434 333 APPEND.
1476 280 1560 333 III.
1600 308 1671 320 -—
1708 279 2124 335 MONUMENTA
2163 279 2619 337 GREGORIANA.

3393 287 3527 342 1042

231 400 271 455 si
300 399 521 471 quando
560 416 817 472 prospera
865 400 965 456 sibi
1022 400 1291 457 arrideret
1345 401 1588 471 fortuna,
1638 404 1813 459 remi-
1846 409 1899 470 Α
1927 405 2328 475 prastantiores
2366 404 2441 459 ibi
2488 404 2635 461 viros
2684 406 2907 477 alloqui.
2960 407 3279 480 Quodjrex
3329 410 3528 465 intelli-

228 493 533 548 nisceretur
584 494 914 565 pauperrimi
952 495 1261 564 piscatoris.
1295 496 1680 552 Pervenientes
1731 497 1825 568 igi-

228 594 317 641 tur
345 586 412 641 ad
442 586 618 656 ipsam
653 587 884 642 insulam
938 603 1047 641 una
1099 587 1174 642 ibi
1233 588 1577 644 hebdomada
1623 590 1820 661 trepidi

228 680 526 735 latuerunt.
567 679 889 750 Capellanus
917 681 1067 737 enim
1096 690 1306 737 secreto
1333 683 1449 739 loca
1493 684 1643 739 silva
1686 699 1818 738 con-

222 772 388 844 tigua
420 772 747 828 circumiens
773 774 975 830 victum
1012 776 1337 845 procurabat
1360 777 1579 848 regina.
1623 779 1821 832 Trans-

224 875 346 922 acta
408 866 758 923 hebdomada
837 869 1121 939 suspirans
1180 877 1236 923 et
1306 870 1672 941 ingemiscens
1728 886 1815 927 re-

223 961 351 1032 gina
383 974 495 1016 sua
528 960 766 1016 miseria
812 969 1016 1016 statum
1046 981 1058 1019 :
1086 962 1205 1016 Heu
1235 966 1246 1016 !
1302 963 1481 1034 inquit
1509 962 1815 1036 capellano,

223 1054 502 1123 captivam
527 1068 619 1108 me
647 1069 865 1125 semper
896 1069 1013 1111 esse
1038 1055 1339 1125 conspicio,
1376 1056 1643 1127 quidnam
1672 1056 1812 1113 mihi

222 1146 313 1202 hic
340 1162 458 1202 esse
486 1145 755 1218 prodest?
793 1146 967 1214 Vade,
1010 1164 1220 1218 quaso,
1250 1149 1416 1218 igitur
1438 1148 1509 1203 ad
1536 1150 1815 1222 Reginum

219 1240 539 1311 episcopum
586 1239 945 1307 Adalardum,
989 1242 1080 1313 qui
1118 1257 1246 1297 cum
1285 1242 1419 1297 mihi
1476 1244 1817 1299 consueverit

217 1350 339 1390 esse
394 1333 589 1400 ﬁdelis,
640 1349 801 1404 spero
854 1334 1026 1404 quod,
1056 1335 1102 1389 si
1129 1334 1231 1389 sibi
1263 1343 1502 1406 quantus
1530 1336 1600 1391 sit
1655 1352 1815 1391 meus

216 1428 382 1483 fletus
418 1425 761 1493 iudicaveris,
785 1425 1013 1482 forsitan
1060 1428 1410 1483 miserebitur
1460 1430 1656 1484 nostri.
1691 1431 1816 1485 Hac

214 1520 407 1576 dicens
441 1520 625 1574 statim
654 1519 969 1590 capellanus
1005 1519 1073 1574 ad
1118 1520 1436 1592 episcOpum
1482 1522 1809 1592 properavit,

214 1621 274 1668 et
318 1620 528 1667 secreto
578 1611 679 1666 sibi
735 1613 939 1683 regina
990 1613 1267 1667 miseriam
1298 1612 1650 1684 patefaciens,
1698 1615 1812 1684 ejus

210 1705 319 1760 sibi
363 1703 678 1775 prasidium
703 1703 936 1759 conferri
977 1705 1323 1777 supplicavit.
1372 1706 1685 1762 Condolens
1729 1707 1811 1761 his

1932 513 2066 569 gens
2095 498 2246 553 illum
2276 497 2740 569 comprehendere
2766 499 3115 555 machinatus
3153 510 3253 557 est.
3290 502 3525 571 Quidam

1930 607 2057 646 vero
2086 592 2279 647 Attoni
2303 592 2532 658 amicus,
2574 592 2689 648 hac
2716 594 3028 663 prasciens,
3062 610 3191 649 eum
3219 603 3429 650 secreto
3457 596 3524 651 de

1933 685 2065 739 turri
2104 693 2381 750 vocatum,
2433 693 2512 753 ut,
2559 686 2760 741 emisso
2815 702 2910 756 per
2966 686 3300 742 fenestellam
3358 690 3525 743 turris

1929 778 2129 847 capite,
2162 777 2277 846 ejus
2335 777 2552 833 audiret
2593 779 2755 834 verba
2798 781 3035 850 rogavit;
3088 780 3235 851 quod
3266 797 3392 836 cum
3442 780 3518 836 fe-

1926 871 2090 927 cisset
2108 873 2261 934 Atto,
2281 870 2418 925 hanc
2438 872 2485 927 ei
2508 870 2763 927 fabellam
2783 874 3025 929 narravit
3056 893 3069 929 :
3096 876 3295 940 Ursus,
3319 875 3518 947 inquit,

1927 972 2112 1020 ventre
2146 963 2417 1030 famelico,
2482 980 2784 1035 suspensus
2837 966 2907 1021 ad
2962 982 3113 1022 escas
3153 968 3411 1035 existens,
3461 985 3520 1025 se

1926 1058 2065 1113 cervi
2096 1056 2385 1129 cujusdam
2440 1058 2675 1112 amicitia
2725 1058 2983 1128 languere
3033 1060 3319 1127 conﬁnxit,
3366 1061 3520 1117 misit

1926 1158 1985 1206 ut
2012 1166 2071 1206 se
2095 1151 2372 1205 visitatum
2397 1150 2614 1206 concito
2643 1166 2829 1223 gressu
2859 1152 3083 1207 veniret.
3117 1155 3319 1208 Cervus
3348 1153 3517 1224 igitur

1924 1259 2054 1298 cum
2080 1244 2333 1304 venisset,
2366 1259 2528 1299 ursus
2568 1244 2685 1315 ejus
2709 1242 2940 1299 adhasit
2966 1246 3244 1311 auricula,
3286 1261 3519 1318 eamque

1920 1337 2257 1408 discerpens,
2298 1339 2474 1408 ipsam
2502 1338 2669 1393 etiam
2724 1338 3001 1409 unguibus
3048 1339 3288 1394 laniavit.
3318 1340 3519 1395 Cervus

1922 1429 2147 1485 tandem
2197 1430 2389 1485 evasit.
2440 1432 2567 1486 Post
2596 1432 2714 1488 hac
2741 1447 2961 1487 rursum
3006 1448 3105 1504 pro
3143 1448 3304 1489 cervo
3353 1450 3516 1488 man-

1923 1522 2092 1588 davit,
2152 1524 2480 1593 promittens
2533 1524 2583 1579 ei
2652 1540 2853 1594 magna
2902 1541 3127 1581 munera
3183 1527 3225 1580 si
3284 1526 3513 1581 veniret.

1919 1617 2121 1671 Cervus
2149 1616 2354 1672 inscius
2383 1625 2439 1672 et
2468 1616 2791 1672 offensionis
2818 1617 3039 1683 oblitus,
3094 1620 3293 1673 iterato
3325 1634 3515 1674 rever-

1920 1709 2071 1774 titur,
2123 1710 2215 1781 qui
2292 1725 2422 1764 urso
2482 1709 2702 1780 propius
2771 1709 3054 1777 accedens,
3102 1711 3321 1766 residua
3386 1726 3515 1766 eum

210 1798 528 1869 episcopus,
553 1798 709 1853 latus
732 1805 921 1852 tamen
946 1798 1093 1869 quod
1110 1799 1296 1871 regina
1322 1798 1523 1855 viveret
1546 1798 1811 1867 efﬁcitur;
1842 1776 1889 1837 Β
1924 1802 2155 1871 privavit
2199 1802 2462 1867 auricula,
2512 1802 2697 1874 sicque
2735 1802 2958 1858 delusus
2982 1819 3176 1859 cervus
3218 1804 3381 1859 rediit
3417 1804 3514 1860 de-

208 1893 498 1963 capellano
530 1890 814 1962 respondit
842 1891 1055 1946 nullum
1107 1908 1165 1947 se
1215 1893 1491 1963 possidere
1541 1892 1806 1964 oppidum

208 1985 264 2040 in
295 2000 408 2055 quo
435 1999 620 2039 secure
651 1992 833 2054 posset
854 1984 1043 2055 regina
1090 1986 1313 2039 morari.
1364 1985 1598 2040 Militem
1624 1994 1806 2041 tamen

205 2093 264 2134 se
321 2077 524 2133 habere
597 2076 733 2132 dixit
776 2080 1045 2133 Attoncm
1090 2078 1335 2145 nomine,
1400 2093 1566 2149 quem
1643 2094 1807 2149 supra

204 2170 477 2237 diximus,
524 2170 695 2225 ﬁlium
740 2169 1017 2242 Sigifredi,
1049 2172 1451 2227 amicissimum
1498 2172 1621 2238 sibi,
1652 2173 1808 2243 cujus

204 2272 327 2321 erat
408 2271 646 2319 castrum
697 2265 932 2319 Canossa
978 2265 1204 2319 nomine
1273 2273 1398 2320 ante
1450 2264 1661 2321 dictum
1710 2281 1806 2336 pro

200 2358 401 2430 regina
459 2356 795 2413 tutissimum
868 2372 1054 2412 revera
1110 2358 1447 2428 prasidium.
1503 2356 1805 2414 Confestim

200 2452 379 2523 igitur
438 2450 773 2521 capellanum
815 2449 883 2505 ad
931 2454 1195 2505 Attouem
1246 2450 1467 2506 direxit.
1522 2452 1627 2523 Qui
1678 2466 1807 2506 eum

202 2544 426 2609 videns,
456 2552 510 2598 et
532 2542 599 2598 de
627 2544 812 2614 regina
866 2544 1237 2615 interrogans,
1269 2560 1389 2598 eam
1443 2544 1511 2599 de
1543 2544 1806 2599 industria

198 2653 300 2693 sua
335 2635 623 2708 respondit
644 2636 697 2691 in
723 2651 938 2692 carcere
968 2635 1085 2692 fore
1111 2635 1446 2692 defunctam.
1472 2639 1627 2692 Tunc
1653 2640 1805 2702 Atto,

196 2732 295 2801 qui
329 2730 581 2801 reginam
604 2728 1154 2796 ﬁdeliteradamabat,
1184 2730 1421 2785 nimium
1444 2730 1573 2785 inde
1611 2729 1809 2785 dolens

196 2823 481 2894 lacrymas
504 2820 645 2878 fudit
664 2837 902 2877 amaras.
925 2820 1089 2891 Quod
1118 2838 1348 2878 cernens
1376 2823 1577 2895 regina
1628 2824 1807 2891 capel-

198 2917 389 2985 lanus,
442 2931 562 2971 rem
590 2916 639 2970 ei
699 2915 889 2970 statim
947 2916 1183 2986 aperuit.
1243 2922 1375 2972 Atto
1440 2916 1606 2988 igitur
1661 2930 1805 2987 equo

197 3010 468 3065 velociter
530 3024 782 3076 ascenso,
818 3024 948 3063 cum
1026 3009 1307 3079 capellano
1381 3016 1435 3063 et
1476 3008 1700 3064 famulis
1739 3008 1809 3064 ad

194 3104 451 3174 reginam
500 3103 757 3174 perrexit,
810 3117 977 3173 quam
1023 3101 1080 3155 in
1129 3102 1264 3157 silva
1342 3101 1623 3172 reperiens
1670 3118 1799 3157 cum

192 3195 483 3259 ancillula,
535 3194 603 3249 ad
634 3196 932 3250 Canossam
995 3210 1120 3250 eam
1174 3194 1447 3265 perduxit.
1503 3197 1639 3249 Post
1680 3194 1801 3249 hac

192 3293 450 3346 Romam
491 3289 559 3344 ad
588 3304 782 3359 papam
812 3290 1087 3343 Joannem
1136 3288 1362 3343 nomine
1405 3287 1800 3343 duodecimum

188 3383 459 3439 nuntium
509 3381 670 3453 hujus
728 3382 810 3436 rei
860 3381 1078 3447 direxit,
1153 3382 1470 3453 supplicans
1504 3381 1604 3436 sibi
1639 3397 1803 3452 super

190 3478 299 3532 hac
330 3490 397 3530 re
418 3474 651 3545 dignum
671 3474 913 3546 impendi
942 3474 1256 3529 consilium.
1292 3475 1626 3529 Deliberavit
1650 3476 1799 3529 enim

187 3573 327 3624 Atto
380 3566 834 3639 reginamipsam
878 3566 1195 3637 imperatori
1231 3565 1452 3634 Ottoni,
1508 3574 1640 3621 tunc
1676 3566 1801 3621 Ale-

185 3661 407 3717 mania
454 3660 597 3730 regi,
645 3660 704 3714 in
753 3659 1070 3731 conjugium
1126 3659 1408 3729 copulare.
1475 3661 1619 3729 Papa
1670 3674 1800 3714 vero

181 3753 597 3810 commendans
628 3751 775 3823 quod
830 3760 1072 3823 gesserat
1124 3754 1282 3816 Atto,
1341 3750 1621 3805 mandavit
1650 3752 1697 3807 ei
1741 3760 1801 3807 ut

180 3846 344 3917 quod
377 3843 448 3899 de
468 3845 651 3916 regina
678 3853 1059 3915 proposuerat,
1114 3844 1408 3899 salubriter
1437 3844 1793 3915 adimpleret.

182 3944 327 3995 Atto
395 3938 578 4009 igitur.
635 3937 909 4007 pontificis
946 3937 1163 4008 cognita
1211 3937 1512 4003 voluntate,
1555 3938 1797 4008 reginam

180 4033 379 4088 eidem
406 4031 598 4087 Ottoni
633 4033 908 4085 Veronam
958 4030 1193 4084 venienti
1218 4029 1370 4085 dedit
1396 4031 1453 4084 in
1482 4030 1794 4101 conjugem.

181 4129 324 4182 Otto
380 4140 507 4179 vero
560 4140 654 4179 rex
697 4123 894 4179 Attoni
932 4123 1167 4177 maxima
1223 4138 1318 4193 per
1377 4121 1497 4177 hac
1545 4124 1799 4193 promisit

179 4218 489 4275 beneﬁcia.

809 4311 1056 4368 CAPUT
1119 4314 1190 4366 ll.

178 4416 313 4471 Otto
336 4417 641 4483 imperator
669 4416 727 4468 in
757 4415 1028 4467 auxilium
1054 4414 1201 4467 venit
1225 4415 1419 4469 Attoni
1470 4415 1528 4466 in
1562 4414 1799 4466 Canossa

522 4486 747 4551 obscsso,
780 4490 830 4538 et
854 4488 1209 4553 Berengarius
1239 4488 1471 4554 capitur.

256 4595 402 4649 Hac
433 4592 509 4646 ita
537 4591 677 4646 dum
707 4606 765 4646 se
794 4590 1079 4657 haberent,
1103 4592 1285 4647 omnia
1306 4591 1792 4664 prorsuslatebant

174 4686 597 4756 Berengarium
638 4700 843 4757 regem.
883 4686 1225 4756 Cognoverat
1272 4701 1401 4740 sane
1431 4685 1666 4740 evasisse
1710 4700 1791 4739 re-

174 4780 405 4851 ginam,
460 4777 556 4834 sed
608 4794 718 4849 quo
782 4777 1101 4848 aufugisset,
1148 4778 1345 4850 quidve
1416 4778 1633 4849 egisset,
1680 4784 1795 4832 erat

168 4872 443 4945 ignarus.
485 4869 692 4926 Audito
737 4880 919 4926 autem
968 4872 1192 4926 Ottonis
1219 4871 1364 4942 regis
1406 4871 1640 4926 adventu
1682 4872 1784 4925 Ve-

169 4979 369 5031 rona,
402 4972 460 5019 et
477 4979 812 5035 quacunque
832 4963 898 5018 de
923 4964 1108 5035 regina
1137 4980 1265 5019 cum
1314 4979 1379 5019 eo
1418 4972 1601 5034 egerat
1636 4965 1789 5027 Atto,

169 5059 375 5114 iratus
404 5066 461 5112 et
488 5056 742 5112 frendens
784 5056 1093 5112 coadunato
1124 5057 1360 5112 exercitu
1389 5058 1538 5111 venit
1583 5058 1793 5112 Canos-

168 5168 340 5216 sam,
365 5165 597 5220 eamque
646 5149 931 5205 obsidione
960 5150 1190 5205 vallavit.
1244 5149 1351 5205 Sed
1375 5152 1508 5205 Atto
1555 5150 1793 5221 prudens

166 5253 230 5301 et
284 5252 571 5307 strenuus,
615 5242 902 5313 oppidum,
934 5243 1099 5298 etiam
1153 5242 1254 5298 loci
1310 5251 1508 5299 natura
1556 5241 1790 5298 fortissi-

167 5352 379 5400 mum,
418 5336 737 5390 necessariis
765 5335 1077 5406 quibusque
1115 5336 1401 5390 munierat.
1436 5338 1577 5391 Suos
1630 5335 1793 5406 igitur

166 5431 249 5486 ad
324 5428 708 5484 defensionem
786 5428 966 5484 solum
1043 5428 1436 5484 cohortabatur
1524 5429 1795 5499 intrepide

163 5525 448 5591 Cumque
487 5538 582 5576 rex
612 5522 971 5593 Berengarius
1001 5528 1239 5577 castrum
1266 5522 1555 5578 obsessum
1603 5521 1793 5577 multis

166 5614 321 5671 telis
380 5622 433 5668 et
481 5614 755 5669 machinis
805 5616 1113 5685 impeteret,
1181 5616 1391 5670 excelsa
1440 5622 1626 5670 tamen
1678 5615 1794 5685 ejus

162 5704 406 5764 muenia
432 5707 673 5779 contingi
700 5723 814 5763 non
834 5715 1106 5780 poterant.
1131 5710 1278 5761 Inter
1292 5706 1411 5763 hac
1439 5715 1795 5763 consueverat

162 5794 479 5857 interdum
538 5806 670 5857 Atto
723 5800 792 5856 de
857 5801 998 5857 turri
1068 5800 1277 5857 excelsa
1343 5800 1691 5869 descendere,
1738 5809 1794 5856 et

1921 1902 2193 1966 turpatus.
2239 1896 2424 1950 Tertio
2454 1895 2677 1951 tandem
2720 1911 2851 1951 urso
2877 1912 2974 1967 pro
2998 1912 3158 1951 cervo
3201 1896 3510 1965 mandante,

1916 1988 2131 2043 dicebat
2161 1989 2311 2043 enim
2333 2004 2392 2043 se
2424 2004 2620 2060 magna
2645 2005 2773 2044 cum
2799 2004 2863 2043 eo
2895 1989 3043 2060 loqui
3068 1990 3223 2055 velle,
3255 1989 3512 2046 incautus

1914 2096 2109 2136 cervus
2166 2080 2399 2136 advenit.
2453 2082 2551 2136 Cui
2600 2097 2758 2136 ursus
2828 2080 3093 2144 arridens,
3147 2082 3311 2137 dente
3380 2098 3512 2138 eum

1917 2182 2135 2244 repente
2170 2182 2224 2227 et
2252 2189 2433 2245 ungue
2456 2172 2723 2244 discerpit
2774 2174 2997 2244 vitaque
3044 2174 3322 2244 privatum
3365 2175 3509 2245 vulpi

1916 2265 2214 2321 assandum
2267 2266 2433 2322 dedit.
2513 2266 2693 2334 Quem
2738 2266 2871 2320 dum
2933 2281 3120 2322 assum
3174 2282 3302 2321 urso
3340 2267 3515 2338 vulpis

1916 2367 2319 2429 prasentasset,
2354 2375 2450 2414 cor
2505 2359 2653 2413 illius
2688 2374 2719 2412 a
2764 2359 2926 2430 vulpe
2962 2358 3060 2413 sibi
3110 2358 3242 2414 dare
3278 2360 3501 2430 expetit.

1914 2453 2011 2507 Cui
2048 2452 2225 2523 vulpis
2268 2468 2494 2507 cervum
2548 2468 2645 2507 cor
2709 2467 2823 2507 non
2889 2450 3145 2507 habuisse
3197 2452 3503 2523 respondit.

1914 2547 2092 2601 Ursus
2114 2561 2240 2599 vero
2285 2544 2417 2598 dum
2440 2560 2665 2614 prorsus
2707 2560 2931 2600 cervum
2952 2560 3049 2599 cor
3092 2544 3347 2601 habuisse
3375 2561 3514 2601 con-

1916 2638 2186 2701 tenderet,
2216 2645 2270 2691 et
2308 2636 2442 2692 illud
2474 2638 2663 2693 statim
2689 2636 2790 2691 sibi
2827 2637 2943 2692 dari
2972 2637 3149 2705 vellet,
3202 2639 3376 2709 vulpis
3402 2639 3513 2705 ait;

1918 2734 2068 2785 Dum
2110 2730 2217 2785 tuis
2245 2730 2406 2784 tertio
2454 2730 2805 2800 petitionibus
2838 2729 2915 2784 sic
2939 2732 3227 2786 annuisset
3254 2732 3516 2802 improvi-

1917 2824 2038 2888 dus,
2073 2822 2239 2878 corde
2261 2838 2386 2877 eum
2415 2823 2657 2877 caruisse
2687 2823 3361 2895 protinuscomprobatur.
3394 2824 3513 2877 Hac

1917 2925 2133 2972 narrata
2165 2914 2383 2981 fabella,
2414 2923 2470 2969 et
2507 2931 2606 2970 cur
2633 2931 2757 2971 eam
2784 2915 2995 2971 dixerat
3022 2924 3152 2970 Atto
3182 2916 3511 2986 intelligens,

1919 3010 2137 3073 turrim,
2165 3007 2455 3064 obsidione
2481 3008 2732 3075 durante,
2782 3008 3020 3079 amplius
3072 3022 3183 3061 non
3211 3007 3511 3074 descendit,

1914 3102 2045 3157 utile
2096 3102 2201 3157 sibi
2246 3102 2557 3174 exemplum
2602 3116 2901 3157 reservans.
2948 3102 3088 3154 Dum
3150 3115 3278 3155 vero
3337 3099 3513 3156 tribus

1911 3195 2070 3250 annis
2094 3204 2150 3250 et
2175 3195 2458 3250 mensibus
2483 3210 2575 3249 sex
2626 3193 2770 3264 apud
2819 3196 3124 3250 Canossam
3168 3192 3512 3264 perdurasset

1910 3286 2126 3343 obsidio
2175 3286 2435 3353 crudelis,
2492 3290 2626 3341 Atto
2674 3286 2841 3342 tadio
2892 3285 3148 3351 affectus,
3190 3285 3507 3356 imperatori

1911 3380 2128 3453 scripsit
2158 3380 2343 3436 Ottoni
2364 3388 2423 3435 ut
2450 3379 2829 3451 promissionis
2858 3379 2993 3433 olim
3018 3379 3118 3433 sibi
3168 3377 3341 3446 facta,
3373 3378 3508 3433 dum

1911 3476 1985 3529 illi
2028 3473 2341 3529 Adeleidam
2361 3472 2639 3543 copulavit
2666 3471 2910 3542 reginam
2957 3487 3071 3527 non
3118 3471 3432 3537 immemor,
3457 3471 3507 3526 ei

1909 3582 2194 3622 accurrere
2222 3566 2424 3621 auxilio
2463 3580 2576 3619 non
2605 3562 2870 3620 differret.
2906 3566 3039 3620 Otto
3070 3563 3234 3635 igitur
3276 3565 3507 3619 collecto

1909 3668 2249 3716 armatorum
2274 3659 2517 3713 exercitu
2542 3658 2599 3713 in
2627 3673 2827 3729 agrum
2853 3660 3225 3713 Veronensem
3266 3658 3503 3726 advenit,

1907 3754 2225 3825 Padumque
2249 3754 2541 3817 transiens,
2583 3767 2711 3807 cum
2741 3751 3074 3823 Berengario
3118 3759 3303 3822 aperto
3328 3760 3504 3807 marte

1906 3854 2059 3918 parat
2093 3846 2404 3917 confligere.
2459 3845 2615 3915 Quod
2648 3844 2875 3901 audiens
2922 3845 3279 3917 Berengarius
3320 3844 3505 3899 statim

1906 3940 1977 3995 ab
2015 3939 2298 3995 obsidione
2341 3939 2591 3995 decessit.
2624 3938 2723 3995 Cui
2754 3939 2811 3993 in
2852 3924 3024 3993 'Prato
3049 3939 3298 3993 Fontano
3328 3938 3503 4010 impe-

1907 4042 2060 4089 rator
2093 4033 2288 4089 obvius
2315 4032 2495 4089 factus
2540 4032 2727 4104 grandi
2774 4031 2963 4087 subito
3014 4040 3206 4086 exorto
3236 4030 3499 4096 clamore,

1910 4128 2051 4183 inter
2078 4127 2467 4197 Berengarium
2505 4134 2561 4181 et
2592 4128 2855 4182 Ottonem
2879 4122 3050 4181 initur
3086 4125 3356 4195 pralium.
3396 4128 3503 4180 Pu-

1910 4228 2107 4291 gnatur
2150 4220 2348 4274 acriter
2380 4219 2686 4289 utrinque:
2734 4220 2891 4274 multi
2947 4228 3136 4273 tamen
3181 4218 3306 4273 casi
3352 4227 3498 4284 sunt,

1909 4312 2172 4382 multique
2202 4311 2423 4365 mortui.
2453 4312 2761 4381 Berengarii
2790 4312 3058 4367 exercitus
3122 4320 3272 4383 terga
3306 4312 3494 4373 vertit:

1908 4404 2149 4475 dumque
2187 4403 2458 4475 fugientes
2489 4404 2891 4475 Longobardos
2922 4405 3211 4459 Alemanni
3241 4406 3498 4474 inseque-

1828 4505 1879 4567 D
1908 4507 2119 4565 rentur,
2145 4497 2502 4569 Berengarius
2529 4497 2762 4567 capitur,
2785 4504 2840 4550 et
2880 4497 3070 4551 Ottoni
3111 4503 3494 4566 prasentatur;

1900 4607 2062 4665 quem
2098 4591 2342 4647 vinctum
2393 4589 2769 4661 compedibus,
2818 4589 3002 4659 quoad
3033 4589 3191 4655 vixit,
3221 4589 3495 4660 captivum

1900 4686 2143 4741 retinuit.

2504 4778 2745 4833 CAPUT
2781 4777 2858 4830 IlI
2869 4818 2881 4829 .

1906 4886 1983 4936 De
2000 4883 2194 4951 prcelio
2225 4883 2367 4934 inter
2389 4878 2772 4945 Adalbertum,
2799 4895 2976 4947 regem
2993 4879 3193 4946 Italia,
3211 4884 3263 4935 et
3284 4881 3495 4935 Lithul-

2179 4952 2370 5021 phum,
2400 4952 2611 5007 Ottonis
2642 4952 2989 5022 imperatoris
3012 4952 3205 5019 ﬁlium.

1974 5060 2103 5113 Post
2143 5056 2262 5112 hac
2284 5056 2615 5111 Adalbertus
2663 5056 2977 5127 Berengarii
3016 5056 3162 5112 ﬁlius
3209 5072 3241 5112 a
3271 5059 3495 5129 Longo-

1902 5150 2085 5205 bardis
2133 5149 2464 5205 sublimatur
2510 5148 2567 5203 in
2614 5164 2825 5218 regem.
2866 5148 2971 5203 Hic
3018 5150 3188 5204 armis
3238 5158 3492 5204 strenuus

1902 5246 2269 5313 pacemjcum
2326 5243 2532 5298 Ottone
2585 5258 2869 5313 nunquam
2926 5242 3115 5298 voluit.
3182 5248 3309 5297 Atto
3365 5258 3491 5297 vero

1900 5352 2061 5408 sagax
2082 5336 2325 5407 ingenio,
2351 5344 2407 5392 et
2434 5336 2619 5390 animo
2661 5335 3182 5403 ﬁdens,jCauossam
3227 5334 3491 5406 oppidum

1900 5428 2219 5482 necessariis
2269 5428 2526 5483 munivit.
2576 5428 2907 5483 Adalbertus
2936 5442 3154 5498 quoque
3193 5443 3288 5483 rex
3336 5429 3491 5499 oppi-

1900 5520 2035 5577 dum
2082 5521 2258 5591 ipsum
2292 5519 2525 5576 obsedit.
2577 5523 2832 5593 Dumque
2872 5519 3148 5574 mensibus
3174 5520 3400 5591 triginta
3436 5522 3493 5577 in

1901 5612 2189 5670 obsidione
2227 5613 2537 5681 mansisset,
2566 5616 2699 5668 Atto
2736 5610 3013 5668 Adalberti
3059 5613 3201 5684 regis
3238 5614 3489 5670 animum

1901 5706 2163 5762 adversus
2230 5721 2287 5761 se
2338 5705 2529 5761 videns
2614 5706 2967 5777 pertinacem,
3078 5721 3299 5760 rursum
3338 5707 3488 5761 misit

1904 5800 2128 5866 Ottoni,
2159 5806 2224 5855 ut
2251 5799 2368 5871 ejus
2393 5805 2611 5871 sperato
2643 5797 2745 5851 sibi
2791 5795 3035 5853 subsidio
3064 5812 3179 5852 non
3208 5796 3482 5867 deﬁciens,
