4052 6180
591 287 727 341 1043
1603 278 1693 332 ΑΙ)
1730 275 1957 331 OPERA
1994 274 2051 329 S.
2091 270 2409 328 GREGORII
2442 270 2878 326 APPENDICES.
3684 275 3783 329 10M

593 410 730 481 ipse,
784 410 867 464 vel
914 407 1053 461 ﬁlius
1093 402 1443 472 Lithulphus,
1514 400 1617 454 sibi
1650 399 1869 454 adesset
1931 398 2175 453 obsesso.
2207 402 2260 464 Α
2289 394 2525 467 oppidis,
2554 398 2791 451 Romam
2816 393 3077 465 perrexit,
3103 402 3157 448 et
3210 407 3240 446 a
3274 407 3404 463 papa
3430 392 3575 464 hujus
3604 395 3788 451 nominis

591 506 723 559 Otto
777 502 955 569 itaque
1001 497 1173 550 ﬁlium
1230 511 1392 550 suum
1434 492 1799 563 Lithulphum
1856 508 1981 546 cum
2032 490 2181 545 mille
2288 491 2500 543 Joanne
2528 487 2863 543 duodecimo
2892 486 3102 556 imperii
3133 484 3381 540 diadema
3410 485 3638 556 suscepit;
3668 491 3781 542 Atto-

592 594 817 651 armatis
848 591 947 645 sibi
998 590 1148 644 misit
1196 588 1420 653 auxilio,
1455 588 1547 658 qui
1590 586 1643 640 in
1695 576 1911 640 Italiam
1967 584 2188 639 veniens
2292 599 2421 637 nem
2464 591 2586 654 post
2610 583 2725 637 hinc
2765 582 2981 653 magnis
3025 580 3217 635 ditavit
3245 579 3622 645 muneribus,et
3663 583 3788 636 comi-

592 693 868 741 Veronam
910 685 1156 738 intravit.
1226 682 1387 750 Quod
1431 681 1656 737 audiens
1712 680 2045 735 Adalbertus
2092 693 2186 732 rex
2291 686 2438 733 tatus
2486 675 2761 731 decoravit
2786 675 3014 729 honore.
3050 674 3157 746 Qui
3212 672 3429 727 tandem
3467 671 3709 739 decedens,
3740 674 3789 729 de

592 779 932 834 obsidionere
961 776 1085 832 licta
1116 774 1383 847 Baﬁgium
1422 775 1679 845 perrexit.
1706 772 2039 843 Lithulphus
2064 787 2190 826 vero
2296 770 2465 841 proba
2522 770 2748 825 muliere
2816 767 3095 839 Ildegarda
3151 766 3388 833 nomine,
3442 765 3567 820 duos
3633 766 3793 836 reliquit

594 875 810 927 Verona
858 871 1080 935 exiens,
1137 870 1447 940 vespertina
1497 868 1629 923 hora
1681 866 1928 921 Battonis
1974 873 2191 936 pratum
2296 863 2458 931 ﬁlios,
2481 860 2888 919 Gothofredum
2917 860 3259 916 Brixiensem
3283 860 3597 931 episcopum,
3623 866 3669 914 et
3688 858 3790 914 The-

592 964 829 1032 advenit,
861 964 949 1018 ubi
985 963 1176 1018 aderat
1203 969 1365 1028 Atto;
1391 980 1421 1017 a
1454 977 1567 1031 quo
1610 968 1898 1030 susceptus
1919 959 2190 1023 hilariter,
2297 953 2546 1011 daldum.

596 1058 758 1126 male,
823 1057 998 1126 inquit
1043 1060 1197 1116 Atto,
1259 1062 1519 1125 gatonem
1563 1069 1689 1107 cum
1722 1068 1882 1107 mure
1928 1052 1987 1105 in
2043 1059 2193 1107 arcto
2905 1067 3145 1121 CAPUT
3188 1067 3280 1120 ιν,

599 1149 819 1206 sacculo
848 1148 1013 1203 simul
1042 1164 1159 1202 esse
1198 1146 1392 1202 fertur.
1436 1146 1524 1201 Ad
1549 1162 1717 1217 quem
1747 1144 2106 1215 Lithulphus,
2136 1150 2197 1199 ut
2302 1176 2376 1228 De
2408 1171 2685 1225 Thedaldo
2742 1169 2960 1223 Attonis
2983 1170 3115 1237 ﬁlio,
3142 1171 3193 1220 et
3238 1167 3349 1237 ejus
3392 1166 3532 1234 ﬁliis,
3596 1162 3800 1219 Τὴθάαὶάο

599 1244 703 1298 hoc
747 1242 848 1297 sibi
874 1242 1185 1296 enuclearet
1231 1239 1470 1310 enigma,
1498 1238 1777 1310 respondit
1804 1258 1817 1293 :
1850 1242 1972 1293 Non
2016 1238 2193 1308 decet,
2372 1242 2591 1308 scilicet,
2619 1243 2892 1307 Bonifacio
2915 1234 3411 1308 etConrado,'et,de
3431 1240 3581 1289 morte
3609 1234 3806 1289 Thedaldi

598 1336 779 1407 inquit
822 1340 974 1401 Atto,
1011 1334 1153 1389 duos
1194 1333 1488 1388 comitatus
1526 1332 1581 1386 in
1638 1347 1751 1386 uno
1809 1331 2033 1387 homine
2079 1348 2197 1387 esse
2377 1320 2429 1368 εί
2460 1313 2720 1367 conradi-

598 1430 780 1483 simul.
832 1427 1131 1497 Capiamus
1171 1427 1355 1497 igitur,
1396 1426 1574 1497 inquit
1630 1424 1979 1495 Lithulphus,
2023 1425 2200 1481 consi-
2372 1424 2682 1480 Thedaldus
2722 1422 2885 1494 igitur
2926 1429 3049 1493 post
3074 1420 3291 1476 Attonis
3318 1420 3430 1491 ejus
3456 1418 3605 1490 patris
3628 1425 3803 1471 mortem

600 1523 735 1577 lium
757 1521 887 1591 quid
916 1536 1111 1575 sumus
1132 1520 1329 1575 acturi.
1355 1524 1485 1574 Atto
1516 1517 1804 1589 respondit
1836 1521 2083 1573 :Bonum
2117 1527 2200 1573 est
2305 1534 2528 1574 omnem
2555 1524 2841 1588 paternum
2856 1530 3077 1570 servans
3105 1513 3395 1579 honorem,
3435 1520 3487 1567 et
3507 1512 3699 1565 virtutes
3721 1508 3807 1563 imi-

597 1623 755 1669 nocte
786 1614 885 1667 hac
918 1614 973 1666 in
1002 1629 1133 1684 agro
1165 1614 1272 1667 isto
1300 1613 1609 1683 quiescere;
1643 1622 1717 1678 et,
1751 1612 1999 1682 corporis
2037 1627 2185 1667 cura:
2292 1622 2458 1677 tatus,
2486 1620 2658 1665 terras
2686 1619 2738 1664 et
2764 1607 2965 1680 oppida
2991 1608 3209 1680 propria
3244 1605 3586 1677 ampliﬁcans,
3613 1600 3805 1674 principi-

600 1708 929 1773 insistentes,
983 1706 1074 1777 qui
1115 1706 1386 1761 Adalberti
1427 1706 1723 1759 exercitum
1773 1705 2015 1775 exploret
2066 1705 2191 1759 mit—
2297 1706 2399 1760 bus
2453 1703 2655 1759 exstitit
2680 1712 2844 1757 notus
2902 1710 2959 1756 et
2985 1701 3204 1756 charus.
3241 1700 3342 1757 Cui
3370 1700 3589 1753 Joannes
3625 1693 3808 1766 pontifex

602 1811 805 1856 tamus.
838 1799 1002 1869 Quod
1031 1807 1084 1853 et
1107 1798 1315 1853 factum
1339 1808 1438 1853 est.
1467 1800 1733 1853 Reversus
1758 1798 1923 1869 igitur
1940 1798 2194 1864 nuntius,
2223 1789 2270 1849 Β
2303 1798 2475 1853 multa
2508 1797 2608 1851 sibi
2658 1794 3286 1866 dilectioneconjunctus
3318 1792 3579 1847 civitatem
3612 1785 3814 1843 concessit

603 1899 809 1948 Attone
835 1893 1015 1964 primo
1076 1892 1295 1946 invento
1331 1912 1341 1945 :
1373 1891 1533 1944 Tanti
1563 1901 1713 1955 sunt,
1745 1891 1946 1961 inquit,
1988 1890 2196 1957 hostes,
2306 1890 2568 1947 feriarum
2599 1896 2765 1956 (953).
2797 1888 3092 1944 Canusium
3116 1896 3362 1943 castrum
3391 1885 3549 1939 multa
3596 1878 3810 1951 diligentia

611 1988 713 2053 [ut]
738 1985 781 2039 si
806 1986 977 2039 nostri
1004 1984 1240 2054 pecudes
1269 1991 1468 2051 essent,
1497 1985 1562 2037 ab
1615 1984 1689 2038 eis
1717 1984 1928 2038 comedi
1953 1993 2195 2055 possent.
2307 1982 2611 2039 custodivit.
2642 1986 2807 2037 Juxta
2826 1982 2992 2037 etiam
3023 1980 3157 2036 Padi
3189 1978 3621 2047 ﬂuenta,longea
3641 1976 3811 2029 Mantua

604 2082 759 2132 Tunc
804 2081 957 2139 Atto,
986 2076 1262 2130 silentium
1292 2077 1481 2129 nuntio
1518 2076 1832 2145 imponens,
1878 2075 1949 2131 ad
1978 2076 2196 2131 Lithul-
2311 2076 2614 2132 miliaribus
2656 2076 2866 2141 decem,
2896 2074 3043 2129 idem
3089 2074 3321 2144 dignum
3365 2068 3643 2127 construxit
3677 2078 3813 2120 emno-

608 2170 779 2239 phum
822 2168 1051 2236 accedit,
1106 2178 1160 2222 et
1207 2176 1413 2222 retorta
1466 2169 1731 2223 sententia
1784 2168 1960 2223 nuntii
2035 2169 2198 2223 verba
2307 2170 2461 2226 bium
2513 2170 2659 2240 quod
2689 2178 2909 2224 sanctus
2948 2166 3283 2223 Benedictus
3316 2166 3381 2221 de
3409 2162 3698 2220 Padolirone
3717 2172 3815 2211 nun-

614 2261 868 2316 mutavit.
943 2260 1115 2328 Adeo,
1141 2260 1340 2331 inquit,
1386 2260 1541 2332 pauci
1595 2269 1728 2316 sunt
1768 2262 1971 2327 hostes,
2043 2271 2105 2316 ut
2156 2262 2199 2317 si
2307 2271 2556 2335 cupatur,
2609 2263 2664 2317 in
2712 2279 2821 2333 quo
2877 2261 3179 2316 monachos
3223 2260 3338 2315 sub
3390 2253 3643 2313 Benedicti
3685 2249 3819 2321 regula

607 2354 851 2409 bidentes
873 2355 1033 2408 assati
1076 2362 1279 2420 essent,
1307 2369 1498 2408 eorum
1530 2370 1644 2408 non
1680 2354 1997 2410 sufﬁcerent
2043 2356 2201 2409 nobis
2306 2356 2564 2429 degentes
2613 2356 2863 2410 instituit.
2916 2355 3219 2426 Conjugem
3272 2352 3457 2408 habuit
3483 2346 3817 2408 Voiliam(954)

607 2461 816 2501 carnes.
872 2449 1136 2501 Hortatur
1173 2447 1354 2517 itaque
1409 2446 1773 2517 Lithulphum
1823 2457 1882 2503 ut
1908 2449 2080 2503 armis
2119 2464 2203 2503 as-
2310 2450 2551 2517 nomine,
2576 2465 2675 2505 sua
2704 2448 2964 2504 omnibus
2993 2449 3191 2519 pietate
3222 2441 3620 2518 placentem,de
3640 2454 3723 2510 qua
3742 2444 3822 2489 tres

607 2540 839 2609 sumptis
868 2540 1039 2593 irruat
1083 2539 1136 2593 in
1170 2538 1448 2593 Adalberti
1491 2541 1819 2595 exercitum.
1871 2541 2203 2613 Lithulphus
2313 2544 2616 2614 procreavit
2640 2542 2815 2597 ﬁlios:
2839 2540 3181 2597 'l‘hedaldum
3211 2540 3484 2606 videlicet,
3511 2536 3590 2607 qui
3612 2533 3697 2589 fuit
3729 2534 3823 2583 Are-

609 2634 792 2704 igitur,
828 2640 1214 2702 prorumpente
1242 2648 1462 2699 aurora,
1484 2648 1613 2688 cum
1642 2634 1753 2688 suis
1780 2636 2005 2690 armatis
2033 2636 2201 2691 etiam
2312 2638 2443 2693 tina
2483 2636 2635 2692 urbis
2663 2636 2967 2706 episcopus,
3001 2643 3055 2689 et
3082 2631 3445 2689 Bonifacium
3505 2629 3699 2684 militem
3722 2630 3824 2676 stre-

609 2727 677 2781 ad
703 2725 986 2779 Adalberti
1013 2726 1318 2780 exercitum
1351 2726 1698 2796 propinquat.
1727 2728 2025 2783 Senserunt
2048 2730 2203 2785 illum
2312 2746 2507 2796 unum,
2546 2727 2973 2800 Conradumque
3019 2726 3355 2797 prudentem
3398 2726 3581 2779 virum.
3622 2717 3828 2776 Moriente

610 2818 871 2885 excubiae,
919 2826 973 2873 et
996 2818 1183 2873 statim
1212 2818 1511 2873 Adalberto
1541 2821 1888 2876 nuntiarunt.
1924 2825 2046 2893 Ipse
2075 2839 2203 2878 vero
2312 2824 2478 2895 igitur
2506 2838 2698 2878 eorum
2726 2830 2876 2893 patre
2927 2820 3236 2886 Thedaldo,
3288 2817 3613 2875 Bonifacium
3652 2805 3826 2866 instituit

611 2920 895 2985 propterea
941 2910 1275 2982 stupefactus
1321 2912 1489 2983 jussit
1542 2912 1721 2968 rimari
1774 2916 1955 2985 qualia
2005 2926 2203 2983 essent,
2316 2918 2582 2988 primatus
2609 2901 3829 2986 honoregaudere:cuinummorumduodenos

610 3020 849 3076 suosque
885 3005 1042 3075 signo
1092 3005 1295 3059 vocari.
1348 3008 1588 3074 Interea,
1610 3006 1795 3062 audita
1826 3008 2012 3076 missa,
2060 3024 2201 3063 nun-
2311 3026 2505 3065 saccos
2535 3008 2764 3064 refertos
2786 3008 3039 3075 contulit,
3073 3022 3216 3078 quos
3248 3008 3306 3061 in
3329 3022 3427 3061 sua
3452 3014 3644 3059 camera
3668 3007 3829 3052 conser-

611 3100 778 3153 tiatur
801 3099 849 3153 ei
876 3098 1021 3153 mille
1040 3114 1271 3153 numero
1302 3098 1485 3153 hostes
1513 3115 1654 3154 esse.
1696 3100 2206 3173 Adalbertusigitur
2239 3127 2289 3196 ο
2314 3103 2490 3157 vabat.
2515 3103 2701 3157 Voluit
2733 3102 2900 3155 etiam
2933 3109 3009 3165 ut,
3039 3116 3104 3155 eo
3130 3109 3422 3171 praesente,
3453 3096 3561 3151 ﬁlio
3595 3106 3682 3148 suo
3706 3084 3831 3142 Boni-

612 3208 707 3247 rex
745 3207 871 3245 cum
903 3192 1087 3261 paucis
1115 3192 1344 3247 armatis
1381 3192 1549 3246 exivit
1597 3191 1671 3247 ad
1714 3194 1998 3263 praelium;
2040 3210 2206 3266 quem
2245 3184 2288 3196 ⁷
2314 3196 2457 3253 facio
2506 3194 2709 3250 subditi
2747 3193 2830 3249 sui
2880 3193 3151 3248 ﬁdelitatis
3203 3194 3521 3266 jurameuta
3562 3184 3830 3258 praestarent.

613 3285 746 3339 dum
798 3294 1046 3339 conserta
1088 3301 1264 3355 pugna
1308 3284 1553 3340 horribili
1585 3286 1911 3357 Lithulphus
1939 3286 2080 3341 ferro
2110 3288 2210 3342 im-
2315 3287 2626 3345 Thedaldus
2668 3295 2852 3341 autem
2889 3286 3056 3358 ipsius
3106 3286 3375 3341 Bonifacii
3416 3283 3590 3343 frater,
3637 3273 3837 3332 Aretimls

617 3387 864 3448 peteret,
934 3377 1259 3433 Adalbertus
1312 3378 1367 3432 in
1423 3395 1549 3434 eum
1600 3378 1819 3435 hastam
1873 3381 2117 3447 vibravit,
2158 3389 2213 3436 et
2319 3383 2623 3453 episcopus,
2666 3380 2944 3451 religionis
2972 3388 3174 3435 sanctae
3222 3379 3498 3434 maximus
3525 3373 3696 3435 cultor,
3731 3377 3837 3419 οοω·

624 3470 909 3526 thoracem
960 3470 1262 3542 perforans,
1308 3488 1372 3527 ac
1402 3490 1496 3544 per
1541 3482 1730 3544 pectus
1757 3474 2018 3542 educens,
2059 3473 2209 3529 illum
2320 3477 2549 3531 missum
2606 3474 2983 3545 episcopatum
3013 3472 3118 3526 sibi
3172 3472 3418 3528 ﬁdeliter
3468 3453 3838 3541 gubernavit;de

623 3564 727 3618 vita
753 3564 1020 3634 privavit:
1046 3564 1333 3619 Alemanni
1361 3582 1459 3620 suo
1510 3567 1751 3621 destituti
1790 3566 1929 3622 duce
1978 3584 2213 3623 moeren-
2320 3585 2430 3641 quo
2451 3568 2623 3623 fertur
2652 3583 2762 3622 non
2791 3565 3164 3621 omittendum
3214 3564 3547 3635 exemplum.
3578 3558 3668 3613 Hic
3713 3550 3836 3609 enim.

622 3666 705 3710 tes
748 3665 985 3710 tremore
1014 3658 1266 3711 concussi
1312 3666 1442 3712 sunt
1470 3659 1675 3727 pariter
1727 3668 1785 3713 et
1829 3660 2051 3714 timore.
2108 3660 2212 3715 Sed
2322 3663 2452 3718 dum
2482 3663 2539 3715 in
2568 3671 2837 3732 tempore,
2862 3659 3010 3732 gravi
3032 3658 3280 3730 quadam
3300 3658 3564 3713 laboraret
3590 3642 3842 3722 egritudine

623 3753 775 3813 Atto,
804 3747 886 3800 vir
928 3748 1214 3817 singularis
1244 3751 1733 3821 magnanimitatis,
1761 3752 1947 3807 statim
1973 3754 2213 3820 advenit,
2321 3754 2610 3826 corporali,
2642 3762 2696 3809 et
2734 3754 2802 3809 de
2848 3754 3077 3808 sanitate
3132 3751 3277 3806 illius
3330 3749 3522 3806 medici
3566 3742 3842 3813 despel’alltes

623 3848 681 3893 et
730 3855 823 3893 eos
858 3838 1156 3893 cohortans
1222 3841 1289 3895 ad
1342 3843 1545 3896 bellum
1588 3844 1792 3897 viribus
1820 3846 2117 3915 resumptis
2159 3854 2214 3900 et
2322 3849 2545 3903 omnino
2576 3848 2681 3902 nisi
2702 3846 3030 3902 adulterium
3051 3846 3455 3909 committeret,
3500 3849 3553 3896 et
3578 3834 3720 3894 amici
3740 3830 3840 3900 ejus.

621 3932 837 3998 animis,
872 3948 935 3985 eo
964 3932 1121 3999 duce,
1151 3934 1442 3989 durissime
1472 3936 1765 4004 prmliatur.
1797 3937 2064 4004 Tandem,
2088 3938 2217 3992 licet
2322 3942 2391 3996 ad
2421 3941 2553 3997 illud
2586 3939 2916 4013 patrandum
2942 3938 3118 3993 scelus
3147 3938 3495 4001 inducereut,
3540 3947 3630 4004 pro
3673 3922 3844 3981 muliere

622 4043 747 4081 cum
786 4042 986 4097 magna
1042 4041 1269 4080 suorum
1313 4027 1482 4094 crede,
1522 4034 1652 4083 Atto
1707 4045 1835 4083 cum
1876 4030 1993 4084 suis
2042 4030 2214 4085 victor
2322 4035 2615 4100 miserunt;
2647 4050 2767 4105 qua:
2796 4032 2928 4088 dum
2976 4030 3315 4095 advenisset,
3347 4030 3527 4085 statim
3556 4032 3667 4080 ante
3692 4018 3848 4074 lectum

625 4123 830 4187 existit,
854 4131 910 4176 et
943 4122 1194 4193 fugatum
1234 4121 1782 4194 Adalbertum'regno
1810 4124 2059 4195 privavit.
2110 4126 2211 4194 Qui
2320 4144 2483 4183 suum
2505 4129 2685 4200 ignem
2703 4127 2865 4197 jussit
2890 4124 3130 4189 accendi,
3162 4124 3255 4195 qui
3286 4124 3426 4179 lecto
3456 4115 3847 4191 appropinquans,

622 4216 772 4285 regni
836 4215 1020 4269 amissi
1063 4214 1445 4271 confusionem
1476 4233 1585 4271 non
1620 4218 1918 4287 sustinens,
1945 4229 2212 4291 pertrans-
2324 4231 2376 4276 et
2398 4223 2514 4293 jam
2538 4199 2907 4275 flammarum
2942 4216 3263 4273 incendium
3322 4216 3580 4278 sentiens,
3607 4206 3759 4265 subito
3790 4199 3851 4253 la'

624 4310 719 4364 ivit
772 4312 1069 4377 Oceanum,
1143 4327 1235 4365 seu
1310 4327 1458 4366 mare
1526 4312 1889 4382 Adriaticum,
1974 4316 2210 4386 amplius
2320 4324 2596 4389 crymatus
2635 4292 3853 4379 exclamavit:Vaz,vaemihi!dumliancmod0

621 4405 853 4459 minime
903 4420 1235 4460 reversurus.
1270 4406 1352 4461 Ab
1431 4421 1495 4460 eo
1549 4422 1766 4478 quoque
1819 4408 2207 4481 Longobardi,
2318 4419 2538 4464 tenuem
2558 4404 3337 4462 ﬁammiculamsufferrenon
3364 4416 3605 4475 possum,
3634 4385 3855 4468 quomodo

622 4499 837 4553 nullum
866 4498 968 4553 sibi
998 4514 1182 4569 regem
1220 4499 1450 4554 ulterius
1479 4508 1804 4555 statuerunt.
1848 4504 1984 4556 Haec.
2027 4511 2211 4557 autem
2241 4485 2291 4547 D
2322 4502 2365 4557 si
2402 4517 2489 4555 me
2537 4500 2711 4571 perire
2758 4500 3054 4570 contingat,
3102 4506 3305 4567 potero
3366 4493 3610 4551 barathri
3658 4479 3855 4542 incendia

621 4603 739 4647 acta
776 4603 901 4649 sunt
957 4610 1102 4648 anno
1133 4594 1581 4664 octingentesimo
1635 4594 1823 4663 quinto
1862 4594 2075 4650 decimo
2125 4596 2211 4649 in-
2318 4597 2617 4663 superare?
2644 4591 2829 4647 Scelus
2857 4592 3052 4662 quippe
3078 4590 3226 4645 istud
3263 4589 3333 4644 ad
3362 4589 3517 4644 illum
3561 4599 3645 4640 me
3682 4584 3859 4651 puteum

620 4687 826 4739 carnati
862 4686 1025 4741 Verbi
1050 4686 1169 4740 Dei.
1217 4688 1428 4756 Corpus
1491 4686 1767 4756 Lithulphi
1806 4690 1933 4741 Atto
1982 4688 2210 4757 habens,
2321 4686 2609 4751 conducet,
2648 4686 2703 4740 in
2731 4701 2839 4756 quo
2863 4684 3107 4739 funditus
3148 4684 3250 4739 sub
3277 4684 3563 4752 tetroigne
3582 4675 3741 4749 patiar
3764 4681 3861 4722 cru-

620 4779 819 4835 educta
848 4795 912 4831 ex
939 4794 1003 4832 eo
1048 4779 1273 4837 viscera.
1304 4779 1359 4832 in
1383 4779 1606 4834 ecclesia
1644 4782 1697 4834 S.
1752 4781 2000 4851 Prosperi
2050 4797 2213 4851 sepe-
2321 4781 2511 4836 ciatus.
2531 4780 2692 4835 Absit
2707 4780 2887 4849 itaque
2900 4786 2979 4843 ut,
2999 4793 3096 4847 pro
3121 4773 3678 4847 temporalisanitate,
3704 4770 3862 4851 aeterna

618 4872 752 4925 livit.
810 4874 1019 4940 Corpus
1066 4871 1291 4925 tandem
1332 4872 1493 4943 digne
1543 4874 1805 4928 condiens
1854 4849 2210 4941 aromatibus,
2321 4889 2410 4928 me
2472 4874 2747 4943 contingat
2781 4872 2952 4926 salute
3000 4870 3239 4942 privari!
3287 4870 3408 4924 Tali
3461 4867 3617 4939 igitur
3662 4849 3863 4921 exemplo

619 4965 758 5034 patri
793 4963 1323 5029 transmisitOttoni,
1351 4981 1590 5035 eumque
1608 4982 1702 5036 per
1732 4966 2011 5022 solemnes
2038 4967 2207 5023 inter-
2319 4966 2559 5037 prudens
2586 4966 2813 5020 antistes
2857 4963 3143 5023 subditum
3178 4963 3286 5018 sibi
3313 4975 3538 5035 gregem
3560 4950 3773 5014 monuit,
3806 4951 3864 5037 eli

620 5058 846 5111 nuntios
896 5056 1147 5109 hortatur
1192 5072 1263 5111 ne
1311 5074 1407 5123 pro
1483 5074 1613 5113 nece
1663 5058 1777 5123 ﬁlii,
1834 5059 1929 5129 qui
1998 5058 2212 5115 fortiter
2320 5063 2437 5114 Deo
2456 5067 2749 5123 annuente,
2792 5058 2994 5111 meruit
3023 5034 3342 5110 sanitatem.
3395 5054 3600 5109 Mirum
3650 5045 3797 5101 etiam
3826 5034 3864 5087 in

621 5150 914 5221 pugnando
950 5157 1255 5218 corruerat,
1288 5165 1551 5217 moerens,
1610 5150 1679 5204 ad
1727 5151 1941 5205 Italiam
1999 5152 2209 5207 tardius
2320 5152 2551 5206 modum
2580 5152 2879 5206 detestatus
2903 5158 2984 5205 est
3022 5148 3399 5205 Simoniacam
3428 5144 3754 5218 pravitatem.
3782 5131 3862 5186 De'

618 5242 921 5307 festinaret,
950 5257 1175 5313 regnum
1202 5250 1584 5311 penetraturus
1605 5258 1731 5313 rege
1759 5243 2055 5312 privatum.
2076 5247 2207 5301 Otto
2318 5244 2505 5300 functo
2530 5244 2712 5315 itaque
2730 5242 3027 5307 Thedaldo,
3057 5238 3382 5297 Bonifacius
3411 5249 3468 5295 et
3492 5232 3758 5293 Conradus
3777 5224 3867 5294 ejus

617 5350 930 5406 quanquam
960 5335 1191 5389 nimium
1229 5333 1296 5388 de
1327 5334 1423 5389 ﬁlii
1450 5344 1626 5389 morte
1670 5335 1944 5405 turbatus,
1966 5336 2207 5394 honora-
2316 5337 2409 5392 ﬁlii
2441 5338 2583 5392 inter
2600 5352 2655 5391 se
2674 5335 2913 5391 fraterna
2935 5335 3182 5391 vixerunt
3208 5331 3535 5397 concordia,
3582 5338 3734 5401 quam
3771 5316 3868 5374 Ιίοθῖ

617 5427 793 5481 biliter
820 5437 1002 5482 tamen
1022 5444 1084 5481 eo
1112 5429 1410 5497 sepulturae
1438 5428 1658 5496 tradito,
1681 5429 1739 5483 in
1772 5445 1936 5485 manu
1995 5433 2204 5503 potenti
2318 5431 2495 5500 plures
2524 5429 2708 5484 aemuli
2744 5428 2992 5484 scindere
3027 5429 3361 5494 niterentur,
3383 5438 3599 5495 semper
3635 5406 3867 5474 nihilomi-

612 5520 822 5574 Italiam
874 5521 1042 5587 venit,
1094 5522 1243 5592 quia
1270 5522 1484 5577 cunctis
1514 5523 1732 5593 paciﬁca
1788 5534 2058 5596 receptus,
2114 5542 2201 5580 re-
2314 5539 2416 5577 nus
2460 5523 2603 5577 inter
2630 5538 2723 5577 eos
2750 5522 2970 5593 majoris
2998 5519 3306 5577 dilectionis
3336 5516 3615 5574 crescebat
3659 5506 3866 5596 affectufv

614 5629 828 5685 gnoque
891 5614 992 5669 sibi
1051 5615 1266 5685 tradito
1335 5633 1461 5671 cum
1512 5592 1819 5673 civitatibus
1881 5592 1936 5673 et
1992 5618 2206 5673 cunctis
2314 5615 2626 5672 Bonifacius
2667 5592 2977 5670 Richildam
3007 5612 3352 5669 comitissam
3374 5608 3617 5668 Gisberti
3654 5592 3867 5674 ρτὶηοίρίε

686 5803 831 5868 (953)
858 5801 1189 5857 Ferrariam.
2388 5805 2531 5870 (954)
2562 5802 2839 5859 Guilliam.
