  <div class='ocr_page' id='page_1' title='image "/cluster/home/n/w/nwhite01/storage/ocr_20150623/148/hvd.32044054760061/528.png"; bbox 0 0 4052 6180; ppageno 0'>
   <div class='ocr_carea' id='block_1_1' title="bbox 294 320 427 374">
    <p class='ocr_par' dir='ltr' id='par_1_1' title="bbox 294 320 427 374">
     <span class='ocr_line' id='line_1_1' title="bbox 294 320 427 374; baseline -0.015 0"><span class='ocrx_word' id='word_1_1' title='bbox 294 320 427 374; x_wconf 79' lang='grc'><strong>1045</strong></span> 
     </span>
    </p>
   </div>
   <div class='ocr_carea' id='block_1_2' title="bbox 1195 316 2672 378">
    <p class='ocr_par' dir='ltr' id='par_1_2' title="bbox 1195 316 2672 378">
     <span class='ocr_line' id='line_1_2' title="bbox 1195 316 2672 378; baseline 0.003 -5"><span class='ocrx_word' id='word_1_2' title='bbox 1195 319 1482 374; x_wconf 81' lang='lat' dir='ltr'><strong>APPEND.</strong></span> <span class='ocrx_word' id='word_1_3' title='bbox 1525 318 1611 375; x_wconf 86' lang='grc' dir='ltr'><strong>ΙΙΙ.</strong></span> <span class='ocrx_word' id='word_1_4' title='bbox 1652 348 1723 359; x_wconf 85' lang='lat'><strong>-—</strong></span> <span class='ocrx_word' id='word_1_5' title='bbox 1758 316 2175 375; x_wconf 81' lang='lat' dir='ltr'><strong>MONUMENTA</strong></span> <span class='ocrx_word' id='word_1_6' title='bbox 2213 319 2672 378; x_wconf 78' lang='lat' dir='ltr'><strong>GREGORIANA.</strong></span> 
     </span>
    </p>
   </div>
   <div class='ocr_carea' id='block_1_3' title="bbox 3444 331 3582 385">
    <p class='ocr_par' dir='ltr' id='par_1_3' title="bbox 3444 331 3582 385">
     <span class='ocr_line' id='line_1_3' title="bbox 3444 331 3582 385; baseline 0 -1"><span class='ocrx_word' id='word_1_7' title='bbox 3444 331 3582 385; x_wconf 75' lang='grc'><strong>1046</strong></span> 
     </span>
    </p>
   </div>
   <div class='ocr_carea' id='block_1_4' title="bbox 288 442 3583 525">
    <p class='ocr_par' dir='ltr' id='par_1_4' title="bbox 288 442 3583 525">
     <span class='ocr_line' id='line_1_4' title="bbox 288 442 3583 525; baseline 0.004 -28"><span class='ocrx_word' id='word_1_8' title='bbox 288 442 457 497; x_wconf 90' lang='lat' dir='ltr'><strong>ﬁliam</strong></span> <span class='ocrx_word' id='word_1_9' title='bbox 503 442 668 498; x_wconf 83' lang='lat' dir='ltr'><strong>duxit</strong></span> <span class='ocrx_word' id='word_1_10' title='bbox 721 457 970 508; x_wconf 87' lang='lat' dir='ltr'><strong>uxorem,</strong></span> <span class='ocrx_word' id='word_1_11' title='bbox 996 457 1119 513; x_wconf 69' lang='lat' dir='ltr'><strong>quae</strong></span> <span class='ocrx_word' id='word_1_12' title='bbox 1161 443 1400 515; x_wconf 64' lang='lat' dir='ltr'><strong>Nogaraa</strong></span> <span class='ocrx_word' id='word_1_13' title='bbox 1428 443 1546 499; x_wconf 84' lang='lat' dir='ltr'><strong>sine</strong></span> <span class='ocrx_word' id='word_1_14' title='bbox 1575 443 1762 499; x_wconf 89' lang='lat' dir='ltr'><strong>liberis</strong></span> <span class='ocrx_word' id='word_1_15' title='bbox 1788 443 1883 499; x_wconf 89' lang='lat' dir='ltr'><strong>de-</strong></span> <span class='ocrx_word' id='word_1_16' title='bbox 1910 449 1962 511; x_wconf 82' lang='grc' dir='ltr'><strong>Α</strong></span> <span class='ocrx_word' id='word_1_17' title='bbox 1991 443 2103 500; x_wconf 91' lang='lat' dir='ltr'><strong>ﬁlia</strong></span> <span class='ocrx_word' id='word_1_18' title='bbox 2128 448 2393 502; x_wconf 85' lang='lat' dir='ltr'><strong>remansit</strong></span> <span class='ocrx_word' id='word_1_19' title='bbox 2413 457 2467 503; x_wconf 93' lang='lat' dir='ltr'><strong>et</strong></span> <span class='ocrx_word' id='word_1_20' title='bbox 2489 448 2683 503; x_wconf 64' lang='lat' dir='ltr'><strong>haeres.</strong></span> <span class='ocrx_word' id='word_1_21' title='bbox 2711 453 2813 504; x_wconf 85' lang='lat' dir='ltr'><strong>Est</strong></span> <span class='ocrx_word' id='word_1_22' title='bbox 2840 458 3026 505; x_wconf 89' lang='lat' dir='ltr'><strong>tamen</strong></span> <span class='ocrx_word' id='word_1_23' title='bbox 3053 452 3361 523; x_wconf 90' lang='lat' dir='ltr'><strong>aliquorum</strong></span> <span class='ocrx_word' id='word_1_24' title='bbox 3392 454 3583 525; x_wconf 91' lang='lat' dir='ltr'><strong>opinio</strong></span> 
     </span>
    </p>
   </div>
   <div class='ocr_carea' id='block_1_5' title="bbox 289 534 1881 607">
    <p class='ocr_par' dir='ltr' id='par_1_5' title="bbox 289 534 1881 607">
     <span class='ocr_line' id='line_1_5' title="bbox 289 534 1881 607; baseline 0.001 -18"><span class='ocrx_word' id='word_1_25' title='bbox 289 534 472 589; x_wconf 84' lang='lat' dir='ltr'><strong>functa</strong></span> <span class='ocrx_word' id='word_1_26' title='bbox 494 535 662 607; x_wconf 81' lang='lat' dir='ltr'><strong>jacet.</strong></span> <span class='ocrx_word' id='word_1_27' title='bbox 696 537 952 607; x_wconf 88' lang='lat' dir='ltr'><strong>Cumque</strong></span> <span class='ocrx_word' id='word_1_28' title='bbox 988 535 1045 590; x_wconf 88' lang='lat' dir='ltr'><strong>hi</strong></span> <span class='ocrx_word' id='word_1_29' title='bbox 1074 534 1271 590; x_wconf 84' lang='lat' dir='ltr'><strong>fratres</strong></span> <span class='ocrx_word' id='word_1_30' title='bbox 1301 535 1502 591; x_wconf 88' lang='lat' dir='ltr'><strong>divitiis</strong></span> <span class='ocrx_word' id='word_1_31' title='bbox 1542 536 1805 592; x_wconf 84' lang='lat' dir='ltr'><strong>florerent</strong></span> <span class='ocrx_word' id='word_1_32' title='bbox 1829 546 1881 591; x_wconf 92' lang='lat' dir='ltr'><strong>et</strong></span> 
     </span>
    </p>
   </div>
   <div class='ocr_carea' id='block_1_6' title="bbox 288 628 1877 697">
    <p class='ocr_par' dir='ltr' id='par_1_6' title="bbox 288 628 1877 697">
     <span class='ocr_line' id='line_1_6' title="bbox 288 628 1877 697; baseline 0.001 -14"><span class='ocrx_word' id='word_1_33' title='bbox 288 629 510 696; x_wconf 89' lang='lat' dir='ltr'><strong>viribus,</strong></span> <span class='ocrx_word' id='word_1_34' title='bbox 542 628 599 683; x_wconf 89' lang='lat' dir='ltr'><strong>in</strong></span> <span class='ocrx_word' id='word_1_35' title='bbox 661 637 881 685; x_wconf 90' lang='lat' dir='ltr'><strong>tantum</strong></span> <span class='ocrx_word' id='word_1_36' title='bbox 913 638 975 684; x_wconf 92' lang='lat' dir='ltr'><strong>ut</strong></span> <span class='ocrx_word' id='word_1_37' title='bbox 1011 628 1258 683; x_wconf 82' lang='lat' dir='ltr'><strong>hostibus</strong></span> <span class='ocrx_word' id='word_1_38' title='bbox 1286 639 1498 685; x_wconf 90' lang='lat' dir='ltr'><strong>metum</strong></span> <span class='ocrx_word' id='word_1_39' title='bbox 1549 631 1877 697; x_wconf 83' lang='lat' dir='ltr'><strong>incuterent,</strong></span> 
     </span>
    </p>
   </div>
   <div class='ocr_carea' id='block_1_7' title="bbox 287 723 1877 795">
    <p class='ocr_par' dir='ltr' id='par_1_7' title="bbox 287 723 1877 795">
     <span class='ocr_line' id='line_1_7' title="bbox 287 723 1877 795; baseline 0.001 -18"><span class='ocrx_word' id='word_1_40' title='bbox 287 723 439 777; x_wconf 89' lang='lat' dir='ltr'><strong>multi</strong></span> <span class='ocrx_word' id='word_1_41' title='bbox 481 730 537 777; x_wconf 88' lang='lat' dir='ltr'><strong>et</strong></span> <span class='ocrx_word' id='word_1_42' title='bbox 562 738 736 795; x_wconf 90' lang='lat' dir='ltr'><strong>regno</strong></span> <span class='ocrx_word' id='word_1_43' title='bbox 784 723 943 777; x_wconf 89' lang='lat' dir='ltr'><strong>vicini</strong></span> <span class='ocrx_word' id='word_1_44' title='bbox 987 723 1041 777; x_wconf 92' lang='lat' dir='ltr'><strong>in</strong></span> <span class='ocrx_word' id='word_1_45' title='bbox 1072 723 1333 777; x_wconf 88' lang='lat' dir='ltr'><strong>Caviliolo</strong></span> <span class='ocrx_word' id='word_1_46' title='bbox 1360 723 1605 789; x_wconf 76' lang='lat' dir='ltr'><strong>adunati,</strong></span> <span class='ocrx_word' id='word_1_47' title='bbox 1638 741 1733 779; x_wconf 89' lang='lat' dir='ltr'><strong>eos</strong></span> <span class='ocrx_word' id='word_1_48' title='bbox 1780 740 1877 795; x_wconf 90' lang='lat' dir='ltr'><strong>ag-</strong></span> 
     </span>
    </p>
   </div>
   <div class='ocr_carea' id='block_1_8' title="bbox 283 814 1873 887">
    <p class='ocr_par' dir='ltr' id='par_1_8' title="bbox 283 814 1873 887">
     <span class='ocr_line' id='line_1_8' title="bbox 283 814 1873 887; baseline 0.001 -17"><span class='ocrx_word' id='word_1_49' title='bbox 283 814 432 887; x_wconf 84' lang='lat' dir='ltr'><strong>gredi</strong></span> <span class='ocrx_word' id='word_1_50' title='bbox 467 825 523 870; x_wconf 90' lang='lat' dir='ltr'><strong>et</strong></span> <span class='ocrx_word' id='word_1_51' title='bbox 566 816 839 871; x_wconf 75' lang='lat' dir='ltr'><strong>debellare</strong></span> <span class='ocrx_word' id='word_1_52' title='bbox 868 816 1229 871; x_wconf 90' lang='lat' dir='ltr'><strong>contendunt.</strong></span> <span class='ocrx_word' id='word_1_53' title='bbox 1260 817 1420 886; x_wconf 89' lang='lat' dir='ltr'><strong>Quod</strong></span> <span class='ocrx_word' id='word_1_54' title='bbox 1455 818 1738 872; x_wconf 87' lang='lat' dir='ltr'><strong>audientes</strong></span> <span class='ocrx_word' id='word_1_55' title='bbox 1766 820 1873 872; x_wconf 87' lang='lat' dir='ltr'><strong>Bo-</strong></span> 
     </span>
    </p>
   </div>
   <div class='ocr_carea' id='block_1_9' title="bbox 282 908 1876 979">
    <p class='ocr_par' dir='ltr' id='par_1_9' title="bbox 282 908 1876 979">
     <span class='ocr_line' id='line_1_9' title="bbox 282 908 1876 979; baseline 0.001 -16"><span class='ocrx_word' id='word_1_56' title='bbox 282 909 519 964; x_wconf 86' lang='lat' dir='ltr'><strong>nifacius</strong></span> <span class='ocrx_word' id='word_1_57' title='bbox 548 918 603 964; x_wconf 91' lang='lat' dir='ltr'><strong>et</strong></span> <span class='ocrx_word' id='word_1_58' title='bbox 657 908 968 978; x_wconf 87' lang='lat' dir='ltr'><strong>Conradus,</strong></span> <span class='ocrx_word' id='word_1_59' title='bbox 1012 910 1238 964; x_wconf 85' lang='lat' dir='ltr'><strong>viriliter</strong></span> <span class='ocrx_word' id='word_1_60' title='bbox 1268 910 1503 979; x_wconf 90' lang='lat' dir='ltr'><strong>sumptis</strong></span> <span class='ocrx_word' id='word_1_61' title='bbox 1534 912 1704 965; x_wconf 91' lang='lat' dir='ltr'><strong>armis</strong></span> <span class='ocrx_word' id='word_1_62' title='bbox 1754 911 1876 965; x_wconf 91' lang='lat' dir='ltr'><strong>illos</strong></span> 
     </span>
    </p>
   </div>
   <div class='ocr_carea' id='block_1_10' title="bbox 280 1001 1874 1075">
    <p class='ocr_par' dir='ltr' id='par_1_10' title="bbox 280 1001 1874 1075">
     <span class='ocr_line' id='line_1_10' title="bbox 280 1001 1874 1075; baseline 0.001 -18"><span class='ocrx_word' id='word_1_63' title='bbox 280 1001 563 1069; x_wconf 89' lang='lat' dir='ltr'><strong>invadunt,</strong></span> <span class='ocrx_word' id='word_1_64' title='bbox 588 1010 662 1069; x_wconf 94' lang='lat' dir='ltr'><strong>et,</strong></span> <span class='ocrx_word' id='word_1_65' title='bbox 686 1002 923 1057; x_wconf 89' lang='lat' dir='ltr'><strong>mirabili</strong></span> <span class='ocrx_word' id='word_1_66' title='bbox 940 1001 1185 1058; x_wconf 89' lang='lat' dir='ltr'><strong>confecta</strong></span> <span class='ocrx_word' id='word_1_67' title='bbox 1213 1019 1413 1075; x_wconf 90' lang='lat' dir='ltr'><strong>pugna,</strong></span> <span class='ocrx_word' id='word_1_68' title='bbox 1444 1003 1667 1058; x_wconf 90' lang='lat' dir='ltr'><strong>tandem</strong></span> <span class='ocrx_word' id='word_1_69' title='bbox 1687 1003 1874 1059; x_wconf 86' lang='lat' dir='ltr'><strong>hostes</strong></span> 
     </span>
    </p>
   </div>
   <div class='ocr_carea' id='block_1_11' title="bbox 280 1095 1873 1169">
    <p class='ocr_par' dir='ltr' id='par_1_11' title="bbox 280 1095 1873 1169">
     <span class='ocr_line' id='line_1_11' title="bbox 280 1095 1873 1169; baseline 0 -17"><span class='ocrx_word' id='word_1_70' title='bbox 280 1096 402 1152; x_wconf 69' lang='lat' dir='ltr'><strong>caesi</strong></span> <span class='ocrx_word' id='word_1_71' title='bbox 433 1095 718 1167; x_wconf 83' lang='lat' dir='ltr'><strong>fugantur,</strong></span> <span class='ocrx_word' id='word_1_72' title='bbox 748 1105 803 1152; x_wconf 93' lang='lat' dir='ltr'><strong>et</strong></span> <span class='ocrx_word' id='word_1_73' title='bbox 829 1112 1057 1167; x_wconf 91' lang='lat' dir='ltr'><strong>campus</strong></span> <span class='ocrx_word' id='word_1_74' title='bbox 1095 1095 1341 1151; x_wconf 87' lang='lat' dir='ltr'><strong>horribili</strong></span> <span class='ocrx_word' id='word_1_75' title='bbox 1361 1102 1543 1169; x_wconf 85' lang='lat' dir='ltr'><strong>strage</strong></span> <span class='ocrx_word' id='word_1_76' title='bbox 1571 1113 1873 1168; x_wconf 91' lang='lat' dir='ltr'><strong>cruoreque</strong></span> 
     </span>
    </p>
   </div>
   <div class='ocr_carea' id='block_1_12' title="bbox 279 1186 1871 1261">
    <p class='ocr_par' dir='ltr' id='par_1_12' title="bbox 279 1186 1871 1261">
     <span class='ocr_line' id='line_1_12' title="bbox 279 1186 1871 1261; baseline 0.001 -17"><span class='ocrx_word' id='word_1_77' title='bbox 279 1190 455 1244; x_wconf 92' lang='lat' dir='ltr'><strong>multo</strong></span> <span class='ocrx_word' id='word_1_78' title='bbox 480 1186 719 1260; x_wconf 86' lang='lat' dir='ltr'><strong>repletur</strong></span> <span class='ocrx_word' id='word_1_79' title='bbox 751 1208 764 1244; x_wconf 88' lang='lat'><strong>:</strong></span> <span class='ocrx_word' id='word_1_80' title='bbox 796 1189 982 1261; x_wconf 81' lang='lat' dir='ltr'><strong>sicque</strong></span> <span class='ocrx_word' id='word_1_81' title='bbox 1006 1189 1200 1244; x_wconf 83' lang='lat' dir='ltr'><strong>fratres</strong></span> <span class='ocrx_word' id='word_1_82' title='bbox 1228 1190 1331 1261; x_wconf 91' lang='lat' dir='ltr'><strong>ipsi</strong></span> <span class='ocrx_word' id='word_1_83' title='bbox 1353 1191 1587 1245; x_wconf 86' lang='lat' dir='ltr'><strong>victores</strong></span> <span class='ocrx_word' id='word_1_84' title='bbox 1612 1207 1871 1261; x_wconf 91' lang='lat' dir='ltr'><strong>perman-</strong></span> 
     </span>
    </p>
   </div>
   <div class='ocr_carea' id='block_1_13' title="bbox 277 1282 1865 1354">
    <p class='ocr_par' dir='ltr' id='par_1_13' title="bbox 277 1282 1865 1354">
     <span class='ocr_line' id='line_1_13' title="bbox 277 1282 1865 1354; baseline 0 -16"><span class='ocrx_word' id='word_1_85' title='bbox 277 1291 485 1338; x_wconf 82' lang='lat' dir='ltr'><strong>serunt.</strong></span> <span class='ocrx_word' id='word_1_86' title='bbox 520 1282 833 1339; x_wconf 86' lang='lat' dir='ltr'><strong>‘Conradus</strong></span> <span class='ocrx_word' id='word_1_87' title='bbox 880 1291 1065 1339; x_wconf 88' lang='lat' dir='ltr'><strong>tamen</strong></span> <span class='ocrx_word' id='word_1_88' title='bbox 1112 1283 1170 1337; x_wconf 89' lang='lat' dir='ltr'><strong>in</strong></span> <span class='ocrx_word' id='word_1_89' title='bbox 1210 1298 1276 1337; x_wconf 95' lang='lat' dir='ltr'><strong>eo</strong></span> <span class='ocrx_word' id='word_1_90' title='bbox 1301 1283 1491 1354; x_wconf 77' lang='lat' dir='ltr'><strong>praelio</strong></span> <span class='ocrx_word' id='word_1_91' title='bbox 1530 1285 1865 1353; x_wconf 84' lang='lat' dir='ltr'><strong>vulneratur,</strong></span> 
     </span>
    </p>
   </div>
   <div class='ocr_carea' id='block_1_14' title="bbox 277 1376 1869 1448">
    <p class='ocr_par' dir='ltr' id='par_1_14' title="bbox 277 1376 1869 1448">
     <span class='ocr_line' id='line_1_14' title="bbox 277 1376 1869 1448; baseline 0.001 -17"><span class='ocrx_word' id='word_1_92' title='bbox 277 1377 369 1448; x_wconf 87' lang='lat' dir='ltr'><strong>qui</strong></span> <span class='ocrx_word' id='word_1_93' title='bbox 398 1383 524 1447; x_wconf 88' lang='lat' dir='ltr'><strong>post</strong></span> <span class='ocrx_word' id='word_1_94' title='bbox 560 1376 772 1447; x_wconf 88' lang='lat' dir='ltr'><strong>aliquot</strong></span> <span class='ocrx_word' id='word_1_95' title='bbox 808 1392 1003 1437; x_wconf 88' lang='lat' dir='ltr'><strong>annos,</strong></span> <span class='ocrx_word' id='word_1_96' title='bbox 1054 1377 1197 1431; x_wconf 88' lang='lat' dir='ltr'><strong>mala</strong></span> <span class='ocrx_word' id='word_1_97' title='bbox 1232 1377 1477 1432; x_wconf 89' lang='lat' dir='ltr'><strong>vulneris</strong></span> <span class='ocrx_word' id='word_1_98' title='bbox 1506 1377 1695 1433; x_wconf 89' lang='lat' dir='ltr'><strong>habita</strong></span> <span class='ocrx_word' id='word_1_99' title='bbox 1744 1377 1869 1432; x_wconf 90' lang='lat' dir='ltr'><strong>dili-</strong></span> 
     </span>
    </p>
   </div>
   <div class='ocr_carea' id='block_1_15' title="bbox 276 1469 1870 1542">
    <p class='ocr_par' dir='ltr' id='par_1_15' title="bbox 276 1469 1870 1542">
     <span class='ocr_line' id='line_1_15' title="bbox 276 1469 1870 1542; baseline 0.002 -18"><span class='ocrx_word' id='word_1_100' title='bbox 276 1470 478 1541; x_wconf 83' lang='lat' dir='ltr'><strong>gentia,</strong></span> <span class='ocrx_word' id='word_1_101' title='bbox 512 1469 767 1525; x_wconf 90' lang='lat' dir='ltr'><strong>ultimum</strong></span> <span class='ocrx_word' id='word_1_102' title='bbox 793 1469 917 1525; x_wconf 73' lang='lat' dir='ltr'><strong>vitae</strong></span> <span class='ocrx_word' id='word_1_103' title='bbox 940 1485 1053 1525; x_wconf 66' lang='lat' dir='ltr'><strong>suae</strong></span> <span class='ocrx_word' id='word_1_104' title='bbox 1072 1470 1269 1526; x_wconf 89' lang='lat' dir='ltr'><strong>clausit</strong></span> <span class='ocrx_word' id='word_1_105' title='bbox 1292 1469 1459 1525; x_wconf 92' lang='lat' dir='ltr'><strong>diem.</strong></span> <span class='ocrx_word' id='word_1_106' title='bbox 1488 1471 1658 1542; x_wconf 87' lang='lat' dir='ltr'><strong>Cujus</strong></span> <span class='ocrx_word' id='word_1_107' title='bbox 1671 1486 1870 1542; x_wconf 89' lang='lat' dir='ltr'><strong>corpus</strong></span> 
     </span>
    </p>
   </div>
   <div class='ocr_carea' id='block_1_16' title="bbox 276 1561 1869 1635">
    <p class='ocr_par' dir='ltr' id='par_1_16' title="bbox 276 1561 1869 1635">
     <span class='ocr_line' id='line_1_16' title="bbox 276 1561 1869 1635; baseline 0.001 -17"><span class='ocrx_word' id='word_1_108' title='bbox 276 1561 610 1618; x_wconf 87' lang='lat' dir='ltr'><strong>Theldaldus</strong></span> <span class='ocrx_word' id='word_1_109' title='bbox 650 1563 913 1619; x_wconf 82' lang='lat' dir='ltr'><strong>Aretinus</strong></span> <span class='ocrx_word' id='word_1_110' title='bbox 956 1563 1261 1634; x_wconf 89' lang='lat' dir='ltr'><strong>episcopus,</strong></span> <span class='ocrx_word' id='word_1_111' title='bbox 1318 1562 1485 1618; x_wconf 81' lang='lat' dir='ltr'><strong>frater</strong></span> <span class='ocrx_word' id='word_1_112' title='bbox 1536 1564 1656 1635; x_wconf 91' lang='lat' dir='ltr'><strong>ejus</strong></span> <span class='ocrx_word' id='word_1_113' title='bbox 1704 1580 1869 1635; x_wconf 87' lang='lat' dir='ltr'><strong>supra</strong></span> 
     </span>
    </p>
   </div>
   <div class='ocr_carea' id='block_1_17' title="bbox 275 1656 1868 1728">
    <p class='ocr_par' dir='ltr' id='par_1_17' title="bbox 275 1656 1868 1728">
     <span class='ocr_line' id='line_1_17' title="bbox 275 1656 1868 1728; baseline 0.002 -17"><span class='ocrx_word' id='word_1_114' title='bbox 275 1656 618 1722; x_wconf 88' lang='lat' dir='ltr'><strong>nominatus,</strong></span> <span class='ocrx_word' id='word_1_115' title='bbox 666 1656 723 1711; x_wconf 90' lang='lat' dir='ltr'><strong>in</strong></span> <span class='ocrx_word' id='word_1_116' title='bbox 762 1656 1062 1712; x_wconf 89' lang='lat' dir='ltr'><strong>Canusium</strong></span> <span class='ocrx_word' id='word_1_117' title='bbox 1108 1657 1370 1728; x_wconf 90' lang='lat' dir='ltr'><strong>oppidum</strong></span> <span class='ocrx_word' id='word_1_118' title='bbox 1402 1656 1617 1724; x_wconf 90' lang='lat' dir='ltr'><strong>detulit,</strong></span> <span class='ocrx_word' id='word_1_119' title='bbox 1657 1667 1712 1713; x_wconf 90' lang='lat' dir='ltr'><strong>et</strong></span> <span class='ocrx_word' id='word_1_120' title='bbox 1740 1674 1868 1714; x_wconf 89' lang='lat' dir='ltr'><strong>eum</strong></span> 
     </span>
    </p>
   </div>
   <div class='ocr_carea' id='block_1_18' title="bbox 274 1749 1869 1821">
    <p class='ocr_par' dir='ltr' id='par_1_18' title="bbox 274 1749 1869 1821">
     <span class='ocr_line' id='line_1_18' title="bbox 274 1749 1869 1821; baseline 0.001 -17"><span class='ocrx_word' id='word_1_121' title='bbox 274 1750 492 1821; x_wconf 85' lang='lat' dir='ltr'><strong>magnis</strong></span> <span class='ocrx_word' id='word_1_122' title='bbox 521 1749 793 1820; x_wconf 84' lang='lat' dir='ltr'><strong>exsequiis</strong></span> <span class='ocrx_word' id='word_1_123' title='bbox 810 1751 1077 1821; x_wconf 88' lang='lat' dir='ltr'><strong>sepelivit,</strong></span> <span class='ocrx_word' id='word_1_124' title='bbox 1099 1766 1246 1806; x_wconf 89' lang='lat' dir='ltr'><strong>anno</strong></span> <span class='ocrx_word' id='word_1_125' title='bbox 1270 1750 1584 1806; x_wconf 67' lang='lat' dir='ltr'><strong>humanam</strong></span> <span class='ocrx_word' id='word_1_126' title='bbox 1610 1749 1869 1806; x_wconf 90' lang='lat' dir='ltr'><strong>divinita—</strong></span> 
     </span>
    </p>
   </div>
   <div class='ocr_carea' id='block_1_19' title="bbox 1988 539 3576 618">
    <p class='ocr_par' dir='ltr' id='par_1_19' title="bbox 1988 539 3576 618">
     <span class='ocr_line' id='line_1_19' title="bbox 1988 539 3576 618; baseline 0.007 -26"><span class='ocrx_word' id='word_1_127' title='bbox 1988 539 2289 595; x_wconf 83' lang='lat' dir='ltr'><strong>Henricum</strong></span> <span class='ocrx_word' id='word_1_128' title='bbox 2358 541 2521 613; x_wconf 89' lang='lat' dir='ltr'><strong>hujus</strong></span> <span class='ocrx_word' id='word_1_129' title='bbox 2578 543 2822 597; x_wconf 91' lang='lat' dir='ltr'><strong>nominis</strong></span> <span class='ocrx_word' id='word_1_130' title='bbox 2864 552 3125 614; x_wconf 91' lang='lat' dir='ltr'><strong>quartum</strong></span> <span class='ocrx_word' id='word_1_131' title='bbox 3185 547 3576 618; x_wconf 86' lang='lat' dir='ltr'><strong>imperatorem</strong></span> 
     </span>
    </p>
   </div>
   <div class='ocr_carea' id='block_1_20' title="bbox 1988 632 3575 711">
    <p class='ocr_par' dir='ltr' id='par_1_20' title="bbox 1988 632 3575 711">
     <span class='ocr_line' id='line_1_20' title="bbox 1988 632 3575 711; baseline 0.008 -26"><span class='ocrx_word' id='word_1_132' title='bbox 1988 632 2292 702; x_wconf 76' lang='lat' dir='ltr'><strong>genitorem</strong></span> <span class='ocrx_word' id='word_1_133' title='bbox 2337 633 2508 689; x_wconf 89' lang='lat' dir='ltr'><strong>fuisse</strong></span> <span class='ocrx_word' id='word_1_134' title='bbox 2536 636 2730 690; x_wconf 88' lang='lat' dir='ltr'><strong>matris</strong></span> <span class='ocrx_word' id='word_1_135' title='bbox 2758 636 2916 707; x_wconf 91' lang='lat' dir='ltr'><strong>hujus</strong></span> <span class='ocrx_word' id='word_1_136' title='bbox 2943 639 3242 694; x_wconf 66' lang='lat' dir='ltr'><strong>comitissaa</strong></span> <span class='ocrx_word' id='word_1_137' title='bbox 3272 641 3575 711; x_wconf 82' lang='lat' dir='ltr'><strong>Mathildis,</strong></span> 
     </span>
    </p>
   </div>
   <div class='ocr_carea' id='block_1_21' title="bbox 1990 724 3576 801">
    <p class='ocr_par' dir='ltr' id='par_1_21' title="bbox 1990 724 3576 801">
     <span class='ocr_line' id='line_1_21' title="bbox 1990 724 3576 801; baseline 0.008 -24"><span class='ocrx_word' id='word_1_138' title='bbox 1990 724 2094 778; x_wconf 91' lang='lat' dir='ltr'><strong>hoc</strong></span> <span class='ocrx_word' id='word_1_139' title='bbox 2120 725 2288 780; x_wconf 94' lang='lat' dir='ltr'><strong>modo</strong></span> <span class='ocrx_word' id='word_1_140' title='bbox 2311 728 2598 783; x_wconf 88' lang='lat' dir='ltr'><strong>videlicet:</strong></span> <span class='ocrx_word' id='word_1_141' title='bbox 2632 730 2835 784; x_wconf 89' lang='lat' dir='ltr'><strong>Dicunt</strong></span> <span class='ocrx_word' id='word_1_142' title='bbox 2861 740 3093 786; x_wconf 77' lang='lat' dir='ltr'><strong>matrem</strong></span> <span class='ocrx_word' id='word_1_143' title='bbox 3120 735 3421 801; x_wconf 85' lang='lat' dir='ltr'><strong>Mathildis,</strong></span> <span class='ocrx_word' id='word_1_144' title='bbox 3445 735 3576 789; x_wconf 91' lang='lat' dir='ltr'><strong>dum</strong></span> 
     </span>
    </p>
   </div>
   <div class='ocr_carea' id='block_1_22' title="bbox 1986 818 3574 900">
    <p class='ocr_par' dir='ltr' id='par_1_22' title="bbox 1986 818 3574 900">
     <span class='ocr_line' id='line_1_22' title="bbox 1986 818 3574 900; baseline 0.008 -30"><span class='ocrx_word' id='word_1_145' title='bbox 1986 818 2139 888; x_wconf 90' lang='lat' dir='ltr'><strong>virgo</strong></span> <span class='ocrx_word' id='word_1_146' title='bbox 2168 828 2330 887; x_wconf 88' lang='lat' dir='ltr'><strong>esset,</strong></span> <span class='ocrx_word' id='word_1_147' title='bbox 2363 821 2417 874; x_wconf 93' lang='lat' dir='ltr'><strong>in</strong></span> <span class='ocrx_word' id='word_1_148' title='bbox 2472 822 2731 892; x_wconf 88' lang='lat' dir='ltr'><strong>juvenem</strong></span> <span class='ocrx_word' id='word_1_149' title='bbox 2760 825 3000 879; x_wconf 90' lang='lat' dir='ltr'><strong>nobilem</strong></span> <span class='ocrx_word' id='word_1_150' title='bbox 3055 827 3339 891; x_wconf 86' lang='lat' dir='ltr'><strong>exarsisse,</strong></span> <span class='ocrx_word' id='word_1_151' title='bbox 3373 844 3574 900; x_wconf 86' lang='lat' dir='ltr'><strong>genere</strong></span> 
     </span>
    </p>
   </div>
   <div class='ocr_carea' id='block_1_23' title="bbox 1986 913 3571 991">
    <p class='ocr_par' dir='ltr' id='par_1_23' title="bbox 1986 913 3571 991">
     <span class='ocr_line' id='line_1_23' title="bbox 1986 913 3571 991; baseline 0.008 -27"><span class='ocrx_word' id='word_1_152' title='bbox 1986 913 2312 980; x_wconf 86' lang='lat' dir='ltr'><strong>Lucensem,</strong></span> <span class='ocrx_word' id='word_1_153' title='bbox 2355 913 2413 967; x_wconf 91' lang='lat' dir='ltr'><strong>in</strong></span> <span class='ocrx_word' id='word_1_154' title='bbox 2454 915 2803 985; x_wconf 87' lang='lat' dir='ltr'><strong>imperatoris</strong></span> <span class='ocrx_word' id='word_1_155' title='bbox 2856 920 2978 972; x_wconf 92' lang='lat' dir='ltr'><strong>aula</strong></span> <span class='ocrx_word' id='word_1_156' title='bbox 3012 920 3571 991; x_wconf 87' lang='lat' dir='ltr'><strong>ministrantem;qui</strong></span> 
     </span>
    </p>
   </div>
   <div class='ocr_carea' id='block_1_24' title="bbox 1983 1004 3572 1081">
    <p class='ocr_par' dir='ltr' id='par_1_24' title="bbox 1983 1004 3572 1081">
     <span class='ocr_line' id='line_1_24' title="bbox 1983 1004 3572 1081; baseline 0.007 -23"><span class='ocrx_word' id='word_1_157' title='bbox 1983 1004 2231 1073; x_wconf 89' lang='lat' dir='ltr'><strong>tandem,</strong></span> <span class='ocrx_word' id='word_1_158' title='bbox 2292 1006 2397 1062; x_wconf 89' lang='lat' dir='ltr'><strong>hac</strong></span> <span class='ocrx_word' id='word_1_159' title='bbox 2431 1006 2785 1078; x_wconf 87' lang='lat' dir='ltr'><strong>imperatoris</strong></span> <span class='ocrx_word' id='word_1_160' title='bbox 2839 1010 2945 1063; x_wconf 93' lang='lat' dir='ltr'><strong>ﬁlia</strong></span> <span class='ocrx_word' id='word_1_161' title='bbox 2980 1013 3220 1081; x_wconf 90' lang='lat' dir='ltr'><strong>cognita,</strong></span> <span class='ocrx_word' id='word_1_162' title='bbox 3274 1015 3572 1070; x_wconf 90' lang='lat' dir='ltr'><strong>commissa</strong></span> 
     </span>
    </p>
   </div>
   <div class='ocr_carea' id='block_1_25' title="bbox 1980 1098 3565 1167">
    <p class='ocr_par' dir='ltr' id='par_1_25' title="bbox 1980 1098 3565 1167">
     <span class='ocr_line' id='line_1_25' title="bbox 1980 1098 3565 1167; baseline 0.006 -15"><span class='ocrx_word' id='word_1_163' title='bbox 1980 1098 2206 1167; x_wconf 88' lang='lat' dir='ltr'><strong>timens,</strong></span> <span class='ocrx_word' id='word_1_164' title='bbox 2266 1116 2392 1155; x_wconf 89' lang='lat' dir='ltr'><strong>cum</strong></span> <span class='ocrx_word' id='word_1_165' title='bbox 2432 1117 2492 1155; x_wconf 89' lang='lat' dir='ltr'><strong>ea</strong></span> <span class='ocrx_word' id='word_1_166' title='bbox 2539 1101 2670 1156; x_wconf 90' lang='lat' dir='ltr'><strong>abiit</strong></span> <span class='ocrx_word' id='word_1_167' title='bbox 2697 1111 2753 1157; x_wconf 91' lang='lat' dir='ltr'><strong>et</strong></span> <span class='ocrx_word' id='word_1_168' title='bbox 2781 1103 2874 1158; x_wconf 93' lang='lat' dir='ltr'><strong>diu</strong></span> <span class='ocrx_word' id='word_1_169' title='bbox 2922 1103 3135 1157; x_wconf 85' lang='lat' dir='ltr'><strong>latitans</strong></span> <span class='ocrx_word' id='word_1_170' title='bbox 3181 1106 3348 1160; x_wconf 87' lang='lat' dir='ltr'><strong>vitam</strong></span> <span class='ocrx_word' id='word_1_171' title='bbox 3396 1108 3565 1162; x_wconf 89' lang='lat' dir='ltr'><strong>duxit.</strong></span> 
     </span>
    </p>
   </div>
   <div class='ocr_carea' id='block_1_26' title="bbox 1979 1191 3571 1269">
    <p class='ocr_par' dir='ltr' id='par_1_26' title="bbox 1979 1191 3571 1269">
     <span class='ocr_line' id='line_1_26' title="bbox 1979 1191 3571 1269; baseline 0.006 -24"><span class='ocrx_word' id='word_1_172' title='bbox 1979 1191 2224 1247; x_wconf 88' lang='lat' dir='ltr'><strong>Tandem</strong></span> <span class='ocrx_word' id='word_1_173' title='bbox 2252 1209 2377 1247; x_wconf 92' lang='lat' dir='ltr'><strong>cum</strong></span> <span class='ocrx_word' id='word_1_174' title='bbox 2420 1195 2475 1248; x_wconf 88' lang='lat' dir='ltr'><strong>in</strong></span> <span class='ocrx_word' id='word_1_175' title='bbox 2516 1195 2789 1249; x_wconf 87' lang='lat' dir='ltr'><strong>civitatem</strong></span> <span class='ocrx_word' id='word_1_176' title='bbox 2817 1196 3116 1267; x_wconf 89' lang='lat' dir='ltr'><strong>quamdam</strong></span> <span class='ocrx_word' id='word_1_177' title='bbox 3146 1198 3443 1269; x_wconf 85' lang='lat' dir='ltr'><strong>imperator</strong></span> <span class='ocrx_word' id='word_1_178' title='bbox 3482 1216 3571 1256; x_wconf 70' lang='lat' dir='ltr'><strong>ve.</strong></span> 
     </span>
    </p>
   </div>
   <div class='ocr_carea' id='block_1_27' title="bbox 1978 1284 3568 1362">
    <p class='ocr_par' dir='ltr' id='par_1_27' title="bbox 1978 1284 3568 1362">
     <span class='ocr_line' id='line_1_27' title="bbox 1978 1284 3568 1362; baseline 0.006 -24"><span class='ocrx_word' id='word_1_179' title='bbox 1978 1284 2162 1350; x_wconf 87' lang='lat' dir='ltr'><strong>uisset,</strong></span> <span class='ocrx_word' id='word_1_180' title='bbox 2193 1285 2252 1339; x_wconf 90' lang='lat' dir='ltr'><strong>in</strong></span> <span class='ocrx_word' id='word_1_181' title='bbox 2304 1286 2456 1357; x_wconf 91' lang='lat' dir='ltr'><strong>cujus</strong></span> <span class='ocrx_word' id='word_1_182' title='bbox 2485 1288 2797 1359; x_wconf 90' lang='lat' dir='ltr'><strong>episcopatu</strong></span> <span class='ocrx_word' id='word_1_183' title='bbox 2820 1290 3042 1360; x_wconf 89' lang='lat' dir='ltr'><strong>juvenis</strong></span> <span class='ocrx_word' id='word_1_184' title='bbox 3098 1290 3189 1345; x_wconf 92' lang='lat' dir='ltr'><strong>ille</strong></span> <span class='ocrx_word' id='word_1_185' title='bbox 3231 1308 3359 1347; x_wconf 92' lang='lat' dir='ltr'><strong>cum</strong></span> <span class='ocrx_word' id='word_1_186' title='bbox 3397 1292 3568 1362; x_wconf 89' lang='lat' dir='ltr'><strong>impe-</strong></span> 
     </span>
    </p>
   </div>
   <div class='ocr_carea' id='block_1_28' title="bbox 1977 1377 3565 1456">
    <p class='ocr_par' dir='ltr' id='par_1_28' title="bbox 1977 1377 3565 1456">
     <span class='ocr_line' id='line_1_28' title="bbox 1977 1377 3565 1456; baseline 0.006 -25"><span class='ocrx_word' id='word_1_187' title='bbox 1977 1377 2172 1432; x_wconf 90' lang='lat' dir='ltr'><strong>ratoris</strong></span> <span class='ocrx_word' id='word_1_188' title='bbox 2192 1377 2299 1432; x_wconf 90' lang='lat' dir='ltr'><strong>ﬁlia</strong></span> <span class='ocrx_word' id='word_1_189' title='bbox 2314 1380 2583 1446; x_wconf 87' lang='lat' dir='ltr'><strong>latitabat;</strong></span> <span class='ocrx_word' id='word_1_190' title='bbox 2602 1380 2812 1452; x_wconf 87' lang='lat' dir='ltr'><strong>juvenis</strong></span> <span class='ocrx_word' id='word_1_191' title='bbox 2833 1382 2920 1436; x_wconf 92' lang='lat' dir='ltr'><strong>ille</strong></span> <span class='ocrx_word' id='word_1_192' title='bbox 2941 1398 3056 1437; x_wconf 91' lang='lat' dir='ltr'><strong>rem</strong></span> <span class='ocrx_word' id='word_1_193' title='bbox 3077 1385 3293 1453; x_wconf 90' lang='lat' dir='ltr'><strong>aperuit</strong></span> <span class='ocrx_word' id='word_1_194' title='bbox 3313 1385 3565 1456; x_wconf 89' lang='lat' dir='ltr'><strong>episcopo</strong></span> 
     </span>
    </p>
   </div>
   <div class='ocr_carea' id='block_1_29' title="bbox 1979 1470 3568 1549">
    <p class='ocr_par' dir='ltr' id='par_1_29' title="bbox 1979 1470 3568 1549">
     <span class='ocr_line' id='line_1_29' title="bbox 1979 1470 3568 1549; baseline 0.005 -24"><span class='ocrx_word' id='word_1_195' title='bbox 1979 1470 2247 1539; x_wconf 87' lang='lat' dir='ltr'><strong>civitatis;</strong></span> <span class='ocrx_word' id='word_1_196' title='bbox 2272 1472 2361 1527; x_wconf 92' lang='lat' dir='ltr'><strong>ille</strong></span> <span class='ocrx_word' id='word_1_197' title='bbox 2389 1482 2577 1528; x_wconf 89' lang='lat' dir='ltr'><strong>autem</strong></span> <span class='ocrx_word' id='word_1_198' title='bbox 2608 1474 2924 1546; x_wconf 91' lang='lat' dir='ltr'><strong>imperatori</strong></span> <span class='ocrx_word' id='word_1_199' title='bbox 2958 1477 3221 1531; x_wconf 89' lang='lat' dir='ltr'><strong>narravit.</strong></span> <span class='ocrx_word' id='word_1_200' title='bbox 3252 1478 3421 1549; x_wconf 89' lang='lat' dir='ltr'><strong>Cujus</strong></span> <span class='ocrx_word' id='word_1_201' title='bbox 3453 1493 3568 1549; x_wconf 86' lang='lat' dir='ltr'><strong>pre-</strong></span> 
     </span>
    </p>
   </div>
   <div class='ocr_carea' id='block_1_30' title="bbox 1976 1562 3566 1642">
    <p class='ocr_par' dir='ltr' id='par_1_30' title="bbox 1976 1562 3566 1642">
     <span class='ocr_line' id='line_1_30' title="bbox 1976 1562 3566 1642; baseline 0.006 -26"><span class='ocrx_word' id='word_1_202' title='bbox 1976 1562 2131 1617; x_wconf 90' lang='lat' dir='ltr'><strong>cibus</strong></span> <span class='ocrx_word' id='word_1_203' title='bbox 2154 1565 2313 1619; x_wconf 90' lang='lat' dir='ltr'><strong>venia</strong></span> <span class='ocrx_word' id='word_1_204' title='bbox 2345 1567 2633 1636; x_wconf 89' lang='lat' dir='ltr'><strong>promissa,</strong></span> <span class='ocrx_word' id='word_1_205' title='bbox 2666 1575 2960 1638; x_wconf 89' lang='lat' dir='ltr'><strong>utrumque</strong></span> <span class='ocrx_word' id='word_1_206' title='bbox 2988 1571 3194 1639; x_wconf 88' lang='lat' dir='ltr'><strong>recepit</strong></span> <span class='ocrx_word' id='word_1_207' title='bbox 3216 1570 3280 1625; x_wconf 92' lang='lat' dir='ltr'><strong>ad</strong></span> <span class='ocrx_word' id='word_1_208' title='bbox 3312 1571 3566 1642; x_wconf 84' lang='lat' dir='ltr'><strong>gratiam.</strong></span> 
     </span>
    </p>
   </div>
   <div class='ocr_carea' id='block_1_31' title="bbox 1978 1658 3569 1735">
    <p class='ocr_par' dir='ltr' id='par_1_31' title="bbox 1978 1658 3569 1735">
     <span class='ocr_line' id='line_1_31' title="bbox 1978 1658 3569 1735; baseline 0.006 -25"><span class='ocrx_word' id='word_1_209' title='bbox 1978 1658 2122 1712; x_wconf 86' lang='lat' dir='ltr'><strong>Huic</strong></span> <span class='ocrx_word' id='word_1_210' title='bbox 2141 1658 2325 1731; x_wconf 90' lang='lat' dir='ltr'><strong>juveni</strong></span> <span class='ocrx_word' id='word_1_211' title='bbox 2352 1676 2554 1714; x_wconf 89' lang='lat' dir='ltr'><strong>nomen</strong></span> <span class='ocrx_word' id='word_1_212' title='bbox 2584 1670 2699 1715; x_wconf 91' lang='lat' dir='ltr'><strong>erat</strong></span> <span class='ocrx_word' id='word_1_213' title='bbox 2729 1661 3064 1727; x_wconf 79' lang='lat' dir='ltr'><strong>Bonifacius,</strong></span> <span class='ocrx_word' id='word_1_214' title='bbox 3099 1664 3188 1733; x_wconf 91' lang='lat' dir='ltr'><strong>qui</strong></span> <span class='ocrx_word' id='word_1_215' title='bbox 3215 1680 3281 1718; x_wconf 87' lang='lat' dir='ltr'><strong>ex</strong></span> <span class='ocrx_word' id='word_1_216' title='bbox 3323 1667 3569 1735; x_wconf 90' lang='lat' dir='ltr'><strong>impera-</strong></span> 
     </span>
    </p>
   </div>
   <div class='ocr_carea' id='block_1_32' title="bbox 1978 1751 3566 1827">
    <p class='ocr_par' dir='ltr' id='par_1_32' title="bbox 1978 1751 3566 1827">
     <span class='ocr_line' id='line_1_32' title="bbox 1978 1751 3566 1827; baseline 0.006 -24"><span class='ocrx_word' id='word_1_217' title='bbox 1978 1751 2115 1804; x_wconf 91' lang='lat' dir='ltr'><strong>toris</strong></span> <span class='ocrx_word' id='word_1_218' title='bbox 2154 1751 2260 1806; x_wconf 91' lang='lat' dir='ltr'><strong>ﬁlia</strong></span> <span class='ocrx_word' id='word_1_219' title='bbox 2294 1752 2437 1807; x_wconf 88' lang='lat' dir='ltr'><strong>hanc</strong></span> <span class='ocrx_word' id='word_1_220' title='bbox 2490 1755 2676 1823; x_wconf 90' lang='lat' dir='ltr'><strong>genuit</strong></span> <span class='ocrx_word' id='word_1_221' title='bbox 2704 1755 3065 1820; x_wconf 87' lang='lat' dir='ltr'><strong>comitissam,</strong></span> <span class='ocrx_word' id='word_1_222' title='bbox 3100 1772 3238 1826; x_wconf 89' lang='lat' dir='ltr'><strong>quos</strong></span> <span class='ocrx_word' id='word_1_223' title='bbox 3264 1757 3566 1827; x_wconf 86' lang='lat' dir='ltr'><strong>imperator</strong></span> 
     </span>
    </p>
   </div>
   <div class='ocr_carea' id='block_1_33' title="bbox 272 1837 3419 1920">
    <p class='ocr_par' dir='ltr' id='par_1_33' title="bbox 272 1837 3419 1920">
     <span class='ocr_line' id='line_1_33' title="bbox 272 1837 3419 1920; baseline 0.003 -22"><span class='ocrx_word' id='word_1_224' title='bbox 272 1844 340 1898; x_wconf 90' lang='lat' dir='ltr'><strong>tis</strong></span> <span class='ocrx_word' id='word_1_225' title='bbox 368 1843 668 1899; x_wconf 86' lang='lat' dir='ltr'><strong>millesimo</strong></span> <span class='ocrx_word' id='word_1_226' title='bbox 692 1844 999 1915; x_wconf 88' lang='lat' dir='ltr'><strong>trigesimo.</strong></span> <span class='ocrx_word' id='word_1_227' title='bbox 1031 1844 1114 1899; x_wconf 93' lang='lat' dir='ltr'><strong>lbi</strong></span> <span class='ocrx_word' id='word_1_228' title='bbox 1143 1860 1361 1915; x_wconf 91' lang='lat' dir='ltr'><strong>quoque</strong></span> <span class='ocrx_word' id='word_1_229' title='bbox 1383 1845 1548 1900; x_wconf 90' lang='lat' dir='ltr'><strong>ambo</strong></span> <span class='ocrx_word' id='word_1_230' title='bbox 1579 1845 1867 1915; x_wconf 87' lang='lat' dir='ltr'><strong>praenomi-</strong></span> <span class='ocrx_word' id='word_1_231' title='bbox 1902 1837 1950 1898; x_wconf 92' lang='lat' dir='ltr'><strong>B</strong></span> <span class='ocrx_word' id='word_1_232' title='bbox 1978 1846 2132 1901; x_wconf 88' lang='lat' dir='ltr'><strong>auxit</strong></span> <span class='ocrx_word' id='word_1_233' title='bbox 2179 1863 2243 1902; x_wconf 84' lang='lat' dir='ltr'><strong>ex</strong></span> <span class='ocrx_word' id='word_1_234' title='bbox 2281 1848 2501 1920; x_wconf 91' lang='lat' dir='ltr'><strong>imperii</strong></span> <span class='ocrx_word' id='word_1_235' title='bbox 2525 1848 2751 1917; x_wconf 92' lang='lat' dir='ltr'><strong>viribus,</strong></span> <span class='ocrx_word' id='word_1_236' title='bbox 2783 1850 2863 1905; x_wconf 91' lang='lat' dir='ltr'><strong>eis</strong></span> <span class='ocrx_word' id='word_1_237' title='bbox 2896 1852 3067 1905; x_wconf 89' lang='lat' dir='ltr'><strong>multa</strong></span> <span class='ocrx_word' id='word_1_238' title='bbox 3097 1851 3419 1907; x_wconf 89' lang='lat' dir='ltr'><strong>concedens.</strong></span> 
     </span>
    </p>
   </div>
   <div class='ocr_carea' id='block_1_34' title="bbox 270 1935 1865 2010">
    <p class='ocr_par' dir='ltr' id='par_1_34' title="bbox 270 1935 1865 2010">
     <span class='ocr_line' id='line_1_34' title="bbox 270 1935 1865 2010; baseline 0.001 -19"><span class='ocrx_word' id='word_1_239' title='bbox 270 1937 388 1992; x_wconf 89' lang='lat' dir='ltr'><strong>nati</strong></span> <span class='ocrx_word' id='word_1_240' title='bbox 422 1935 703 2007; x_wconf 87' lang='lat' dir='ltr'><strong>pontiﬁces</strong></span> <span class='ocrx_word' id='word_1_241' title='bbox 739 1936 1086 1992; x_wconf 84' lang='lat' dir='ltr'><strong>Gothfredus</strong></span> <span class='ocrx_word' id='word_1_242' title='bbox 1118 1937 1416 1993; x_wconf 88' lang='lat' dir='ltr'><strong>Brixiensis</strong></span> <span class='ocrx_word' id='word_1_243' title='bbox 1454 1938 1759 2010; x_wconf 90' lang='lat' dir='ltr'><strong>episcopus,</strong></span> <span class='ocrx_word' id='word_1_244' title='bbox 1808 1947 1865 1993; x_wconf 89' lang='lat' dir='ltr'><strong>et</strong></span> 
     </span>
    </p>
   </div>
   <div class='ocr_carea' id='block_1_35' title="bbox 267 2029 1861 2103">
    <p class='ocr_par' dir='ltr' id='par_1_35' title="bbox 267 2029 1861 2103">
     <span class='ocr_line' id='line_1_35' title="bbox 267 2029 1861 2103; baseline 0 -18"><span class='ocrx_word' id='word_1_245' title='bbox 267 2029 581 2085; x_wconf 89' lang='lat' dir='ltr'><strong>Thedaldus</strong></span> <span class='ocrx_word' id='word_1_246' title='bbox 613 2030 894 2099; x_wconf 79' lang='lat' dir='ltr'><strong>Aretinus,</strong></span> <span class='ocrx_word' id='word_1_247' title='bbox 924 2030 1199 2102; x_wconf 87' lang='lat' dir='ltr'><strong>Ildegarda</strong></span> <span class='ocrx_word' id='word_1_248' title='bbox 1230 2032 1454 2086; x_wconf 83' lang='lat' dir='ltr'><strong>Attonis</strong></span> <span class='ocrx_word' id='word_1_249' title='bbox 1482 2031 1703 2103; x_wconf 79' lang='lat' dir='ltr'><strong>coniux,</strong></span> <span class='ocrx_word' id='word_1_250' title='bbox 1740 2034 1861 2086; x_wconf 85' lang='lat' dir='ltr'><strong>Ro-</strong></span> 
     </span>
    </p>
   </div>
   <div class='ocr_carea' id='block_1_36' title="bbox 267 2121 1858 2193">
    <p class='ocr_par' dir='ltr' id='par_1_36' title="bbox 267 2121 1858 2193">
     <span class='ocr_line' id='line_1_36' title="bbox 267 2121 1858 2193; baseline 0.001 -15"><span class='ocrx_word' id='word_1_251' title='bbox 267 2121 508 2193; x_wconf 88' lang='lat' dir='ltr'><strong>dulphus</strong></span> <span class='ocrx_word' id='word_1_252' title='bbox 535 2131 589 2178; x_wconf 89' lang='lat' dir='ltr'><strong>et</strong></span> <span class='ocrx_word' id='word_1_253' title='bbox 640 2123 929 2179; x_wconf 89' lang='lat' dir='ltr'><strong>Conradus</strong></span> <span class='ocrx_word' id='word_1_254' title='bbox 960 2122 1228 2179; x_wconf 87' lang='lat' dir='ltr'><strong>Bonifacii</strong></span> <span class='ocrx_word' id='word_1_255' title='bbox 1255 2123 1375 2190; x_wconf 89' lang='lat' dir='ltr'><strong>ﬁlii,</strong></span> <span class='ocrx_word' id='word_1_256' title='bbox 1402 2132 1459 2179; x_wconf 88' lang='lat' dir='ltr'><strong>et</strong></span> <span class='ocrx_word' id='word_1_257' title='bbox 1478 2125 1687 2192; x_wconf 17' lang='lat' dir='ltr'><strong>,Voilia,</strong></span> <span class='ocrx_word' id='word_1_258' title='bbox 1716 2124 1858 2180; x_wconf 85' lang='lat' dir='ltr'><strong>The-</strong></span> 
     </span>
    </p>
   </div>
   <div class='ocr_carea' id='block_1_37' title="bbox 266 2215 1859 2288">
    <p class='ocr_par' dir='ltr' id='par_1_37' title="bbox 266 2215 1859 2288">
     <span class='ocr_line' id='line_1_37' title="bbox 266 2215 1859 2288; baseline 0.001 -17"><span class='ocrx_word' id='word_1_259' title='bbox 266 2215 410 2271; x_wconf 89' lang='lat' dir='ltr'><strong>daldi</strong></span> <span class='ocrx_word' id='word_1_260' title='bbox 468 2216 565 2270; x_wconf 88' lang='lat' dir='ltr'><strong>ﬁlii</strong></span> <span class='ocrx_word' id='word_1_261' title='bbox 609 2218 833 2271; x_wconf 82' lang='lat' dir='ltr'><strong>Attonis</strong></span> <span class='ocrx_word' id='word_1_262' title='bbox 861 2232 1001 2272; x_wconf 86' lang='lat' dir='ltr'><strong>uxor</strong></span> <span class='ocrx_word' id='word_1_263' title='bbox 1048 2217 1149 2271; x_wconf 92' lang='lat' dir='ltr'><strong>sub</strong></span> <span class='ocrx_word' id='word_1_264' title='bbox 1179 2234 1288 2273; x_wconf 91' lang='lat' dir='ltr'><strong>uno</strong></span> <span class='ocrx_word' id='word_1_265' title='bbox 1331 2226 1459 2272; x_wconf 90' lang='lat' dir='ltr'><strong>sunt</strong></span> <span class='ocrx_word' id='word_1_266' title='bbox 1495 2219 1699 2288; x_wconf 89' lang='lat' dir='ltr'><strong>pariter</strong></span> <span class='ocrx_word' id='word_1_267' title='bbox 1731 2233 1859 2273; x_wconf 88' lang='lat' dir='ltr'><strong>saxo</strong></span> 
     </span>
    </p>
   </div>
   <div class='ocr_carea' id='block_1_38' title="bbox 267 2309 529 2365">
    <p class='ocr_par' dir='ltr' id='par_1_38' title="bbox 267 2309 529 2365">
     <span class='ocr_line' id='line_1_38' title="bbox 267 2309 529 2365; baseline 0.004 -1"><span class='ocrx_word' id='word_1_268' title='bbox 267 2309 529 2365; x_wconf 87' lang='lat' dir='ltr'><strong>contenti.</strong></span> 
     </span>
    </p>
   </div>
   <div class='ocr_carea' id='block_1_39' title="bbox 888 2410 1244 2465">
    <p class='ocr_par' dir='ltr' id='par_1_39' title="bbox 888 2410 1244 2465">
     <span class='ocr_line' id='line_1_39' title="bbox 888 2410 1244 2465; baseline 0.003 -1"><span class='ocrx_word' id='word_1_269' title='bbox 888 2410 1127 2465; x_wconf 81' lang='lat' dir='ltr'><strong>CAPUT</strong></span> <span class='ocrx_word' id='word_1_270' title='bbox 1176 2412 1244 2465; x_wconf 83' lang='lat' dir='ltr'><strong>V.</strong></span> 
     </span>
    </p>
   </div>
   <div class='ocr_carea' id='block_1_40' title="bbox 260 2516 1853 2584">
    <p class='ocr_par' dir='ltr' id='par_1_40' title="bbox 260 2516 1853 2584">
     <span class='ocr_line' id='line_1_40' title="bbox 260 2516 1853 2584; baseline 0 -15"><span class='ocrx_word' id='word_1_271' title='bbox 260 2517 331 2569; x_wconf 88' lang='lat' dir='ltr'><strong>De</strong></span> <span class='ocrx_word' id='word_1_272' title='bbox 359 2516 647 2581; x_wconf 77' lang='lat' dir='ltr'><strong>Bonifacio</strong></span> <span class='ocrx_word' id='word_1_273' title='bbox 666 2520 830 2584; x_wconf 81' lang='lat' dir='ltr'><strong>patre</strong></span> <span class='ocrx_word' id='word_1_274' title='bbox 854 2516 1158 2582; x_wconf 77' lang='lat' dir='ltr'><strong>Mathildis,</strong></span> <span class='ocrx_word' id='word_1_275' title='bbox 1196 2520 1246 2569; x_wconf 87' lang='lat' dir='ltr'><strong>et</strong></span> <span class='ocrx_word' id='word_1_276' title='bbox 1274 2516 1510 2584; x_wconf 77' lang='lat' dir='ltr'><strong>qualiter</strong></span> <span class='ocrx_word' id='word_1_277' title='bbox 1554 2517 1853 2571; x_wconf 78' lang='lat' dir='ltr'><strong>Beatricem</strong></span> 
     </span>
    </p>
   </div>
   <div class='ocr_carea' id='block_1_41' title="bbox 837 2588 1286 2641">
    <p class='ocr_par' dir='ltr' id='par_1_41' title="bbox 837 2588 1286 2641">
     <span class='ocr_line' id='line_1_41' title="bbox 837 2588 1286 2641; baseline 0 0"><span class='ocrx_word' id='word_1_278' title='bbox 837 2588 1003 2641; x_wconf 68' lang='lat' dir='ltr'><strong>duxit</strong></span> <span class='ocrx_word' id='word_1_279' title='bbox 1042 2602 1286 2641; x_wconf 55' lang='lat' dir='ltr'><strong>umorem.</strong></span> 
     </span>
    </p>
   </div>
   <div class='ocr_carea' id='block_1_42' title="bbox 324 2695 1856 2762">
    <p class='ocr_par' dir='ltr' id='par_1_42' title="bbox 324 2695 1856 2762">
     <span class='ocr_line' id='line_1_42' title="bbox 324 2695 1856 2762; baseline -0.001 -10"><span class='ocrx_word' id='word_1_280' title='bbox 324 2696 641 2752; x_wconf 84' lang='lat' dir='ltr'><strong>Bonifacius</strong></span> <span class='ocrx_word' id='word_1_281' title='bbox 688 2706 893 2762; x_wconf 85' lang='lat' dir='ltr'><strong>autem,</strong></span> <span class='ocrx_word' id='word_1_282' title='bbox 927 2698 1181 2754; x_wconf 90' lang='lat' dir='ltr'><strong>Conrado</strong></span> <span class='ocrx_word' id='word_1_283' title='bbox 1213 2696 1380 2751; x_wconf 91' lang='lat' dir='ltr'><strong>fratre</strong></span> <span class='ocrx_word' id='word_1_284' title='bbox 1421 2695 1706 2761; x_wconf 87' lang='lat' dir='ltr'><strong>defuncto,</strong></span> <span class='ocrx_word' id='word_1_285' title='bbox 1734 2712 1856 2750; x_wconf 90' lang='lat' dir='ltr'><strong>ma—</strong></span> 
     </span>
    </p>
   </div>
   <div class='ocr_carea' id='block_1_43' title="bbox 257 2789 1856 2862">
    <p class='ocr_par' dir='ltr' id='par_1_43' title="bbox 257 2789 1856 2862">
     <span class='ocr_line' id='line_1_43' title="bbox 257 2789 1856 2862; baseline -0.001 -17"><span class='ocrx_word' id='word_1_286' title='bbox 257 2791 379 2862; x_wconf 90' lang='lat' dir='ltr'><strong>gnis</strong></span> <span class='ocrx_word' id='word_1_287' title='bbox 410 2790 621 2845; x_wconf 84' lang='lat' dir='ltr'><strong>exstitit</strong></span> <span class='ocrx_word' id='word_1_288' title='bbox 673 2791 851 2845; x_wconf 87' lang='lat' dir='ltr'><strong>clarus</strong></span> <span class='ocrx_word' id='word_1_289' title='bbox 895 2790 1207 2845; x_wconf 89' lang='lat' dir='ltr'><strong>virtutibus.</strong></span> <span class='ocrx_word' id='word_1_290' title='bbox 1248 2790 1354 2844; x_wconf 89' lang='lat' dir='ltr'><strong>Hic</strong></span> <span class='ocrx_word' id='word_1_291' title='bbox 1385 2790 1534 2844; x_wconf 91' lang='lat' dir='ltr'><strong>enim</strong></span> <span class='ocrx_word' id='word_1_292' title='bbox 1584 2790 1637 2843; x_wconf 93' lang='lat' dir='ltr'><strong>in</strong></span> <span class='ocrx_word' id='word_1_293' title='bbox 1662 2789 1856 2859; x_wconf 89' lang='lat' dir='ltr'><strong>puerili</strong></span> 
     </span>
    </p>
   </div>
   <div class='ocr_carea' id='block_1_44' title="bbox 255 2882 1854 2955">
    <p class='ocr_par' dir='ltr' id='par_1_44' title="bbox 255 2882 1854 2955">
     <span class='ocr_line' id='line_1_44' title="bbox 255 2882 1854 2955; baseline -0.003 -16"><span class='ocrx_word' id='word_1_294' title='bbox 255 2884 433 2939; x_wconf 87' lang='lat' dir='ltr'><strong>adhuc</strong></span> <span class='ocrx_word' id='word_1_295' title='bbox 461 2892 646 2948; x_wconf 79' lang='lat' dir='ltr'><strong>aetate,</strong></span> <span class='ocrx_word' id='word_1_296' title='bbox 673 2884 892 2955; x_wconf 89' lang='lat' dir='ltr'><strong>ingenio</strong></span> <span class='ocrx_word' id='word_1_297' title='bbox 924 2884 1097 2939; x_wconf 93' lang='lat' dir='ltr'><strong>multo</strong></span> <span class='ocrx_word' id='word_1_298' title='bbox 1127 2884 1319 2954; x_wconf 88' lang='lat' dir='ltr'><strong>viguit,</strong></span> <span class='ocrx_word' id='word_1_299' title='bbox 1353 2892 1406 2939; x_wconf 90' lang='lat' dir='ltr'><strong>et</strong></span> <span class='ocrx_word' id='word_1_300' title='bbox 1429 2899 1593 2938; x_wconf 92' lang='lat' dir='ltr'><strong>sensu</strong></span> <span class='ocrx_word' id='word_1_301' title='bbox 1618 2882 1854 2936; x_wconf 91' lang='lat' dir='ltr'><strong>miriﬁco</strong></span> 
     </span>
    </p>
   </div>
   <div class='ocr_carea' id='block_1_45' title="bbox 256 2971 1853 3048">
    <p class='ocr_par' dir='ltr' id='par_1_45' title="bbox 256 2971 1853 3048">
     <span class='ocr_line' id='line_1_45' title="bbox 256 2971 1853 3048; baseline -0.002 -16"><span class='ocrx_word' id='word_1_302' title='bbox 256 2978 469 3048; x_wconf 90' lang='lat' dir='ltr'><strong>polluit.</strong></span> <span class='ocrx_word' id='word_1_303' title='bbox 498 2978 621 3032; x_wconf 88' lang='lat' dir='ltr'><strong>Fuit</strong></span> <span class='ocrx_word' id='word_1_304' title='bbox 667 2992 885 3047; x_wconf 88' lang='lat' dir='ltr'><strong>quoque</strong></span> <span class='ocrx_word' id='word_1_305' title='bbox 914 2975 1094 3032; x_wconf 89' lang='lat' dir='ltr'><strong>forma</strong></span> <span class='ocrx_word' id='word_1_306' title='bbox 1123 2994 1401 3048; x_wconf 86' lang='lat' dir='ltr'><strong>procerus,</strong></span> <span class='ocrx_word' id='word_1_307' title='bbox 1435 2992 1664 3047; x_wconf 91' lang='lat' dir='ltr'><strong>corpore</strong></span> <span class='ocrx_word' id='word_1_308' title='bbox 1691 2971 1853 3030; x_wconf 80' lang='lat' dir='ltr'><strong>deco-</strong></span> 
     </span>
    </p>
   </div>
   <div class='ocr_carea' id='block_1_46' title="bbox 253 3068 1852 3141">
    <p class='ocr_par' dir='ltr' id='par_1_46' title="bbox 253 3068 1852 3141">
     <span class='ocr_line' id='line_1_46' title="bbox 253 3068 1852 3141; baseline -0.002 -16"><span class='ocrx_word' id='word_1_309' title='bbox 253 3088 369 3137; x_wconf 90' lang='lat' dir='ltr'><strong>rus,</strong></span> <span class='ocrx_word' id='word_1_310' title='bbox 422 3080 549 3126; x_wconf 86' lang='lat' dir='ltr'><strong>actu</strong></span> <span class='ocrx_word' id='word_1_311' title='bbox 582 3071 860 3141; x_wconf 84' lang='lat' dir='ltr'><strong>providus,</strong></span> <span class='ocrx_word' id='word_1_312' title='bbox 892 3070 1098 3125; x_wconf 90' lang='lat' dir='ltr'><strong>viribus</strong></span> <span class='ocrx_word' id='word_1_313' title='bbox 1151 3087 1295 3138; x_wconf 91' lang='lat' dir='ltr'><strong>acer,</strong></span> <span class='ocrx_word' id='word_1_314' title='bbox 1344 3070 1569 3140; x_wconf 90' lang='lat' dir='ltr'><strong>dapsilis</strong></span> <span class='ocrx_word' id='word_1_315' title='bbox 1624 3068 1852 3135; x_wconf 91' lang='lat' dir='ltr'><strong>cunctis,</strong></span> 
     </span>
    </p>
   </div>
   <div class='ocr_carea' id='block_1_47' title="bbox 251 3162 1851 3235">
    <p class='ocr_par' dir='ltr' id='par_1_47' title="bbox 251 3162 1851 3235">
     <span class='ocr_line' id='line_1_47' title="bbox 251 3162 1851 3235; baseline -0.003 -16"><span class='ocrx_word' id='word_1_316' title='bbox 251 3164 317 3219; x_wconf 89' lang='lat' dir='ltr'><strong>de</strong></span> <span class='ocrx_word' id='word_1_317' title='bbox 368 3180 481 3233; x_wconf 91' lang='lat' dir='ltr'><strong>quo</strong></span> <span class='ocrx_word' id='word_1_318' title='bbox 529 3164 811 3235; x_wconf 67' lang='lat' dir='ltr'><strong>Erythraea</strong></span> <span class='ocrx_word' id='word_1_319' title='bbox 859 3164 1047 3234; x_wconf 79' lang='lat' dir='ltr'><strong>sibylla</strong></span> <span class='ocrx_word' id='word_1_320' title='bbox 1082 3165 1344 3234; x_wconf 67' lang='lat' dir='ltr'><strong>praeclare</strong></span> <span class='ocrx_word' id='word_1_321' title='bbox 1389 3162 1680 3223; x_wconf 80' lang='lat' dir='ltr'><strong>vaticinata</strong></span> <span class='ocrx_word' id='word_1_322' title='bbox 1719 3170 1802 3216; x_wconf 91' lang='lat' dir='ltr'><strong>est</strong></span> <span class='ocrx_word' id='word_1_323' title='bbox 1838 3180 1851 3215; x_wconf 88' lang='lat'><strong>:</strong></span> 
     </span>
    </p>
   </div>
   <div class='ocr_carea' id='block_1_48' title="bbox 251 3227 1931 3329">
    <p class='ocr_par' dir='ltr' id='par_1_48' title="bbox 251 3227 1931 3329">
     <span class='ocr_line' id='line_1_48' title="bbox 251 3227 1931 3329; baseline -0.002 -18"><span class='ocrx_word' id='word_1_324' title='bbox 251 3258 426 3329; x_wconf 86' lang='lat' dir='ltr'><strong>Igitur</strong></span> <span class='ocrx_word' id='word_1_325' title='bbox 462 3256 612 3311; x_wconf 89' lang='lat' dir='ltr'><strong>enim</strong></span> <span class='ocrx_word' id='word_1_326' title='bbox 642 3255 895 3311; x_wconf 87' lang='lat' dir='ltr'><strong>futurum</strong></span> <span class='ocrx_word' id='word_1_327' title='bbox 923 3255 1123 3311; x_wconf 91' lang='lat' dir='ltr'><strong>ducem</strong></span> <span class='ocrx_word' id='word_1_328' title='bbox 1172 3260 1327 3327; x_wconf 87' lang='lat' dir='ltr'><strong>cujus</strong></span> <span class='ocrx_word' id='word_1_329' title='bbox 1355 3256 1597 3310; x_wconf 92' lang='lat' dir='ltr'><strong>nominis</strong></span> <span class='ocrx_word' id='word_1_330' title='bbox 1649 3255 1852 3325; x_wconf 84' lang='lat' dir='ltr'><strong>princi-</strong></span> <span class='ocrx_word' id='word_1_331' title='bbox 1888 3227 1931 3288; x_wconf 78' lang='lat' dir='ltr'><strong>C</strong></span> 
     </span>
    </p>
   </div>
   <div class='ocr_carea' id='block_1_49' title="bbox 248 3348 1855 3422">
    <p class='ocr_par' dir='ltr' id='par_1_49' title="bbox 248 3348 1855 3422">
     <span class='ocr_line' id='line_1_49' title="bbox 248 3348 1855 3422; baseline -0.002 -18"><span class='ocrx_word' id='word_1_332' title='bbox 248 3351 402 3422; x_wconf 92' lang='lat' dir='ltr'><strong>pium</strong></span> <span class='ocrx_word' id='word_1_333' title='bbox 434 3349 536 3404; x_wconf 90' lang='lat' dir='ltr'><strong>erit</strong></span> <span class='ocrx_word' id='word_1_334' title='bbox 564 3352 652 3416; x_wconf 93' lang='lat' dir='ltr'><strong>B.,</strong></span> <span class='ocrx_word' id='word_1_335' title='bbox 680 3348 772 3419; x_wconf 92' lang='lat' dir='ltr'><strong>qui</strong></span> <span class='ocrx_word' id='word_1_336' title='bbox 829 3348 990 3404; x_wconf 90' lang='lat' dir='ltr'><strong>dictis</strong></span> <span class='ocrx_word' id='word_1_337' title='bbox 1032 3358 1087 3404; x_wconf 89' lang='lat' dir='ltr'><strong>et</strong></span> <span class='ocrx_word' id='word_1_338' title='bbox 1110 3350 1321 3403; x_wconf 89' lang='lat' dir='ltr'><strong>actibus</strong></span> <span class='ocrx_word' id='word_1_339' title='bbox 1351 3348 1632 3419; x_wconf 93' lang='lat' dir='ltr'><strong>limpidus,</strong></span> <span class='ocrx_word' id='word_1_340' title='bbox 1664 3364 1855 3402; x_wconf 89' lang='lat' dir='ltr'><strong>rerum</strong></span> 
     </span>
    </p>
   </div>
   <div class='ocr_carea' id='block_1_50' title="bbox 245 3441 1850 3514">
    <p class='ocr_par' dir='ltr' id='par_1_50' title="bbox 245 3441 1850 3514">
     <span class='ocr_line' id='line_1_50' title="bbox 245 3441 1850 3514; baseline -0.003 -16"><span class='ocrx_word' id='word_1_341' title='bbox 245 3443 515 3514; x_wconf 77' lang='lat' dir='ltr'><strong>locuples,</strong></span> <span class='ocrx_word' id='word_1_342' title='bbox 546 3458 711 3514; x_wconf 92' lang='lat' dir='ltr'><strong>opere</strong></span> <span class='ocrx_word' id='word_1_343' title='bbox 737 3442 1019 3513; x_wconf 90' lang='lat' dir='ltr'><strong>paciﬁcus,</strong></span> <span class='ocrx_word' id='word_1_344' title='bbox 1047 3452 1101 3497; x_wconf 90' lang='lat' dir='ltr'><strong>et</strong></span> <span class='ocrx_word' id='word_1_345' title='bbox 1131 3442 1183 3495; x_wconf 92' lang='lat' dir='ltr'><strong>in</strong></span> <span class='ocrx_word' id='word_1_346' title='bbox 1206 3441 1410 3513; x_wconf 65' lang='lat' dir='ltr'><strong>prazliis</strong></span> <span class='ocrx_word' id='word_1_347' title='bbox 1444 3441 1616 3495; x_wconf 90' lang='lat' dir='ltr'><strong>victor</strong></span> <span class='ocrx_word' id='word_1_348' title='bbox 1636 3441 1850 3495; x_wconf 87' lang='lat' dir='ltr'><strong>existet.</strong></span> 
     </span>
    </p>
   </div>
   <div class='ocr_carea' id='block_1_51' title="bbox 247 3532 1845 3607">
    <p class='ocr_par' dir='ltr' id='par_1_51' title="bbox 247 3532 1845 3607">
     <span class='ocr_line' id='line_1_51' title="bbox 247 3532 1845 3607; baseline -0.003 -15"><span class='ocrx_word' id='word_1_349' title='bbox 247 3537 463 3592; x_wconf 86' lang='lat' dir='ltr'><strong>Habuit</strong></span> <span class='ocrx_word' id='word_1_350' title='bbox 478 3535 622 3591; x_wconf 91' lang='lat' dir='ltr'><strong>idem</strong></span> <span class='ocrx_word' id='word_1_351' title='bbox 640 3534 954 3591; x_wconf 85' lang='lat' dir='ltr'><strong>Bonifacius</strong></span> <span class='ocrx_word' id='word_1_352' title='bbox 976 3543 1030 3590; x_wconf 93' lang='lat' dir='ltr'><strong>et</strong></span> <span class='ocrx_word' id='word_1_353' title='bbox 1052 3536 1211 3589; x_wconf 90' lang='lat' dir='ltr'><strong>aliam</strong></span> <span class='ocrx_word' id='word_1_354' title='bbox 1233 3535 1524 3607; x_wconf 88' lang='lat' dir='ltr'><strong>conjugem</strong></span> <span class='ocrx_word' id='word_1_355' title='bbox 1552 3532 1845 3598; x_wconf 87' lang='lat' dir='ltr'><strong>illustrem,</strong></span> 
     </span>
    </p>
   </div>
   <div class='ocr_carea' id='block_1_52' title="bbox 242 3626 1853 3698">
    <p class='ocr_par' dir='ltr' id='par_1_52' title="bbox 242 3626 1853 3698">
     <span class='ocr_line' id='line_1_52' title="bbox 242 3626 1853 3698; baseline -0.004 -13"><span class='ocrx_word' id='word_1_356' title='bbox 242 3630 455 3685; x_wconf 78' lang='lat' dir='ltr'><strong>scilicet</strong></span> <span class='ocrx_word' id='word_1_357' title='bbox 504 3629 807 3682; x_wconf 90' lang='lat' dir='ltr'><strong>Beatricem</strong></span> <span class='ocrx_word' id='word_1_358' title='bbox 861 3644 925 3683; x_wconf 88' lang='lat' dir='ltr'><strong>ex</strong></span> <span class='ocrx_word' id='word_1_359' title='bbox 972 3628 1169 3693; x_wconf 88' lang='lat' dir='ltr'><strong>Gallia,</strong></span> <span class='ocrx_word' id='word_1_360' title='bbox 1231 3628 1436 3681; x_wconf 83' lang='lat' dir='ltr'><strong>scilicet</strong></span> <span class='ocrx_word' id='word_1_361' title='bbox 1471 3626 1633 3698; x_wconf 87' lang='lat' dir='ltr'><strong>regali</strong></span> <span class='ocrx_word' id='word_1_362' title='bbox 1680 3626 1853 3696; x_wconf 89' lang='lat' dir='ltr'><strong>stirpe</strong></span> 
     </span>
    </p>
   </div>
   <div class='ocr_carea' id='block_1_53' title="bbox 242 3718 1853 3793">
    <p class='ocr_par' dir='ltr' id='par_1_53' title="bbox 242 3718 1853 3793">
     <span class='ocr_line' id='line_1_53' title="bbox 242 3718 1853 3793; baseline -0.002 -17"><span class='ocrx_word' id='word_1_363' title='bbox 242 3722 615 3793; x_wconf 83' lang='lat' dir='ltr'><strong>progenitam,</strong></span> <span class='ocrx_word' id='word_1_364' title='bbox 644 3722 823 3775; x_wconf 90' lang='lat' dir='ltr'><strong>multo</strong></span> <span class='ocrx_word' id='word_1_365' title='bbox 850 3720 1047 3775; x_wconf 68' lang='lat' dir='ltr'><strong>formae</strong></span> <span class='ocrx_word' id='word_1_366' title='bbox 1077 3720 1273 3775; x_wconf 87' lang='lat' dir='ltr'><strong>decore</strong></span> <span class='ocrx_word' id='word_1_367' title='bbox 1292 3727 1344 3775; x_wconf 91' lang='lat' dir='ltr'><strong>et</strong></span> <span class='ocrx_word' id='word_1_368' title='bbox 1365 3720 1645 3790; x_wconf 73' lang='lat' dir='ltr'><strong>sapientiae</strong></span> <span class='ocrx_word' id='word_1_369' title='bbox 1675 3718 1853 3773; x_wconf 89' lang='lat' dir='ltr'><strong>nitore</strong></span> 
     </span>
    </p>
   </div>
   <div class='ocr_carea' id='block_1_54' title="bbox 238 3811 1853 3885">
    <p class='ocr_par' dir='ltr' id='par_1_54' title="bbox 238 3811 1853 3885">
     <span class='ocr_line' id='line_1_54' title="bbox 238 3811 1853 3885; baseline -0.002 -15"><span class='ocrx_word' id='word_1_370' title='bbox 238 3816 514 3878; x_wconf 88' lang='lat' dir='ltr'><strong>dotatam,</strong></span> <span class='ocrx_word' id='word_1_371' title='bbox 548 3814 704 3885; x_wconf 88' lang='lat' dir='ltr'><strong>cujus</strong></span> <span class='ocrx_word' id='word_1_372' title='bbox 734 3822 882 3884; x_wconf 90' lang='lat' dir='ltr'><strong>pater</strong></span> <span class='ocrx_word' id='word_1_373' title='bbox 920 3814 1237 3879; x_wconf 86' lang='lat' dir='ltr'><strong>Federicus,</strong></span> <span class='ocrx_word' id='word_1_374' title='bbox 1278 3823 1331 3868; x_wconf 91' lang='lat' dir='ltr'><strong>et</strong></span> <span class='ocrx_word' id='word_1_375' title='bbox 1356 3823 1533 3868; x_wconf 91' lang='lat' dir='ltr'><strong>mater</strong></span> <span class='ocrx_word' id='word_1_376' title='bbox 1571 3811 1853 3867; x_wconf 90' lang='lat' dir='ltr'><strong>Mathildis</strong></span> 
     </span>
    </p>
   </div>
   <div class='ocr_carea' id='block_1_55' title="bbox 240 3905 1850 3979">
    <p class='ocr_par' dir='ltr' id='par_1_55' title="bbox 240 3905 1850 3979">
     <span class='ocr_line' id='line_1_55' title="bbox 240 3905 1850 3979; baseline -0.002 -15"><span class='ocrx_word' id='word_1_377' title='bbox 240 3910 599 3964; x_wconf 80' lang='lat' dir='ltr'><strong>exstiterunt.</strong></span> <span class='ocrx_word' id='word_1_378' title='bbox 629 3907 715 3963; x_wconf 84' lang='lat' dir='ltr'><strong>Ad</strong></span> <span class='ocrx_word' id='word_1_379' title='bbox 736 3924 901 3979; x_wconf 91' lang='lat' dir='ltr'><strong>quam</strong></span> <span class='ocrx_word' id='word_1_380' title='bbox 924 3907 1365 3978; x_wconf 89' lang='lat' dir='ltr'><strong>desponsandam</strong></span> <span class='ocrx_word' id='word_1_381' title='bbox 1384 3924 1510 3962; x_wconf 84' lang='lat' dir='ltr'><strong>cum</strong></span> <span class='ocrx_word' id='word_1_382' title='bbox 1531 3905 1850 3961; x_wconf 90' lang='lat' dir='ltr'><strong>Bonifacius</strong></span> 
     </span>
    </p>
   </div>
   <div class='ocr_carea' id='block_1_56' title="bbox 239 4000 1849 4072">
    <p class='ocr_par' dir='ltr' id='par_1_56' title="bbox 239 4000 1849 4072">
     <span class='ocr_line' id='line_1_56' title="bbox 239 4000 1849 4072; baseline -0.002 -16"><span class='ocrx_word' id='word_1_383' title='bbox 239 4002 296 4056; x_wconf 90' lang='lat' dir='ltr'><strong>in</strong></span> <span class='ocrx_word' id='word_1_384' title='bbox 346 4002 585 4057; x_wconf 89' lang='lat' dir='ltr'><strong>Galliam</strong></span> <span class='ocrx_word' id='word_1_385' title='bbox 616 4009 953 4072; x_wconf 90' lang='lat' dir='ltr'><strong>properaret,</strong></span> <span class='ocrx_word' id='word_1_386' title='bbox 999 4009 1204 4071; x_wconf 83' lang='lat' dir='ltr'><strong>quanto</strong></span> <span class='ocrx_word' id='word_1_387' title='bbox 1233 4000 1444 4055; x_wconf 87' lang='lat' dir='ltr'><strong>honore</strong></span> <span class='ocrx_word' id='word_1_388' title='bbox 1490 4000 1741 4070; x_wconf 87' lang='lat' dir='ltr'><strong>polleret,</strong></span> <span class='ocrx_word' id='word_1_389' title='bbox 1798 4007 1849 4053; x_wconf 92' lang='lat' dir='ltr'><strong>et</strong></span> 
     </span>
    </p>
   </div>
   <div class='ocr_carea' id='block_1_57' title="bbox 241 4093 1847 4166">
    <p class='ocr_par' dir='ltr' id='par_1_57' title="bbox 241 4093 1847 4166">
     <span class='ocr_line' id='line_1_57' title="bbox 241 4093 1847 4166; baseline -0.002 -17"><span class='ocrx_word' id='word_1_390' title='bbox 241 4111 417 4166; x_wconf 89' lang='lat' dir='ltr'><strong>quam</strong></span> <span class='ocrx_word' id='word_1_391' title='bbox 474 4093 687 4165; x_wconf 87' lang='lat' dir='ltr'><strong>ingenti</strong></span> <span class='ocrx_word' id='word_1_392' title='bbox 742 4110 962 4165; x_wconf 91' lang='lat' dir='ltr'><strong>quoque</strong></span> <span class='ocrx_word' id='word_1_393' title='bbox 1024 4094 1191 4166; x_wconf 88' lang='lat' dir='ltr'><strong>gloria</strong></span> <span class='ocrx_word' id='word_1_394' title='bbox 1261 4093 1552 4157; x_wconf 88' lang='lat' dir='ltr'><strong>emineret,</strong></span> <span class='ocrx_word' id='word_1_395' title='bbox 1601 4101 1847 4162; x_wconf 89' lang='lat' dir='ltr'><strong>patenter</strong></span> 
     </span>
    </p>
   </div>
   <div class='ocr_carea' id='block_1_58' title="bbox 238 4185 1847 4255">
    <p class='ocr_par' dir='ltr' id='par_1_58' title="bbox 238 4185 1847 4255">
     <span class='ocr_line' id='line_1_58' title="bbox 238 4185 1847 4255; baseline -0.002 -13"><span class='ocrx_word' id='word_1_396' title='bbox 238 4186 500 4242; x_wconf 87' lang='lat' dir='ltr'><strong>ostendit.</strong></span> <span class='ocrx_word' id='word_1_397' title='bbox 524 4189 667 4242; x_wconf 84' lang='lat' dir='ltr'><strong>Nam</strong></span> <span class='ocrx_word' id='word_1_398' title='bbox 696 4188 995 4242; x_wconf 84' lang='lat' dir='ltr'><strong>comitatus</strong></span> <span class='ocrx_word' id='word_1_399' title='bbox 1020 4186 1425 4241; x_wconf 92' lang='lat' dir='ltr'><strong>solemnissimo</strong></span> <span class='ocrx_word' id='word_1_400' title='bbox 1452 4185 1761 4255; x_wconf 89' lang='lat' dir='ltr'><strong>principum</strong></span> <span class='ocrx_word' id='word_1_401' title='bbox 1796 4195 1847 4239; x_wconf 90' lang='lat' dir='ltr'><strong>et</strong></span> 
     </span>
    </p>
   </div>
   <div class='ocr_carea' id='block_1_59' title="bbox 239 4277 1846 4348">
    <p class='ocr_par' dir='ltr' id='par_1_59' title="bbox 239 4277 1846 4348">
     <span class='ocr_line' id='line_1_59' title="bbox 239 4277 1846 4348; baseline -0.002 -15"><span class='ocrx_word' id='word_1_402' title='bbox 239 4280 518 4335; x_wconf 90' lang='lat' dir='ltr'><strong>nobilium</strong></span> <span class='ocrx_word' id='word_1_403' title='bbox 549 4288 716 4346; x_wconf 75' lang='lat' dir='ltr'><strong>ccetu,</strong></span> <span class='ocrx_word' id='word_1_404' title='bbox 749 4280 890 4334; x_wconf 87' lang='lat' dir='ltr'><strong>inter</strong></span> <span class='ocrx_word' id='word_1_405' title='bbox 919 4288 1115 4335; x_wconf 65' lang='lat' dir='ltr'><strong>caetera</strong></span> <span class='ocrx_word' id='word_1_406' title='bbox 1172 4293 1285 4333; x_wconf 69' lang='lat' dir='ltr'><strong>suae</strong></span> <span class='ocrx_word' id='word_1_407' title='bbox 1340 4277 1567 4348; x_wconf 88' lang='lat' dir='ltr'><strong>insignia</strong></span> <span class='ocrx_word' id='word_1_408' title='bbox 1600 4277 1846 4347; x_wconf 90' lang='lat' dir='ltr'><strong>magniﬁ-</strong></span> 
     </span>
    </p>
   </div>
   <div class='ocr_carea' id='block_1_60' title="bbox 236 4370 1842 4444">
    <p class='ocr_par' dir='ltr' id='par_1_60' title="bbox 236 4370 1842 4444">
     <span class='ocr_line' id='line_1_60' title="bbox 236 4370 1842 4444; baseline -0.002 -17"><span class='ocrx_word' id='word_1_409' title='bbox 236 4372 445 4429; x_wconf 70' lang='lat' dir='ltr'><strong>centia:</strong></span> <span class='ocrx_word' id='word_1_410' title='bbox 507 4388 775 4444; x_wconf 89' lang='lat' dir='ltr'><strong>equorum</strong></span> <span class='ocrx_word' id='word_1_411' title='bbox 828 4372 1056 4443; x_wconf 90' lang='lat' dir='ltr'><strong>pedibus</strong></span> <span class='ocrx_word' id='word_1_412' title='bbox 1104 4372 1273 4442; x_wconf 88' lang='lat' dir='ltr'><strong>jussit</strong></span> <span class='ocrx_word' id='word_1_413' title='bbox 1343 4380 1629 4441; x_wconf 90' lang='lat' dir='ltr'><strong>argenteas</strong></span> <span class='ocrx_word' id='word_1_414' title='bbox 1664 4370 1842 4424; x_wconf 89' lang='lat' dir='ltr'><strong>soleas</strong></span> 
     </span>
    </p>
   </div>
   <div class='ocr_carea' id='block_1_61' title="bbox 232 4465 1840 4539">
    <p class='ocr_par' dir='ltr' id='par_1_61' title="bbox 232 4465 1840 4539">
     <span class='ocr_line' id='line_1_61' title="bbox 232 4465 1840 4539; baseline -0.001 -19"><span class='ocrx_word' id='word_1_415' title='bbox 232 4466 465 4539; x_wconf 90' lang='lat' dir='ltr'><strong>apponi.</strong></span> <span class='ocrx_word' id='word_1_416' title='bbox 500 4467 634 4535; x_wconf 63' lang='lat' dir='ltr'><strong>Quae</strong></span> <span class='ocrx_word' id='word_1_417' title='bbox 662 4466 706 4520; x_wconf 93' lang='lat' dir='ltr'><strong>si</strong></span> <span class='ocrx_word' id='word_1_418' title='bbox 737 4482 865 4520; x_wconf 89' lang='lat' dir='ltr'><strong>casu</strong></span> <span class='ocrx_word' id='word_1_419' title='bbox 895 4466 1077 4537; x_wconf 88' lang='lat' dir='ltr'><strong>aliquo</strong></span> <span class='ocrx_word' id='word_1_420' title='bbox 1094 4465 1383 4531; x_wconf 89' lang='lat' dir='ltr'><strong>resilirent,</strong></span> <span class='ocrx_word' id='word_1_421' title='bbox 1417 4480 1581 4519; x_wconf 90' lang='lat' dir='ltr'><strong>nemo</strong></span> <span class='ocrx_word' id='word_1_422' title='bbox 1612 4480 1840 4519; x_wconf 88' lang='lat' dir='ltr'><strong>suorum</strong></span> 
     </span>
    </p>
   </div>
   <div class='ocr_carea' id='block_1_62' title="bbox 229 4558 1916 4650">
    <p class='ocr_par' dir='ltr' id='par_1_62' title="bbox 229 4558 1916 4650">
     <span class='ocr_line' id='line_1_62' title="bbox 229 4558 1916 4650; baseline -0.002 -36"><span class='ocrx_word' id='word_1_423' title='bbox 229 4575 589 4614; x_wconf 87' lang='lat' dir='ltr'><strong>reassumere</strong></span> <span class='ocrx_word' id='word_1_424' title='bbox 615 4558 967 4630; x_wconf 87' lang='lat' dir='ltr'><strong>dignabatur,</strong></span> <span class='ocrx_word' id='word_1_425' title='bbox 1008 4558 1101 4613; x_wconf 89' lang='lat' dir='ltr'><strong>sed</strong></span> <span class='ocrx_word' id='word_1_426' title='bbox 1133 4559 1339 4629; x_wconf 92' lang='lat' dir='ltr'><strong>passim</strong></span> <span class='ocrx_word' id='word_1_427' title='bbox 1364 4574 1457 4628; x_wconf 93' lang='lat' dir='ltr'><strong>per</strong></span> <span class='ocrx_word' id='word_1_428' title='bbox 1484 4574 1644 4629; x_wconf 84' lang='lat' dir='ltr'><strong>agros</strong></span> <span class='ocrx_word' id='word_1_429' title='bbox 1669 4566 1723 4611; x_wconf 90' lang='lat' dir='ltr'><strong>et</strong></span> <span class='ocrx_word' id='word_1_430' title='bbox 1762 4572 1839 4611; x_wconf 90' lang='lat' dir='ltr'><strong>se-</strong></span> <span class='ocrx_word' id='word_1_431' title='bbox 1864 4588 1916 4650; x_wconf 85' lang='lat' dir='ltr'><strong>D</strong></span> 
     </span>
    </p>
   </div>
   <div class='ocr_carea' id='block_1_63' title="bbox 228 4651 1838 4721">
    <p class='ocr_par' dir='ltr' id='par_1_63' title="bbox 228 4651 1838 4721">
     <span class='ocr_line' id='line_1_63' title="bbox 228 4651 1838 4721; baseline -0.002 -14"><span class='ocrx_word' id='word_1_432' title='bbox 228 4654 433 4719; x_wconf 90' lang='lat' dir='ltr'><strong>mitas,</strong></span> <span class='ocrx_word' id='word_1_433' title='bbox 464 4669 493 4705; x_wconf 92' lang='lat' dir='ltr'><strong>a</strong></span> <span class='ocrx_word' id='word_1_434' title='bbox 522 4652 933 4706; x_wconf 88' lang='lat' dir='ltr'><strong>transeuntibus</strong></span> <span class='ocrx_word' id='word_1_435' title='bbox 962 4652 1313 4705; x_wconf 86' lang='lat' dir='ltr'><strong>tollebantur.</strong></span> <span class='ocrx_word' id='word_1_436' title='bbox 1347 4653 1479 4705; x_wconf 73' lang='lat' dir='ltr'><strong>llam</strong></span> <span class='ocrx_word' id='word_1_437' title='bbox 1509 4651 1614 4705; x_wconf 91' lang='lat' dir='ltr'><strong>sibi</strong></span> <span class='ocrx_word' id='word_1_438' title='bbox 1641 4651 1838 4721; x_wconf 89' lang='lat' dir='ltr'><strong>oppida</strong></span> 
     </span>
    </p>
   </div>
   <div class='ocr_carea' id='block_1_64' title="bbox 226 4744 1839 4814">
    <p class='ocr_par' dir='ltr' id='par_1_64' title="bbox 226 4744 1839 4814">
     <span class='ocr_line' id='line_1_64' title="bbox 226 4744 1839 4814; baseline -0.001 -13"><span class='ocrx_word' id='word_1_439' title='bbox 226 4755 287 4801; x_wconf 88' lang='lat' dir='ltr'><strong>et</strong></span> <span class='ocrx_word' id='word_1_440' title='bbox 320 4746 505 4811; x_wconf 82' lang='lat' dir='ltr'><strong>villas,</strong></span> <span class='ocrx_word' id='word_1_441' title='bbox 538 4761 726 4801; x_wconf 87' lang='lat' dir='ltr'><strong>servos</strong></span> <span class='ocrx_word' id='word_1_442' title='bbox 751 4754 806 4799; x_wconf 92' lang='lat' dir='ltr'><strong>et</strong></span> <span class='ocrx_word' id='word_1_443' title='bbox 835 4745 1056 4799; x_wconf 84' lang='lat' dir='ltr'><strong>ancillas</strong></span> <span class='ocrx_word' id='word_1_444' title='bbox 1082 4744 1140 4799; x_wconf 92' lang='lat' dir='ltr'><strong>in</strong></span> <span class='ocrx_word' id='word_1_445' title='bbox 1171 4745 1363 4799; x_wconf 63' lang='lat' dir='ltr'><strong>Galliae</strong></span> <span class='ocrx_word' id='word_1_446' title='bbox 1399 4745 1643 4814; x_wconf 88' lang='lat' dir='ltr'><strong>partibus</strong></span> <span class='ocrx_word' id='word_1_447' title='bbox 1672 4744 1839 4799; x_wconf 92' lang='lat' dir='ltr'><strong>dona-</strong></span> 
     </span>
    </p>
   </div>
   <div class='ocr_carea' id='block_1_65' title="bbox 225 4837 1839 4907">
    <p class='ocr_par' dir='ltr' id='par_1_65' title="bbox 225 4837 1839 4907">
     <span class='ocr_line' id='line_1_65' title="bbox 225 4837 1839 4907; baseline 0.001 -17"><span class='ocrx_word' id='word_1_448' title='bbox 225 4841 312 4893; x_wconf 80' lang='lat' dir='ltr'><strong>vit</strong></span> <span class='ocrx_word' id='word_1_449' title='bbox 362 4840 417 4892; x_wconf 91' lang='lat' dir='ltr'><strong>in</strong></span> <span class='ocrx_word' id='word_1_450' title='bbox 446 4838 648 4893; x_wconf 88' lang='lat' dir='ltr'><strong>dotem.</strong></span> <span class='ocrx_word' id='word_1_451' title='bbox 684 4839 869 4907; x_wconf 89' lang='lat' dir='ltr'><strong>Quam</strong></span> <span class='ocrx_word' id='word_1_452' title='bbox 894 4838 1030 4893; x_wconf 91' lang='lat' dir='ltr'><strong>dum</strong></span> <span class='ocrx_word' id='word_1_453' title='bbox 1056 4853 1301 4893; x_wconf 88' lang='lat' dir='ltr'><strong>reversus</strong></span> <span class='ocrx_word' id='word_1_454' title='bbox 1328 4837 1551 4892; x_wconf 87' lang='lat' dir='ltr'><strong>aGaIlia</strong></span> <span class='ocrx_word' id='word_1_455' title='bbox 1580 4837 1632 4890; x_wconf 94' lang='lat' dir='ltr'><strong>in</strong></span> <span class='ocrx_word' id='word_1_456' title='bbox 1662 4839 1839 4891; x_wconf 93' lang='lat' dir='ltr'><strong>Lom-</strong></span> 
     </span>
    </p>
   </div>
   <div class='ocr_carea' id='block_1_66' title="bbox 220 4929 1839 5003">
    <p class='ocr_par' dir='ltr' id='par_1_66' title="bbox 220 4929 1839 5003">
     <span class='ocr_line' id='line_1_66' title="bbox 220 4929 1839 5003; baseline -0.002 -16"><span class='ocrx_word' id='word_1_457' title='bbox 220 4931 493 4987; x_wconf 86' lang='lat' dir='ltr'><strong>bardiam</strong></span> <span class='ocrx_word' id='word_1_458' title='bbox 525 4931 769 4997; x_wconf 89' lang='lat' dir='ltr'><strong>duceret,</strong></span> <span class='ocrx_word' id='word_1_459' title='bbox 803 4948 1004 5003; x_wconf 89' lang='lat' dir='ltr'><strong>magno</strong></span> <span class='ocrx_word' id='word_1_460' title='bbox 1034 4947 1063 4985; x_wconf 90' lang='lat' dir='ltr'><strong>a</strong></span> <span class='ocrx_word' id='word_1_461' title='bbox 1094 4931 1307 4985; x_wconf 91' lang='lat' dir='ltr'><strong>cunctis</strong></span> <span class='ocrx_word' id='word_1_462' title='bbox 1345 4929 1609 5000; x_wconf 88' lang='lat' dir='ltr'><strong>applausu</strong></span> <span class='ocrx_word' id='word_1_463' title='bbox 1637 4938 1692 4983; x_wconf 88' lang='lat' dir='ltr'><strong>et</strong></span> <span class='ocrx_word' id='word_1_464' title='bbox 1734 4930 1839 4984; x_wconf 88' lang='lat' dir='ltr'><strong>ho-</strong></span> 
     </span>
    </p>
   </div>
   <div class='ocr_carea' id='block_1_67' title="bbox 219 5023 1837 5095">
    <p class='ocr_par' dir='ltr' id='par_1_67' title="bbox 219 5023 1837 5095">
     <span class='ocr_line' id='line_1_67' title="bbox 219 5023 1837 5095; baseline -0.002 -15"><span class='ocrx_word' id='word_1_465' title='bbox 219 5041 380 5080; x_wconf 90' lang='lat' dir='ltr'><strong>nore</strong></span> <span class='ocrx_word' id='word_1_466' title='bbox 422 5024 736 5095; x_wconf 89' lang='lat' dir='ltr'><strong>suscipitur.</strong></span> <span class='ocrx_word' id='word_1_467' title='bbox 767 5025 969 5078; x_wconf 90' lang='lat' dir='ltr'><strong>Tribus</strong></span> <span class='ocrx_word' id='word_1_468' title='bbox 1000 5024 1280 5078; x_wconf 90' lang='lat' dir='ltr'><strong>mensibus</strong></span> <span class='ocrx_word' id='word_1_469' title='bbox 1305 5024 1622 5092; x_wconf 88' lang='lat' dir='ltr'><strong>nuptiarum</strong></span> <span class='ocrx_word' id='word_1_470' title='bbox 1651 5023 1837 5076; x_wconf 80' lang='lat' dir='ltr'><strong>cdnvi-</strong></span> 
     </span>
    </p>
   </div>
   <div class='ocr_carea' id='block_1_68' title="bbox 217 5116 1837 5188">
    <p class='ocr_par' dir='ltr' id='par_1_68' title="bbox 217 5116 1837 5188">
     <span class='ocr_line' id='line_1_68' title="bbox 217 5116 1837 5188; baseline -0.001 -17"><span class='ocrx_word' id='word_1_471' title='bbox 217 5119 345 5183; x_wconf 88' lang='lat' dir='ltr'><strong>via,</strong></span> <span class='ocrx_word' id='word_1_472' title='bbox 420 5118 681 5187; x_wconf 86' lang='lat' dir='ltr'><strong>impensis</strong></span> <span class='ocrx_word' id='word_1_473' title='bbox 755 5116 1155 5188; x_wconf 87' lang='lat' dir='ltr'><strong>profusioribus</strong></span> <span class='ocrx_word' id='word_1_474' title='bbox 1226 5116 1530 5187; x_wconf 85' lang='lat' dir='ltr'><strong>grandique</strong></span> <span class='ocrx_word' id='word_1_475' title='bbox 1586 5116 1837 5170; x_wconf 91' lang='lat' dir='ltr'><strong>omnium</strong></span> 
     </span>
    </p>
   </div>
   <div class='ocr_carea' id='block_1_69' title="bbox 220 5204 1838 5280">
    <p class='ocr_par' dir='ltr' id='par_1_69' title="bbox 220 5204 1838 5280">
     <span class='ocr_line' id='line_1_69' title="bbox 220 5204 1838 5280; baseline -0.001 -16"><span class='ocrx_word' id='word_1_476' title='bbox 220 5204 445 5265; x_wconf 67' lang='lat' dir='ltr'><strong>laetitia</strong></span> <span class='ocrx_word' id='word_1_477' title='bbox 493 5210 876 5280; x_wconf 87' lang='lat' dir='ltr'><strong>perdurarunt.</strong></span> <span class='ocrx_word' id='word_1_478' title='bbox 929 5214 992 5264; x_wconf 93' lang='lat' dir='ltr'><strong>In</strong></span> <span class='ocrx_word' id='word_1_479' title='bbox 1044 5208 1239 5280; x_wconf 90' lang='lat' dir='ltr'><strong>quibus</strong></span> <span class='ocrx_word' id='word_1_480' title='bbox 1281 5206 1553 5280; x_wconf 91' lang='lat' dir='ltr'><strong>quidquid</strong></span> <span class='ocrx_word' id='word_1_481' title='bbox 1581 5224 1838 5263; x_wconf 87' lang='lat' dir='ltr'><strong>vasorum</strong></span> 
     </span>
    </p>
   </div>
   <div class='ocr_carea' id='block_1_70' title="bbox 224 5302 1838 5372">
    <p class='ocr_par' dir='ltr' id='par_1_70' title="bbox 224 5302 1838 5372">
     <span class='ocr_line' id='line_1_70' title="bbox 224 5302 1838 5372; baseline -0.001 -14"><span class='ocrx_word' id='word_1_482' title='bbox 224 5312 358 5358; x_wconf 85' lang='lat' dir='ltr'><strong>erat</strong></span> <span class='ocrx_word' id='word_1_483' title='bbox 410 5311 635 5371; x_wconf 84' lang='lat' dir='ltr'><strong>argento</strong></span> <span class='ocrx_word' id='word_1_484' title='bbox 666 5303 947 5367; x_wconf 89' lang='lat' dir='ltr'><strong>rutilabat,</strong></span> <span class='ocrx_word' id='word_1_485' title='bbox 992 5311 1046 5357; x_wconf 92' lang='lat' dir='ltr'><strong>et</strong></span> <span class='ocrx_word' id='word_1_486' title='bbox 1097 5318 1233 5357; x_wconf 91' lang='lat' dir='ltr'><strong>auro</strong></span> <span class='ocrx_word' id='word_1_487' title='bbox 1260 5302 1596 5372; x_wconf 77' lang='lat' dir='ltr'><strong>Splendebat.</strong></span> <span class='ocrx_word' id='word_1_488' title='bbox 1630 5306 1710 5358; x_wconf 85' lang='lat' dir='ltr'><strong>Ex</strong></span> <span class='ocrx_word' id='word_1_489' title='bbox 1737 5302 1838 5357; x_wconf 85' lang='lat' dir='ltr'><strong>hac</strong></span> 
     </span>
    </p>
   </div>
   <div class='ocr_carea' id='block_1_71' title="bbox 228 5395 1838 5468">
    <p class='ocr_par' dir='ltr' id='par_1_71' title="bbox 228 5395 1838 5468">
     <span class='ocr_line' id='line_1_71' title="bbox 228 5395 1838 5468; baseline 0.001 -19"><span class='ocrx_word' id='word_1_490' title='bbox 228 5396 488 5450; x_wconf 88' lang='lat' dir='ltr'><strong>Beatrice</strong></span> <span class='ocrx_word' id='word_1_491' title='bbox 522 5396 722 5450; x_wconf 91' lang='lat' dir='ltr'><strong>liberos</strong></span> <span class='ocrx_word' id='word_1_492' title='bbox 751 5397 954 5468; x_wconf 82' lang='lat' dir='ltr'><strong>genuit,</strong></span> <span class='ocrx_word' id='word_1_493' title='bbox 987 5395 1309 5450; x_wconf 91' lang='lat' dir='ltr'><strong>Federicum</strong></span> <span class='ocrx_word' id='word_1_494' title='bbox 1352 5396 1586 5463; x_wconf 90' lang='lat' dir='ltr'><strong>scilicet,</strong></span> <span class='ocrx_word' id='word_1_495' title='bbox 1616 5406 1670 5451; x_wconf 91' lang='lat' dir='ltr'><strong>et</strong></span> <span class='ocrx_word' id='word_1_496' title='bbox 1713 5398 1838 5451; x_wconf 83' lang='lat' dir='ltr'><strong>Ma-</strong></span> 
     </span>
    </p>
   </div>
   <div class='ocr_carea' id='block_1_72' title="bbox 226 5488 1836 5560">
    <p class='ocr_par' dir='ltr' id='par_1_72' title="bbox 226 5488 1836 5560">
     <span class='ocr_line' id='line_1_72' title="bbox 226 5488 1836 5560; baseline 0.001 -18"><span class='ocrx_word' id='word_1_497' title='bbox 226 5488 478 5543; x_wconf 88' lang='lat' dir='ltr'><strong>thildam</strong></span> <span class='ocrx_word' id='word_1_498' title='bbox 520 5489 761 5544; x_wconf 90' lang='lat' dir='ltr'><strong>nobilem</strong></span> <span class='ocrx_word' id='word_1_499' title='bbox 787 5489 1147 5554; x_wconf 90' lang='lat' dir='ltr'><strong>comitissam,</strong></span> <span class='ocrx_word' id='word_1_500' title='bbox 1175 5488 1241 5543; x_wconf 93' lang='lat' dir='ltr'><strong>de</strong></span> <span class='ocrx_word' id='word_1_501' title='bbox 1266 5504 1369 5558; x_wconf 90' lang='lat' dir='ltr'><strong>qua</strong></span> <span class='ocrx_word' id='word_1_502' title='bbox 1400 5505 1642 5560; x_wconf 70' lang='lat' dir='ltr'><strong>praesens</strong></span> <span class='ocrx_word' id='word_1_503' title='bbox 1674 5490 1836 5544; x_wconf 89' lang='lat' dir='ltr'><strong>habe-</strong></span> 
     </span>
    </p>
   </div>
   <div class='ocr_carea' id='block_1_73' title="bbox 226 5582 1839 5639">
    <p class='ocr_par' dir='ltr' id='par_1_73' title="bbox 226 5582 1839 5639">
     <span class='ocr_line' id='line_1_73' title="bbox 226 5582 1839 5639; baseline 0.001 -4"><span class='ocrx_word' id='word_1_504' title='bbox 226 5589 326 5636; x_wconf 88' lang='lat' dir='ltr'><strong>tur</strong></span> <span class='ocrx_word' id='word_1_505' title='bbox 354 5582 605 5639; x_wconf 79' lang='lat' dir='ltr'><strong>historia.</strong></span> <span class='ocrx_word' id='word_1_506' title='bbox 644 5582 749 5638; x_wconf 88' lang='lat' dir='ltr'><strong>Sed</strong></span> <span class='ocrx_word' id='word_1_507' title='bbox 780 5582 1042 5638; x_wconf 86' lang='lat' dir='ltr'><strong>Federico</strong></span> <span class='ocrx_word' id='word_1_508' title='bbox 1073 5590 1127 5637; x_wconf 89' lang='lat' dir='ltr'><strong>et</strong></span> <span class='ocrx_word' id='word_1_509' title='bbox 1153 5583 1397 5637; x_wconf 89' lang='lat' dir='ltr'><strong>Beatrice</strong></span> <span class='ocrx_word' id='word_1_510' title='bbox 1440 5582 1507 5637; x_wconf 91' lang='lat' dir='ltr'><strong>ab</strong></span> <span class='ocrx_word' id='word_1_511' title='bbox 1557 5583 1657 5637; x_wconf 88' lang='lat' dir='ltr'><strong>hac</strong></span> <span class='ocrx_word' id='word_1_512' title='bbox 1722 5584 1839 5638; x_wconf 91' lang='lat' dir='ltr'><strong>luce</strong></span> 
     </span>
    </p>
   </div>
   <div class='ocr_carea' id='block_1_74' title="bbox 230 5676 1837 5748">
    <p class='ocr_par' dir='ltr' id='par_1_74' title="bbox 230 5676 1837 5748">
     <span class='ocr_line' id='line_1_74' title="bbox 230 5676 1837 5748; baseline 0.004 -21"><span class='ocrx_word' id='word_1_513' title='bbox 230 5676 557 5743; x_wconf 89' lang='lat' dir='ltr'><strong>subtractis,</strong></span> <span class='ocrx_word' id='word_1_514' title='bbox 586 5676 870 5732; x_wconf 89' lang='lat' dir='ltr'><strong>Mathildis</strong></span> <span class='ocrx_word' id='word_1_515' title='bbox 899 5684 1173 5748; x_wconf 87' lang='lat' dir='ltr'><strong>superstes</strong></span> <span class='ocrx_word' id='word_1_516' title='bbox 1194 5676 1353 5732; x_wconf 91' lang='lat' dir='ltr'><strong>unice</strong></span> <span class='ocrx_word' id='word_1_517' title='bbox 1382 5678 1521 5748; x_wconf 87' lang='lat' dir='ltr'><strong>patri</strong></span> <span class='ocrx_word' id='word_1_518' title='bbox 1550 5676 1837 5733; x_wconf 86' lang='lat' dir='ltr'><strong>Bonifacio</strong></span> 
     </span>
    </p>
   </div>
   <div class='ocr_carea' id='block_1_75' title="bbox 2568 1962 2968 2017">
    <p class='ocr_par' dir='ltr' id='par_1_75' title="bbox 2568 1962 2968 2017">
     <span class='ocr_line' id='line_1_75' title="bbox 2568 1962 2968 2017; baseline -0.003 -1"><span class='ocrx_word' id='word_1_519' title='bbox 2568 1962 2810 2017; x_wconf 88' lang='lat' dir='ltr'><strong>CAPUT</strong></span> <span class='ocrx_word' id='word_1_520' title='bbox 2874 1964 2968 2016; x_wconf 81' lang='lat' dir='ltr'><strong>Vl.</strong></span> 
     </span>
    </p>
   </div>
   <div class='ocr_carea' id='block_1_76' title="bbox 2058 2058 3479 2131">
    <p class='ocr_par' dir='ltr' id='par_1_76' title="bbox 2058 2058 3479 2131">
     <span class='ocr_line' id='line_1_76' title="bbox 2058 2058 3479 2131; baseline 0.005 -21"><span class='ocrx_word' id='word_1_521' title='bbox 2058 2060 2135 2111; x_wconf 83' lang='lat' dir='ltr'><strong>De</strong></span> <span class='ocrx_word' id='word_1_522' title='bbox 2172 2058 2626 2131; x_wconf 61' lang='lat' dir='ltr'><strong>confederatione</strong></span> <span class='ocrx_word' id='word_1_523' title='bbox 2673 2062 2947 2127; x_wconf 73' lang='lat' dir='ltr'><strong>Boni/acii</strong></span> <span class='ocrx_word' id='word_1_524' title='bbox 3000 2076 3115 2114; x_wconf 87' lang='lat' dir='ltr'><strong>cum</strong></span> <span class='ocrx_word' id='word_1_525' title='bbox 3153 2064 3479 2131; x_wconf 72' lang='lat' dir='ltr'><strong>imperatore</strong></span> 
     </span>
    </p>
   </div>
   <div class='ocr_carea' id='block_1_77' title="bbox 2188 2129 3138 2199">
    <p class='ocr_par' dir='ltr' id='par_1_77' title="bbox 2188 2129 3138 2199">
     <span class='ocr_line' id='line_1_77' title="bbox 2188 2129 3138 2199; baseline 0.003 -17"><span class='ocrx_word' id='word_1_526' title='bbox 2188 2140 2195 2141; x_wconf 64' lang='lat'><strong><em>’</em></strong></span> <span class='ocrx_word' id='word_1_527' title='bbox 2436 2129 2697 2197; x_wconf 82' lang='lat' dir='ltr'><strong>Conrado,</strong></span> <span class='ocrx_word' id='word_1_528' title='bbox 2730 2136 2781 2184; x_wconf 85' lang='lat' dir='ltr'><strong>et</strong></span> <span class='ocrx_word' id='word_1_529' title='bbox 2810 2133 2923 2199; x_wconf 85' lang='lat' dir='ltr'><strong>ejus</strong></span> <span class='ocrx_word' id='word_1_530' title='bbox 2952 2138 3138 2185; x_wconf 86' lang='lat' dir='ltr'><strong>morte.</strong></span> 
     </span>
    </p>
   </div>
   <div class='ocr_carea' id='block_1_78' title="bbox 2039 2227 3560 2302">
    <p class='ocr_par' dir='ltr' id='par_1_78' title="bbox 2039 2227 3560 2302">
     <span class='ocr_line' id='line_1_78' title="bbox 2039 2227 3560 2302; baseline 0.005 -21"><span class='ocrx_word' id='word_1_531' title='bbox 2039 2227 2326 2283; x_wconf 89' lang='lat' dir='ltr'><strong>Conradus</strong></span> <span class='ocrx_word' id='word_1_532' title='bbox 2378 2229 2679 2300; x_wconf 89' lang='lat' dir='ltr'><strong>imperator</strong></span> <span class='ocrx_word' id='word_1_533' title='bbox 2724 2230 2889 2302; x_wconf 89' lang='lat' dir='ltr'><strong>hujus</strong></span> <span class='ocrx_word' id='word_1_534' title='bbox 2944 2232 3192 2287; x_wconf 90' lang='lat' dir='ltr'><strong>nominis</strong></span> <span class='ocrx_word' id='word_1_535' title='bbox 3244 2232 3560 2302; x_wconf 89' lang='lat' dir='ltr'><strong>secundus,</strong></span> 
     </span>
    </p>
   </div>
   <div class='ocr_carea' id='block_1_79' title="bbox 1969 2316 3558 2390">
    <p class='ocr_par' dir='ltr' id='par_1_79' title="bbox 1969 2316 3558 2390">
     <span class='ocr_line' id='line_1_79' title="bbox 1969 2316 3558 2390; baseline 0.006 -18"><span class='ocrx_word' id='word_1_536' title='bbox 1969 2316 2103 2374; x_wconf 90' lang='lat' dir='ltr'><strong>dum</strong></span> <span class='ocrx_word' id='word_1_537' title='bbox 2133 2323 2388 2376; x_wconf 87' lang='lat' dir='ltr'><strong>Parmam</strong></span> <span class='ocrx_word' id='word_1_538' title='bbox 2419 2322 2695 2377; x_wconf 90' lang='lat' dir='ltr'><strong>obsideret</strong></span> <span class='ocrx_word' id='word_1_539' title='bbox 2725 2323 3004 2390; x_wconf 90' lang='lat' dir='ltr'><strong>rebellem,</strong></span> <span class='ocrx_word' id='word_1_540' title='bbox 3037 2323 3185 2377; x_wconf 88' lang='lat' dir='ltr'><strong>hunc</strong></span> <span class='ocrx_word' id='word_1_541' title='bbox 3209 2325 3558 2381; x_wconf 85' lang='lat' dir='ltr'><strong>Bonifacium</strong></span> 
     </span>
    </p>
   </div>
   <div class='ocr_carea' id='block_1_80' title="bbox 1965 2412 3550 2487">
    <p class='ocr_par' dir='ltr' id='par_1_80' title="bbox 1965 2412 3550 2487">
     <span class='ocr_line' id='line_1_80' title="bbox 1965 2412 3550 2487; baseline 0.004 -21"><span class='ocrx_word' id='word_1_542' title='bbox 1965 2412 2033 2467; x_wconf 90' lang='lat' dir='ltr'><strong>ad</strong></span> <span class='ocrx_word' id='word_1_543' title='bbox 2063 2429 2225 2469; x_wconf 91' lang='lat' dir='ltr'><strong>suum</strong></span> <span class='ocrx_word' id='word_1_544' title='bbox 2257 2415 2568 2470; x_wconf 89' lang='lat' dir='ltr'><strong>subsidium</strong></span> <span class='ocrx_word' id='word_1_545' title='bbox 2590 2416 2848 2471; x_wconf 89' lang='lat' dir='ltr'><strong>evocavit.</strong></span> <span class='ocrx_word' id='word_1_546' title='bbox 2884 2417 3051 2487; x_wconf 89' lang='lat' dir='ltr'><strong>Cujus</strong></span> <span class='ocrx_word' id='word_1_547' title='bbox 3083 2415 3249 2471; x_wconf 85' lang='lat' dir='ltr'><strong>fultus</strong></span> <span class='ocrx_word' id='word_1_548' title='bbox 3282 2418 3550 2487; x_wconf 78' lang='lat' dir='ltr'><strong>praesidio,</strong></span> 
     </span>
    </p>
   </div>
   <div class='ocr_carea' id='block_1_81' title="bbox 1968 2507 3563 2578">
    <p class='ocr_par' dir='ltr' id='par_1_81' title="bbox 1968 2507 3563 2578">
     <span class='ocr_line' id='line_1_81' title="bbox 1968 2507 3563 2578; baseline 0.005 -20"><span class='ocrx_word' id='word_1_549' title='bbox 1968 2514 2156 2576; x_wconf 91' lang='lat' dir='ltr'><strong>utpote</strong></span> <span class='ocrx_word' id='word_1_550' title='bbox 2182 2507 2278 2560; x_wconf 92' lang='lat' dir='ltr'><strong>viri</strong></span> <span class='ocrx_word' id='word_1_551' title='bbox 2308 2507 2516 2562; x_wconf 90' lang='lat' dir='ltr'><strong>viribus</strong></span> <span class='ocrx_word' id='word_1_552' title='bbox 2543 2510 2752 2563; x_wconf 88' lang='lat' dir='ltr'><strong>strenui</strong></span> <span class='ocrx_word' id='word_1_553' title='bbox 2780 2520 2834 2563; x_wconf 92' lang='lat' dir='ltr'><strong>et</strong></span> <span class='ocrx_word' id='word_1_554' title='bbox 2860 2511 3025 2563; x_wconf 89' lang='lat' dir='ltr'><strong>armis</strong></span> <span class='ocrx_word' id='word_1_555' title='bbox 3054 2508 3256 2578; x_wconf 84' lang='lat' dir='ltr'><strong>edocti,</strong></span> <span class='ocrx_word' id='word_1_556' title='bbox 3286 2512 3563 2567; x_wconf 89' lang='lat' dir='ltr'><strong>civitatem</strong></span> 
     </span>
    </p>
   </div>
   <div class='ocr_carea' id='block_1_82' title="bbox 1968 2598 3566 2675">
    <p class='ocr_par' dir='ltr' id='par_1_82' title="bbox 1968 2598 3566 2675">
     <span class='ocr_line' id='line_1_82' title="bbox 1968 2598 3566 2675; baseline 0.005 -24"><span class='ocrx_word' id='word_1_557' title='bbox 1968 2598 2147 2668; x_wconf 91' lang='lat' dir='ltr'><strong>ipsam</strong></span> <span class='ocrx_word' id='word_1_558' title='bbox 2164 2599 2427 2665; x_wconf 84' lang='lat' dir='ltr'><strong>obtinuit;</strong></span> <span class='ocrx_word' id='word_1_559' title='bbox 2455 2617 2617 2670; x_wconf 90' lang='lat' dir='ltr'><strong>quem</strong></span> <span class='ocrx_word' id='word_1_560' title='bbox 2637 2601 2741 2655; x_wconf 91' lang='lat' dir='ltr'><strong>sibi</strong></span> <span class='ocrx_word' id='word_1_561' title='bbox 2766 2602 3117 2671; x_wconf 89' lang='lat' dir='ltr'><strong>postmodum</strong></span> <span class='ocrx_word' id='word_1_562' title='bbox 3141 2604 3566 2675; x_wconf 89' lang='lat' dir='ltr'><strong>ipseimperator</strong></span> 
     </span>
    </p>
   </div>
   <div class='ocr_carea' id='block_1_83' title="bbox 1967 2690 3562 2764">
    <p class='ocr_par' dir='ltr' id='par_1_83' title="bbox 1967 2690 3562 2764">
     <span class='ocr_line' id='line_1_83' title="bbox 1967 2690 3562 2764; baseline 0.006 -20"><span class='ocrx_word' id='word_1_563' title='bbox 1967 2692 2219 2745; x_wconf 86' lang='lat' dir='ltr'><strong>astrinxit</strong></span> <span class='ocrx_word' id='word_1_564' title='bbox 2251 2690 2454 2747; x_wconf 66' lang='lat' dir='ltr'><strong>foedere</strong></span> <span class='ocrx_word' id='word_1_565' title='bbox 2496 2694 2824 2764; x_wconf 88' lang='lat' dir='ltr'><strong>juramenti,</strong></span> <span class='ocrx_word' id='word_1_566' title='bbox 2862 2704 2915 2749; x_wconf 89' lang='lat' dir='ltr'><strong>et</strong></span> <span class='ocrx_word' id='word_1_567' title='bbox 2947 2695 3120 2749; x_wconf 91' lang='lat' dir='ltr'><strong>multo</strong></span> <span class='ocrx_word' id='word_1_568' title='bbox 3146 2697 3296 2750; x_wconf 88' lang='lat' dir='ltr'><strong>illum</strong></span> <span class='ocrx_word' id='word_1_569' title='bbox 3348 2698 3562 2754; x_wconf 90' lang='lat' dir='ltr'><strong>honore</strong></span> 
     </span>
    </p>
   </div>
   <div class='ocr_carea' id='block_1_84' title="bbox 1967 2784 3563 2857">
    <p class='ocr_par' dir='ltr' id='par_1_84' title="bbox 1967 2784 3563 2857">
     <span class='ocr_line' id='line_1_84' title="bbox 1967 2784 3563 2857; baseline 0.006 -20"><span class='ocrx_word' id='word_1_570' title='bbox 1967 2784 2230 2854; x_wconf 82' lang='lat' dir='ltr'><strong>provexit.</strong></span> <span class='ocrx_word' id='word_1_571' title='bbox 2291 2786 2533 2840; x_wconf 59' lang='lat' dir='ltr'><strong>Posthac</strong></span> <span class='ocrx_word' id='word_1_572' title='bbox 2592 2787 2826 2841; x_wconf 85' lang='lat' dir='ltr'><strong>Henrico</strong></span> <span class='ocrx_word' id='word_1_573' title='bbox 2858 2788 3020 2841; x_wconf 90' lang='lat' dir='ltr'><strong>tertio</strong></span> <span class='ocrx_word' id='word_1_574' title='bbox 3072 2788 3398 2857; x_wconf 86' lang='lat' dir='ltr'><strong>imperante,</strong></span> <span class='ocrx_word' id='word_1_575' title='bbox 3430 2791 3563 2845; x_wconf 90' lang='lat' dir='ltr'><strong>dum</strong></span> 
     </span>
    </p>
   </div>
   <div class='ocr_carea' id='block_1_85' title="bbox 1964 2877 3561 2954">
    <p class='ocr_par' dir='ltr' id='par_1_85' title="bbox 1964 2877 3561 2954">
     <span class='ocr_line' id='line_1_85' title="bbox 1964 2877 3561 2954; baseline 0.005 -24"><span class='ocrx_word' id='word_1_576' title='bbox 1964 2878 2032 2931; x_wconf 94' lang='lat' dir='ltr'><strong>ad</strong></span> <span class='ocrx_word' id='word_1_577' title='bbox 2081 2877 2216 2932; x_wconf 89' lang='lat' dir='ltr'><strong>bella</strong></span> <span class='ocrx_word' id='word_1_578' title='bbox 2256 2888 2443 2932; x_wconf 88' lang='lat' dir='ltr'><strong>contra</strong></span> <span class='ocrx_word' id='word_1_579' title='bbox 2472 2880 2801 2950; x_wconf 89' lang='lat' dir='ltr'><strong>Burgundos</strong></span> <span class='ocrx_word' id='word_1_580' title='bbox 2832 2880 2979 2934; x_wconf 90' lang='lat' dir='ltr'><strong>idem</strong></span> <span class='ocrx_word' id='word_1_581' title='bbox 3010 2882 3359 2948; x_wconf 88' lang='lat' dir='ltr'><strong>processisset</strong></span> <span class='ocrx_word' id='word_1_582' title='bbox 3387 2884 3561 2954; x_wconf 88' lang='lat' dir='ltr'><strong>impe-</strong></span> 
     </span>
    </p>
   </div>
   <div class='ocr_carea' id='block_1_86' title="bbox 1963 2970 3557 3043">
    <p class='ocr_par' dir='ltr' id='par_1_86' title="bbox 1963 2970 3557 3043">
     <span class='ocr_line' id='line_1_86' title="bbox 1963 2970 3557 3043; baseline 0.004 -20"><span class='ocrx_word' id='word_1_583' title='bbox 1963 2978 2133 3036; x_wconf 88' lang='lat' dir='ltr'><strong>rator,</strong></span> <span class='ocrx_word' id='word_1_584' title='bbox 2167 2970 2425 3040; x_wconf 72' lang='lat' dir='ltr'><strong>praefatus</strong></span> <span class='ocrx_word' id='word_1_585' title='bbox 2456 2971 2769 3027; x_wconf 81' lang='lat' dir='ltr'><strong>Bonifacius</strong></span> <span class='ocrx_word' id='word_1_586' title='bbox 2815 2973 2866 3026; x_wconf 92' lang='lat' dir='ltr'><strong>in</strong></span> <span class='ocrx_word' id='word_1_587' title='bbox 2913 2974 3265 3043; x_wconf 89' lang='lat' dir='ltr'><strong>imperatoris</strong></span> <span class='ocrx_word' id='word_1_588' title='bbox 3292 2976 3557 3031; x_wconf 81' lang='lat' dir='ltr'><strong>auxilium</strong></span> 
     </span>
    </p>
   </div>
   <div class='ocr_carea' id='block_1_87' title="bbox 1964 3065 3559 3137">
    <p class='ocr_par' dir='ltr' id='par_1_87' title="bbox 1964 3065 3559 3137">
     <span class='ocr_line' id='line_1_87' title="bbox 1964 3065 3559 3137; baseline 0.003 -19"><span class='ocrx_word' id='word_1_589' title='bbox 1964 3065 2317 3119; x_wconf 91' lang='lat' dir='ltr'><strong>memoranda</strong></span> <span class='ocrx_word' id='word_1_590' title='bbox 2337 3066 2535 3135; x_wconf 91' lang='lat' dir='ltr'><strong>pariter</strong></span> <span class='ocrx_word' id='word_1_591' title='bbox 2562 3075 2613 3120; x_wconf 91' lang='lat' dir='ltr'><strong>et</strong></span> <span class='ocrx_word' id='word_1_592' title='bbox 2634 3065 2923 3137; x_wconf 84' lang='lat' dir='ltr'><strong>magniﬁca</strong></span> <span class='ocrx_word' id='word_1_593' title='bbox 2954 3066 3063 3137; x_wconf 85' lang='lat' dir='ltr'><strong>egit</strong></span> <span class='ocrx_word' id='word_1_594' title='bbox 3091 3067 3142 3120; x_wconf 87' lang='lat' dir='ltr'><strong>in</strong></span> <span class='ocrx_word' id='word_1_595' title='bbox 3169 3067 3372 3122; x_wconf 88' lang='lat' dir='ltr'><strong>hostes.</strong></span> <span class='ocrx_word' id='word_1_596' title='bbox 3404 3070 3559 3122; x_wconf 90' lang='lat' dir='ltr'><strong>Inter</strong></span> 
     </span>
    </p>
   </div>
   <div class='ocr_carea' id='block_1_88' title="bbox 1963 3149 3554 3229">
    <p class='ocr_par' dir='ltr' id='par_1_88' title="bbox 1963 3149 3554 3229">
     <span class='ocr_line' id='line_1_88' title="bbox 1963 3149 3554 3229; baseline 0.002 -18"><span class='ocrx_word' id='word_1_597' title='bbox 1963 3173 2085 3227; x_wconf 79' lang='lat' dir='ltr'><strong>quae</strong></span> <span class='ocrx_word' id='word_1_598' title='bbox 2105 3158 2247 3212; x_wconf 91' lang='lat' dir='ltr'><strong>istud</strong></span> <span class='ocrx_word' id='word_1_599' title='bbox 2269 3159 2486 3213; x_wconf 89' lang='lat' dir='ltr'><strong>silentio</strong></span> <span class='ocrx_word' id='word_1_600' title='bbox 2515 3149 2957 3229; x_wconf 69' lang='lat' dir='ltr'><strong>praetereundum</strong></span> <span class='ocrx_word' id='word_1_601' title='bbox 2975 3159 3203 3215; x_wconf 88' lang='lat' dir='ltr'><strong>minime</strong></span> <span class='ocrx_word' id='word_1_602' title='bbox 3234 3160 3381 3214; x_wconf 88' lang='lat' dir='ltr'><strong>duxi.</strong></span> <span class='ocrx_word' id='word_1_603' title='bbox 3413 3165 3554 3215; x_wconf 89' lang='lat' dir='ltr'><strong>Dum</strong></span> 
     </span>
    </p>
   </div>
   <div class='ocr_carea' id='block_1_89' title="bbox 1965 3250 3554 3321">
    <p class='ocr_par' dir='ltr' id='par_1_89' title="bbox 1965 3250 3554 3321">
     <span class='ocr_line' id='line_1_89' title="bbox 1965 3250 3554 3321; baseline 0.003 -17"><span class='ocrx_word' id='word_1_604' title='bbox 1965 3251 2113 3305; x_wconf 91' lang='lat' dir='ltr'><strong>enim</strong></span> <span class='ocrx_word' id='word_1_605' title='bbox 2162 3250 2214 3305; x_wconf 90' lang='lat' dir='ltr'><strong>in</strong></span> <span class='ocrx_word' id='word_1_606' title='bbox 2245 3252 2529 3321; x_wconf 90' lang='lat' dir='ltr'><strong>cujusdam</strong></span> <span class='ocrx_word' id='word_1_607' title='bbox 2556 3252 2719 3306; x_wconf 88' lang='lat' dir='ltr'><strong>castri</strong></span> <span class='ocrx_word' id='word_1_608' title='bbox 2754 3253 3040 3307; x_wconf 90' lang='lat' dir='ltr'><strong>obsidione</strong></span> <span class='ocrx_word' id='word_1_609' title='bbox 3082 3254 3287 3307; x_wconf 90' lang='lat' dir='ltr'><strong>multos</strong></span> <span class='ocrx_word' id='word_1_610' title='bbox 3329 3252 3554 3309; x_wconf 90' lang='lat' dir='ltr'><strong>Bonifa-</strong></span> 
     </span>
    </p>
   </div>
   <div class='ocr_carea' id='block_1_90' title="bbox 1965 3344 3557 3416">
    <p class='ocr_par' dir='ltr' id='par_1_90' title="bbox 1965 3344 3557 3416">
     <span class='ocr_line' id='line_1_90' title="bbox 1965 3344 3557 3416; baseline 0.003 -19"><span class='ocrx_word' id='word_1_611' title='bbox 1965 3345 2083 3397; x_wconf 91' lang='lat' dir='ltr'><strong>cius</strong></span> <span class='ocrx_word' id='word_1_612' title='bbox 2124 3360 2189 3398; x_wconf 88' lang='lat' dir='ltr'><strong>ex</strong></span> <span class='ocrx_word' id='word_1_613' title='bbox 2228 3345 2705 3415; x_wconf 90' lang='lat' dir='ltr'><strong>Burgundionibus</strong></span> <span class='ocrx_word' id='word_1_614' title='bbox 2759 3344 2901 3399; x_wconf 85' lang='lat' dir='ltr'><strong>ferro</strong></span> <span class='ocrx_word' id='word_1_615' title='bbox 2923 3346 3173 3416; x_wconf 82' lang='lat' dir='ltr'><strong>cepisset,</strong></span> <span class='ocrx_word' id='word_1_616' title='bbox 3205 3347 3444 3402; x_wconf 90' lang='lat' dir='ltr'><strong>minatus</strong></span> <span class='ocrx_word' id='word_1_617' title='bbox 3476 3356 3557 3402; x_wconf 88' lang='lat' dir='ltr'><strong>est</strong></span> 
     </span>
    </p>
   </div>
   <div class='ocr_carea' id='block_1_91' title="bbox 1963 3438 3553 3495">
    <p class='ocr_par' dir='ltr' id='par_1_91' title="bbox 1963 3438 3553 3495">
     <span class='ocr_line' id='line_1_91' title="bbox 1963 3438 3553 3495; baseline 0.003 -5"><span class='ocrx_word' id='word_1_618' title='bbox 1963 3452 2157 3491; x_wconf 92' lang='lat' dir='ltr'><strong>eorum</strong></span> <span class='ocrx_word' id='word_1_619' title='bbox 2195 3452 2357 3492; x_wconf 89' lang='lat' dir='ltr'><strong>nasos</strong></span> <span class='ocrx_word' id='word_1_620' title='bbox 2387 3447 2439 3492; x_wconf 89' lang='lat' dir='ltr'><strong>et</strong></span> <span class='ocrx_word' id='word_1_621' title='bbox 2477 3438 2745 3493; x_wconf 89' lang='lat' dir='ltr'><strong>auriculas</strong></span> <span class='ocrx_word' id='word_1_622' title='bbox 2771 3440 3045 3493; x_wconf 90' lang='lat' dir='ltr'><strong>mutilare.</strong></span> <span class='ocrx_word' id='word_1_623' title='bbox 3092 3440 3283 3494; x_wconf 83' lang='lat' dir='ltr'><strong>Adfuit</strong></span> <span class='ocrx_word' id='word_1_624' title='bbox 3312 3440 3385 3495; x_wconf 91' lang='lat' dir='ltr'><strong>ibi</strong></span> <span class='ocrx_word' id='word_1_625' title='bbox 3441 3458 3553 3495; x_wconf 90' lang='lat' dir='ltr'><strong>ma-</strong></span> 
     </span>
    </p>
   </div>
   <div class='ocr_carea' id='block_1_92' title="bbox 1962 3531 3555 3606">
    <p class='ocr_par' dir='ltr' id='par_1_92' title="bbox 1962 3531 3555 3606">
     <span class='ocr_line' id='line_1_92' title="bbox 1962 3531 3555 3606; baseline 0.003 -22"><span class='ocrx_word' id='word_1_626' title='bbox 1962 3539 2115 3584; x_wconf 90' lang='lat' dir='ltr'><strong>trona</strong></span> <span class='ocrx_word' id='word_1_627' title='bbox 2154 3531 2405 3600; x_wconf 65' lang='lat' dir='ltr'><strong>quaadam</strong></span> <span class='ocrx_word' id='word_1_628' title='bbox 2436 3531 2634 3585; x_wconf 90' lang='lat' dir='ltr'><strong>nobilis</strong></span> <span class='ocrx_word' id='word_1_629' title='bbox 2663 3541 2716 3585; x_wconf 88' lang='lat' dir='ltr'><strong>et</strong></span> <span class='ocrx_word' id='word_1_630' title='bbox 2740 3531 2911 3599; x_wconf 88' lang='lat' dir='ltr'><strong>dives,</strong></span> <span class='ocrx_word' id='word_1_631' title='bbox 2943 3548 3065 3604; x_wconf 63' lang='lat' dir='ltr'><strong>quae</strong></span> <span class='ocrx_word' id='word_1_632' title='bbox 3105 3542 3319 3587; x_wconf 89' lang='lat' dir='ltr'><strong>tantum</strong></span> <span class='ocrx_word' id='word_1_633' title='bbox 3349 3535 3555 3606; x_wconf 90' lang='lat' dir='ltr'><strong>argenti</strong></span> 
     </span>
    </p>
   </div>
   <div class='ocr_carea' id='block_1_93' title="bbox 1962 3622 3554 3699">
    <p class='ocr_par' dir='ltr' id='par_1_93' title="bbox 1962 3622 3554 3699">
     <span class='ocr_line' id='line_1_93' title="bbox 1962 3622 3554 3699; baseline 0.004 -23"><span class='ocrx_word' id='word_1_634' title='bbox 1962 3639 2059 3693; x_wconf 93' lang='lat' dir='ltr'><strong>pro</strong></span> <span class='ocrx_word' id='word_1_635' title='bbox 2084 3622 2178 3677; x_wconf 89' lang='lat' dir='ltr'><strong>ﬁlii</strong></span> <span class='ocrx_word' id='word_1_636' title='bbox 2209 3624 2580 3694; x_wconf 89' lang='lat' dir='ltr'><strong>redemptione</strong></span> <span class='ocrx_word' id='word_1_637' title='bbox 2609 3640 2666 3678; x_wconf 90' lang='lat' dir='ltr'><strong>se</strong></span> <span class='ocrx_word' id='word_1_638' title='bbox 2686 3625 2942 3680; x_wconf 89' lang='lat' dir='ltr'><strong>daturam</strong></span> <span class='ocrx_word' id='word_1_639' title='bbox 2972 3634 3057 3680; x_wconf 92' lang='lat' dir='ltr'><strong>est</strong></span> <span class='ocrx_word' id='word_1_640' title='bbox 3095 3626 3353 3696; x_wconf 88' lang='lat' dir='ltr'><strong>pollicita,</strong></span> <span class='ocrx_word' id='word_1_641' title='bbox 3387 3645 3554 3699; x_wconf 89' lang='lat' dir='ltr'><strong>quan-</strong></span> 
     </span>
    </p>
   </div>
   <div class='ocr_carea' id='block_1_94' title="bbox 1960 3716 3546 3789">
    <p class='ocr_par' dir='ltr' id='par_1_94' title="bbox 1960 3716 3546 3789">
     <span class='ocr_line' id='line_1_94' title="bbox 1960 3716 3546 3789; baseline 0.003 -20"><span class='ocrx_word' id='word_1_642' title='bbox 1960 3725 2074 3769; x_wconf 92' lang='lat' dir='ltr'><strong>tum</strong></span> <span class='ocrx_word' id='word_1_643' title='bbox 2104 3716 2161 3770; x_wconf 90' lang='lat' dir='ltr'><strong>in</strong></span> <span class='ocrx_word' id='word_1_644' title='bbox 2188 3716 2390 3771; x_wconf 91' lang='lat' dir='ltr'><strong>trutina</strong></span> <span class='ocrx_word' id='word_1_645' title='bbox 2425 3718 2669 3788; x_wconf 91' lang='lat' dir='ltr'><strong>positum</strong></span> <span class='ocrx_word' id='word_1_646' title='bbox 2701 3719 2873 3773; x_wconf 91' lang='lat' dir='ltr'><strong>moles</strong></span> <span class='ocrx_word' id='word_1_647' title='bbox 2925 3716 3172 3789; x_wconf 80' lang='lat' dir='ltr'><strong>corpOris</strong></span> <span class='ocrx_word' id='word_1_648' title='bbox 3202 3721 3546 3789; x_wconf 86' lang='lat' dir='ltr'><strong>ponderaret.</strong></span> 
     </span>
    </p>
   </div>
   <div class='ocr_carea' id='block_1_95' title="bbox 1958 3809 3550 3884">
    <p class='ocr_par' dir='ltr' id='par_1_95' title="bbox 1958 3809 3550 3884">
     <span class='ocr_line' id='line_1_95' title="bbox 1958 3809 3550 3884; baseline 0.002 -19"><span class='ocrx_word' id='word_1_649' title='bbox 1958 3809 2055 3865; x_wconf 90' lang='lat' dir='ltr'><strong>Cui</strong></span> <span class='ocrx_word' id='word_1_650' title='bbox 2076 3809 2409 3873; x_wconf 88' lang='lat' dir='ltr'><strong>Bonifacius,</strong></span> <span class='ocrx_word' id='word_1_651' title='bbox 2424 3819 2589 3881; x_wconf 91' lang='lat' dir='ltr'><strong>caput</strong></span> <span class='ocrx_word' id='word_1_652' title='bbox 2614 3811 2867 3882; x_wconf 88' lang='lat' dir='ltr'><strong>quatiens</strong></span> <span class='ocrx_word' id='word_1_653' title='bbox 2900 3832 2911 3867; x_wconf 90' lang='lat'>:</span> <span class='ocrx_word' id='word_1_654' title='bbox 2938 3812 3095 3866; x_wconf 88' lang='lat' dir='ltr'><strong>Absit</strong></span> <span class='ocrx_word' id='word_1_655' title='bbox 3121 3811 3244 3879; x_wconf 89' lang='lat' dir='ltr'><strong>hoc,</strong></span> <span class='ocrx_word' id='word_1_656' title='bbox 3270 3813 3467 3884; x_wconf 89' lang='lat' dir='ltr'><strong>inquit,</strong></span> <span class='ocrx_word' id='word_1_657' title='bbox 3489 3823 3550 3868; x_wconf 90' lang='lat' dir='ltr'><strong>ut</strong></span> 
     </span>
    </p>
   </div>
   <div class='ocr_carea' id='block_1_96' title="bbox 1959 3902 3547 3976">
    <p class='ocr_par' dir='ltr' id='par_1_96' title="bbox 1959 3902 3547 3976">
     <span class='ocr_line' id='line_1_96' title="bbox 1959 3902 3547 3976; baseline 0.002 -20"><span class='ocrx_word' id='word_1_658' title='bbox 1959 3902 2142 3958; x_wconf 90' lang='lat' dir='ltr'><strong>hostes</strong></span> <span class='ocrx_word' id='word_1_659' title='bbox 2174 3902 2318 3958; x_wconf 88' lang='lat' dir='ltr'><strong>ferro</strong></span> <span class='ocrx_word' id='word_1_660' title='bbox 2350 3905 2489 3976; x_wconf 89' lang='lat' dir='ltr'><strong>capti</strong></span> <span class='ocrx_word' id='word_1_661' title='bbox 2521 3904 2861 3959; x_wconf 88' lang='lat' dir='ltr'><strong>redimantur</strong></span> <span class='ocrx_word' id='word_1_662' title='bbox 2893 3909 3147 3976; x_wconf 83' lang='lat' dir='ltr'><strong>argento!</strong></span> <span class='ocrx_word' id='word_1_663' title='bbox 3199 3907 3321 3959; x_wconf 89' lang='lat' dir='ltr'><strong>volo</strong></span> <span class='ocrx_word' id='word_1_664' title='bbox 3352 3915 3413 3959; x_wconf 92' lang='lat' dir='ltr'><strong>ut</strong></span> <span class='ocrx_word' id='word_1_665' title='bbox 3442 3905 3547 3960; x_wconf 90' lang='lat' dir='ltr'><strong>hu-</strong></span> 
     </span>
    </p>
   </div>
   <div class='ocr_carea' id='block_1_97' title="bbox 1949 3997 3547 4069">
    <p class='ocr_par' dir='ltr' id='par_1_97' title="bbox 1949 3997 3547 4069">
     <span class='ocr_line' id='line_1_97' title="bbox 1949 3997 3547 4069; baseline 0.002 -18"><span class='ocrx_word' id='word_1_666' title='bbox 1949 3997 2196 4067; x_wconf 91' lang='lat' dir='ltr'><strong>jusmodi</strong></span> <span class='ocrx_word' id='word_1_667' title='bbox 2266 4014 2423 4068; x_wconf 76' lang='lat' dir='ltr'><strong>poma</strong></span> <span class='ocrx_word' id='word_1_668' title='bbox 2477 3998 2775 4068; x_wconf 89' lang='lat' dir='ltr'><strong>posteritati</strong></span> <span class='ocrx_word' id='word_1_669' title='bbox 2826 4006 3023 4052; x_wconf 64' lang='lat' dir='ltr'><strong>vestrae</strong></span> <span class='ocrx_word' id='word_1_670' title='bbox 3079 3998 3147 4052; x_wconf 90' lang='lat' dir='ltr'><strong>sit</strong></span> <span class='ocrx_word' id='word_1_671' title='bbox 3193 4000 3547 4069; x_wconf 90' lang='lat' dir='ltr'><strong>opprobrium</strong></span> 
     </span>
    </p>
   </div>
   <div class='ocr_carea' id='block_1_98' title="bbox 1954 4091 3541 4163">
    <p class='ocr_par' dir='ltr' id='par_1_98' title="bbox 1954 4091 3541 4163">
     <span class='ocr_line' id='line_1_98' title="bbox 1954 4091 3541 4163; baseline 0.002 -21"><span class='ocrx_word' id='word_1_672' title='bbox 1954 4094 2368 4162; x_wconf 85' lang='lat' dir='ltr'><strong>sempiternum.</strong></span> <span class='ocrx_word' id='word_1_673' title='bbox 2393 4091 2589 4146; x_wconf 90' lang='lat' dir='ltr'><strong>Incisis</strong></span> <span class='ocrx_word' id='word_1_674' title='bbox 2620 4092 2784 4163; x_wconf 88' lang='lat' dir='ltr'><strong>igitur</strong></span> <span class='ocrx_word' id='word_1_675' title='bbox 2799 4092 3021 4145; x_wconf 88' lang='lat' dir='ltr'><strong>naribus</strong></span> <span class='ocrx_word' id='word_1_676' title='bbox 3043 4100 3095 4145; x_wconf 90' lang='lat' dir='ltr'><strong>et</strong></span> <span class='ocrx_word' id='word_1_677' title='bbox 3119 4093 3281 4146; x_wconf 90' lang='lat' dir='ltr'><strong>sectis</strong></span> <span class='ocrx_word' id='word_1_678' title='bbox 3298 4093 3541 4161; x_wconf 85' lang='lat' dir='ltr'><strong>auribus,</strong></span> 
     </span>
    </p>
   </div>
   <div class='ocr_carea' id='block_1_99' title="bbox 1953 4184 3546 4257">
    <p class='ocr_par' dir='ltr' id='par_1_99' title="bbox 1953 4184 3546 4257">
     <span class='ocr_line' id='line_1_99' title="bbox 1953 4184 3546 4257; baseline 0.002 -20"><span class='ocrx_word' id='word_1_679' title='bbox 1953 4192 2063 4237; x_wconf 92' lang='lat' dir='ltr'><strong>tres</strong></span> <span class='ocrx_word' id='word_1_680' title='bbox 2076 4184 2241 4254; x_wconf 90' lang='lat' dir='ltr'><strong>jussit</strong></span> <span class='ocrx_word' id='word_1_681' title='bbox 2265 4185 2512 4238; x_wconf 89' lang='lat' dir='ltr'><strong>onustari</strong></span> <span class='ocrx_word' id='word_1_682' title='bbox 2534 4186 2770 4257; x_wconf 83' lang='lat' dir='ltr'><strong>clypeos.</strong></span> <span class='ocrx_word' id='word_1_683' title='bbox 2803 4187 2966 4239; x_wconf 85' lang='lat' dir='ltr'><strong>Hunc</strong></span> <span class='ocrx_word' id='word_1_684' title='bbox 2995 4184 3295 4255; x_wconf 89' lang='lat' dir='ltr'><strong>imperator</strong></span> <span class='ocrx_word' id='word_1_685' title='bbox 3345 4186 3546 4240; x_wconf 86' lang='lat' dir='ltr'><strong>Henri-</strong></span> 
     </span>
    </p>
   </div>
   <div class='ocr_carea' id='block_1_100' title="bbox 1950 4276 3544 4346">
    <p class='ocr_par' dir='ltr' id='par_1_100' title="bbox 1950 4276 3544 4346">
     <span class='ocr_line' id='line_1_100' title="bbox 1950 4276 3544 4346; baseline 0.003 -17"><span class='ocrx_word' id='word_1_686' title='bbox 1950 4292 2047 4330; x_wconf 91' lang='lat' dir='ltr'><strong>cus</strong></span> <span class='ocrx_word' id='word_1_687' title='bbox 2096 4276 2241 4331; x_wconf 90' lang='lat' dir='ltr'><strong>idem</strong></span> <span class='ocrx_word' id='word_1_688' title='bbox 2271 4276 2631 4340; x_wconf 90' lang='lat' dir='ltr'><strong>Bonifacium,</strong></span> <span class='ocrx_word' id='word_1_689' title='bbox 2678 4279 2792 4331; x_wconf 90' lang='lat' dir='ltr'><strong>sola</strong></span> <span class='ocrx_word' id='word_1_690' title='bbox 2820 4277 3131 4332; x_wconf 86' lang='lat' dir='ltr'><strong>stimulante</strong></span> <span class='ocrx_word' id='word_1_691' title='bbox 3162 4278 3384 4346; x_wconf 89' lang='lat' dir='ltr'><strong>invidia,</strong></span> <span class='ocrx_word' id='word_1_692' title='bbox 3414 4296 3544 4334; x_wconf 91' lang='lat' dir='ltr'><strong>cum</strong></span> 
     </span>
    </p>
   </div>
   <div class='ocr_carea' id='block_1_101' title="bbox 1953 4369 3543 4442">
    <p class='ocr_par' dir='ltr' id='par_1_101' title="bbox 1953 4369 3543 4442">
     <span class='ocr_line' id='line_1_101' title="bbox 1953 4369 3543 4442; baseline 0.003 -22"><span class='ocrx_word' id='word_1_693' title='bbox 1953 4369 2161 4423; x_wconf 91' lang='lat' dir='ltr'><strong>videret</strong></span> <span class='ocrx_word' id='word_1_694' title='bbox 2212 4385 2341 4422; x_wconf 92' lang='lat' dir='ltr'><strong>eum</strong></span> <span class='ocrx_word' id='word_1_695' title='bbox 2384 4369 2685 4439; x_wconf 87' lang='lat' dir='ltr'><strong>magniﬁcis</strong></span> <span class='ocrx_word' id='word_1_696' title='bbox 2734 4369 2945 4424; x_wconf 90' lang='lat' dir='ltr'><strong>actibus</strong></span> <span class='ocrx_word' id='word_1_697' title='bbox 2991 4380 3302 4437; x_wconf 90' lang='lat' dir='ltr'><strong>strenuum,</strong></span> <span class='ocrx_word' id='word_1_698' title='bbox 3347 4373 3543 4442; x_wconf 80' lang='lat' dir='ltr'><strong>saepius</strong></span> 
     </span>
    </p>
   </div>
   <div class='ocr_carea' id='block_1_102' title="bbox 1950 4462 3536 4526">
    <p class='ocr_par' dir='ltr' id='par_1_102' title="bbox 1950 4462 3536 4526">
     <span class='ocr_line' id='line_1_102' title="bbox 1950 4462 3536 4526; baseline 0.003 -12"><span class='ocrx_word' id='word_1_699' title='bbox 1950 4462 2185 4517; x_wconf 86' lang='lat' dir='ltr'><strong>tentavit</strong></span> <span class='ocrx_word' id='word_1_700' title='bbox 2230 4462 2359 4517; x_wconf 92' lang='lat' dir='ltr'><strong>dolo</strong></span> <span class='ocrx_word' id='word_1_701' title='bbox 2390 4463 2659 4516; x_wconf 85' lang='lat' dir='ltr'><strong>occidere.</strong></span> <span class='ocrx_word' id='word_1_702' title='bbox 2692 4462 2816 4526; x_wconf 86' lang='lat' dir='ltr'><strong>Sed,</strong></span> <span class='ocrx_word' id='word_1_703' title='bbox 2846 4466 2967 4518; x_wconf 93' lang='lat' dir='ltr'><strong>Deo</strong></span> <span class='ocrx_word' id='word_1_704' title='bbox 2993 4464 3338 4518; x_wconf 91' lang='lat' dir='ltr'><strong>custodiente</strong></span> <span class='ocrx_word' id='word_1_705' title='bbox 3388 4474 3441 4518; x_wconf 89' lang='lat' dir='ltr'><strong>et</strong></span> <span class='ocrx_word' id='word_1_706' title='bbox 3471 4482 3536 4519; x_wconf 92' lang='lat' dir='ltr'><strong>eo</strong></span> 
     </span>
    </p>
   </div>
   <div class='ocr_carea' id='block_1_103' title="bbox 1948 4555 3539 4627">
    <p class='ocr_par' dir='ltr' id='par_1_103' title="bbox 1948 4555 3539 4627">
     <span class='ocr_line' id='line_1_103' title="bbox 1948 4555 3539 4627; baseline 0.003 -18"><span class='ocrx_word' id='word_1_707' title='bbox 1948 4571 2165 4625; x_wconf 89' lang='lat' dir='ltr'><strong>semper</strong></span> <span class='ocrx_word' id='word_1_708' title='bbox 2200 4555 2429 4611; x_wconf 90' lang='lat' dir='ltr'><strong>insidias</strong></span> <span class='ocrx_word' id='word_1_709' title='bbox 2454 4555 2856 4621; x_wconf 90' lang='lat' dir='ltr'><strong>dissimulante,</strong></span> <span class='ocrx_word' id='word_1_710' title='bbox 2891 4556 3195 4627; x_wconf 89' lang='lat' dir='ltr'><strong>imperator</strong></span> <span class='ocrx_word' id='word_1_711' title='bbox 3223 4572 3323 4611; x_wconf 89' lang='lat' dir='ltr'><strong>suo</strong></span> <span class='ocrx_word' id='word_1_712' title='bbox 3371 4574 3539 4613; x_wconf 85' lang='lat' dir='ltr'><strong>cona-</strong></span> 
     </span>
    </p>
   </div>
   <div class='ocr_carea' id='block_1_104' title="bbox 1947 4647 3539 4719">
    <p class='ocr_par' dir='ltr' id='par_1_104' title="bbox 1947 4647 3539 4719">
     <span class='ocr_line' id='line_1_104' title="bbox 1947 4647 3539 4719; baseline 0.001 -16"><span class='ocrx_word' id='word_1_713' title='bbox 1947 4650 2096 4703; x_wconf 92' lang='lat' dir='ltr'><strong>mine</strong></span> <span class='ocrx_word' id='word_1_714' title='bbox 2123 4648 2410 4703; x_wconf 91' lang='lat' dir='ltr'><strong>frustratus</strong></span> <span class='ocrx_word' id='word_1_715' title='bbox 2435 4657 2536 4703; x_wconf 87' lang='lat' dir='ltr'><strong>est.</strong></span> <span class='ocrx_word' id='word_1_716' title='bbox 2564 4649 2686 4704; x_wconf 86' lang='lat' dir='ltr'><strong>Fuit</strong></span> <span class='ocrx_word' id='word_1_717' title='bbox 2714 4663 2932 4719; x_wconf 91' lang='lat' dir='ltr'><strong>quoque</strong></span> <span class='ocrx_word' id='word_1_718' title='bbox 2971 4664 3113 4718; x_wconf 67' lang='lat' dir='ltr'><strong>saepe</strong></span> <span class='ocrx_word' id='word_1_719' title='bbox 3154 4647 3352 4704; x_wconf 90' lang='lat' dir='ltr'><strong>diebus</strong></span> <span class='ocrx_word' id='word_1_720' title='bbox 3380 4652 3539 4705; x_wconf 87' lang='lat' dir='ltr'><strong>Boni-</strong></span> 
     </span>
    </p>
   </div>
   <div class='ocr_carea' id='block_1_105' title="bbox 1946 4741 3539 4809">
    <p class='ocr_par' dir='ltr' id='par_1_105' title="bbox 1946 4741 3539 4809">
     <span class='ocr_line' id='line_1_105' title="bbox 1946 4741 3539 4809; baseline 0.001 -12"><span class='ocrx_word' id='word_1_721' title='bbox 1946 4741 2123 4797; x_wconf 89' lang='lat' dir='ltr'><strong>facius</strong></span> <span class='ocrx_word' id='word_1_722' title='bbox 2165 4743 2222 4797; x_wconf 89' lang='lat' dir='ltr'><strong>in</strong></span> <span class='ocrx_word' id='word_1_723' title='bbox 2268 4743 2462 4797; x_wconf 84' lang='lat' dir='ltr'><strong>divinis</strong></span> <span class='ocrx_word' id='word_1_724' title='bbox 2503 4742 2788 4809; x_wconf 89' lang='lat' dir='ltr'><strong>sollicitus,</strong></span> <span class='ocrx_word' id='word_1_725' title='bbox 2817 4758 2975 4796; x_wconf 79' lang='lat' dir='ltr'><strong>savos</strong></span> <span class='ocrx_word' id='word_1_726' title='bbox 3004 4746 3150 4807; x_wconf 81' lang='lat'><strong>(955)</strong></span> <span class='ocrx_word' id='word_1_727' title='bbox 3172 4742 3338 4797; x_wconf 90' lang='lat' dir='ltr'><strong>etiam</strong></span> <span class='ocrx_word' id='word_1_728' title='bbox 3370 4744 3539 4799; x_wconf 93' lang='lat' dir='ltr'><strong>hono-</strong></span> 
     </span>
    </p>
   </div>
   <div class='ocr_carea' id='block_1_106' title="bbox 1946 4835 3537 4909">
    <p class='ocr_par' dir='ltr' id='par_1_106' title="bbox 1946 4835 3537 4909">
     <span class='ocr_line' id='line_1_106' title="bbox 1946 4835 3537 4909; baseline 0.003 -21"><span class='ocrx_word' id='word_1_729' title='bbox 1946 4836 2085 4889; x_wconf 88' lang='lat' dir='ltr'><strong>ravit</strong></span> <span class='ocrx_word' id='word_1_730' title='bbox 2114 4836 2421 4905; x_wconf 89' lang='lat' dir='ltr'><strong>pontiﬁces,</strong></span> <span class='ocrx_word' id='word_1_731' title='bbox 2444 4835 2758 4907; x_wconf 91' lang='lat' dir='ltr'><strong>clerumque</strong></span> <span class='ocrx_word' id='word_1_732' title='bbox 2790 4836 2942 4889; x_wconf 89' lang='lat' dir='ltr'><strong>valde</strong></span> <span class='ocrx_word' id='word_1_733' title='bbox 2962 4835 3167 4903; x_wconf 79' lang='lat' dir='ltr'><strong>dilexit,</strong></span> <span class='ocrx_word' id='word_1_734' title='bbox 3193 4845 3245 4891; x_wconf 92' lang='lat' dir='ltr'><strong>et</strong></span> <span class='ocrx_word' id='word_1_735' title='bbox 3269 4838 3537 4909; x_wconf 66' lang='lat' dir='ltr'><strong>praecipue</strong></span> 
     </span>
    </p>
   </div>
   <div class='ocr_carea' id='block_1_107' title="bbox 1946 4928 3537 4992">
    <p class='ocr_par' dir='ltr' id='par_1_107' title="bbox 1946 4928 3537 4992">
     <span class='ocr_line' id='line_1_107' title="bbox 1946 4928 3537 4992; baseline 0.003 -10"><span class='ocrx_word' id='word_1_736' title='bbox 1946 4928 2266 4983; x_wconf 89' lang='lat' dir='ltr'><strong>monachos.</strong></span> <span class='ocrx_word' id='word_1_737' title='bbox 2292 4932 2397 4984; x_wconf 90' lang='lat' dir='ltr'><strong>Pro</strong></span> <span class='ocrx_word' id='word_1_738' title='bbox 2416 4928 2598 4983; x_wconf 91' lang='lat' dir='ltr'><strong>divino</strong></span> <span class='ocrx_word' id='word_1_739' title='bbox 2623 4937 2805 4983; x_wconf 90' lang='lat' dir='ltr'><strong>autem</strong></span> <span class='ocrx_word' id='word_1_740' title='bbox 2829 4944 3042 4992; x_wconf 83' lang='lat' dir='ltr'><strong>amore,</strong></span> <span class='ocrx_word' id='word_1_741' title='bbox 3072 4938 3127 4983; x_wconf 91' lang='lat' dir='ltr'><strong>et</strong></span> <span class='ocrx_word' id='word_1_742' title='bbox 3149 4931 3537 4987; x_wconf 67' lang='lat' dir='ltr'><strong>muniﬁcentiae</strong></span> 
     </span>
    </p>
   </div>
   <div class='ocr_carea' id='block_1_108' title="bbox 1946 5021 3533 5095">
    <p class='ocr_par' dir='ltr' id='par_1_108' title="bbox 1946 5021 3533 5095">
     <span class='ocr_line' id='line_1_108' title="bbox 1946 5021 3533 5095; baseline 0.001 -18"><span class='ocrx_word' id='word_1_743' title='bbox 1946 5037 2058 5077; x_wconf 77' lang='lat' dir='ltr'><strong>suae</strong></span> <span class='ocrx_word' id='word_1_744' title='bbox 2115 5022 2193 5075; x_wconf 92' lang='lat' dir='ltr'><strong>eis</strong></span> <span class='ocrx_word' id='word_1_745' title='bbox 2222 5021 2510 5076; x_wconf 83' lang='lat' dir='ltr'><strong>dexteram</strong></span> <span class='ocrx_word' id='word_1_746' title='bbox 2543 5022 2792 5093; x_wconf 86' lang='lat' dir='ltr'><strong>aperuit;</strong></span> <span class='ocrx_word' id='word_1_747' title='bbox 2826 5022 3131 5094; x_wconf 92' lang='lat' dir='ltr'><strong>delictaque</strong></span> <span class='ocrx_word' id='word_1_748' title='bbox 3178 5026 3397 5095; x_wconf 88' lang='lat' dir='ltr'><strong>propria</strong></span> <span class='ocrx_word' id='word_1_749' title='bbox 3426 5025 3533 5079; x_wconf 88' lang='lat' dir='ltr'><strong>illis</strong></span> 
     </span>
    </p>
   </div>
   <div class='ocr_carea' id='block_1_109' title="bbox 1946 5113 3534 5186">
    <p class='ocr_par' dir='ltr' id='par_1_109' title="bbox 1946 5113 3534 5186">
     <span class='ocr_line' id='line_1_109' title="bbox 1946 5113 3534 5186; baseline 0 -15"><span class='ocrx_word' id='word_1_750' title='bbox 1946 5113 2249 5183; x_wconf 90' lang='lat' dir='ltr'><strong>conﬁdens,</strong></span> <span class='ocrx_word' id='word_1_751' title='bbox 2268 5115 2593 5185; x_wconf 89' lang='lat' dir='ltr'><strong>condignam</strong></span> <span class='ocrx_word' id='word_1_752' title='bbox 2609 5116 2846 5186; x_wconf 91' lang='lat' dir='ltr'><strong>sumpsit</strong></span> <span class='ocrx_word' id='word_1_753' title='bbox 2866 5116 3274 5186; x_wconf 65' lang='lat' dir='ltr'><strong>paenitentiam.</strong></span> <span class='ocrx_word' id='word_1_754' title='bbox 3289 5116 3534 5171; x_wconf 90' lang='lat' dir='ltr'><strong>Tandem</strong></span> 
     </span>
    </p>
   </div>
   <div class='ocr_carea' id='block_1_110' title="bbox 1944 5208 3537 5281">
    <p class='ocr_par' dir='ltr' id='par_1_110' title="bbox 1944 5208 3537 5281">
     <span class='ocr_line' id='line_1_110' title="bbox 1944 5208 3537 5281; baseline 0 -18"><span class='ocrx_word' id='word_1_755' title='bbox 1944 5224 2071 5263; x_wconf 85' lang='lat' dir='ltr'><strong>eum</strong></span> <span class='ocrx_word' id='word_1_756' title='bbox 2104 5217 2291 5262; x_wconf 90' lang='lat' dir='ltr'><strong>votum</strong></span> <span class='ocrx_word' id='word_1_757' title='bbox 2330 5210 2564 5263; x_wconf 90' lang='lat' dir='ltr'><strong>vovisset</strong></span> <span class='ocrx_word' id='word_1_758' title='bbox 2609 5208 2804 5263; x_wconf 91' lang='lat' dir='ltr'><strong>Christi</strong></span> <span class='ocrx_word' id='word_1_759' title='bbox 2858 5210 3078 5266; x_wconf 91' lang='lat' dir='ltr'><strong>visitare</strong></span> <span class='ocrx_word' id='word_1_760' title='bbox 3109 5211 3446 5281; x_wconf 89' lang='lat' dir='ltr'><strong>sepulcrum,</strong></span> <span class='ocrx_word' id='word_1_761' title='bbox 3484 5219 3537 5263; x_wconf 89' lang='lat' dir='ltr'><strong>et</strong></span> 
     </span>
    </p>
   </div>
   <div class='ocr_carea' id='block_1_111' title="bbox 1948 5303 3537 5375">
    <p class='ocr_par' dir='ltr' id='par_1_111' title="bbox 1948 5303 3537 5375">
     <span class='ocr_line' id='line_1_111' title="bbox 1948 5303 3537 5375; baseline 0.002 -20"><span class='ocrx_word' id='word_1_762' title='bbox 1948 5318 2047 5373; x_wconf 92' lang='lat' dir='ltr'><strong>pro</strong></span> <span class='ocrx_word' id='word_1_763' title='bbox 2078 5318 2175 5357; x_wconf 92' lang='lat' dir='ltr'><strong>sua</strong></span> <span class='ocrx_word' id='word_1_764' title='bbox 2206 5303 2539 5373; x_wconf 85' lang='lat' dir='ltr'><strong>expedienda</strong></span> <span class='ocrx_word' id='word_1_765' title='bbox 2571 5304 3008 5375; x_wconf 88' lang='lat' dir='ltr'><strong>peregrinatione</strong></span> <span class='ocrx_word' id='word_1_766' title='bbox 3054 5304 3240 5359; x_wconf 89' lang='lat' dir='ltr'><strong>omnia</strong></span> <span class='ocrx_word' id='word_1_767' title='bbox 3295 5304 3537 5374; x_wconf 89' lang='lat' dir='ltr'><strong>comple-</strong></span> 
     </span>
    </p>
   </div>
   <div class='ocr_carea' id='block_1_112' title="bbox 1947 5396 3537 5468">
    <p class='ocr_par' dir='ltr' id='par_1_112' title="bbox 1947 5396 3537 5468">
     <span class='ocr_line' id='line_1_112' title="bbox 1947 5396 3537 5468; baseline 0.003 -21"><span class='ocrx_word' id='word_1_768' title='bbox 1947 5397 2128 5462; x_wconf 89' lang='lat' dir='ltr'><strong>visset,</strong></span> <span class='ocrx_word' id='word_1_769' title='bbox 2183 5396 2272 5450; x_wconf 92' lang='lat' dir='ltr'><strong>illo</strong></span> <span class='ocrx_word' id='word_1_770' title='bbox 2304 5405 2527 5451; x_wconf 91' lang='lat' dir='ltr'><strong>vocante</strong></span> <span class='ocrx_word' id='word_1_771' title='bbox 2563 5398 2616 5451; x_wconf 91' lang='lat' dir='ltr'><strong>in</strong></span> <span class='ocrx_word' id='word_1_772' title='bbox 2670 5398 2827 5468; x_wconf 87' lang='lat' dir='ltr'><strong>cujus</strong></span> <span class='ocrx_word' id='word_1_773' title='bbox 2884 5413 3047 5451; x_wconf 90' lang='lat' dir='ltr'><strong>manu</strong></span> <span class='ocrx_word' id='word_1_774' title='bbox 3076 5405 3204 5450; x_wconf 90' lang='lat' dir='ltr'><strong>sunt</strong></span> <span class='ocrx_word' id='word_1_775' title='bbox 3248 5397 3537 5452; x_wconf 89' lang='lat' dir='ltr'><strong>hominum</strong></span> 
     </span>
    </p>
   </div>
   <div class='ocr_carea' id='block_1_113' title="bbox 1944 5488 3538 5560">
    <p class='ocr_par' dir='ltr' id='par_1_113' title="bbox 1944 5488 3538 5560">
     <span class='ocr_line' id='line_1_113' title="bbox 1944 5488 3538 5560; baseline 0.003 -18"><span class='ocrx_word' id='word_1_776' title='bbox 1944 5488 2091 5551; x_wconf 66' lang='lat' dir='ltr'><strong>vitaz,</strong></span> <span class='ocrx_word' id='word_1_777' title='bbox 2124 5490 2387 5544; x_wconf 72' lang='lat' dir='ltr'><strong>universae</strong></span> <span class='ocrx_word' id='word_1_778' title='bbox 2416 5490 2595 5545; x_wconf 87' lang='lat' dir='ltr'><strong>carnis</strong></span> <span class='ocrx_word' id='word_1_779' title='bbox 2625 5491 2772 5545; x_wconf 89' lang='lat' dir='ltr'><strong>viam</strong></span> <span class='ocrx_word' id='word_1_780' title='bbox 2822 5493 3093 5560; x_wconf 84' lang='lat' dir='ltr'><strong>ingressus</strong></span> <span class='ocrx_word' id='word_1_781' title='bbox 3123 5498 3227 5555; x_wconf 92' lang='lat' dir='ltr'><strong>est,</strong></span> <span class='ocrx_word' id='word_1_782' title='bbox 3256 5506 3400 5545; x_wconf 88' lang='lat' dir='ltr'><strong>anno</strong></span> <span class='ocrx_word' id='word_1_783' title='bbox 3434 5493 3538 5546; x_wconf 93' lang='lat' dir='ltr'><strong>Do-</strong></span> 
     </span>
    </p>
   </div>
   <div class='ocr_carea' id='block_1_114' title="bbox 1945 5581 3538 5653">
    <p class='ocr_par' dir='ltr' id='par_1_114' title="bbox 1945 5581 3538 5653">
     <span class='ocr_line' id='line_1_114' title="bbox 1945 5581 3538 5653; baseline 0 -16"><span class='ocrx_word' id='word_1_784' title='bbox 1945 5581 2167 5637; x_wconf 78' lang='lat' dir='ltr'><strong>minicae</strong></span> <span class='ocrx_word' id='word_1_785' title='bbox 2216 5584 2615 5638; x_wconf 88' lang='lat' dir='ltr'><strong>Incarnationis</strong></span> <span class='ocrx_word' id='word_1_786' title='bbox 2646 5583 2939 5637; x_wconf 90' lang='lat' dir='ltr'><strong>millesimo</strong></span> <span class='ocrx_word' id='word_1_787' title='bbox 2970 5582 3429 5653; x_wconf 89' lang='lat' dir='ltr'><strong>quinquagesimo</strong></span> <span class='ocrx_word' id='word_1_788' title='bbox 3457 5600 3538 5637; x_wconf 88' lang='lat' dir='ltr'><strong>se-</strong></span> 
     </span>
    </p>
   </div>
   <div class='ocr_carea' id='block_1_115' title="bbox 1945 5672 3539 5745">
    <p class='ocr_par' dir='ltr' id='par_1_115' title="bbox 1945 5672 3539 5745">
     <span class='ocr_line' id='line_1_115' title="bbox 1945 5672 3539 5745; baseline -0.002 -13"><span class='ocrx_word' id='word_1_789' title='bbox 1945 5676 2151 5743; x_wconf 90' lang='lat' dir='ltr'><strong>cundo,</strong></span> <span class='ocrx_word' id='word_1_790' title='bbox 2182 5677 2277 5745; x_wconf 91' lang='lat' dir='ltr'><strong>qui</strong></span> <span class='ocrx_word' id='word_1_791' title='bbox 2300 5676 2401 5732; x_wconf 90' lang='lat' dir='ltr'><strong>fuit</strong></span> <span class='ocrx_word' id='word_1_792' title='bbox 2425 5694 2603 5733; x_wconf 90' lang='lat' dir='ltr'><strong>annus</strong></span> <span class='ocrx_word' id='word_1_793' title='bbox 2631 5676 2987 5732; x_wconf 89' lang='lat' dir='ltr'><strong>duodecimus</strong></span> <span class='ocrx_word' id='word_1_794' title='bbox 3017 5676 3248 5731; x_wconf 85' lang='lat' dir='ltr'><strong>Henrici</strong></span> <span class='ocrx_word' id='word_1_795' title='bbox 3282 5678 3451 5743; x_wconf 86' lang='lat' dir='ltr'><strong>tertii,</strong></span> <span class='ocrx_word' id='word_1_796' title='bbox 3481 5672 3539 5730; x_wconf 84' lang='lat' dir='ltr'><strong>et</strong></span> 
     </span>
    </p>
   </div>
   <div class='ocr_carea' id='block_1_116' title="bbox 296 5854 2606 5928">
    <p class='ocr_par' dir='ltr' id='par_1_116' title="bbox 296 5854 2606 5928">
     <span class='ocr_line' id='line_1_116' title="bbox 296 5854 2606 5928; baseline -0.001 -19"><span class='ocrx_word' id='word_1_797' title='bbox 296 5858 468 5925; x_wconf 83' lang='lat'><strong>(955)</strong></span> <span class='ocrx_word' id='word_1_798' title='bbox 497 5854 563 5910; x_wconf 87' lang='lat' dir='ltr'><strong>Id</strong></span> <span class='ocrx_word' id='word_1_799' title='bbox 592 5864 677 5910; x_wconf 89' lang='lat' dir='ltr'><strong>est</strong></span> <span class='ocrx_word' id='word_1_800' title='bbox 709 5854 1002 5926; x_wconf 89' lang='lat' dir='ltr'><strong>sapientes.</strong></span> <span class='ocrx_word' id='word_1_801' title='bbox 1034 5859 1126 5910; x_wconf 84' lang='lat' dir='ltr'><strong>An</strong></span> <span class='ocrx_word' id='word_1_802' title='bbox 1156 5855 1341 5927; x_wconf 89' lang='lat' dir='ltr'><strong>potius</strong></span> <span class='ocrx_word' id='word_1_803' title='bbox 1370 5855 1665 5928; x_wconf 86' lang='lat' dir='ltr'><strong>legendum</strong></span> <span class='ocrx_word' id='word_1_804' title='bbox 1689 5861 1936 5912; x_wconf 85' lang='lat' dir='ltr'><strong>sanctos?</strong></span> <span class='ocrx_word' id='word_1_805' title='bbox 1958 5854 2180 5911; x_wconf 91' lang='lat' dir='ltr'><strong>Scribe:</strong></span> <span class='ocrx_word' id='word_1_806' title='bbox 2209 5857 2415 5912; x_wconf 81' lang='lat' dir='ltr'><strong>Sacros.</strong></span> <span class='ocrx_word' id='word_1_807' title='bbox 2446 5857 2606 5909; x_wconf 80' lang='lat' dir='ltr'><strong>Mun.</strong></span> 
     </span>
    </p>
   </div>
  </div>
