4052 6180
534 222 672 276 1047

1538 217 1628 272 AD
1668 215 1893 272 OPERA
1932 216 1987 271 S.
2029 215 2347 272 GREGORII
2386 214 2819 301 A'PPENDICES.

3678 216 3791 271 1048

530 347 777 403 Mantua
794 345 1039 417 sepultus
1064 351 1165 399 est.
1188 346 1323 397 Post
1341 356 1507 413 quem
1536 340 1735 411 conqu
1760 340 1879 410 ejus
1904 340 2129 396 illustris
2159 350 2211 409 Α
2239 349 2531 412 propterea
2548 338 2727 394 divina
2753 337 2967 395 occulta
2996 337 3207 393 ultione
3236 336 3589 408 postmodum
3608 336 3797 394 viduata

536 440 813 496 comitissa
836 437 1053 493 Beatrix
1095 436 1255 492 annis
1292 433 1605 505 quindecim
1659 434 1979 502 supervixit,
2015 434 2132 488 uni-

537 548 750 588 versam
776 529 1073 584 marchiam
1104 528 1209 582 rite
1236 527 1571 599 gubernans,
1597 525 1882 597 ﬁliamque
1913 526 2132 581 Mathil-

537 626 663 681 dem
695 624 979 693 diligenter
1024 622 1293 685 nutriens,
1328 621 1490 675 bonis
1518 636 1639 674 cam
1673 621 1920 674 moribus
1948 629 2003 674 et
2029 621 2134 674 vir-

536 716 746 771 tutibus
776 714 1107 769 informavit.
1142 718 1266 768 Duo
1288 712 1532 768 fundavit
1556 714 1918 779 monasteria,
1946 713 2136 768 Fraxi-

534 824 769 864 norense
834 808 1041 862 scilicet
1095 815 1149 861 et
1211 807 1568 870 Canusinum,
1641 806 1856 876 illisque
1932 805 2133 876 pradia

538 916 739 973 magna
784 901 1030 957 donavit.
1064 903 1329 966 Demum,
1362 898 1686 953 inﬁrmitate
1727 908 2002 968 correpta,
2038 899 2136 953 de-

542 997 683 1051 cima
724 1003 913 1050 octava
948 994 1152 1065 Aprilis
1178 993 1286 1059 die,
1308 1008 1451 1047 anno
1483 994 1678 1063 gratia
1704 993 2001 1047 millesimo
2022 1008 2139 1062 sep-

538 1088 846 1159 tuagesimo
871 1097 1050 1153 sexto,
1074 1086 1314 1141 Henrico
1344 1093 1537 1155 quarto
1562 1085 1882 1155 imperante,
1917 1083 2145 1139 feliciter

548 1182 616 1237 ab
672 1180 775 1235 hac
830 1180 947 1236 luce
1002 1180 1282 1251 migravit,
1338 1194 1540 1249 corpus
1595 1179 1713 1249 ejus
1779 1178 1915 1233 Pisis
1955 1177 2141 1233 condi-

549 1282 671 1331 tum
718 1282 820 1329 BSt.

1142 1372 1381 1426 CAPUT
1423 1372 1549 1425 VII.

542 1482 618 1533 De
641 1479 796 1545 fama
822 1475 1110 1532 comitissa
1141 1475 1462 1555 Mathildis.
1478 1479 1526 1555 et
1555 1475 1621 1530 de
1645 1476 1805 1541 fama
1830 1478 1881 1528 et
1906 1473 2152 1543 opinione

1162 1548 1280 1615 ejus
1296 1548 1506 1600 mariti.

613 1649 895 1705 Mathildis
928 1649 1094 1720 igitur
1119 1648 1421 1715 comitissa,
1455 1645 1730 1702 defunctis
1750 1654 1901 1719 patre
1930 1645 2144 1702 Bonifa-

537 1746 624 1801 cio
648 1752 703 1799 et
752 1753 933 1799 matre
986 1742 1256 1807 Beatrice,
1284 1750 1405 1797 tum
1438 1757 1659 1796 morum
1690 1740 1983 1811 probitate,
2022 1748 2141 1796 tum

541 1837 961 1910 progenitorum
1022 1836 1283 1906 praclara
1318 1835 1568 1905 prosapia
1621 1834 1812 1889 multis
1859 1834 1912 1887 in
1964 1834 2144 1905 regnis

541 1941 672 1987 nota
703 1929 943 1985 efﬁcitur
970 1938 1026 1983 et
1052 1928 1284 1984 famosa.
1314 1931 1471 1983 Hanc
1491 1929 1635 1982 enim
1651 1929 1971 1983 Gracorum
1998 1928 2145 1997 prin-

542 2025 707 2095 cipes,
743 2024 1205 2088 Alamannorum,
1250 2026 1591 2087 Russonum,
1622 2021 1936 2089 Saxonum,
1966 2020 2145 2074 Friso—

546 2133 702 2182 num,
734 2121 1130 2181 Arvernorum,
1164 2117 1498 2179 Vasconum,
1538 2115 1897 2179 Francorum,
1945 2112 2147 2167 Lothe~

546 2212 834 2279 ringorum
864 2217 917 2263 et
945 2208 1336 2261 Britannorum
1367 2206 1551 2260 multis
1576 2205 1911 2260 extollebant
1961 2205 2138 2271 laudi-

550 2302 673 2365 bus,
696 2309 749 2354 et
795 2301 968 2353 multa
994 2298 1096 2353 sibi
1124 2298 1267 2352 dona
1289 2297 1755 2352 transmittebant.
1814 2300 1963 2352 [nter
2003 2312 2144 2368 quos

554 2393 783 2449 Alexius
805 2394 1157 2457 Gracorum,
1182 2400 1237 2445 et
1256 2391 1695 2445 Alemannorum
1710 2407 1864 2460 reges
1880 2391 2000 2461 ejus
2024 2406 2147 2445 con-

546 2486 763 2558 jugium
783 2486 1076 2556 petierunt,
1097 2494 1152 2539 et
1180 2485 1274 2539 alii
1305 2500 1526 2555 quoque
1538 2484 1697 2538 multi
1720 2484 1965 2555 praclari
1981 2484 2146 2539 duces

544 2588 600 2634 et
624 2579 923 2649 principes,
980 2578 1175 2648 quibus
1206 2577 1434 2649 placide,
1477 2593 1589 2631 non
1619 2586 1812 2632 tamen
1842 2576 2138 2632 efficaciter

550 2671 952 2743 respondebat;
1002 2671 1121 2726 hac
1170 2671 1315 2725 enim
1368 2686 1586 2741 semper
1614 2678 1729 2725 erat
1759 2669 1899 2726 facie
1933 2670 2147 2737 hilaris,

550 2774 733 2820 mente
805 2765 1012 2836 quieta,
1079 2780 1423 2835 corporeque
1483 2764 1708 2833 decora;
1766 2765 2150 2827 Teutonicam,

551 2858 941 2929 Francigenam
964 2865 1017 2912 et
1040 2858 1467 2913 Lombardicam
1488 2858 1701 2929 optime
1719 2858 1871 2912 novit
1888 2858 2150 2928 linguam.

553 2956 706 3006 Inter
757 2958 1097 3021 caterasque
1152 2952 1407 3005 nationes
1458 2950 1596 3005 fovit
1639 2966 1827 3005 amore
1878 2950 2159 3021 pracipuo

2238 431 2461 496 marito,
2508 429 2733 501 ﬁlioque
2772 444 2835 483 ea
2866 428 3168 499 superstito
3201 426 3434 498 privata,
3464 424 3647 480 multis
3674 428 3797 497 prius

2244 520 2509 576 bellorum
2563 517 2905 574 conflictibus
2950 525 3005 571 et
3062 516 3448 572 adversitatum
3495 514 3716 569 stimulis
3743 516 3800 569 la-

2240 612 2459 675 cessita,
2477 618 2539 664 ut
2558 608 2759 680 patebit
2781 608 2835 662 in
2852 606 3221 678 sequentibus,
3252 614 3307 659 et
3334 620 3565 659 suorum
3588 604 3803 659 ultimam

2242 700 2559 765 decessisse,
2593 706 2648 753 et
2677 714 2776 767 pro
2796 712 2910 752 sua
2943 694 3189 750 remedio
3218 696 3419 749 anima
3440 708 3567 764 qua
3597 690 3805 762 posside-

2242 790 2338 845 bat
2356 788 2734 859 apostolorum
2757 786 3029 857 clavigero
3056 784 3356 855 reliquisse.
3372 783 3641 838 Scribitur
3655 792 3807 836 autem

2246 880 2300 933 in
2332 879 2469 933 libro
2501 877 2595 948 qui
2627 876 2826 931 Darius
2853 875 3174 945 appellatur,
3208 872 3356 944 quod
3407 872 3528 926 hac
3558 870 3806 925 comitissa

2248 967 2531 1024 Mathildis
2560 983 2683 1021 cum
2703 967 2820 1038 jam
2846 964 3062 1021 duobus
3096 962 3360 1018 fratribus
3388 960 3680 1022 emortuis,
3704 976 3810 1030 quos

2248 1057 2477 1113 Henrici
2508 1055 2856 1127 imperatoris
2879 1051 3175 1107 calliditate
3199 1050 3406 1105 occisos
3423 1048 3538 1104 fore
3563 1047 3811 1113 credebat,

2248 1161 2417 1219 seque
2455 1146 2627 1200 solam
2658 1143 2849 1199 videns
2887 1140 3256 1213 superstitem,
3300 1146 3557 1210 serpente
3588 1138 3677 1208 qui
3705 1136 3813 1192 olim

2251 1236 2616 1309 protoplastos
2635 1233 2690 1288 in
2708 1231 2959 1303 paradiso
2976 1231 3077 1285 Dei
3102 1229 3321 1300 decepit
3337 1228 3619 1293 callidior,
3639 1228 3815 1298 ipsum-

2262 1341 2369 1397 que
2406 1336 2658 1395 quarens
2711 1323 3103 1392 imperatorem
3149 1334 3179 1372 a
3226 1332 3400 1389 regno
3455 1318 3673 1387 privare
3702 1315 3818 1371 dolis

2261 1413 2615 1476 acutissimis,
2658 1427 2767 1466 non
2810 1410 2979 1465 armis
3036 1408 3310 1473 laborans,
3350 1406 3590 1476 septimo
3624 1403 3819 1461 adhasit

2258 1504 2545 1575 Gregorio,
2579 1500 2668 1572 qui
2723 1500 2872 1570 prius
2929 1494 3503 1568 lldeprandusdictus
3558 1502 3667 1548 est.
3711 1496 3817 1562 Quae

2257 1608 2385 1649 cum
2421 1589 2601 1645 adhuc
2642 1589 2795 1658 virgo
2850 1586 3121 1657 Gigonem
3149 1584 3323 1638 virum
3358 1580 3819 1652 prudentissimum

2175 1710 2220 1771 Β
2255 1682 2695 1743 Northimandia
2714 1681 2910 1735 ducem
2923 1678 3165 1734 duxisset
3184 1676 3239 1731 in
3252 1675 3536 1735 maritum,
3562 1690 3667 1745 per
3682 1689 3822 1728 annos

2257 1793 2457 1850 paucos
2485 1790 2670 1830 secum
2696 1780 2934 1837 morata,
2966 1786 3131 1842 super
3154 1769 3347 1840 sejam
3377 1767 3659 1839 paenitens
3687 1767 3824 1821 alicu-

2245 1872 2336 1944 jus
2383 1870 2585 1924 habere
2626 1865 2954 1929 dominium,
3002 1862 3228 1919 consilio
3261 1861 3399 1915 inito
3444 1876 3577 1915 cum
3624 1860 3819 1914 vernula

2253 1966 2359 2021 sibi
2404 1962 2746 2027 ﬁdelissima,
2776 1958 3066 2029 ipsumque
3094 1955 3162 2011 ad
3207 1956 3449 2010 cloacam
3481 1969 3651 2023 super
3677 1953 3823 2007 lacum

2254 2058 2535 2114 sedentem
2594 2069 2688 2126 per
2731 2066 3007 2107 secessum
3051 2049 3301 2104 immisso
3345 2062 3474 2102 ense
3523 2044 3659 2101 fecit
3702 2047 3825 2099 inte-

2255 2151 2404 2205 rimi.
2428 2150 2568 2204 Cum
2580 2156 2767 2202 autem
2783 2146 2950 2200 robur
2968 2142 3206 2199 aTuscia
3223 2157 3400 2212 usque
3420 2144 3663 2195 Romam
3684 2136 3825 2193 comi-

2254 2252 2404 2299 tatus
2445 2243 2525 2297 sui
2554 2240 2668 2295 fere
2705 2239 2819 2294 sola
2848 2245 3146 2304 exerceret,
3198 2243 3465 2306 pactoque
3485 2231 3826 2288 secretissima

2256 2337 2443 2392 habito
2478 2349 2606 2389 cum
2652 2332 2848 2387 eodem
2898 2327 3246 2401 Ildeprando,
3294 2326 3551 2382 Ecclesia
3582 2329 3828 2381 Romanae

2254 2440 2387 2486 tunc
2414 2428 2663 2494 diacono,
2687 2442 2789 2481 nec
2838 2441 2952 2480 non
2982 2439 3111 2479 cum
3142 2420 3564 2494 quamplurimis
3594 2417 3830 2490 religiosis

2257 2540 2289 2579 a
2338 2523 2539 2577 ﬁnibus
2567 2519 2753 2575 Albini
2792 2528 2846 2575 et
2908 2515 3122 2573 Rufﬁni
3165 2515 3391 2586 sparsis,
3424 2521 3693 2585 quatenus
3735 2511 3833 2565 sine

2258 2632 2527 2674 consensu
2552 2612 2897 2685 imperatoris
2920 2612 2977 2665 in
3006 2609 3322 2680 pontiﬁcem
3349 2611 3675 2663 Romanum
3695 2604 3835 2673 elige-

2261 2718 2403 2776 rent,
2431 2717 2494 2763 ut
2515 2714 2928 2763 consecraretur
2955 2717 3182 2774 operam
3211 2700 3378 2756 dedit.
3420 2698 3531 2755 Sed
3572 2714 3645 2752 ne
3672 2708 3834 2752 sermo

2262 2818 2504 2875 prasens
2526 2800 2776 2855 videatur
2802 2806 3053 2853 mortuos
3078 2809 3357 2859 accusare,
3387 2790 3456 2847 ad
3476 2788 3833 2862 subsequentia

2265 2895 2608 2970 procedatur.

2836 2981 3077 3038 CAPUT
3116 2979 3274 3033 .Vlll.

552 3043 921 3100 Lombardos.
955 3048 1035 3099 De
1062 3043 1176 3098 viro
1203 3052 1385 3099 autem
1408 3044 1573 3115 hujus
1603 3042 1903 3098 comitissa
1925 3044 2148 3098 Mathil-
2184 3081 2229 3143 Ο
2327 3078 2401 3130 De
2419 3088 2551 3144 pace
2577 3074 2730 3139 facta
2752 3087 2853 3142 per
2876 3070 3209 3123 com-ﬁssam
3240 3068 3382 3119 inter
3408 3065 3777 3133 imperatorem

552 3137 639 3193 dis
669 3147 854 3194 exstat
885 3139 942 3192 in
972 3136 1164 3192 dubio.
1216 3138 1324 3191 Per
1362 3137 1480 3192 hac
1507 3137 1658 3192 enim
1713 3138 1875 3192 verba
1932 3136 2147 3191 videtur

552 3231 713 3301 hujus
764 3230 1007 3285 historia
1051 3229 1286 3300 scriptor
1334 3229 1560 3285 innuere
1612 3230 1954 3285 comitissam
2009 3230 2147 3284 hanc

552 3339 664 3378 non
705 3323 961 3379 habuisse
1010 3322 1295 3389 maritum,
1337 3338 1462 3377 cum
1494 3323 1547 3377 in
1594 3323 1951 3394 sequentibus
1979 3323 2149 3377 etiam

555 3416 707 3488 quod
738 3416 1010 3483 habuerit,
1039 3417 1122 3470 vel
1147 3416 1289 3470 ﬁlios
1310 3416 1587 3487 genuerit,
1612 3416 1823 3471 nullam
1852 3415 1982 3471 facit
2008 3432 2151 3470 men-

552 3512 781 3565 tionem.
832 3511 1102 3566 Scribitur
1132 3519 1318 3565 tamen
1345 3510 1401 3564 in
1434 3510 1571 3564 libro
1602 3510 1693 3581 qui
1744 3509 1948 3564 dicitur
1982 3509 2152 3580 Copia

552 3603 860 3673 Landulphi
890 3604 956 3658 de
985 3606 1041 3659 S.
1073 3604 1263 3669 Paulo,
1295 3602 1443 3673 quod
1486 3602 1555 3656 ad
1583 3618 1858 3657 secessum
1911 3602 2155 3657 residens

556 3695 673 3749 dux
725 3695 955 3765 quidam
1007 3697 1231 3750 nomine
1274 3694 1624 3761 Gothfridus,
1678 3693 1957 3751 Gothfridi
1989 3694 2151 3760 ﬁlius,

558 3787 741 3859 gladio
793 3786 1078 3842 confossus
1109 3788 1339 3854 interiit,
1375 3788 1610 3859 conjuge
1645 3789 1833 3843 relicta
1865 3787 2155 3854 Mathilda,

554 3880 818 3935 Bonifacii
849 3896 911 3935 ac
942 3880 1204 3935 Beatricis
1230 3879 1530 3935 admodum
1570 3881 1873 3935 clarissima
1905 3880 2160 3951 ﬁlia;per

557 3973 705 4045 quod
751 3974 996 4028 nascitur
1025 3972 1173 4043 quod
1228 3972 1345 4027 hac
1372 3973 1653 4027 comitissa
1705 3973 1864 4027 alicui
1903 3975 2027 4027 viro
2058 3990 2159 4027 nu-

559 4068 758 4137 pserit,
810 4066 937 4121 huic
993 4065 1204 4121 scilicet
1233 4064 1548 4120 Gothfrido.
1599 4070 1697 4122 Est
1744 4074 1799 4120 et
1847 4066 2160 4137 aliquorum

559 4160 743 4231 opinio
782 4160 930 4230 quod
976 4162 1078 4214 iste.
1106 4157 1434 4213 Gothfridus
1463 4159 1570 4213 dux
1616 4158 1780 4213 fuerit
1806 4160 2158 4231 Spoletanus,

562 4268 884 4325 quanquam
916 4253 973 4307 in
1021 4252 1212 4308 eadem
1243 4254 1399 4323 copia
1428 4253 1547 4323 ejus
1574 4269 1689 4309 non
1724 4254 2043 4310 nominetur
2066 4256 2163 4311 du-

561 4354 735 4403 catus.
755 4347 955 4402 Scribit
969 4346 1118 4401 enim
1136 4346 1402 4401 Martinus
1426 4347 1659 4401 Polonus
1679 4348 1732 4401 in
1753 4347 2021 4403 Chronica
2043 4365 2160 4413 sua,

2895 3147 2945 3194 et
2966 3154 3185 3194 vanam.

2895 3155 2945 3194 et
3115 3155 3185 3191 m.

2326 3241 2461 3294 Post
2474 3243 2713 3292 mortem
2724 3234 2906 3305 itaque
3127 3229 3424 3284 comitissa
3444 3230 3502 3283 M
3510 3226 3722 3281 athildis
3735 3225 3837 3279 dis-

2259 3336 2512 3386 currente
2562 3326 2706 3381 fama
2743 3341 2841 3397 per
2884 3323 3077 3379 orbem
3116 3338 3305 3392 regem
3348 3321 3652 3376 Henricum
3694 3318 3839 3389 hujus

2258 3422 2503 3480 nominis
2527 3423 2620 3486 IV,
2645 3416 2977 3473 Ildebrando
3009 3416 3410 3477 consentiente,
3449 3414 3543 3485 qui
3572 3422 3623 3469 et
3650 3414 3836 3481 Grego-

2260 3518 2375 3572 rius
2404 3517 2523 3580 VIl,
2543 3529 2671 3569 cum
2701 3513 2815 3567 suis
2829 3510 3157 3576 fautoribus,
3181 3525 3329 3563 anno
3359 3507 3611 3579 ejusdem
3636 3503 3836 3561 Henrici

2261 3610 2523 3681 vigesimo
2554 3607 2751 3678 primo,
2790 3605 2884 3675 qui
2933 3602 3035 3659 fuit
3083 3619 3176 3659 an.
3210 3606 3377 3657 Dom.
3418 3607 3581 3665 1077,
3611 3616 3639 3653 a
3664 3597 3831 3653 matris

2264 3702 2524 3758 Ecclesia
2540 3709 2743 3755 sancta
2759 3697 2966 3769 gremio
2988 3704 3356 3769 segregatum.
3378 3702 3431 3749 et
3458 3692 3737 3749 Alemanni
3750 3690 3836 3744 du-

2265 3810 2378 3860 ces,
2407 3793 2615 3848 scilicet
2640 3789 2991 3857 Bertholdus,
3022 3787 3348 3859 Rodulphus
3371 3795 3427 3841 et
3456 3786 3707 3857 Unelpho
3728 3797 3834 3837 cum

2267 3888 2458 3942 multis
2503 3884 2796 3941 comitibus
2845 3892 2900 3937 et
2945 3882 3225 3953 episcopis
3271 3881 3339 3934 ab
3384 3880 3505 3951 ejus
3541 3895 3601 3935 se
3654 3888 3834 3932 traxere

2267 3979 2569 4045 consortio,
2596 3994 2721 4033 cum
2751 3976 2922 4031 multa
2944 3975 3167 4029 infamia
3193 3973 3553 4039 denotantes;
3588 3969 3725 4043 quod
3744 3970 3832 4021 im-

2272 4062 2491 4145 perator
2520 4086 2841 4144 agnoscens,
2863 4068 2934 4123 ad
2955 4067 3336 4123 consobrinam
3361 4082 3519 4121 suam
3538 4061 3831 4121 Mathildam

2273 4168 2609 4223 comitissam
2641 4164 2912 4219 illustrem
2941 4162 3167 4216 nuntios
3195 4160 3420 4227 direxit,
3452 4169 3514 4214 ut
3535 4160 3649 4230 ipsa
3683 4152 3830 4211 consi-

2276 4263 2409 4317 lium
2460 4259 2769 4329 exquireret
2813 4264 3037 4327 propter
3087 4254 3236 4327 quod
3280 4270 3417 4325 papa
3470 4249 3831 4306 Lombardiam

2273 4360 2608 4425 pr0peraret,
2630 4350 2956 4421 promittens
2976 4347 3281 4403 satisfacere
3302 4346 3369 4401 de
3384 4344 3710 4401 commissis.
3731 4343 3833 4395 Pro-

563 4440 713 4512 quod
739 4439 1064 4498 Gothfridus
1084 4439 1409 4510 Spoletanus
1432 4440 1543 4495 dux
1568 4449 1622 4494 et
1638 4441 1916 4495 comitissa
1944 4442 2161 4496 Mathil-
2192 4447 2244 4508 D
2275 4454 2499 4501 curante
2530 4444 2691 4515 igitur
2724 4442 2914 4497 eadem
2945 4442 3230 4496 comitissa
3259 4438 3565 4495 honoriﬁce
3600 4434 3829 4504 suscepit,

562 4535 647 4590 dis
675 4536 870 4590 devota
897 4535 1003 4589 ﬁlia
1022 4533 1192 4589 sancti
1222 4535 1391 4599 Petri,
1415 4535 1794 4588 Nortmannos
1816 4534 2159 4604 expulerint:

560 4628 654 4698 qui
696 4628 752 4680 in
788 4627 1170 4698 prajudicium
1204 4626 1481 4690 Ecclesia,
1539 4625 1857 4682 Alexandro
1888 4643 2026 4697 papa
2078 4644 2163 4683 se-

565 4719 745 4775 cundo
805 4720 1131 4789 prasidente
1182 4720 1409 4774 natione
1450 4720 1873 4787 Mediolanense,
1932 4737 2161 4792 regnum

567 4812 779 4883 Apulia
808 4812 1149 4879 invaserunt,
1177 4821 1233 4866 et
1261 4813 1396 4867 ﬁnes
1426 4814 1734 4885 Campania
1775 4812 2156 4869 devastabant.

564 4906 727 4961 Ponit
764 4920 983 4977 quoque
1027 4905 1267 4959 Iacobus
1290 4906 1359 4961 de
1411 4907 1701 4978 Varagine,
1733 4907 1851 4963 ord.
1904 4910 2160 4963 Fratrum

564 4998 943 5063 Pradicator.,
973 4998 1416 5068 archiepiscopus
1445 5000 1758 5065 Januensis,
1792 5001 1849 5053 in
1888 5000 2161 5055 Chronica

564 5108 683 5160 sua,
713 5090 859 5162 quod
892 5090 1010 5145 hac
1035 5089 1299 5145 Mathilda
1331 5091 1529 5145 tradita
1550 5092 1766 5160 unptui,
1798 5108 1925 5146 cum
1952 5092 2019 5147 de
2046 5094 2161 5147 viro

563 5202 664 5240 suo
695 5186 869 5239 ﬁlium
917 5182 1220 5255 genuisset,
1255 5193 1475 5253 propter
1503 5183 1723 5238 dolores
1747 5199 1883 5253 quos
1913 5185 1968 5239 in
2000 5193 2161 5255 partu

562 5287 826 5345 senserat,
872 5277 1052 5332 noluit
1108 5284 1295 5347 postea
1344 5277 1458 5330 viro
1496 5292 1597 5330 suo
1635 5277 1926 5348 conjungi;
1976 5279 2163 5350 sicque

561 5372 674 5426 ﬁlio
706 5379 949 5438 mortuo,
1008 5385 1183 5441 eaque
1213 5370 1530 5438 superstite,
1564 5370 1678 5423 sine
1722 5370 1901 5425 liberis
1938 5372 2161 5427 tandem

562 5464 757 5519 ultima
788 5461 1005 5519 defecit.
1036 5465 1235 5518 Fertur
1257 5462 1426 5516 etiam
1452 5461 1619 5533 quod,
1652 5478 1750 5533 per
1779 5462 1949 5535 ipsius
1972 5474 2161 5536 partus

560 5558 779 5613 dolores
807 5557 1051 5612 animata
1078 5557 1138 5611 in
1167 5556 1452 5622 maritum,
1484 5556 1665 5626 ipsum
1692 5555 1857 5613 fuerit
1893 5558 2159 5623 insecuta,

559 5659 615 5706 et
633 5650 776 5706 forte
799 5655 885 5717 (ut
909 5649 1114 5722 aliquid
1140 5653 1471 5715 autumant),
1500 5666 1599 5721 per
1615 5650 1845 5706 modum
1864 5653 1957 5723 qui
1978 5652 2161 5707 dictus

561 5753 663 5813 est,
686 5745 742 5801 in
763 5760 892 5801 eum
918 5758 1111 5801 necem
1133 5760 1166 5801 a
1194 5744 1309 5801 ﬁlio
1338 5744 1524 5801 inferit
1551 5762 1873 5817 procurasse
1915 5750 2059 5816 (sic).
2095 5751 2163 5803 Et

2280 4540 2370 4595 ubi
2422 4538 2587 4593 etiam
2621 4538 2921 4607 imperator
2952 4536 3227 4590 Henricus
3256 4533 3456 4588 adfuit.
3487 4535 3548 4587 lu
3581 4524 3834 4603 praesentia

2270 4633 2434 4705 igitur
2460 4630 2846 4702 episcoporum
2863 4638 2916 4683 et
2942 4629 3269 4700 principum,
3299 4626 3443 4681 inter
3472 4642 3613 4697 quos
3638 4632 3744 4679 erat
3766 4634 3837 4672 ve-

2272 4726 2523 4781 nerabilis
2550 4727 2673 4796 Ugo
2706 4722 3075 4779 Cluniacensis
3114 4720 3305 4785 abbas,
3339 4719 3687 4791 imperatoris
3716 4717 3839 4770 Heu.

2271 4820 2368 4875 rici
2401 4820 2454 4873 in
2492 4819 2707 4874 lavacro
2733 4825 2909 4887 pater,
2969 4815 3036 4871 de
3058 4830 3185 4887 pace
3213 4813 3575 4869 tractabatur.
3622 4813 3839 4877 Cumque

2272 4913 2449 4971 tribus
2478 4913 2597 4983 iam
2624 4926 2788 4982 super
2827 4910 2911 4963 his
2937 4910 3180 4963 decursis
3207 4907 3424 4966 diebus,
3455 4905 3668 4959 nullum
3715 4888 3849 4973 pacis‘

2273 5015 2535 5062 tractatus
2584 5005 2873 5060 sortiretur
2920 5000 3205 5067 effectum,
3262 5000 3563 5069 imperator
3607 4996 3840 5050 abbatem

2271 5102 2527 5170 Ugonem
2580 5096 2862 5150 humiliter
2886 5094 3209 5164 deprecatus
3246 5102 3328 5147 est
3370 5101 3433 5146 ut
3461 5091 3561 5145 sibi
3594 5105 3689 5161 pro
3732 5097 3842 5157 pace

2272 5191 2563 5261 ﬁdeiussor
2589 5189 2823 5252 existat;
2866 5187 3013 5257 quod
3042 5187 3130 5241 ille
3159 5186 3263 5241 sibi
3297 5200 3407 5240 non
3434 5185 3597 5239 licere
3637 5193 3841 5252 respou-

2272 5284 2427 5348 dens,
2452 5290 2632 5337 astans
2654 5280 2930 5335 comitissa
2951 5295 3049 5351 pro
3072 5280 3402 5351 imperatore
3424 5294 3611 5350 preces
3639 5268 3845 5340 ingemi-

2271 5370 2382 5431 nat.
2415 5375 2513 5431 Cui
2536 5382 2587 5427 et
2612 5373 2780 5428 abbas
2809 5373 2923 5443 ipse
2953 5372 3237 5444 respondit
3264 5392 3276 5426 :
3312 5375 3392 5426 Tu
3418 5371 3533 5426 sola
3564 5378 3711 5441 potes
3750 5364 3842 5417 hoc

2271 5466 2493 5538 exsequi
2518 5485 2529 5520 :
2562 5474 2691 5520 tunc
2719 5466 2944 5536 supplex
2961 5466 3255 5538 imperator
3281 5466 3739 5535 consanguineam
3764 5469 3844 5510 ro-

2270 5578 2404 5633 gans
2450 5569 2532 5627 ut,
2563 5575 2626 5614 ea
2657 5556 3053 5625 intercedente,
3075 5575 3103 5614 a
3136 5561 3394 5613 Romano
3421 5556 3671 5628 pontiﬁce
3696 5552 3842 5606 bene-

2270 5654 2568 5711 dictionem
2581 5654 2860 5725 suscipere
2886 5660 3189 5718 mereatur;
3217 5652 3367 5723 quod
3392 5667 3453 5707 se
3478 5660 3710 5706 acturam
3732 5654 3845 5714 pro-

2271 5750 2501 5805 mittens
2540 5748 2725 5803 statim
2751 5745 2822 5803 ad
2852 5761 3137 5802 summum
3186 5744 3513 5817 pontiﬁcem
3540 5742 3687 5807 abiit,
3709 5748 3849 5791 cum-
