4052 6180
310 258 438 313 1049

1205 262 1615 323 ΑΡΡΕΝΒᾸΙῙ.
1656 300 1733 343 -ν
1764 270 2181 329 MONUMEN'I‘A
2218 273 2676 330 GREGORIANA.

3452 281 3587 334 1050

301 397 400 453 que
446 382 759 454 suppliciter
821 384 1074 455 allocuta,
1114 388 1336 444 tandem
1378 392 1593 448 annuit.
1641 394 1885 451 Credidit
1907 400 1962 462 Α
1993 404 2075 453 tes
2104 397 2334 453 absolvit
2360 397 2430 454 ab
2449 397 2775 455 inﬁdelitate
2801 406 2857 455 et
2874 400 3131 471 perjurio.
3154 402 3321 472 Quod
3352 403 3586 474 impera-

301 474 472 531 verbis
493 476 629 547 ejus,
660 478 919 549 petiitque
940 489 999 534 ut
1020 480 1118 535 sibi
1151 491 1204 535 et
1236 484 1495 540 Ecclesia
1520 488 1788 543 Romana
1814 489 1882 544 ab

299 569 414 641 ipso
459 569 787 641 imperatore
829 571 1108 629 ﬁdelitatis
1137 575 1517 645 juramentum
1572 591 1882 651 prastetur.

302 668 603 734 Imperator
624 665 808 735 itaque
832 665 899 721 ad
924 669 1268 736 praesentiam
1297 687 1451 741 papa
1478 673 1635 729 nudis
1661 675 1887 745 pedibus

297 772 459 827 super
486 757 669 811 nivem
707 767 762 811 et
790 759 1020 829 glaciem
1042 761 1298 817 incedens
1319 765 1484 829 venit,
1508 776 1561 821 et
1583 768 1635 820 in
1657 768 1884 823 modum

296 849 473 904 crucis
504 865 561 903 se
591 850 647 904 in
693 858 903 905 terram
953 858 1077 906 ante
1110 853 1274 926 pedes
1308 856 1582 925 pontificis
1627 859 1839 927 jactans
1867 879 1880 912 :

294 944 484 1007 Parce,
538 943 734 1015 inquit,
787 945 1101 1001 beatissime
1122 949 1296 1013 Pater,
1327 965 1502 1019 parce.
1546 952 1711 1022 Cujus
1752 969 1885 1024 papa

292 1036 588 1107 praesentia
611 1037 965 1093 miseratione
994 1048 1196 1105 motus,
1228 1040 1531 1109 benedixit,
1557 1052 1611 1099 et
1632 1044 1703 1099 ad
1738 1046 1886 1116 pacis

288 1130 545 1184 osculum
574 1128 818 1197 admisit,
873 1133 1147 1204 missaque
1200 1135 1517 1191 solemniter
1570 1138 1882 1207 decantata,

288 1222 543 1293 corporis
588 1232 642 1277 et
665 1224 947 1294 sanguinis
972 1227 1200 1282 Domini
1232 1229 1400 1283 nostri
1434 1232 1560 1285 Jesu
1601 1231 1797 1287 Christi
1826 1234 1885 1289 in

287 1315 440 1386 pacis
469 1325 523 1371 et
562 1317 879 1373 concordia
904 1319 1125 1391 signum
1179 1336 1308 1376 eum
1333 1320 1460 1377 fecit
1487 1328 1883 1382 communione

284 1410 636 1479 participem,
657 1419 711 1465 et
724 1410 779 1465 in
794 1427 974 1466 arcem
991 1413 1326 1470 Canusinam
1345 1431 1473 1471 eum
1485 1416 1711 1473 deduxit
1724 1420 1884 1475 mira-

284 1502 469 1557 biliter
533 1503 878 1559 collatantes
936 1506 1133 1577 Sicque
1188 1508 1466 1564 Mathilda
1519 1526 1716 1583 magna
1748 1530 1880 1583 pru-

286 1594 483 1651 dentia
505 1595 859 1651 consolidata
901 1607 1031 1652 sunt
1046 1598 1183 1654 inter
1204 1600 1596 1672 imperatorem
1618 1613 1670 1661 et
1684 1622 1879 1676 papam

283 1689 438 1759 pacis
462 1686 691 1754 fadera,
725 1690 904 1745 invitis
927 1700 1110 1747 tamen
1134 1694 1459 1765 quibusdam
1488 1697 1781 1770 episcOpis,
1828 1707 1883 1755 et

280 1782 352 1835 in
406 1781 500 1836 lite
559 1783 928 1851 manentibus,
983 1794 1145 1857 prout
1190 1786 1577 1861 subsequentia
1631 1768 1881 1849 declara-
1909 1768 1957 1829 Β

279 1874 451 1932 bunt.

864 1981 1109 2037 CAPUT
1168 1984 1265 2038 IX.

276 2082 539 2158 Qualiter
560 2098 706 2153 papa
734 2088 784 2137 et
814 2087 1103 2158 comitissa,
1140 2087 1489 2154 imperatoris
1514 2088 1621 2156 ﬁde
1648 2093 1878 2158 mutata,

360 2155 593 2208 insidias
625 2160 928 2217 evaserunt,
958 2161 1010 2210 et
1030 2156 1137 2210 sibi
1161 2161 1212 2210 et
1232 2160 1344 2211 suis
1365 2155 1641 2212 adversati
1662 2165 1808 2214 sunt.

358 2262 491 2313 Post
511 2258 629 2314 hac
658 2259 977 2330 imperator,
1000 2276 1139 2331 papa
1153 2259 1381 2317 dimisso
1406 2262 1463 2316 in
1494 2263 1698 2334 oppido
1719 2267 1877 2319 Canu

270 2353 427 2420 sino,
455 2353 697 2424 Regium
728 2354 986 2423 perrexit,
1016 2370 1181 2425 quam
1210 2355 1485 2411 civitatem
1518 2356 1741 2427 quidam
1786 2358 1879 2413 de-

271 2446 697 2517 populabantur
723 2447 985 2517 episcopi,
1015 2446 1268 2503 videlicet
1289 2450 1635 2516 Mutinensis,
1657 2453 1880 2507 Cremo-

270 2540 474 2595 nensis
514 2548 569 2594 et
609 2540 994 2606 Bononiensis,
1025 2540 1091 2596 de
1122 2557 1254 2611 pace
1283 2542 1424 2597 inter
1451 2559 1649 2614 papam
1694 2552 1749 2599 et
1771 2545 1878 2600 im-

272 2641 600 2704 peratorem
641 2633 941 2703 plurimum
990 2640 1319 2689 metuentes.
1378 2635 1477 2690 His
1527 2645 1647 2691 erat
1690 2646 1881 2693 auctor

270 2726 588 2782 Guibertus
608 2725 1049 2798 archiepiscopus
1075 2728 1473 2795 Bavennensis,
1499 2730 1722 2785 natione
1756 2734 1885 2785 Par-

265 2819 510 2886 mensis,
544 2820 627 2873 vir
654 2820 851 2875 nobilis
885 2829 941 2875 et
963 2829 1209 2887 astutus;
1249 2820 1338 2875 hic
1371 2829 1555 2876 autem
1582 2822 1879 2893 imperato-

268 2914 361 2967 ris
392 2920 637 2966 mentem
671 2912 809 2967 adeo
833 2913 1095 2983 pervertit
1139 2930 1170 2967 a
1202 2929 1358 2985 papa,
1384 2922 1445 2969 ut
1467 2914 1534 2969 de
1564 2916 1708 2986 pacis
1727 2932 1883 2971 com-

273 3006 567 3075 positione
588 3006 861 3075 panitens
899 3022 1091 3077 papam
1113 3007 1427 3078 conceperit
1455 3008 1751 3079 captivare.
1784 3010 1885 3065 Die

267 3100 453 3171 igitur
504 3106 538 3154 6
562 3114 627 3153 ex
656 3115 765 3171 quo
795 3098 1119 3154 discesserat
1146 3114 1176 3153 a
1210 3116 1346 3171 papa
1386 3100 1752 3158 Bibianellum
1789 3119 1877 3159 re-
1913 3112 1958 3174 (ς

269 3192 513 3258 meavit,
546 3190 614 3247 ad
644 3208 806 3264 quem
834 3207 991 3263 papa,
1022 3209 1123 3247 nec
1156 3209 1267 3247 non
1294 3201 1349 3248 et
1372 3194 1646 3249 comitissa
1684 3200 1833 3262 (956)
1864 3214 1877 3250 :

267 3286 424 3358 petit
458 3286 752 3355 imperator
796 3302 927 3341 cum
967 3287 1045 3340 eis
1086 3286 1422 3357 colloquium
1461 3288 1601 3343 ultra
1648 3289 1880 3355 Padum,

266 3377 437 3451 quod
468 3388 790 3444 annuentes,
838 3379 970 3433 dum
1023 3380 1304 3435 transisset
1356 3380 1674 3452 imperator,
1719 3383 1883 3437 etiam

264 3472 391 3544 ipsi
422 3472 661 3526 transire
706 3471 1060 3537 contendunt,
1108 3482 1387 3544 concepta
1433 3473 1641 3529 fraudis
1682 3476 1880 3546 ignari.

264 3569 536 3636 Cumque
564 3565 907 3625 transissent,
955 3565 1097 3620 venit
1130 3565 1200 3620 ad
1226 3566 1565 3621 comitissam
1606 3568 1885 3624 insinuans

266 3673 411 3730 qua
462 3658 723 3712 latebant.
771 3656 1058 3713 Patefactis
1095 3658 1276 3728 itaque
1313 3658 1523 3714 insidiis
1577 3675 1708 3730 papa
1756 3676 1886 3717 cum

265 3750 576 3807 comitissa
605 3750 676 3806 ad
717 3750 977 3822 oppidum
1015 3751 1197 3817 rediit,
1238 3752 1627 3823 imperatorem
1656 3754 1887 3809 minime

266 3845 598 3901 revisurus.
645 3846 781 3911 Hac
812 3844 1095 3899 audientes
1133 3844 1373 3917 episcopi
1420 3845 1722 3917 supradicti
1775 3847 1885 3903 lati

267 3946 422 3993 sunt
447 3935 654 4004 effecti,
674 3946 728 3992 et
744 3938 986 3992 maxime
1006 3938 1326 4002 Guibertus,
1352 3939 1463 4009 qui,
1483 3940 1647 4011 hujus
1661 3940 1888 3996 seditio-

267 4032 371 4087 nis
400 4038 617 4095 auctor,
640 4029 829 4085 sedem
859 4032 1213 4102 apostolicam
1241 4040 1431 4086 contra
1456 4033 1784 4103 Gregorium
1804 4033 1887 4087 in-

270 4124 495 4181 vadere
526 4124 827 4195 satagebat.
858 4128 1035 4195 Quem
1074 4123 1297 4179 tandem
1326 4123 1622 4196 imperator
1651 4125 1890 4181 laudavit

268 4221 332 4275 in
354 4232 589 4290 papam.
614 4217 871 4273 Seditiosi
901 4233 1136 4288 namque
1167 4219 1454 4272 memorati
1477 4218 1718 4290 episcopi
1741 4218 1885 4290 apud

270 4312 535 4368 Brixiam
584 4311 986 4374 convenientes,
1012 4312 1190 4381 ipsum
1232 4311 1565 4365 Guibertum
1598 4311 1650 4366 in
1689 4328 1887 4383 papam

270 4408 591 4477 elegerunt,
617 4404 955 4460 Clementem
981 4420 1107 4458 eum
1130 4414 1403 4459 vocantes.
1436 4408 1612 4476 Quem
1642 4413 1885 4477 postmo-

1995 498 2084 546 tor
2115 506 2413 563 agnoscens
2436 508 2568 547 cum
2617 492 2793 547 valido
2825 494 3068 549 exercitu
3091 494 3315 551 intravit
3344 497 3585 563 Italiam,

1995 599 2227 656 eamque
2256 592 2591 656 pervagatus,
2641 587 2857 643 castella
2896 585 3061 657 fregit
3095 597 3150 643 et
3190 588 3415 661 oppida;
3469 590 3587 647 sola

1994 684 2183 731 tamen
2230 679 2279 733 ei
2330 680 2523 733 restitit
2548 680 2830 735 comitissa
2862 681 3157 736 Mathildis.
3192 683 3392 737 Contra
3419 698 3587 754 quam

1995 771 2293 840 imperator
2331 788 2528 843 magna
2555 772 2913 828 exardescens
2943 774 3002 829 in
3026 775 3125 839 ira,
3160 776 3356 830 excitat
3386 774 3584 830 adver-

1995 878 2087 918 sus
2111 879 2230 917 eam
2267 865 2470 935 pralia,
2491 875 2836 936 terroresque
2860 867 3141 935 immittit,
3184 877 3241 923 et
3268 868 3587 924 obsidiones

1996 957 2264 1023 minatur;
2309 956 2407 1012 sed
2468 973 2595 1013 cum
2647 958 2825 1013 eidem
2869 960 3157 1017 comitissa
3212 961 3585 1017 innumerabi-

1996 1049 2066 1106 lia
2095 1058 2277 1105 essent
2320 1050 2599 1122 prasidia,
2644 1051 2713 1106 ab
2744 1052 3092 1123 imperatoris
3135 1054 3582 1125 oppressionibus

1994 1158 2215 1213 semper
2233 1151 2451 1199 strenue
2494 1159 2552 1199 se
2580 1143 2827 1200 defendit
2861 1164 2873 1199 :
2899 1146 3046 1216 quod
3072 1146 3370 1216 imperator
3396 1147 3582 1203 adver-

1993 1244 2134 1300 tens,
2157 1251 2285 1291 mox
2318 1238 2627 1307 properavit
2646 1237 2715 1293 ad
2732 1237 2965 1304 Urbem,
2986 1254 3177 1310 quam,
3194 1255 3321 1295 cum
3346 1240 3449 1294 sibi
3472 1256 3586 1294 non

1988 1329 2387 1400 obtemperaret
2414 1329 2482 1385 ad
2512 1339 2724 1395 votum,
2756 1330 3041 1387 obsidione
3071 1332 3307 1399 vallavit,
3356 1347 3586 1402 eamque

1986 1421 2347 1493 depopulatus
2395 1431 2497 1487 est,
2547 1433 2601 1478 et
2630 1424 2835 1479 mania
2882 1424 3051 1479 multa
3092 1424 3332 1495 dirupit;
3378 1420 3593 1495 postea,

1990 1515 2141 1571 Urbe
2157 1515 2675 1583 obtenta,statuitin
2706 1532 2791 1578 ea.
2810 1526 2869 1571 ut
2896 1516 3107 1573 dictum
3134 1525 3239 1585 est,
3256 1517 3588 1573 Guibertum

1988 1608 2300 1679 antipapam
2329 1610 2673 1664 Clementem
2710 1611 3067 1679 appellatum.
3122 1611 3421 1681 Gregorius
3460 1626 3587 1665 vero

1988 1716 2123 1772 papa
2139 1702 2219 1755 his
2233 1700 2465 1770 graviter
2474 1699 2740 1769 offensus,
2757 1702 3062 1757 Robertum
3075 1704 3362 1758 Guiscardi
3376 1703 3587 1774 Apulia

1989 1792 2284 1849 dominum
2307 1794 2360 1849 in
2390 1810 2556 1849 suum
2585 1795 2853 1850 auxilium
2870 1797 3126 1851 evocavit.
3155 1798 3332 1865 Quem
3360 1812 3489 1851 cum
3517 1796 3586 1852 de

1991 1887 2189 1958 Apulia
2218 1888 2528 1943 venientem
2566 1888 2867 1959 imperator
2895 1888 3162 1955 audisset,
3193 1891 3260 1945 ab
3296 1888 3452 1945 Urbe
3475 1888 3587 1944 dis-

1988 1981 2172 2035 cessit.
2222 1980 2327 2036 Sed
2355 1980 2654 2035 Guibertus
2712 1981 2993 2053 antipapa,
3039 1982 3280 2053 pramiis
3325 1991 3380 2037 et
3426 1982 3587 2037 donis

1990 2073 2373 2143 imperatorem
2402 2073 2666 2140 alliciens,
2697 2074 2945 2130 invasam
2984 2074 3131 2129 sedis
3153 2074 3467 2146 apostolica
3490 2090 3584 2130 ca-

1990 2165 2243 2221 thedram
2260 2164 2566 2232 detinebat;
2599 2167 2691 2237 qui
2714 2167 2996 2236 pravitatis
3017 2167 3288 2222 haretica
3315 2168 3473 2221 limes
3501 2166 3587 2222 ef-

1990 2256 2185 2325 fectus,
2232 2258 2434 2313 multos
2474 2259 2533 2313 in
2562 2258 2715 2315 Urbe
2743 2268 2799 2313 et
2821 2258 2954 2315 orbe
2979 2260 3177 2330 pariter
3213 2260 3435 2314 vitiavit.
3465 2261 3587 2330 Ipse

1993 2352 2162 2418 enim,
2188 2350 2371 2406 divina
2397 2351 2654 2407 mandata
2684 2368 2979 2423 seponens,
3006 2354 3151 2424 leges
3179 2368 3361 2407 sacras
3385 2368 3590 2423 prava-

1990 2444 2213 2508 ricabat,
2242 2446 2345 2499 Dei
2378 2445 2641 2501 Ecclesias
2658 2446 2993 2502 destruebat.
3017 2446 3350 2517 Gregorium
3368 2462 3589 2517 quoque

1994 2554 2192 2607 papam
2236 2538 2491 2593 severiter
2518 2548 2862 2608 persecutus,
2895 2540 3103 2594 multos
3125 2541 3406 2611 episcopos
3432 2548 3488 2594 et
3508 2540 3585 2593 vi-

1992 2644 2085 2683 ros
2104 2627 2406 2684 catholicos
2432 2629 2619 2700 ﬂagris
2651 2630 2872 2699 afflixit,
2902 2640 2957 2686 et
3002 2648 3284 2688 carcerum
3336 2632 3587 2703 squalore

1993 2721 2307 2787 maceravit,
2332 2722 2599 2792 imperiali
2629 2722 2814 2778 favore
2843 2722 3122 2779 suffultus.

2593 2830 2833 2884 CAPUT
2874 2831 2950 2883 Χ.

1993 2933 2068 2984 De
2091 2928 2343 2983 thesauro
2367 2944 2521 2997 quem
2563 2931 2715 2983 misit
2739 2945 2887 2999 papa
2910 2946 3015 2998 pro
3040 2930 3278 2987 Ecclesia
3311 2929 3585 2984 Canusina

2241 3002 2319 3054 ad
2349 3003 2668 3055 instantiam
2695 3003 2984 3055 comitissa
3026 3002 3330 3057 Mathildis.

2068 3105 2220 3157 Inter
2244 3100 2364 3157 hac
2387 3101 2667 3157 comitissa
2697 3100 3003 3169 Mathildis,
3036 3102 3125 3173 pio
3152 3102 3315 3158 corde
3352 3102 3589 3173 ﬂagrans

1992 3195 2252 3251 adversus
2273 3196 2665 3265 imperatorem
2682 3205 2735 3250 et
2755 3196 3083 3251 Guibertum
3107 3196 3443 3267 antipapam,
3458 3204 3585 3251 facta

1991 3305 2183 3344 eorum
2212 3288 2538 3350 abhorrens,
2567 3289 2747 3358 pralia
2780 3289 2949 3344 multa
2992 3289 3178 3360 gessit,
3217 3298 3271 3345 et
3309 3305 3584 3360 quoscun-

1992 3397 2099 3453 quc
2141 3382 2188 3436 ei
2230 3381 2581 3436 adversantes
2613 3397 2711 3451 pro
2755 3397 2914 3451 posse
2957 3381 3226 3438 confovit.
3276 3386 3398 3453 Ipsa
3439 3383 3585 3438 enim

1995 3474 2286 3546 episcopis,
2319 3474 2549 3540 clericis,
2569 3475 2850 3529 monachis
2875 3476 3197 3547 cunctisque
3225 3484 3341 3531 erat
3364 3475 3470 3530 tida
3500 3484 3589 3531 tu-

1992 3571 2096 3623 tela
2120 3567 2417 3623 catholicis.
2454 3569 2597 3623 Nam
2619 3583 2757 3637 quos
2776 3568 2831 3621 in
2855 3567 2957 3623 hac
2978 3569 3209 3639 procella
3235 3569 3589 3624 dissidiorum

1993 3662 2293 3732 imperator
2312 3660 2629 3726 damnabat,
2650 3660 2941 3731 .spoliabat
2984 3670 3037 3716 et
3066 3661 3260 3716 exsilio
3284 3661 3589 3733 redigebat,

1993 3753 2062 3809 ad
2111 3770 2231 3809 eam
2257 3761 2622 3819 recurrentes,
2664 3752 2902 3822 benigno
2931 3769 3027 3809 eos
3054 3753 3338 3816 solamine,
3366 3762 3422 3809 et
3442 3755 3588 3810 salu-

1992 3847 2078 3903 bri
2115 3847 2317 3902 auxilio
2356 3845 2653 3902 refovebat.
2688 3850 2837 3901 Inter
2868 3862 3007 3917 quos
3034 3847 3121 3901 ille
3152 3846 3473 3902 venerabilis
3515 3847 3595 3901 vir

1994 3940 2295 3996 Anselmus
2353 3940 2663 4011 episcopus,
2710 3939 2835 4011 qui,
2885 3940 3105 3995 natione
3147 3940 3592 4007 Mediolanensis,

1995 4042 2181 4105 postea
2212 4050 2346 4105 papa
2377 4032 2500 4103 fuit,
2553 4042 2779 4089 vocatus
2806 4032 3117 4088 Alexander
3147 4032 3313 4103 hujus
3355 4033 3593 4088 nominis

1995 4126 2299 4192 secundus;
2329 4127 2415 4181 cui
2453 4126 2600 4182 idem
2621 4126 2923 4198 Gregorius
2946 4128 3044 4181 VIl
3066 4134 3295 4197 paterno
3311 4141 3593 4181 commen-

1997 4219 2145 4274 davit
2190 4218 2390 4274 affectu
2430 4228 2489 4273 ut
2534 4220 2710 4289 ipsam
2744 4220 2860 4274 suis
2917 4219 3224 4274 salubribus
3269 4219 3497 4275 monitis
3541 4226 3596 4274 et

1998 4312 2241 4383 benignis
2290 4312 2686 4382 dogmatizaret
2727 4313 3011 4383 exemplis.
3060 4315 3185 4381 Ipsa
3230 4312 3380 4367 enim
3421 4313 3595 4368 comi-

1995 4405 2123 4460 tissa
2176 4419 2306 4458 cum
2352 4404 2549 4459 eodem
2594 4404 2861 4459 Anselmo
2909 4404 3186 4474 episcopo,
3230 4406 3324 4475 qui
3364 4414 3494 4459 tunc
3537 4405 3590 4459 in

266 4499 421 4555 dum
461 4498 762 4568 imperator
788 4512 977 4552 secum
1022 4497 1228 4552 ducens
1256 4500 1517 4563 Romam,
1545 4496 1671 4554 fecit
1694 4497 1747 4554 in
1780 4515 1876 4570 pa-
1912 4498 1963 4559 D
1995 4496 2338 4553 Lombardia
2390 4496 2633 4567 partibus
2691 4496 2938 4567 Gregorii
2970 4511 3120 4567 papa
3183 4506 3303 4551 erat
3347 4497 3581 4552 vicarius

268 4608 412 4664 pam
457 4589 727 4654 benedici,
787 4599 845 4644 et
869 4592 937 4644 ab
969 4592 1087 4660 ipso
1116 4590 1172 4644 in
1191 4590 1281 4645 die
1311 4599 1498 4646 sancto
1528 4592 1755 4649 Pascha
1779 4592 1885 4647 im-

270 4684 420 4757 perii
449 4683 702 4739 diadema
752 4683 1009 4754 suscepit.
1044 4683 1323 4739 Mathildis
1361 4692 1542 4739 autem
1585 4685 1887 4751 comitissa,

268 4780 403 4834 hac
442 4784 498 4831 et
526 4776 839 4847 hujusmodi
884 4785 1002 4832 acta
1022 4778 1341 4840 abhorrens,
1376 4790 1528 4847 papa
1548 4793 1767 4848 semper
1793 4778 1888 4833 ad-

264 4870 444 4927 hasit
472 4871 764 4941 Gregorio,
808 4886 904 4940 per
933 4878 1044 4925 tres
1068 4886 1284 4925 menses
1314 4870 1558 4924 retinens
1588 4869 1888 4926 honorifice

265 4967 327 5019 in
361 4964 570 5034 oppido
596 4964 891 5029 Canusino,
935 4963 1028 5034 qui
1053 4963 1382 5018 Canusinam
1418 4962 1584 5017 etiam
1609 4962 1883 5019 dedicavit

270 5057 615 5123 Ecclesiam,
645 5065 700 5111 et
719 5056 987 5111 libertatis
1007 5056 1285 5127 privilegio
1316 5055 1567 5111 dotatam
1617 5071 1741 5111 eam
1760 5056 1890 5112 fecit

270 5152 593 5206 immunem
636 5165 783 5203 anno
832 5150 949 5204 Filii
1002 5150 1100 5204 Dei
1129 5148 1413 5204 humanati
1464 5149 1762 5205 millesimo
1800 5166 1889 5206 se-

267 5242 632 5316 ptuagesimo
673 5242 924 5313 septimo.
958 5243 1188 5297 Monitis
1217 5251 1403 5297 tamen
1431 5242 1763 5298 salutaribus
1800 5259 1889 5299 co.

270 5338 554 5393 mitissam
585 5335 836 5390 imbuens
870 5344 927 5390 et
966 5335 1163 5390 divinis
1215 5336 1498 5405 praeceptis
1550 5334 1886 5401 informans,

271 5428 551 5486 valedixit
577 5429 646 5495 ei,
677 5436 734 5483 et
776 5432 1019 5484 Romam
1049 5431 1281 5499 perrexit
1307 5448 1318 5481 :
1342 5429 1426 5483 cui
1453 5429 1606 5499 plebs
1633 5432 1885 5485 Romana

273 5539 411 5577 cum
456 5522 647 5592 grandi
675 5522 1035 5577 exsultatione
1062 5522 1279 5576 obviam
1313 5521 1428 5585 ivit,
1462 5538 1589 5577 eum
1621 5523 1677 5577 in
1710 5532 1891 5593 pasto-

274 5631 407 5670 rem
428 5616 687 5686 suscepit.
716 5617 838 5685 Ipse
866 5630 995 5670 vero
1017 5630 1213 5670 omnes
1229 5616 1561 5684 imperatori
1586 5615 1889 5673 adversan-

362 5794 505 5863 (956)
542 5795 708 5850 Forte
739 5794 1008 5850 omissum
1045 5797 1287 5862 veniunt,
1322 5795 1408 5851 vel
1434 5800 1747 5866 properant.

1997 4592 2320 4647 thesaurum
2349 4590 2606 4646 Ecclesia
2629 4590 2911 4647 Canusina
2955 4589 3251 4659 postulavit
3279 4590 3461 4645 abbati
3485 4591 3593 4647 Ge-

1998 4684 2160 4741 rardo
2176 4684 2420 4755 ejusdem
2439 4682 2981 4748 Ecclesia,’uteidem
2999 4698 3149 4754 papa
3161 4682 3488 4755 dirigeretur
3499 4700 3595 4756 pro

1998 4777 2315 4833 defensione
2338 4781 2610 4832 Romana
2626 4776 2883 4831 Ecclesia
2900 4784 3121 4846 propter
3138 4777 3596 4846 persecutionem,

1998 4880 2060 4926 ut
2099 4870 2306 4926 dictum
2332 4880 2432 4937 est,
2461 4869 2707 4942 ejusdem
2733 4868 2983 4925 Guiberti
3026 4869 3291 4926 haretici.
3327 4871 3427 4926 Cui
3458 4870 3598 4942 peti-

1996 4964 2132 5019 tioni
2172 4963 2322 5019 idem
2352 4964 2522 5020 abbas
2545 4979 2675 5019 cum
2701 4979 2861 5035 grege
2884 4963 2984 5019 sibi
3015 4964 3314 5019 commisso
3335 4981 3434 5035 pro
3457 4980 3595 5035 apo—

1997 5058 2208 5113 stolica
2238 5056 2385 5113 sedis
2414 5058 2721 5113 reverentia
2748 5058 2983 5114 libenter
3022 5058 3235 5125 annuit,
3275 5065 3329 5112 et
3371 5057 3596 5112 thesau-

1996 5167 2120 5206 rum
2153 5152 2405 5207 alacriter
2430 5151 2647 5216 obtulit,
2698 5151 2957 5207 videlicet
2981 5167 3218 5207 coronas
3258 5151 3349 5217 24,
3400 5158 3455 5205 et
3487 5165 3596 5204 una

1995 5246 2216 5301 illarum
2246 5252 2362 5300 erat
2381 5260 2573 5315 aurea,
2599 5260 2729 5300 cum
2749 5246 3028 5301 crucicula
3054 5261 3162 5299 una
3188 5243 3381 5299 itidem
3410 5259 3596 5307 aurea,

1996 5347 2051 5394 et
2075 5338 2200 5395 dua
2227 5338 2425 5394 tabula
2442 5338 2635 5393 altaris
2649 5348 2945 5409 argentea,
2961 5347 3015 5391 et
3029 5345 3356 5407 coopertura
3386 5335 3597 5407 argenti

2000 5448 2143 5487 arca
2169 5432 2357 5486 altaris
2385 5434 2441 5487 S.
2474 5431 2774 5500 Apollonii,
2817 5439 2873 5485 et
2895 5428 3100 5500 grande
3123 5428 3468 5484 thuribulum
3510 5444 3594 5482 ar-

1997 5534 2284 5597 genteum;
2336 5541 2444 5595 quo
2512 5524 2580 5579 ad
2628 5532 2815 5579 totum
2882 5524 3199 5577 thesaurum
3257 5522 3597 5578 Canusinum

1997 5618 2357 5689 septingenta
2398 5616 2622 5674 fuerunt
2672 5618 2826 5674 libra
2853 5614 3089 5685 argenti,
3133 5623 3189 5669 et
3215 5631 3411 5671 novem
3444 5612 3583 5668 auri.
