4052 6180
506 268 635 322 1051

1506 266 1597 320 AD
1633 265 1859 321 OPEBA
1896 265 1953 321 S.
1993 216 2315 320 GBEGORII
2352 258 2789 319 APPENDICES.

3659 272 3680 322 1
3690 270 3789 321 052

500 392 629 462 Quo
646 394 893 448 Romam
913 391 1229 446 transmisso
1248 398 1472 461 rogante
1488 390 1791 454 comitissa,
1810 390 1961 444 idem
1984 393 2091 443 An-
2121 394 2176 455 Α
2203 396 2471 453 sternata,
2497 387 2748 443 videlicet
2767 403 2795 441 a
2814 387 2931 442 zelo
2951 387 3204 443 Ecclesia
3232 374 3533 459 tepescens,
3564 406 3660 461 per
3682 392 3791 446 Re-

503 487 707 541 selmus
750 487 1033 556 cpiscopus
1093 498 1247 554 papa
1306 483 1556 551 vicarius,
1616 499 1714 556 pro
1749 482 2086 553 aliquantula

503 577 901 633 restauratione
928 577 1094 631 ablati
1117 577 1380 641 thesauri,
1410 576 1545 632 duas
1571 577 1807 648 capellas
1838 577 2006 631 in.....
2035 585 2088 631 et

501 686 666 726 unam
704 671 760 724 in
785 670 966 724 casula
1010 670 1269 725 Ecclesia
1295 671 1579 726 Canusina
1617 672 1919 742 supposuit.
1956 674 2087 724 Acta

500 772 626 818 sunt
644 762 762 819 hac
782 779 924 818 anno
946 764 1167 819 Domini
1190 765 1481 820 millesimo
1503 766 1840 837 octogesimo
1869 765 2083 834 quinto.

497 859 629 911 Post
667 856 786 912 hac
814 874 964 912 anno
1001 858 1205 913 Christi
1238 858 1525 913 millesimo
1547 859 1881 931 octogesimo
1908 866 2083 927 sexto,

496 948 647 1004 idem
688 949 988 1022 Gregorius
1018 967 1151 1022 papa
1173 951 1581 1022 quartadecima
1616 951 1701 1007 die
1731 950 1859 1006 Maii
1890 951 2087 1024 migra-

494 1042 571 1098 vit
613 1058 644 1098 a
678 1046 898 1112 saculo,
941 1044 1099 1115 cujus
1137 1044 1399 1100 transitus
1446 1044 1634 1100 multis
1679 1044 1782 1101 fuit
1827 1045 2087 1100 maeroris

496 1136 725 1191 maximi
755 1137 986 1192 occasio.
1020 1139 1140 1207 Quo
1168 1136 1450 1207 defuncto,
1500 1138 1724 1209 quidam
1776 1137 2088 1193 Desiderius

496 1230 701 1284 montis
740 1230 946 1286 Cassini
973 1230 1139 1286 abbas
1166 1231 1221 1285 in
1251 1247 1447 1303 papam
1475 1230 1709 1303 eligitur,
1744 1231 1925 1287 dictus
1944 1246 2085 1302 pra-

494 1330 642 1377 terea
674 1323 885 1389 Victor,
914 1323 1007 1395 qui
1039 1339 1208 1395 pauco
1235 1332 1481 1395 tempore
1525 1324 1673 1379 vixit.
1701 1324 1798 1379 Cui
1824 1324 2089 1379 successit

495 1414 617 1471 Odo
646 1416 945 1472 monachus
960 1416 1342 1483 Cluniacensis,
1372 1417 1659 1489 episcopus
1687 1418 1975 1483 Ostiensis,
2001 1416 2085 1472 di-

496 1517 618 1563 ctus
643 1509 901 1564 Urbanus
940 1510 1101 1581 hujus
1130 1511 1371 1566 nominis
1416 1511 1709 1585 secundus.
1755 1511 1856 1565 Hic
1898 1511 2085 1565 omnia

494 1610 615 1656 acta
646 1602 1013 1672 imperatoris,
1051 1612 1104 1658 et
1130 1604 1376 1659 Guiberti
1407 1604 1710 1671 damnavit,
1742 1612 1797 1659 et
1820 1603 1891 1659 ad
1916 1604 2085 1659 comi-

494 1695 684 1750 tissam
719 1696 781 1749 B.
814 1696 956 1750 Petri
997 1696 1164 1752 ﬁliam
1192 1712 1320 1752 suas
1349 1697 1755 1753 exhortatorias
1784 1697 1991 1751 litteras
2012 1696 2089 1752 di-

496 1789 698 1861 rigens,
728 1805 958 1845 suorum
990 1791 1206 1845 veniam
1232 1790 1334 1845 sibi
1364 1791 1598 1846 contulit
1626 1791 1977 1847 delictorum.

1102 1926 1342 1980 CAPUT
1370 1926 1475 1980 XI.

499 2056 574 2107 De
622 2055 986 2123 persecutione
1023 2055 1085 2106 in
1125 2056 1445 2107 comitissam
1476 2070 1581 2123 pro
1627 2056 1814 2121 favore
1848 2056 2085 2118 Ecclsiar,

961 2128 1012 2177 et
1061 2125 1330 2178 obsidione
1362 2126 1623 2179 Mantua.

566 2237 706 2291 Cum
734 2244 920 2291 autem
948 2236 1119 2290 nuntii
1151 2252 1304 2306 papa
1353 2245 1407 2291 et
1441 2237 1733 2293 comitissa
1785 2237 1911 2294 hinc
1962 2239 2087 2295 inde

492 2328 686 2384 crebro
714 2328 1108 2395 discurrerent,
1133 2338 1365 2399 regnum
1394 2328 1505 2384 fere
1559 2338 1747 2385 contra
1791 2346 1849 2386 se
1889 2331 2082 2387 eadem

492 2422 773 2477 comitissa
792 2422 1097 2477 commovit
1118 2422 1391 2477 Italicum.
1412 2423 1576 2478 Unde
1592 2423 1767 2478 multa
1787 2432 1917 2479 sunt
1939 2441 2083 2495 pra-

492 2514 561 2570 lia
588 2515 896 2569 subsecuta.
929 2517 1006 2569 Ex
1050 2515 1250 2585 quibus
1282 2530 1407 2586 pars
1453 2515 1748 2571 comitissa
1796 2518 1982 2572 multis
2009 2519 2081 2573 vi-

491 2608 683 2663 ctoriis
710 2608 921 2663 claruit.
952 2611 1033 2662 Eo
1069 2608 1229 2662 etiam
1268 2617 1513 2679 tempore
1545 2610 1698 2664 multi
1723 2626 1787 2665 ex
1819 2611 1988 2667 Italia
2007 2612 2081 2667 ci-

490 2702 767 2767 vitatibus,
796 2701 934 2757 duce
974 2700 1219 2772 quodam
1248 2702 1476 2768 Oberto,
1511 2703 1743 2774 arreptis
1792 2704 1991 2768 armis,
2012 2706 2078 2761 ad

490 2791 704 2849 Urbem
749 2803 1057 2864 properant,
1105 2810 1232 2848 cum
1262 2794 1456 2865 quibus
1499 2804 1616 2849 erat
1654 2795 1898 2867 Reginus
1951 2800 2083 2852 Par-

488 2886 695 2941 mensis
721 2886 1033 2956 episcopus.
1065 2887 1126 2941 Ili
1161 2895 1332 2941 terras
1358 2888 1653 2943 comitissa
1699 2900 2076 2962 pervagantes,

488 2979 835 3051 populatione
852 2995 1045 3051 magna
1069 2981 1124 3034 in
1144 2980 1222 3034 eis
1242 2981 1559 3035 saviebant.
1586 2984 1837 3052 Dumque
1856 2982 1913 3036 in
1932 2999 2069 3038 cam-

488 3073 573 3142 pis
596 3072 865 3127 Sorbaria
889 3073 1256 3127 castrametati
1279 3080 1483 3140 essent,
1512 3074 1751 3144 quadam
1770 3084 1931 3129 nocte
1952 3076 2075 3131 dor-

2196 481 2477 553 ginensem
2505 490 2561 535 et
2589 481 2957 536 Mutinensem
3001 482 3294 537 comitatus
3348 483 3620 554 equitans,
3660 500 3787 555 pro-

2196 576 2310 648 pria
2348 574 2610 630 fortalicia
2640 575 2945 645 reparabat.
2979 575 3193 631 Hiemis
3214 576 3397 648 itaque
3418 566 3675 647 tempore
3702 594 3789 633 ca-

2197 678 2290 740 pto
2330 669 2609 724 Minervia
2647 668 2870 739 oppido,
2910 668 3163 723 Athesim
3220 670 3428 725 ﬂumen
3486 671 3792 741 imperator

2198 764 2384 833 paucis
2412 762 2708 817 comitatus
2744 762 3013 816 militibus
3042 763 3406 832 pertransivit.
3439 764 3601 833 Quod
3632 765 3794 820 intel-

2196 856 2363 928 ligens
2410 856 2714 923 comitissa,
2746 856 2935 910 statim
2962 864 3152 911 contra
3192 872 3321 912 eum
3351 857 3501 912 mille
3547 866 3796 913 armatos

2195 948 2404 1021 equites
2425 948 2742 1004 destinavit.
2783 948 3035 1018 Quicum
3068 949 3273 1004 Padum
3301 957 3356 1004 et
3383 950 3633 1005 Athesim
3666 967 3793 1022 per-

2194 1042 2546 1109 transissent,
2590 1057 2684 1097 eos
2722 1040 2918 1097 diebus
2946 1050 3073 1097 octo
3103 1042 3398 1113 imperator
3441 1058 3539 1098 sua
3587 1045 3797 1099 astutia

2195 1135 2431 1191 evitavit.
2475 1135 2743 1206 Fingebat
2789 1136 2934 1190 enim
2980 1150 3038 1190 se
3086 1135 3231 1191 nolle
3269 1135 3562 1207 conﬂigere
3609 1137 3794 1206 bello,

2194 1227 2439 1299 dumque
2458 1229 2529 1284 ob
2548 1228 2653 1284 hoc
2682 1236 2964 1284 manerent
2990 1228 3241 1300 intrepidi
3260 1269 3275 1295 ,
3304 1228 3592 1301 nullasque
3612 1231 3797 1301 suspi-

2194 1331 2453 1378 carentur
2481 1321 2733 1388 insidias,
2767 1322 3109 1393 imperatoris
3156 1322 3356 1377 milites
3393 1322 3534 1378 clam
3570 1324 3799 1378 irruunt

2195 1432 2359 1486 super
2400 1430 2496 1470 eos
2520 1415 2575 1469 in
2632 1416 2752 1470 loco
2781 1414 3007 1486 quidem
3062 1419 3196 1471 Tres
3244 1416 3575 1471 Comitatus.
3632 1417 3795 1471 Multi

2192 1511 2377 1579 itaque
2413 1508 2537 1564 casi
2572 1517 2725 1573 sunt;
2762 1509 2914 1564 multi
2943 1508 3103 1563 etiam
3149 1508 3467 1579 capiuntur;
3528 1510 3621 1564 alii
3667 1518 3798 1563 tan-

2194 1602 2323 1658 dem
2347 1610 2655 1669 evaserunt,
2688 1618 2784 1673 per
2811 1602 2969 1657 devia
2996 1601 3288 1674 fugientes.
3316 1603 3495 1673 Hujus
3524 1602 3801 1673 proditio-

2196 1696 2281 1750 nis
2338 1704 2532 1750 auctor
2574 1698 2702 1765 Ugo
2748 1695 2972 1767 quidam
3043 1711 3159 1751 sua
3213 1695 3510 1752 nobilitatis
3551 1695 3800 1768 degene-

2126 1769 2174 1829 Β
2202 1804 2348 1844 rans.

2768 1918 3011 1973 CAPUT
3062 1919 3194 1973 XII.

2198 2048 2542 2118 Depradatio
2581 2050 2772 2103 vexilli
2814 2052 3159 2120 imperatoris
3186 2067 3220 2104 a
3261 2053 3561 2115 comitissa,
3634 2057 3686 2107 et
3727 2054 3800 2109 de

2477 2122 2702 2175 victoria
2730 2126 2928 2175 contra
2943 2122 3187 2175 eumdem
3204 2127 3500 2178 consecuta.

2262 2260 2557 2312 Transacta
2600 2257 2812 2325 hieme,
2842 2258 3145 2330 imperator
3190 2275 3320 2315 cum
3372 2260 3700 2315 Alamannis
3742 2272 3800 2317 et

2190 2350 2563 2421 Langobardis
2607 2350 2675 2406 ad
2731 2362 2951 2407 montes
2994 2352 3395 2409 Mutinensium
3441 2356 3795 2424 properavit;

2186 2444 2329 2514 cepit
2356 2452 2538 2498 autem
2560 2454 2812 2500 montem
2839 2446 3163 2500 .VIaurellum
3191 2454 3247 2501 et
3266 2456 3514 2501 montem
3544 2447 3787 2515 Alfredi,

2190 2536 2279 2591 ubi
2320 2546 2510 2608 captus
2537 2545 2619 2592 est
2647 2537 2921 2593 Gerardus
2944 2538 3167 2610 signifer
3184 2540 3497 2603 comitissa.
3530 2540 3597 2595 de
3623 2542 3786 2612 cujus

2188 2630 2441 2701 captione
2490 2629 2726 2684 multum
2778 2629 2969 2685 doluit.
3022 2633 3236 2689 Postea.
3282 2642 3525 2687 castrum
3578 2634 3793 2690 Montis

2188 2724 2320 2779 Belli
2370 2723 2613 2785 obsedit;
2638 2722 2839 2778 fultum
2883 2725 3036 2779 enim
3060 2724 3327 2796 Oppidum
3365 2727 3574 2781 auxilio
3600 2728 3793 2782 comi-

2183 2818 2334 2871 tissa
2362 2833 2475 2870 non
2501 2817 2676 2888 potuit
2698 2815 2996 2872 debellare.
3024 2819 3177 2872 Tunc
3201 2820 3453 2890 antipapa
3475 2820 3795 2876 Guibertus

2187 2909 2255 2964 ad
2300 2909 2693 2980 imperatorem
2730 2911 2908 2978 venit;
2937 2919 3019 2974 et,
3048 2911 3095 2965 si
3120 2911 3449 2967 Guihertum
3484 2913 3539 2966 in
3570 2929 3780 2983 papam

2186 3005 2503 3057 Romanum
2533 3012 2944 3073 cognoscerent,
2977 3005 3037 3058 in
3057 3013 3237 3059 castro
3265 3005 3471 3060 obsessi
3504 3016 3559 3061 et
3581 3006 3779 3062 afﬂicti

2187 3094 2352 3150 tadio
2378 3096 2445 3150 ab
2466 3096 2801 3166 imperatore
2827 3096 3104 3153 licentiam
3140 3106 3407 3168 peterent,
3439 3115 3561 3154 eam
3591 3115 3647 3154 se
3674 3100 3784 3154 da-

487 3166 724 3219 mientes
750 3165 1031 3236 intrepidi,
1059 3181 1185 3220 ecce
1213 3174 1434 3235 repente
1469 3166 1667 3221 milites
1690 3168 1983 3223 comitissa
2008 3169 2079 3223 ir-
2110 3158 2158 3223 C
2191 3198 2377 3243 mrum
2419 3158 2693 3258 poni-citus
2741 3198 2841 3245 est.
2873 3191 3029 3259 Quod
3071 3158 3349 3246 οοξηίιίεεδ
3398 3158 3507 3247 ᾖοη
3559 3194 3781 3258 annuit‘

484 3266 652 3312 ruunt
679 3274 842 3329 super
871 3259 1039 3328 ipsos,
1071 3256 1432 3314 vociferantes
1465 3281 1477 3315 :
1507 3262 1671 3315 Beate
1694 3263 1870 3328 Petre,
1921 3263 2081 3316 auxi-

483 3351 612 3406 liare
633 3351 759 3406 tuis.
791 3352 968 3406 Tanto
998 3351 1163 3423 igitur
1192 3352 1552 3425 expergefacti
1584 3362 1793 3409 terrore
1815 3354 2079 3410 clamore-

483 3460 611 3514 que,
642 3453 757 3499 tam
788 3444 970 3499 subito
1011 3444 1305 3517 stupefacti
1350 3446 1603 3517 strepitu,
1644 3446 1773 3502 hinc
1817 3446 1944 3503 inde
1989 3448 2079 3503 di-

484 3537 675 3606 spersi,
698 3546 847 3609 terga
866 3547 1162 3593 verterunt.
1189 3540 1361 3594 Casis
1384 3540 1567 3611 itaque
1593 3548 1647 3593 et
1672 3540 1861 3595 occisis
1884 3556 2077 3595 eorum

485 3630 757 3699 plurimis,
809 3631 965 3685 multi
1023 3647 1239 3702 quoque
1294 3647 1605 3686 remansere
1651 3634 1883 3704 captivi,
1939 3635 2078 3690 inter

484 3736 622 3790 quos
653 3722 963 3776 Eberardus
991 3726 1303 3778 Parmensis
1350 3724 1639 3794 episcopus
1667 3724 1785 3780 fuit.
1833 3728 1912 3781 Eo
1932 3736 2078 3782 tem-

384 3804 395 3811 ’
484 3828 616 3883 pore
644 3814 940 3868 Anselmns
968 3816 1229 3870 Lucensis
1268 3816 1553 3887 episcopus
1591 3817 1884 3874 defunctus
1904 3828 2004 3887 est,
2024 3828 2078 3874 et

484 3906 725 3961 Mantua
751 3906 1014 3975 sepultus.
1044 3908 1151 3961 Sed
1181 3908 1238 3962 in
1263 3909 1440 3963 Gestis
1460 3910 1575 3979 ejus
1604 3910 1707 3981 legi
1728 3911 1874 3982 quod
1899 3911 2075 3968 factus

486 4013 645 4070 papa,
678 4007 736 4053 et
754 4000 1066 4055 Alexander
1092 4000 1291 4065 dictus,
1326 4002 1379 4055 in
1402 4004 1757 4057 Lateranensi
1778 4004 2075 4075 requiescit

486 4091 727 4147 ecclesia.
777 4091 1045 4147 Henricus
1071 4093 1238 4148 etiam
1288 4094 1594 4165 imperator
1643 4096 1695 4149 in
1731 4098 2068 4166 persecutio-

483 4201 614 4240 nem
646 4185 922 4240 Mathildis
951 4186 1162 4255 publice
1193 4186 1308 4257 jam
1341 4188 1395 4243 in
1444 4204 1573 4244 suos
1610 4188 1916 4257 advertens,
1944 4191 2070 4246 abs-

483 4277 609 4332 tulit
635 4278 683 4333 ei
706 4277 970 4350 quidquid
1006 4280 1059 4334 in
1088 4280 1264 4335 Gallia
1311 4298 1376 4336 ex
1401 4282 1521 4352 ipso
1558 4283 1685 4354 jure
1702 4286 1974 4354 Lmaterno
2016 4297 2071 4341 et

481 4380 708 4442 paterno
743 4372 1074 4444 possidebat,
1107 4374 1387 4446 Brigerino
1423 4386 1602 4431 castro
1626 4375 1893 4432 duntaxat
1920 4394 2069 4433 exce-

480 4472 593 4534 pto,
622 4481 750 4520 cum
784 4482 970 4521 revera
1000 4476 1144 4522 esset
1173 4468 1596 4540 inexpugnabile
1626 4479 1888 4524 castrum.
1939 4474 2066 4525 Post

2189 3280 2511 3352 quibusdam
2561 3290 2747 3337 tamen
2777 3283 3147 3338 mediantibus
3193 3284 3510 3355 proceribus
3557 3295 3613 3340 et
3643 3301 3789 3357 pra-

2191 3375 2342 3440 latis;
2373 3375 2519 3428 inter
2544 3391 2685 3445 quos
2712 3391 2839 3431 cum
2868 3378 3194 3431 Heribertus
3219 3378 3551 3449 Reginensis
3575 3379 3787 3450 episco-

2187 3484 2288 3539 pus
2330 3468 2584 3522 inclinari
2631 3467 2903 3523 videretur
2948 3469 3016 3524 ad
3064 3471 3212 3541 pacis
3259 3471 3563 3535 vinculum,
3609 3471 3787 3527 abbas

2185 3560 2405 3632 quidam
2435 3564 2675 3617 Joannes
2695 3562 2913 3617 nomine
2957 3563 3250 3619 comitissa
3302 3579 3494 3633 pacem
3521 3564 3639 3619 ﬁeri
3669 3566 3785 3620 dis-

2185 3655 2379 3719 suasit,
2410 3654 2550 3709 hanc
2591 3670 2838 3710 asserens
2885 3671 3075 3726 pacem
3106 3656 3387 3712 catholica
3412 3657 3609 3711 unitati
3663 3656 3786 3713 fore

2189 3748 2543 3803 contrariam.
2576 3747 2868 3803 Animatur
2910 3749 3094 3818 itaque
3127 3750 3406 3804 comitissa
3464 3759 3523 3803 ut
3573 3749 3627 3804 in
3672 3754 3783 3805 Do-

2182 3841 2343 3895 mino
2385 3839 2670 3895 conﬁdens
2702 3841 2835 3895 vires
2882 3851 3187 3896 assumeret
3229 3841 3587 3898 fortitudinis.
3646 3846 3781 3899 Haec

2181 3942 2367 3988 autem
2413 3942 2531 3989 acta
2580 3942 2711 3989 sunt
2738 3934 2794 3988 in
2838 3935 2959 3990 loco
3005 3936 3099 4006 qui
3152 3936 3353 3990 dicitur
3397 3937 3774 4005 Carpinetum.

2183 4026 2367 4081 Multis
2404 4027 2570 4097 igitur
2596 4026 2886 4094 machinis,
2937 4036 2991 4082 et
3028 4027 3150 4082 aliis
3190 4028 3392 4083 bellicis
3429 4030 3779 4100 apparatibus

2181 4120 2386 4174 Montis
2416 4119 2548 4173 Belli
2578 4128 2823 4175 castrum
2862 4129 3238 4191 oppugnatum
3260 4126 3361 4176 est.
3395 4122 3587 4193 Ibique
3610 4122 3779 4193 impe-

2179 4212 2374 4267 ratoris
2402 4211 2547 4267 ﬁlius
2600 4214 2805 4267 corruit
2832 4228 2942 4267 non
2973 4214 3090 4268 sine
3136 4215 3306 4284 patris
3347 4213 3542 4269 dolore
3568 4217 3770 4285 gravis—

2178 4306 2354 4371 simo;
2388 4306 2544 4374 cujus
2572 4321 2770 4375 corpus
2799 4305 2999 4360 deferri
3031 4308 3299 4361 Veronam
3317 4307 3503 4376 jussit,
3556 4316 3611 4363 et
3639 4324 3771 4363 con-

2177 4397 2340 4467 digno
2381 4397 2639 4451 tumulari
2695 4400 2965 4467 sepulcro.
3010 4399 3209 4453 Videns
3254 4399 3477 4454 tandem
3524 4410 3771 4455 castrum

2178 4489 2739 4561 forejinexpuguabile,
2761 4491 2828 4544 ab
2844 4491 3422 4559 obsidione'discessit,
3447 4493 3578 4548 etin
3605 4496 3769 4547 ιιΕωὶ-

480 4557 595 4613 hac
616 4559 914 4629 imperator
930 4563 1216 4615 Mantuam
1234 4562 1449 4630 invasit,
1471 4578 1636 4633 quam
1659 4563 1892 4617 undenis
1912 4580 2066 4618 meu-

2186 4582 2309 4637 liam
2338 4582 2561 4637 veniens
2589 4598 2647 4637 se
2672 4586 2928 4638 Parmam
2956 4583 3113 4639 ﬁnxit
3148 4585 3316 4639 adire.
3366 4586 3473 4642 Sed
3510 4586 3773 4642 Camisia-

478 4651 628 4705 sibus
654 4651 767 4706 dira
797 4654 1078 4709 obsidione
1110 4654 1345 4709 vallavit.
1372 4655 1659 4711 Comitissa
1689 4673 1819 4712 vero
1860 4672 1955 4727 per
1981 4658 2066 4711 in-

475 4744 785 4799 ternuntios
829 4762 956 4801 suos
1000 4762 1149 4817 sape
1192 4750 1524 4804 Mantuanos
1580 4749 1648 4805 ad
1703 4752 2066 4807 constantiam

477 4836 819 4906 hortabatur,
856 4840 1042 4910 eisque
1082 4841 1330 4896 victualia
1358 4844 1715 4899 ministrabat.
1742 4847 1849 4902 Sed
1875 4864 2066 4905 eorum

480 4930 588 4985 ﬁde
608 4938 813 4985 mutata
839 4947 957 4987 sese
979 4934 1296 5003 imperatori
1318 4936 1689 5006 tradiderunt,
1712 4939 1878 4996 inscia
1900 4943 2067 4998 comi-

476 5025 623 5091 tisse,
651 5024 974 5095 quibusdam
999 5026 1295 5082 comitissa
1338 5030 1654 5099 proceribus
1675 5047 1803 5087 casu
1833 5036 2065 5089 evaden-

477 5117 642 5183 tibus,
662 5117 753 5187 qui
772 5117 829 5171 in
846 5117 961 5189 ipsa
990 5118 1203 5173 civitate
1220 5120 1289 5174 ad
1311 5124 1729 5177 Mantuanorum
1758 5126 2062 5183 subsidium

478 5208 809 5265 residebant.
829 5212 1140 5281 Imperator
1157 5211 1299 5266 victa
1321 5212 1538 5268 civitate
1552 5216 1744 5269 statuit
1772 5216 1825 5270 in
1850 5233 1908 5272 ea
1932 5235 2065 5289 pra-

472 5302 650 5358 sulem
699 5304 977 5359 Cononem
1024 5304 1265 5372 nomine,
1292 5321 1487 5377 genere
1534 5309 1921 5381 Alamannum,
1981 5312 2064 5367 fu-

477 5404 603 5467 gato
625 5397 751 5451 inde
776 5397 992 5453 Ubaldo
1021 5399 1283 5453 antistite.
1315 5400 1565 5455 Obtinuit
1590 5411 1851 5473 praterea
1891 5406 2067 5478 impe-

476 5497 628 5545 rator
656 5488 768 5545 fere
795 5500 1020 5546 cunctas
1082 5492 1329 5549 civitates
1356 5504 1410 5549 et
1438 5496 1635 5565 oppida
1659 5497 1799 5552 ultra
1830 5500 2060 5571 Padum,

477 5584 714 5655 exceptis
746 5585 967 5640 Platena
1007 5596 1062 5641 et
1106 5589 1341 5659 Nogara,
1385 5604 1511 5659 qua
1552 5591 1606 5645 in
1634 5591 1742 5648 ﬁde
1766 5594 2060 5651 comitissa

476 5688 895 5745 permanserunt
925 5680 1219 5737 Mathildis.
1250 5683 1409 5754 Cepit
1440 5694 1699 5754 praterea
1745 5689 2059 5746 Minerviam

474 5770 623 5827 fame
650 5771 924 5830 afﬂictam.
950 5775 1240 5832 Comitissa
1258 5792 1373 5832 non
1393 5790 1678 5851 propterea
1706 5788 1895 5836 tamen
1931 5799 2059 5839 con-

2175 4691 2310 4730 num
2334 4674 2549 4730 rediens
2580 4675 2827 4731 decrevit
2847 4678 3185 4740 Canusinum
3221 4687 3464 4734 castrum
3491 4680 3770 4747 invadere,

2176 4771 2245 4824 ad
2274 4770 2606 4824 memoriam
2639 4769 2906 4825 reducens
2946 4769 3001 4824 id
3031 4770 3177 4841 quod
3208 4787 3399 4841 passus
3442 4771 3621 4828 fuerat
3640 4773 3770 4828 dum

2176 4861 2244 4917 ad
2276 4876 2431 4933 papa
2478 4864 2827 4932 prasentiam
2850 4878 3015 4933 super
3042 4864 3227 4918 nivem
3258 4872 3312 4919 et
3340 4864 3576 4935 glaciem
3603 4864 3760 4919 nudis

2177 4954 2404 5023 pedibus
2450 4956 2778 5010 incessisset.
2817 4956 3057 5010 Veniens
3087 4957 3253 5027 igitur
3281 4957 3348 5012 ad
3376 4957 3763 5012 debellandum

2175 5047 2352 5117 ipsum
2379 5049 2634 5103 Canossa
2658 5056 2923 5115 castrum,
2956 5049 3156 5104 milites
3183 5050 3483 5105 comitissa
3511 5066 3571 5105 se
3597 5049 3768 5105 armis

2171 5144 2480 5215 accingunt,
2530 5152 2583 5197 et
2633 5152 2881 5198 conserta
2920 5160 3098 5215 pugna
3154 5144 3367 5215 capitur
3424 5143 3766 5215 imperatoris

2174 5235 2450 5300 vexillum,
2473 5234 2622 5306 quod
2649 5235 2893 5304 gestabat
2913 5235 3056 5291 ﬁlius
3085 5235 3427 5292 marchionis
3461 5235 3759 5299 Adalberti,

2176 5328 2442 5398 multique
2487 5344 2549 5382 ex
2581 5327 2928 5397 imperatoris
2972 5330 3237 5385 militibus
3268 5330 3634 5385 vulnerantur.
3670 5328 3761 5381 Vi-

2174 5429 2349 5476 ctores
2390 5420 2572 5490 itaque
2617 5420 2876 5476 Canusini
2917 5421 3264 5493 imperatoris
3313 5423 3569 5477 vexillum
3607 5418 3761 5475 dcte

2174 5521 2302 5567 runt
2329 5512 2385 5566 in
2420 5522 2619 5581 castro,
2663 5513 2806 5584 quod
2836 5531 3009 5586 usque
3062 5515 3223 5570 hodie
3264 5516 3469 5571 ibidem
3514 5514 3758 5569 habetur.

2165 5608 2298 5660 Post
2360 5604 2477 5660 hac
2540 5606 2841 5676 imperator
2890 5607 3038 5663 Pado
3095 5616 3439 5664 transmeato
3487 5605 3747 5663 discessit.

2165 5698 2323 5753 Multi
2378 5706 2527 5765 vero,
2564 5699 2653 5770 qui
2678 5699 2795 5769 ejus
2820 5708 2971 5755 metu
3001 5716 3033 5755 a
3061 5700 3341 5756 comitissa
3372 5701 3747 5762 discesserant,

2165 5790 2236 5847 ad
2273 5792 2613 5848 comitissam
2646 5791 2876 5848 redeunt
2903 5800 2958 5847 et
2993 5801 3171 5848 castra
3198 5795 3513 5850 restituunt.
