4052 6180
289 244 307 297 i
321 244 424 297 053

851 372 1090 429 CAPUT
1142 374 1305 428 XIII.

280 470 523 544 Qualiter
553 473 894 541 imperatoris
922 476 1063 543 ﬁlius
1098 475 1329 528 adhaesit
1366 473 1681 541 comitissa},
1712 480 1872 544 patre

431 543 641 606 relicto,
673 548 726 599 et
761 546 992 613 qualiter
1018 549 1328 601 Ferrariam
1356 550 1712 615 recuperavit.

352 654 599 726 Contigit
628 655 773 711 inter
799 656 917 713 hac
954 657 1304 729 imperatoris
1334 657 1517 714 infelix
1553 661 1867 730 augurium.

282 750 422 803 Nam
444 764 585 803 uxor
611 748 727 818 ejus
751 751 934 823 regina
958 752 1234 819 Praxedis,
1257 752 1427 822 ipsius
1451 752 1651 822 ﬂagitia
1669 753 1868 808 abhor-

280 855 436 907 rens,
486 850 694 897 secreto
736 859 865 899 cum
913 844 1193 900 comitissa
1242 847 1501 901 tractavit
1546 845 1866 902 divortium.

279 933 446 1002 Quod
474 933 687 991 factum
718 936 908 992 eadem
939 938 1225 993 comitissa
1253 940 1590 1009 amplectens
1616 938 1867 1007 libenter,

273 1026 550 1082 solemnes
592 1028 664 1083 ad
706 1044 825 1084 eam
864 1030 1094 1085 nuntios
1138 1033 1371 1087 Verona
1414 1031 1728 1097 destinavit,
1775 1035 1869 1104 qui

276 1120 530 1175 eamdem
554 1122 802 1193 reginam
826 1122 895 1177 ad
925 1124 1263 1180 Canusinum
1293 1124 1557 1195 oppidum
1597 1125 1870 1196 perduxe—

271 1221 427 1268 runt.
470 1216 547 1269 Eo
571 1230 790 1287 quoque
818 1225 1093 1287 tempore,
1119 1234 1262 1273 anno
1299 1218 1512 1273 scilicet
1542 1218 1869 1274 incarnatio-

270 1305 359 1361 nis
388 1306 697 1363 Dominica
739 1315 901 1376 1097,
932 1310 1197 1365 Urbanus
1226 1327 1364 1381 papa
1395 1311 1697 1366 comitissa
1735 1328 1867 1367 usus

270 1399 508 1455 consilio
550 1401 949 1458 Lombardiam
979 1404 1152 1468 venit,
1198 1411 1273 1468 et,
1318 1403 1553 1459 concilio
1583 1405 1867 1461 Placentia

270 1492 573 1561 celebrato,
605 1494 796 1549 eodem
829 1496 1034 1550 scilicet
1057 1513 1202 1551 anno
1233 1496 1320 1552 die
1339 1497 1469 1551 Kal.
1496 1500 1660 1552 Mart.
1696 1498 1868 1569 impe~

268 1593 518 1642 ratorem
538 1595 592 1642 et
607 1587 937 1643 Guibertum
962 1589 1276 1659 antipapam
1298 1589 1565 1645 catholica
1583 1590 1865 1648 damnavit

267 1679 558 1747 sententia,
584 1687 640 1734 et
666 1681 960 1736 comitissa
992 1682 1109 1735 vale
1142 1680 1332 1737 dicens
1363 1683 1611 1737 transivit
1634 1684 1692 1738 in
1730 1685 1861 1739 Gal-

1192 246 1477 302 APPEND.
1519 247 1606 302 Ill.
1648 276 1720 289 —
1755 247 2173 307 MONUMENTA
2212 248 2671 312 GREG’ORIANA.

3439 261 3574 316 1054

1903 380 1959 444 Α
1988 384 2165 433 stante
2217 379 2397 450 itaque
2459 381 2810 437 solemnitate
2864 383 3275 455 gloriosissima
3339 386 3577 458 Virginis

1985 472 2177 526 Matris
2206 474 2330 540 Dei,
2380 473 2450 530 ad
2495 475 2759 546 majorem
2819 477 3126 545 ecclesiam,
3166 494 3289 549 qua
3334 479 3449 548 ejus
3494 487 3576 534 est

1980 564 2233 636 insignita
2262 567 2551 635 vocabulo,
2576 568 2805 623 missam
2831 570 3200 627 celebraturus
3223 573 3487 638 accessit;
3521 580 3575 628 et

1983 656 2117 712 dum
2158 658 2257 722 ibi,
2297 661 2548 716 universa
2580 670 2789 717 astante
2834 663 3008 733 plebe,
3041 673 3166 735 post
3211 666 3575 736 evangelicam

1987 749 2278 806 lectionem
2326 754 2525 824 populo
2576 756 2946 826 pradicasset,
3003 766 3057 812 et
3092 759 3371 814 nonnullis
3414 759 3575 815 verba

1985 841 2122 914 ejus,
2147 843 2244 915 qui
2264 845 2579 915 imperatori
2596 848 2972 917 adharebant,
3008 852 3189 922 gravia
3218 853 3574 918 exstitissent,

1985 936 2163 1005 posito
2189 938 2316 991 vino
2351 947 2406 992 et
2435 955 2574 1010 aqua
2621 942 2679 995 in
2706 941 2871 997 calice
2896 950 2959 997 ut
2992 947 3104 999 Deo
3146 942 3376 999 offerret
3404 945 3574 1000 sacri-

1981 1028 2188 1097 ﬁcium,
2212 1046 2447 1102 magnus
2480 1032 2537 1086 in
2567 1034 2793 1089 ecclesia
2825 1034 3067 1090 insonuit
3093 1037 3383 1104 tumultus,
3414 1052 3576 1093 sexus

1981 1120 2275 1178 hominum
2323 1125 2607 1197 utriusque
2666 1126 2811 1182 diras
2853 1127 3255 1199 blasphemias,
3306 1138 3362 1185 et
3398 1132 3575 1185 minas

1978 1216 2245 1271 terribiles
2286 1217 2547 1274 adversus
2593 1220 2694 1275 Dei
2736 1219 3041 1287 hominem,
3080 1221 3289 1277 scilicet
3317 1221 3571 1278 abbatem

1978 1309 2322 1379 pradictum,
2372 1311 2582 1367 nefarie
2630 1312 3023 1381 inclamantes,
3082 1321 3138 1369 et
3185 1315 3364 1384 ipsum
3413 1331 3572 1370 reum

1974 1403 2140 1457 morti
2169 1402 2561 1475 adjudicantes,
2606 1413 2877 1477 tanquam
2921 1407 3276 1478 imperatoris
3304 1408 3570 1463 amulum

1974 1504 2029 1549 et
2054 1496 2334 1551 rebellem.
2362 1500 2426 1551 In
2449 1498 2566 1568 ipso
2597 1498 2761 1570 igitur
2788 1501 3035 1555 tumultu
3064 1498 3259 1556 fractis
3288 1509 3343 1555 et
3365 1499 3572 1571 disper-

1980 1590 2057 1645 sis
2102 1589 2171 1644 de
2218 1590 2373 1644 altari
2404 1591 2592 1645 vitreis
2620 1592 2793 1660 vasis,
2825 1601 2879 1646 et
2915 1594 3147 1664 pretiosa
3178 1594 3380 1664 capella
3409 1609 3573 1665 quam

1977 1682 2257 1738 comitissa
2289 1683 2415 1737 diva
2460 1684 2641 1739 abbati
2685 1684 2908 1740 donavit
2952 1686 3285 1757 depradata,
3335 1687 3556 1742 univers

261 1772 422 1826 liam.
466 1772 862 1828 Consternatus
906 1772 989 1828 his
1020 1774 1344 1842 imperator,
1393 1776 1584 1830 accitis
1635 1780 1864 1833 Verona
1900 1753 1949 1815 B
1978 1775 2189 1831 abbatis
2218 1776 2453 1832 comites
2485 1786 2542 1831 et
2570 1778 2749 1833 clerici
2777 1776 3069 1849 fugerunt;
3098 1779 3209 1849 ipse
3238 1794 3368 1834 vero
3398 1780 3569 1834 intre-

259 1864 502 1931 civibus,
530 1867 764 1936 Nogara
795 1874 1039 1921 castrum
1066 1866 1298 1921 obsedit.
1328 1868 1489 1937 Quod
1522 1867 1751 1923 audiens
1779 1886 1869 1925 co-

259 1957 486 2012 mitissa
516 1958 697 2012 statim
720 1960 996 2014 accersitis
1018 1960 1427 2015 Mutinensibus
1451 1960 1663 2016 Padum
1688 1970 1868 2017 trans-

258 2049 386 2105 ivit.
437 2052 691 2106 Sentiens
757 2060 943 2107 autem
995 2054 1300 2123 imperator
1363 2055 1480 2123 ejus
1544 2054 1863 2122 adventum,

258 2143 480 2198 viribus
527 2142 826 2199 destitutus
876 2154 931 2200 et
974 2146 1193 2213 animo,
1242 2146 1429 2201 statim
1476 2146 1663 2219 fugam
1710 2148 1862 2217 iniit,

264 2236 433 2292 omni
463 2237 825 2308 suppellectili
848 2239 905 2293 in
934 2240 1127 2293 castris
1150 2240 1361 2305 relicta,
1389 2255 1556 2309 quam
1586 2242 1865 2296 comitissa

253 2328 535 2384 militibus
572 2330 790 2401 reliquit
839 2332 894 2385 in
941 2332 1205 2402 pradam.
1237 2333 1493 2387 Castrum
1536 2334 1721 2402 itaque
1750 2336 1863 2389 No-

252 2437 416 2494 gara
431 2423 507 2478 sic
523 2432 606 2478 est
622 2423 689 2477 ab
705 2423 992 2479 obsidione
1006 2425 1040 2478 li
1050 2425 1316 2479 beratu'm.
1339 2423 1581 2480 Additur
1601 2435 1860 2497 praterea

251 2524 317 2571 et
348 2516 668 2586 imperatori
698 2533 858 2572 casus
888 2516 1139 2585 infestus,
1167 2519 1347 2588 ipsum
1380 2519 1675 2575 hostilitate
1705 2521 1862 2574 inva-

252 2600 433 2665 dente
468 2608 794 2665 domestica.
828 2613 969 2666 Nam
1007 2612 1294 2666 Conradus
1332 2611 1445 2681 ejus
1473 2621 1656 2677 natus,
1688 2613 1862 2682 ipsius

253 2701 472 2757 scelera
525 2719 833 2770 exsecrans,
883 2704 950 2758 ab
1002 2720 1066 2758 eo
1116 2703 1399 2769 discessit,
1455 2714 1507 2759 et
1558 2706 1860 2761 comitissa

252 2793 525 2851 adhasil.
559 2796 726 2867 Cujus
751 2797 978 2851 consilio
1008 2796 1178 2851 ﬁliam
1205 2796 1427 2868 Rogerii
1458 2798 1673 2866 Apulia
1711 2800 1858 2868 prin-

250 2889 402 2959 cipis
432 2888 589 2944 duxit
612 2906 859 2945 uxorem.
892 2892 971 2945 Eo
998 2898 1248 2961 tempore
1273 2892 1538 2947 Urbanus
1571 2907 1703 2962 papa
1733 2909 1855 2947 mo-

251 2982 427 3047 ritur,
462 2997 610 3036 anno
639 2982 845 3038 Christi
889 2988 1050 3050 1099,
1086 2991 1211 3054 post
1238 2998 1405 3054 quem
1436 2983 1716 3039 Paschalis
1756 2985 1860 3040 eli-

247 3076 428 3147 gitur.
460 3077 662 3130 Contra
706 3092 871 3147 quem
911 3093 1037 3132 cum
1080 3078 1351 3131 niteretur
1379 3077 1680 3132 Guibertus
1708 3078 1853 3133 anti-

247 3184 400 3240 papa
441 3168 667 3238 populos
691 3170 931 3235 allicere,
957 3169 1026 3225 de
1055 3170 1239 3225 m'edio
1270 3170 1519 3225 sublatus
1563 3179 1665 3235 est,
1697 3188 1855 3226 suum

245 3277 451 3317 secum
482 3260 733 3316 deferens
765 3262 1081 3318 anathema.
1116 3263 1225 3331 Qui
1254 3263 1414 3317 annis
1438 3268 1506 3317 24
1548 3265 1647 3318 Dei
1676 3264 1857 3318 Eccle-

247 3354 401 3409 siam
433 3352 706 3409 damnoso
747 3355 977 3410 dissidio
1008 3356 1370 3427 perturbavit,
1396 3355 1464 3410 de
1494 3372 1601 3426 quo
1629 3356 1855 3428 quidam

246 3446 365 3502 hos
396 3448 600 3502 cecinit
627 3463 817 3503 versus
850 3469 861 3504 :

330 3550 573 3604 Fletibus
601 3554 650 3603 et
684 3550 934 3619 lacrymis
965 3552 1015 3604 si
1035 3553 1183 3617 forte
1210 3552 1355 3617 fores
1382 3551 1746 3616 redimendus,

328 3638 571 3692 Fletibus
597 3642 646 3691 et
677 3638 928 3707 lacrymis
957 3654 1110 3701 esses,
1142 3638 1413 3705 Guiberte,
1442 3638 1729 3704 dolendus;

338 3728 451 3784 Sed
478 3728 624 3781 nulli
644 3728 869 3794 gemitus
884 3730 1107 3795 possunt
1136 3731 1231 3779 tua
1259 3727 1409 3791 facta
1434 3728 1606 3795 piare,

329 3822 502 3887 Quem
530 3831 671 3869 mors
699 3830 805 3868 non
820 3818 1000 3883 potuit
1027 3815 1092 3867 de
1116 3814 1351 3883 perﬁdia
1378 3830 1642 3868 revocare.

250 3925 476 3983 Eodem
525 3923 693 3977 etiam
732 3928 986 3990 tempore
1036 3917 1299 3990 praefatus
1351 3919 1635 3975 Conradus
1685 3920 1855 3990 impe-

244 4030 411 4077 rator
438 4018 497 4072 in
527 4030 714 4070 mense
741 4014 888 4067 Julio
929 4014 1188 4079 moritur,
1232 4029 1378 4067 anno
1409 4014 1567 4067 tertio
1598 4023 1719 4082 post
1747 4016 1855 4069 Ur-

250 4112 392 4169 bani
421 4110 732 4171 decessum,
765 4115 818 4161 et
846 4106 1143 4161 Florentia
1181 4105 1453 4175 sepelitur.
1501 4106 1855 4160 Postmodum

248 4203 533 4261 Ferraria
565 4201 758 4255 civitas
782 4199 1081 4254 comitissa
1108 4198 1327 4253 rebellis
1359 4195 1617 4252 efﬁcitur.
1650 4198 1855 4253 Contra

249 4312 432 4372 quam
474 4295 711 4351 adunato
753 4292 998 4347 exercitu
1024 4308 1087 4346 ex
1128 4291 1320 4346 Tuscis
1348 4300 1401 4345 et
1428 4289 1753 4345 Lombardis
1795 4306 1857 4344 ac

249 4392 429 4447 etiam
446 4392 924 4451 Ravennatorum,
946 4386 1225 4455 classeque
1246 4386 1580 4438 Venetorum
1605 4383 1853 4449 collecta,

249 4499 381 4540 eam
404 4480 647 4548 obsedit,
672 4478 766 4534 sed
794 4494 924 4549 pace
954 4477 1275 4547 interposita
1305 4475 1374 4531 ad
1402 4477 1569 4533 ﬁdem
1592 4476 1775 4532 rediit.

834 4590 1074 4644 CAPUT
1122 4590 1278 4643 XIV.

254 4692 517 4763 Qualiter
568 4692 835 4763 comitissa
889 4690 1133 4763 abbatem
1180 4690 1515 4763 Bernardum
1565 4707 1597 4743 a
1649 4706 1858 4744 carcere

329 4765 605 4825 liberavit,
636 4767 687 4815 et
706 4762 770 4814 de
797 4762 1025 4814 Henrico
1051 4762 1389 4828 imperatoris
1409 4762 1541 4827 ﬁlio,
1563 4763 1681 4828 qui,
1709 4764 1856 4814 comi-

328 4839 471 4890 tissa
502 4838 740 4901 favente,
767 4848 989 4899 regnum
1016 4833 1203 4900 patris
1232 4832 1480 4883 obtinuit.

329 4939 487 4991 Inter
511 4936 628 4991 hac
656 4933 933 4990 Paschalis
962 4948 1098 5003 papa
1129 4931 1485 4996 Bernardum,
1518 4931 1689 4985 Vallis
1716 4935 1854 4985 Am-

252 5030 466 5086 brosia
502 5028 778 5095 abbatem,
816 5036 870 5083 et
898 5031 1168 5083 Romana
1198 5024 1452 5080 Ecclesia
1498 5023 1854 5093 cardinalem,

246 5124 441 5179 virum
465 5123 657 5192 utique
690 5120 930 5175 maxima
960 5118 1311 5174 veneratione
1334 5117 1584 5189 dignum,
1615 5116 1687 5172 ob
1714 5126 1855 5172 tute-

249 5217 371 5271 lam
419 5213 701 5269 Mathildis
730 5214 781 5267 in
811 5210 1207 5267 Lombardiam
1250 5210 1469 5267 direxit.
1503 5213 1681 5279 Quem
1727 5227 1853 5265 cum

248 5309 375 5379 ipsa
407 5306 825 5371 honorabiliter,
854 5305 1214 5374 suscepisset,
1254 5311 1310 5357 et
1351 5305 1465 5374 ejus
1493 5304 1622 5358 boni
1666 5303 1855 5359 odoris

252 5402 412 5456 fama
435 5401 581 5455 inter
605 5398 954 5455 Lombardos
983 5405 1271 5463 cresceret,
1297 5396 1458 5451 multi
1481 5413 1606 5452 eum
1637 5412 1699 5451 ex
1725 5400 1851 5451 Par-

251 5493 545 5548 mensibus
585 5499 909 5564 rogaverunt
938 5500 1000 5547 ut
1027 5506 1083 5545 se
1110 5490 1180 5545 ad
1207 5490 1484 5545 civitatem
1516 5490 1695 5560 ipsum
1724 5506 1852 5544 con-

254 5584 459 5654 ferret,
502 5594 557 5639 et
604 5583 742 5640 falce
788 5584 939 5638 verbi
986 5582 1086 5639 Dei
1116 5592 1303 5639 sentes
1348 5582 1478 5637 inde
1526 5583 1853 5653 exstirparet

250 5678 581 5744 hareticas;
605 5678 695 5749 qui
721 5677 788 5732 de
808 5677 1040 5733 consilio
1059 5677 1376 5743 comitissa,
1398 5675 1724 5731 condecenti
1749 5676 1854 5731 cle-

247 5770 505 5826 ricorum
524 5770 809 5837 comitiva,
832 5770 900 5826 ad
939 5770 1215 5825 civitatem
1242 5770 1419 5840 ipsam
1456 5770 1716 5839 perrexit.
1760 5774 1849 5826 In-

1980 1868 2138 1939 pidus
2180 1884 2408 1923 manens
2453 1870 2667 1941 capitur
2713 1877 2767 1925 et
2812 1871 3019 1927 carceri
3069 1872 3427 1943 mancipatur.
3472 1872 3570 1927 His

1975 1962 2253 2017 comitissa
2286 1978 2397 2017 non
2424 1963 2542 2019 sine
2579 1979 2781 2035 magno
2827 1963 3015 2019 dolore
3043 1962 3275 2032 auditis,
3305 1966 3566 2019 Parmam

1975 2053 2063 2109 die
2099 2054 2260 2108 tertio
2313 2070 2442 2109 cum
2491 2054 2761 2110 militibus
2816 2057 2927 2109 suis
2975 2058 3288 2127 properavit
3338 2075 3351 2111 :
3403 2072 3567 2127 quem

1974 2146 2342 2201 venerabilem
2382 2148 2558 2202 virum
2605 2147 2842 2215 liberari,
2876 2156 2930 2202 et
2976 2150 3163 2203 omnia
3193 2148 3448 2219 subrepta
3479 2164 3568 2204 re-

1972 2240 2127 2295 stitui
2179 2241 2517 2310 procuravit,
2552 2256 2667 2295 non
2709 2240 2848 2295 ultra
2901 2239 2969 2295 ad
3011 2239 3310 2296 vindictam
3354 2241 3570 2296 sceleris

1973 2331 2293 2403 procedens,
2324 2332 2519 2387 abbate
2548 2341 2795 2402 rogante,
2828 2334 2923 2404 qui
2950 2333 3173 2403 multos,
3208 2341 3329 2404 post
3360 2334 3569 2390 bonum

1973 2425 2139 2495 pacis,
2180 2426 2401 2479 amavit.
2433 2429 2569 2480 Acta
2612 2442 2742 2481 vero
2788 2434 2918 2481 sunt
2963 2426 3083 2481 hac
3113 2442 3263 2482 anno
3304 2426 3427 2482 Filii
3457 2426 3564 2482 Dei

1972 2519 2149 2571 exorti
2206 2523 2374 2572 1104.
2450 2517 2656 2572 Eodem
2708 2528 2957 2589 tempore
3001 2520 3188 2574 minor
3218 2520 3568 2591 imperatoris

1970 2609 2117 2664 ﬁlius
2143 2609 2201 2664 in
2226 2619 2437 2680 patrem
2463 2609 2894 2678 excandescens,
2927 2620 2979 2667 et
3004 2612 3265 2667 maximis
3290 2629 3418 2668 eum
3445 2628 3568 2684 pro-

1972 2702 2083 2757 bris
2113 2702 2361 2758 afﬁcieus
2404 2702 2661 2757 invadere
2691 2719 2923 2775 regnum
2965 2704 3178 2759 nititur.
3210 2706 3341 2760 Uno
3374 2706 3562 2777 itaque

1971 2812 2099 2849 cum
2144 2803 2299 2865 patre
2349 2795 2540 2865 pralio
2579 2810 2903 2865 congressus
2933 2796 3103 2850 victor
3152 2795 3419 2863 efﬁcitur;
3468 2798 3562 2852 sed

1972 2888 2273 2957 imperator
2301 2887 2535 2943 evadens
2580 2887 2753 2942 vitam
2783 2903 3020 2943 maerore
3051 2889 3181 2959 egit,
3232 2898 3287 2943 et
3329 2889 3556 2944 demum

1970 2998 2081 3037 non
2120 2982 2291 3036 multo
2321 2986 2439 3051 post
2469 2980 2758 3037 defunctus
2794 2990 2874 3036 est
2903 2997 3053 3035 anno
3078 2981 3277 3036 Christi
3321 2987 3477 3047 1105,
3506 2972 3564 3036 et

1970 3076 2135 3146 Spira
2166 3074 2411 3146 sepultus
2438 3083 2541 3129 est.
2574 3077 2705 3130 Post
2732 3074 2886 3145 cujus
2916 3075 3130 3129 obitum
3160 3090 3294 3145 papa
3327 3075 3559 3130 Pascha-

1970 3170 2035 3224 lis
2064 3169 2446 3223 Lombardiam
2472 3169 2640 3235 venit,
2670 3176 2724 3223 et
2748 3168 2996 3224 latanter
3018 3184 3048 3222 a
3077 3167 3362 3222 comitissa
3384 3183 3561 3223 susce-

1968 3271 2091 3333 ptus
2121 3272 2232 3328 est;
2255 3262 2346 3331 qui
2370 3262 2531 3332 juxta
2556 3261 2772 3316 Padum
2802 3260 3075 3334 synodum
3096 3276 3404 3316 convocans
3434 3260 3553 3316 loco

1966 3356 2061 3427 qui
2092 3354 2365 3409 Guastalla
2395 3352 2618 3421 dicitur,
2651 3354 2877 3409 Henrici
2922 3352 3168 3409 defuncti
3210 3353 3560 3424 imperatoris

1967 3449 2109 3503 ﬁlius
2139 3428 2406 3502 Henricus
2432 3447 2680 3514 nomine,
2712 3447 2807 3518 qui
2848 3447 3008 3516 hujus
3051 3446 3299 3501 nominis
3336 3446 3558 3516 quintus

1963 3540 2091 3608 fuit,
2124 3542 2327 3612 legatos
2356 3540 2426 3595 ad
2457 3556 2585 3595 eum
2631 3541 2804 3605 misit,
2842 3548 3030 3611 petens
3066 3548 3127 3595 ut
3153 3540 3254 3594 sibi
3294 3539 3557 3611 regnandi

1959 3633 2053 3704 jus
2080 3632 2425 3698 concederet,
2454 3640 2507 3686 et
2535 3640 2739 3687 sancta
2772 3630 2919 3686 sedis
2957 3632 3269 3703 apostolica
3296 3647 3354 3686 se
3390 3631 3558 3686 devo~

1964 3735 2081 3781 tum
2105 3725 2224 3780 fore
2251 3725 2588 3796 promittens.
2624 3728 2780 3780 Hanc
2802 3725 3129 3796 legationem
3158 3740 3299 3795 papa
3327 3723 3560 3780 libenter

1965 3820 2310 3889 amplexatus
2352 3826 2452 3872 est.
2499 3818 2789 3873 Comitissa
2828 3834 2956 3872 vero
3003 3816 3086 3872 his
3132 3817 3302 3888 patris
3332 3825 3390 3871 et
3417 3818 3560 3888 regis

1965 3912 2051 3983 pia
2072 3911 2236 3966 verba
2267 3910 2533 3978 laudavit,
2561 3918 2616 3965 et
2642 3926 2790 3983 papa
2812 3909 3185 3982 magniﬁcavit
3209 3925 3555 3982 responsum.

1970 4008 2044 4060 Eo
2094 4015 2343 4076 tempore
2374 4009 2695 4060 Parmenses
2729 4004 3006 4059 venientes
3043 4003 3111 4058 ad
3159 4019 3375 4075 papam,
3420 4004 3558 4058 Ber-

1963 4097 2199 4153 nardum
2221 4098 2498 4161 abbatem,
2516 4097 2608 4168 qui
2636 4096 2815 4152 fuerat
2833 4096 2889 4150 in
2914 4113 2973 4150 ea
3000 4096 3240 4158 civitate,
3259 4104 3320 4150 ut
3346 4095 3557 4151 dictum

1963 4200 2066 4256 est,
2099 4190 2463 4260 ignominiose
2509 4198 2800 4254 tractatus,
2846 4190 2947 4244 sibi
2994 4189 3051 4242 in
3082 4189 3395 4260 episcopum
3438 4188 3554 4244 dari

1964 4284 2253 4354 petierunt.
2279 4282 2397 4349 Qua
2425 4282 2682 4352 petitione
2708 4298 2846 4352 papa
2870 4283 3084 4353 gavisus
3130 4284 3388 4336 Parmam
3426 4297 3553 4336 cum

1963 4376 2157 4430 abbate
2200 4374 2363 4440 venit,
2410 4383 2464 4428 et
2492 4373 2669 4442 ipsum
2704 4374 2762 4427 in
2798 4374 3038 4444 ejusdem
3072 4374 3390 4443 episcopum
3419 4388 3556 4427 con-

1884 4490 1935 4550 D
1961 4468 2213 4533 secravit,
2243 4466 2543 4522 decernens
2567 4475 2749 4521 autem
2781 4466 3077 4521 Ecclesiam
3112 4470 3461 4521 Parmensem
3486 4465 3552 4521 ad

1964 4567 2279 4618 Romanam
2301 4570 2546 4633 spectare
2564 4560 2749 4615 sedem
2770 4576 2916 4615 anno
2940 4558 3142 4614 Christi
3167 4564 3329 4627 1106,
3358 4558 3552 4613 deinde

1962 4659 2209 4712 Romam
2240 4671 2489 4710 reversus
2515 4662 2600 4708 est
2632 4670 2792 4724 papa.

2556 4764 2796 4820 CAPUT
2837 4766 2964 4819 XV.

1963 4873 2039 4924 De
2058 4883 2188 4936 pace
2213 4868 2527 4933 conﬁrmata
2557 4868 2703 4919 inter
2729 4868 3105 4934 imperatorem
3129 4871 3180 4921 et
3207 4868 3549 4929 comitissam,

2034 4944 2085 4993 et
2129 4939 2370 5007 qualiter
2413 4940 2706 5007 imperator
2749 4940 2907 5006 regni
2948 4938 3201 4993 diadema
3248 4939 3478 5005 suscepit
3518 4954 3553 4991 a

2028 5025 2202 5079 papa.

2033 5122 2167 5174 Post
2210 5118 2329 5175 hac
2355 5135 2481 5174 cum
2518 5118 2817 5189 imperator
2862 5120 3134 5174 Henricus
3180 5119 3344 5192 hujus
3370 5117 3551 5174 nomi-

1963 5213 2047 5268 nis
2074 5216 2123 5268 V
2149 5213 2394 5268 civitates
2435 5220 2489 5267 et
2517 5211 2717 5283 oppida
2750 5211 3073 5268 debellando
3104 5220 3451 5283 prosperaret
3497 5210 3551 5265 in

1961 5322 2153 5373 regno,
2185 5306 2367 5361 volens
2394 5320 2508 5361 sua
2532 5304 2839 5360 devotionis
2863 5304 2935 5360 ad
2960 5305 3242 5359 ecclesiam
3265 5304 3551 5373 propalare

1963 5398 2189 5465 indicia,
2228 5398 2569 5455 venerandos
2588 5397 2795 5453 direxit
2822 5396 3092 5452 antistites
3121 5394 3189 5450 ad
3214 5395 3409 5475 urbem
3434 5398 3549 5450 Ro-

1963 5506 2109 5545 mam
2132 5507 2277 5545 anno
2309 5491 2506 5546 Christi
2546 5496 2701 5557 tuo,
2725 5503 2889 5559 seque
2916 5492 2982 5542 B.
3007 5489 3149 5542 Petri
3180 5488 3357 5544 ﬁlium
3387 5505 3548 5560 spon-

1961 5584 2097 5639 dens
2128 5599 2224 5653 per
2252 5584 2473 5639 eosdem
2506 5583 2712 5654 legatos
2737 5580 2950 5650 imperii
2983 5581 3069 5634 sui
3099 5580 3346 5635 diadema
3370 5581 3545 5652 petiit.

1962 5675 2176 5746 Quibus
2203 5692 2337 5747 papa
2367 5674 2658 5746 respondit
2684 5689 2741 5727 se
2762 5688 3023 5727 coronam
3055 5670 3339 5737 daturum,
3370 5673 3414 5727 si
3440 5675 3554 5726 Ro-

1961 5783 2112 5823 mam
2151 5778 2507 5839 percepturus
2542 5763 2847 5820 accederet.
2889 5764 3141 5820 Redeunt
3187 5764 3355 5831 igitur
3391 5762 3551 5833 legati
