4052 6180
498 203 634 256 1055

1505 199 1597 253 AD
1635 160 1859 253 oram
1898 197 1952 253 s.
1992 195 2311 252 esseom!
2349 196 2780 251 APPENUICES.

3639 195 3761 249 1056

493 332 548 380 et
570 324 641 382 ad
660 326 994 383 comitissam
1024 322 1349 380 Mathildem
1371 321 1729 392 divertentes,
1759 322 1828 376 ab
1855 337 1916 376 ea
1946 320 2079 376 hila-
2111 327 2164 387 Α
2191 324 2307 377 Hac
2330 321 2496 391 igitur
2521 320 2817 376 rebellione
2836 320 3090 390 durante,
3116 318 3434 393 hujusmodi
3452 318 3771 374 turbationis

497 418 629 473 riter
651 427 781 474 sunt
808 418 1057 487 suscepti,
1084 424 1159 482 et,
1180 415 1391 487 magnis
1418 414 1709 487 gratiﬁcati
1737 415 2082 481 muneribus,

496 510 567 567 ad
594 511 979 582 imperatorem
1010 509 1234 565 tandem
1273 516 1631 564 reverterunt.
1675 508 1877 563 Statim
1907 508 2087 580 impe-

497 611 647 658 rator
693 602 1000 657 coadunato
1040 602 1285 657 exercitu
1314 602 1709 657 Lombardiam
1747 601 1984 667 intravit,
2032 610 2089 656 et

496 696 744 750 civitates
797 710 863 749 ac
907 703 1083 751 castra
1117 694 1495 766 depopulatus,
1543 701 1772 750 cunctos
1828 694 1949 766 ejus
2009 694 2086 749 ira

496 787 842 843 Lombardos
875 789 1184 859 perterruit.
1219 791 1367 843 Inter
1406 788 1504 843 has
1532 789 1783 844 civitates
1812 804 1941 842 cum
1970 790 2085 843 No—

494 880 644 936 varia
670 880 727 935 in
762 881 1062 937 rebellione
1094 882 1427 954 persisteret,
1484 897 1544 936 ea
1587 896 1868 949 succensa,
1895 896 2087 936 muros

496 974 619 1045 ejus
657 973 846 1041 diruit,
876 975 1223 1045 multamque
1253 974 1379 1030 inde
1410 974 1527 1029 auri
1559 982 1615 1029 et
1641 975 1852 1046 argenti
1876 974 2089 1047 suppel-

495 1066 734 1123 lectilem
768 1069 1093 1137 asportavit;
1131 1067 1245 1122 sola
1282 1068 1469 1124 civitas
1511 1067 1806 1123 Mediolani
1845 1068 2087 1138 impera-

496 1160 604 1215 tori
641 1176 757 1216 non
796 1160 1192 1232 obtemperavit
1233 1160 1302 1216 ad
1336 1169 1543 1217 votum.
1577 1162 1824 1233 Cumque
1866 1168 2090 1232 propter

499 1253 814 1323 hujusmodi
860 1253 1165 1308 invasiones
1214 1254 1497 1309 comitissa
1548 1253 1937 1324 imperatorem
1986 1253 2088 1309 ha-

497 1344 652 1401 beret
678 1362 930 1412 exosum,
961 1346 1225 1417 ﬂagrabat
1248 1363 1377 1402 cum
1407 1362 1469 1402 ea
1502 1362 1691 1419 pacem
1723 1346 1941 1402 habere.
1975 1350 2088 1401 Im-

500 1446 715 1511 perator
757 1439 1118 1495 nihilominus
1162 1455 1335 1511 usque
1378 1440 1445 1495 ad
1483 1439 1651 1495 Thari
1680 1441 1857 1511 ripam
1907 1440 2086 1507 venit;

500 1531 776 1587 comitissa
837 1547 969 1589 vero
1028 1549 1059 1588 a
1108 1536 1347 1589 Canossa
1410 1533 1776 1589 Bibianellum
1825 1533 2086 1605 perrexit.

499 1624 751 1680 Tandem
781 1625 930 1681 inter
953 1642 1074 1681 eam
1105 1635 1159 1682 et
1177 1626 1561 1697 imperatorem
1588 1627 1753 1698 legati
1781 1628 1962 1682 multo
1989 1626 2087 1681 ha-

498 1716 616 1773 bito
646 1726 874 1774 tractatu
899 1735 1093 1790 pacem
1114 1728 1367 1776 mutuam
1396 1720 1811 1787 conﬁrmarunt,
1834 1736 2000 1791 quam
2030 1735 2089 1775 se

500 1820 836 1867 servaturam
863 1812 1139 1869 comitissa
1165 1814 1475 1885 spopondit,
1507 1816 1777 1869 Romana:
1818 1812 2095 1869 duntaxat

500 1906 761 1962 Ecclesiae
790 1905 1053 1962 ﬁdelitate
1081 1916 1314 1963 servata.
1348 1907 1451 1962 His
1492 1909 1746 1977 peractis,
1796 1907 2095 1979 imperator

502 2014 597 2069 per
626 2008 873 2055 montem
898 1999 1175 2054 Burdonis
1191 2005 1337 2066 (957)
1359 2001 1613 2055 transivit
1638 2000 1697 2054 in
1719 2002 2000 2064 Tusciam,
2026 1999 2095 2054 de

502 2091 660 2161 cujus
689 2090 926 2147 adventu
960 2092 1125 2146 Tusci
1169 2092 1507 2162 trepidantes
1558 2092 1609 2147 ei
1637 2093 1845 2147 tributa
1888 2093 2092 2163 persol-

503 2192 657 2237 vunt.
702 2184 997 2239 Florentia:
1041 2184 1229 2240 Natale
1270 2186 1503 2240 Domini
1543 2185 1851 2240 celebravit.
1885 2186 2094 2241 Urbem

504 2276 789 2331 Aretinam
817 2276 1007 2331 fractis
1058 2277 1232 2331 muris
1274 2278 1619 2348 consumpsit
1663 2278 1932 2333 incendio.
1982 2281 2096 2333 Ve-

504 2368 660 2424 niens
682 2368 909 2425 tandem
930 2372 1168 2425 Romam
1194 2379 1388 2441 quarto
1409 2371 1538 2427 Idus
1562 2371 1862 2439 Februarii,
1896 2386 1925 2425 a
1957 2387 2094 2443 papa

503 2470 561 2516 et
599 2463 748 2517 clero
778 2478 843 2517 ac
877 2462 1081 2534 populo
1107 2464 1339 2518 solemni
1386 2465 1733 2535 processione
1777 2465 2089 2537 suscipitur.

506 2560 726 2611 lntrans
766 2572 896 2611 vero
927 2556 1071 2611 beati
1100 2557 1245 2611 Petri
1274 2555 1583 2623 basilicam,
1620 2566 1678 2613 et
1709 2557 1778 2613 ad
1809 2559 2096 2614 universos

502 2648 782 2704 scalarum
811 2649 1013 2720 gradus
1042 2665 1220 2721 genua
1251 2650 1496 2719 ﬂectens,
1524 2661 1651 2707 ante
1666 2652 1838 2707 altare
1858 2652 1926 2708 ad
1948 2652 2098 2723 pacis

508 2742 760 2797 osculum
790 2758 821 2797 a
868 2758 1002 2813 papa
1047 2744 1357 2814 suscipitur,
1390 2745 1721 2815 promittens
1749 2746 1798 2799 ei
1843 2746 2098 2801 ecclesias

504 2835 605 2890 Dei
638 2851 754 2890 non
782 2834 1148 2905 venditurum,
1182 2852 1287 2892 nec
1314 2837 1665 2893 investituras
1694 2837 1971 2894 facturum
1995 2840 2096 2894 nisi

506 2942 603 3000 per
645 2943 799 3000 papae
830 2928 1128 2985 licentiam.
1159 2931 1409 3001 Cumque
1445 2946 1589 3002 papa
1616 2931 1684 2986 ad
1715 2932 2094 2988 coronandum

2192 415 2428 469 civitatis
2457 429 2615 469 casus
2644 414 2821 469 eidem
2846 416 3141 470 comitissae
3165 414 3403 469 emersit.
3437 413 3573 469 Cum
3595 419 3772 466 autem

2194 509 2250 562 in
2280 516 2468 562 monte
2498 508 2763 562 Baruntio
2793 509 3069 563 comitissa
3098 515 3352 563 maneret
3380 506 3614 578 graviter
3634 504 3770 559 inﬁr-

2195 609 2363 667 mata,
2390 600 2549 656 fallax
2577 600 2646 655 de
2670 600 2785 671 ejus
2810 588 2987 656 morte
3007 600 3150 656 fama
3173 600 3470 671 personuit.
3491 598 3767 654 Mantuani

2195 695 2358 766 igitur
2386 695 2577 765 gavisi,
2607 703 2663 749 et
2696 693 2897 749 famam
2931 695 3069 750 hanc
3105 695 3469 765 divulgantes,
3499 691 3773 762 Ripaltam

2192 788 2487 844 comitissa:
2516 796 2755 843 castrum
2794 789 2957 843 tertio
2981 788 3052 843 ab
3078 787 3214 843 urbe
3242 789 3483 842 Mantuae
3525 784 3777 841 milliario

2193 882 2402 937 distans
2440 881 2723 937 invadunt.
2757 881 3019 937 Custodes
3056 896 3182 936 vero
3224 879 3407 947 castri,
3450 887 3569 934 tum
3598 893 3669 933 ex
3696 892 3781 932 su-

2194 975 2305 1031 bita
2330 976 2631 1039 invasione,
2663 983 2782 1031 tum
2804 991 2866 1030 ex
2890 974 3031 1029 falsa
3060 974 3365 1030 comitissa:
3401 971 3552 1027 fama
3576 971 3783 1043 prolata

2192 1070 2393 1124 timore
2412 1069 2589 1124 multo
2612 1069 2874 1138 percussi,
2905 1074 3148 1123 castrum
3173 1066 3489 1123 Mantuanis
3519 1065 3628 1120 hac
3665 1080 3784 1120 con-

2196 1162 2400 1217 ditione
2428 1161 2772 1217 tradiderunt
2810 1181 2823 1214 :
2873 1170 2936 1219 ut
2978 1161 3242 1227 videlicet,
3284 1160 3327 1215 si
3373 1160 3578 1214 viveret
3604 1158 3781 1213 comi-

2196 1256 2353 1321 tissa,
2387 1263 2579 1311 contra
2620 1271 2743 1310 eam
2794 1255 3109 1309 nullatenus
3149 1261 3447 1309 teneretur.
3480 1251 3585 1308 Sed
3639 1253 3783 1306 Man-

2197 1348 2349 1403 tuani
2395 1347 2639 1419 perﬁdia:
2667 1348 2797 1403 vitio
2838 1349 3046 1419 repleti,
3091 1346 3280 1402 habito
3320 1346 3480 1401 castri
3510 1344 3785 1407 dominio,

2197 1441 2553 1497 decreverunt
2582 1441 2715 1496 illud
2758 1441 3011 1497 incendio
3049 1440 3334 1511 dissipare.
3376 1441 3592 1493 Interea
3626 1453 3782 1492 vene-

2195 1535 2382 1589 rabilis
2410 1532 2731 1589 Manfredus
2758 1535 3041 1605 episcOpus
3069 1535 3354 1588 Mantuam
3380 1531 3527 1586 venit
3549 1530 3787 1586 referens

2200 1628 2539 1683 comitissam
2578 1628 2776 1682 vivere.
2820 1626 2980 1695 Quod
3017 1626 3245 1681 audiens
3281 1624 3513 1697 p0pulus
3542 1625 3786 1678 Mantua-

2203 1737 2324 1787 nus,
2356 1720 2433 1775 ira
2457 1718 2731 1781 frendens,
2764 1719 2847 1775 vix
2875 1735 3068 1774 manus
3096 1718 3166 1773 ab
3206 1718 3324 1789 ipso
3362 1716 3675 1779 continuit,
3699 1714 3787 1770 sed

2202 1814 2413 1886 generis
2459 1813 2574 1884 ejus
2634 1813 2895 1867 nobilitas
2944 1828 3139 1868 eorum
3182 1811 3436 1882 repressit
3482 1808 3785 1864 audaciam.

2202 1909 2454 1963 Castrum
2491 1922 2619 1961 vero
2648 1906 2885 1977 Ripalta:
2912 1906 3154 1961 ﬂamma:
3181 1913 3237 1960 et
3261 1904 3436 1958 ruina:
3460 1901 3718 1967 traditur,
3741 1908 3789 1956 et

2203 2016 2299 2071 per
2326 2015 2572 2055 mensem
2610 1999 2736 2055 inde
2766 2001 3049 2053 Mantuam
3072 1998 3245 2069 spolia
3283 1995 3631 2053 deferuntur.
3666 1997 3791 2049 Haec

2204 2102 2389 2147 autem
2418 2093 2603 2148 omnia
2636 2093 2975 2147 comitissam
3006 2092 3283 2147 latuerunt
3309 2112 3320 2145 :
3358 2088 3617 2144 nolebant
3649 2088 3789 2143 enim

2202 2184 2388 2240 ﬁdeles
2416 2185 2535 2256 ejus
2565 2184 2891 2257 aegritudine
2930 2184 3195 2239 afﬂictam
3228 2183 3333 2238 hoc
3378 2182 3684 2237 damnabili
3714 2197 3791 2236 ru-

2203 2293 2359 2333 more
2394 2278 2727 2333 contristari.
2772 2278 3006 2333 Sanitati
3048 2276 3274 2332 tandem
3304 2275 3581 2343 restituta,
3612 2274 3791 2346 cogni-

2203 2379 2366 2442 toque
2394 2371 2551 2442 quale
2578 2370 2678 2425 sibi
2708 2372 2989 2426 Mantuani
3017 2370 3287 2425 damnum
3310 2369 3626 2435 intulerant,
3665 2367 3794 2423 dixit

2206 2474 2421 2535 tempus
2460 2464 2652 2519 adesse
2698 2463 2850 2534 quod
2898 2464 3009 2518 suis
3064 2471 3181 2518 erat
3230 2461 3511 2517 demeritis
3560 2464 3793 2516 Mantua

2204 2557 2586 2613 subvertenda.
2616 2558 2754 2611 Suos
2792 2557 2956 2628 igitur
2984 2556 3234 2611 hortatur
3262 2554 3328 2611 ad
3361 2554 3591 2620 bellum,
3632 2562 3692 2608 et
3712 2570 3793 2609 ar-

2205 2659 2352 2707 mata
2381 2650 2551 2705 classe
2570 2649 2638 2706 ad
2658 2652 2901 2705 Mantua:
2927 2649 3276 2705 obsidionem
3297 2648 3623 2719 properavit.
3651 2650 3794 2703 Dum

2204 2753 2390 2799 autem
2420 2744 2600 2815 gravis
2649 2746 2976 2798 Mantuanos
3021 2751 3255 2797 arctaret
3304 2741 3543 2808 obsidio,
3596 2755 3793 2812 magno

2206 2838 2405 2892 timore
2459 2835 2790 2892 consternati
2853 2834 3169 2891 defensores
3218 2850 3411 2889 eorum
3466 2834 3520 2887 in
3559 2832 3793 2888 diversas

2202 2929 2431 2985 trahunt
2459 2929 2771 2984 sententias.
2805 2927 3042 2997 Quidam
3085 2929 3234 2983 enim
3262 2925 3639 2982 resistendum
3682 2940 3792 2980 esse

506 3036 635 3076 eum
667 3036 725 3076 se
756 3030 993 3091 pararet,
1021 3022 1264 3094 perﬁdia
1301 3039 1491 3079 semen
1527 3026 1759 3079 aemulus
1782 3026 1930 3097 pacis
1958 3026 2093 3096 inje-
2131 3041 2176 3103 ο
2201 3022 2522 3088 decernunt,
2568 3038 2694 3093 pars
2734 3022 3006 3077 inﬁrmior
3041 3021 3249 3077 mmnia
3298 3020 3449 3075 exire
3494 3019 3789 3075 contendit.

505 3115 602 3180 cit,
633 3116 979 3186 prapositum
1008 3124 1064 3171 et
1098 3116 1435 3187 promissum
1464 3118 1813 3189 imperatoris
1850 3127 2089 3174 mutans.

396 3290 409 3295 ἡ
505 3209 648 3263 Nam
675 3208 827 3278 petiit
850 3224 881 3262 a
911 3224 1047 3279 papa
1073 3208 1174 3263 sibi
1196 3211 1286 3280 jus
1314 3210 1543 3266 concedi
1572 3212 1631 3265 in
1671 3210 1863 3266 dandis
1891 3212 2096 3282 episco-

505 3300 727 3371 patibus
745 3310 801 3357 et
822 3302 1056 3357 abbatiis
1086 3319 1182 3374 per
1210 3304 1418 3375 virgam
1442 3313 1498 3359 et
1526 3304 1811 3373 annulum,
1834 3305 2098 3376 quemad-

506 3394 739 3450 modum
786 3394 869 3450 sui
916 3395 1344 3468 praedecessores
1406 3398 1668 3453 hactenus
1715 3399 2093 3454 contulerunt.

508 3487 672 3558 Quod
718 3504 843 3544 cum
887 3505 1022 3561 papa
1068 3499 1345 3559 renueret,
1396 3491 1575 3563 ipsum
1625 3493 1922 3563 imperator
1970 3508 2095 3547 cum

506 3580 743 3651 prazlatis
790 3590 844 3636 et
891 3582 1044 3637 omni
1074 3583 1224 3637 curia
1253 3584 1567 3653 captivavit.
1616 3586 1765 3639 Inter
1804 3601 1944 3655 quos
1994 3584 2099 3640 fuit

507 3671 817 3726 Bernardus
856 3675 1164 3730 Parmensis
1195 3675 1512 3746 episcopus,
1549 3684 1605 3732 et
1630 3678 1823 3733 Senior
1852 3678 2098 3749 Reginus

505 3764 809 3835 episcopus.
842 3768 946 3821 Pro
976 3766 1174 3835 quibus
1203 3767 1467 3838 episcopis
1497 3776 1552 3822 et
1578 3770 1795 3824 caeteris
1826 3771 2095 3825 Lombar-

510 3857 595 3912 dis
619 3857 847 3928 captivis
869 3859 950 3913 vir
990 3858 1195 3914 nobilis
1237 3868 1291 3914 et
1312 3860 1590 3931 eloquens,
1622 3861 1898 3917 Arduinus
1925 3864 2096 3918 comi-

508 3950 655 4006 tissae
694 3952 916 4022 legatus,
951 3951 1343 4021 imperatorem
1373 3953 1686 4024 alloquitur,
1728 3961 1781 4010 et
1820 3957 1965 4024 pacis
2001 3972 2096 4026 pa-

509 4051 659 4098 ctum
671 4059 1140 4111 commemorans,
1158 4044 1392 4101 libertati
1407 4045 1599 4101 donati
1618 4056 1761 4101 sunt.
1793 4050 2100 4120 Imperator

509 4136 755 4203 tandem,
786 4137 855 4192 ad
878 4153 975 4193 cor
1006 4136 1219 4192 rediens
1256 4146 1313 4193 et
1340 4137 1529 4195 futura
1559 4141 1798 4211 pericula
1825 4151 2097 4210 metuens,

512 4246 712 4301 papam
737 4239 791 4285 et
820 4232 1073 4301 praelatos
1102 4232 1382 4299 relaxavit,
1414 4241 1489 4301 et,
1521 4249 1650 4304 pace
1679 4250 1809 4290 cum
1839 4250 1906 4290 eo
1930 4234 2096 4303 facta,

509 4323 708 4396 abipso
729 4324 1069 4396 imperialem
1084 4324 1526 4381 benedictionem
1542 4336 1597 4381 et
1614 4328 1833 4399 imperii
1848 4328 2097 4384 diadema

2204 3118 2324 3170 Hac
2362 3114 2591 3170 tandem
2628 3115 2985 3171 ﬂuctuatione
3011 3113 3227 3185 trepidi,
3260 3113 3600 3179 vacillantes,
3630 3128 3663 3168 a
3704 3128 3792 3168 co-

2204 3208 2410 3264 mitissa
2438 3208 2661 3280 utrique
2690 3209 2961 3280 supplices
2986 3206 3262 3279 petierunt
3288 3207 3524 3262 veniam.
3546 3207 3793 3277 Cumque

2202 3302 2483 3358 comitissa
2506 3317 2700 3357 eorum
2724 3302 2913 3373 legatis
2952 3316 3111 3357 aures
3135 3300 3403 3371 praeberet
3434 3300 3712 3365 adversas,
3740 3306 3794 3353 et

2203 3396 2377 3450 torvis
2405 3411 2501 3450 eos
2525 3394 2787 3465 aspiceret
2815 3394 3010 3461 oculis,
3036 3392 3343 3449 mitissimis
3376 3401 3566 3448 tamen
3593 3391 3792 3463 suppli-

2204 3488 2512 3545 cationibus
2550 3497 2607 3543 et
2644 3503 2932 3559 procerum
2957 3503 3185 3542 suorum
3224 3486 3632 3541 instantissimis
3673 3500 3790 3557 pre-

2204 3583 2361 3638 cibus
2410 3582 2526 3653 ejus
2564 3582 2809 3651 placatus
2855 3590 2937 3635 est
2983 3580 3217 3635 animus.
3259 3579 3557 3636 Civitatem
3606 3579 3785 3650 itaque

2204 3676 2310 3731 sibi
2378 3674 2755 3741 tradiderunt,
2826 3673 3107 3729 ﬁdelitatis
3171 3673 3488 3745 juramenta
3553 3670 3788 3727 universi

2206 3776 2547 3840 praestantes,
2603 3775 2657 3822 et
2713 3783 2945 3822 censum
2982 3782 3227 3822 annuum
3275 3765 3616 3837 pollicentes.
3655 3768 3786 3820 Acta

2205 3869 2335 3917 sunt
2354 3860 2472 3916 haec
2505 3860 2750 3915 Bundoni
2783 3866 2925 3925 (958)
2958 3859 3015 3914 in
3043 3875 3233 3915 mense
3260 3858 3521 3917 Octobris
3548 3874 3695 3914 anno
3723 3856 3788 3912 ab

2206 3954 2485 4009 incarnato
2511 3954 2615 4009 Dei
2646 3954 2783 4009 Filio
2818 3957 2972 4008 1014.

2773 4066 3014 4121 CAPUT
3038 4065 3223 4119 XVII.

2211 4172 2450 4240 Qualiter
2486 4185 2620 4238 erga
2666 4170 2767 4223 Dei
2801 4170 3001 4223 cultum
3028 4169 3200 4235 fuerit
3233 4168 3442 4229 devota,
3475 4170 3531 4221 et
3576 4166 3640 4222 de
3679 4165 3788 4234 ejus

2736 4241 2972 4294 transitu
3009 4240 3257 4306 glorioso.

2280 4344 2513 4399 Illustris
2536 4343 2713 4414 itaque
2738 4342 3037 4408 comitissa,
3068 4343 3226 4397 miris
3250 4342 3455 4398 ﬂorens
3486 4341 3783 4405 virtutibus,

510 4419 766 4490 suscepit.
800 4419 1191 4473 Investituram
1222 4435 1441 4491 quoque
1480 4420 1645 4492 virgae
1687 4429 1742 4474 et
1768 4422 1963 4476 annuli
1990 4422 2093 4476 sibi

2209 4437 2377 4491 cultui
2400 4436 2583 4490 divino
2610 4451 2829 4506 semper
2855 4444 2972 4491 erat
2991 4436 3218 4503 intenta,
3251 4436 3443 4506 inopes
3464 4444 3785 4498 sustentans,

510 4512 779 4568 concessit
814 4528 963 4567 anno
993 4511 1199 4568 Christi
1246 4517 1406 4567 11H.
1452 4514 1693 4568 Rediens
1721 4514 1884 4584 igitur
1919 4514 2099 4584 impe-

510 4612 660 4659 rator
686 4605 1083 4661 Lombardiam
1117 4605 1469 4661 Bibianellum
1502 4606 1668 4671 venit,
1698 4607 1789 4661 ubi
1818 4607 2100 4662 comitissa

511 4696 802 4763 residebat,
835 4706 910 4764 et,
936 4698 1111 4753 tribus
1135 4698 1328 4755 diebus
1351 4715 1475 4754 cum
1498 4714 1559 4754 ea
1584 4708 1850 4769 moratus,
1877 4700 2096 4755 tandem

511 4790 567 4844 in
598 4790 981 4845 Alemanniam
1014 4792 1275 4861 pervenit.

1087 4902 1329 4957 CAPUT
1368 4904 1521 4957 XVI.

512 5010 589 5061 De
626 5001 913 5059 rebellione
948 5007 1186 5060 Mantum
1203 5048 1218 5067 ,
1274 5010 1336 5130 lett.
1365 5008 1597 5074 qualiter
1641 5022 1697 5061 se
1744 5009 2102 5065 reddiderunt

1152 5092 1287 5130 com:
1314 5092 1456 5130 zssw.

1152 5092 1456 5131 οοτηιηδείε.

585 5180 724 5234 Cum
775 5185 961 5232 autem
1007 5175 1201 5232 eadem
1251 5177 1535 5233 comitissa
1581 5178 1861 5235 Mathildis
1900 5179 2097 5247 duces,

510 5272 800 5341 principes,
828 5272 1065 5326 comites
1095 5279 1418 5341 superasset,
1456 5286 1520 5326 ac
1547 5271 1788 5326 civitates
1815 5281 1868 5328 et
1902 5274 2095 5345 oppida

508 5364 611 5419 sibi
645 5364 862 5418 rebellia
899 5363 1253 5426 subdidisset,
1293 5363 1410 5419 sola
1449 5367 1672 5419 Mantua
1703 5381 1796 5435 per
1822 5382 1995 5422 annos
2027 5373 2094 5424 23

512 5457 566 5511 in
605 5454 900 5512 rebellione
953 5456 1272 5527 permansit,
1303 5457 1650 5527 imperatoris
1695 5458 1866 5515 edicta
1916 5460 1971 5514 in
2014 5459 2092 5514 fa-

511 5563 698 5604 vorem
725 5549 1019 5606 comitism
1049 5548 1124 5606 eis
1152 5551 1470 5606 transmissa
1491 5552 1710 5623 penitus
1739 5552 2093 5624 vilipendens.

580 5731 731 5795 (957)
770 5727 1064 5787 Bardonis.

2208 4544 2493 4599 oppressos
2550 4529 2815 4595 relevans,
2860 4538 2914 4583 et
2966 4528 3068 4583 Dei
3118 4526 3354 4583 famulos
3397 4528 3782 4599 perhonorans.

2208 4624 2344 4677 Haac
2381 4629 2437 4677 et
2470 4630 2671 4678 sancta
2714 4621 2975 4692 religioni,
3020 4621 3341 4692 psalmodiis
3368 4630 3423 4676 et
3450 4620 3781 4677 orationibus

2210 4714 2426 4770 assidue
2454 4714 2792 4780 intendebat,
2824 4714 3078 4769 ecclesias
3105 4723 3160 4769 et
3192 4714 3301 4769 Dei
3327 4714 3616 4770 ministros
3636 4727 3783 4785 para—

2208 4809 2411 4863 mentis
2436 4817 2491 4863 et
2518 4808 2660 4864 vasis
2682 4808 2855 4863 sacris
2884 4807 3174 4878 magniﬁce
3212 4806 3428 4863 ditavit.
3469 4808 3599 4863 Fuit
3630 4805 3780 4861 etiam

2210 4901 2568 4957 scientiarum
2607 4900 2790 4956 studio
2830 4899 3109 4966 dedicata,
3151 4908 3207 4955 et
3247 4899 3559 4956 liberalium
3596 4898 3781 4954 artium

2209 4994 2435 5066 grandis
2457 4993 2787 5049 bibliotheca
2811 4993 2912 5048 sibi
2937 5010 3049 5048 non
3076 4992 3267 5049 defuit.
3293 4996 3400 5049 Pro
3430 4992 3630 5049 Christi
3658 5004 3781 5062 quo—

2208 5103 2314 5160 que
2340 5088 2577 5143 Ecclesia
2604 5088 2786 5158 praelia
2809 5087 2977 5142 multa
3000 5087 3186 5158 gessit.
3218 5088 3359 5142 Cum
3379 5095 3565 5142 autem
3586 5087 3640 5141 in
3658 5087 3782 5138 Bon—

2211 5183 2353 5236 deno
2384 5197 2521 5252 pago
2567 5196 2785 5234 moram
2818 5179 3081 5245 traheret,
3112 5181 3299 5235 volens
3342 5179 3417 5234 ibi
3449 5179 3636 5234 Natale
3684 5178 3778 5230 Do—

2207 5275 2265 5329 ni
2293 5274 2585 5339 celebrare,
2607 5273 2756 5328 venit
2780 5273 2848 5328 ad
2877 5289 3002 5328 eam
3026 5288 3258 5345 magnus
3282 5272 3367 5327 ille
3399 5271 3672 5343 religionis
3692 5271 3777 5324 Pa-

2205 5376 2290 5422 ter
2316 5369 2521 5430 Ponzo,
2551 5366 2795 5422 Cluniaci
2823 5366 3014 5434 abbas,
3044 5374 3234 5422 octavo
3265 5365 3353 5421 die
3382 5381 3448 5421 ex
3472 5380 3585 5437 quo
3611 5366 3775 5419 Roma

2205 5460 2568 5525 discesserat;
2601 5458 2715 5530 qui,
2745 5475 2844 5515 suo
2875 5476 3030 5515 more
3053 5460 3119 5515 ab
3147 5474 3211 5514 ea
3233 5467 3541 5530 susceptus,
3570 5457 3698 5512 dum
3724 5453 3772 5505 in

2206 5552 2396 5609 Natale
2436 5552 2656 5607 Domini
2700 5552 2947 5608 ofﬁcium
2993 5553 3342 5618 decantaret,
3383 5550 3660 5607 comitissa
3688 5557 3774 5617 pro

2276 5733 2422 5797 (958)
2460 5729 2727 5785 Bondeni.
