4052 6180
296 333 431 386 1057

1194 334 1481 387 ΑΡΡΕΝΙ).
1520 333 1605 387 ΙΙΙ.
1645 361 1714 371 —-
1754 332 2171 388 MONUMENTA
2209 334 2667 391 GREGORIANA.

289 456 395 512 Dei
424 456 721 511 reverentia
753 454 823 510 ad
846 455 1091 511 ofﬁcium
1120 457 1376 526 perrexit,
1406 465 1462 511 et
1495 454 1690 511 devote
1722 456 1877 512 audi-
1906 464 1960 523 Α
1991 456 2083 512 ubi
2109 466 2164 513 et
2190 459 2563 532 progenitores
2590 460 2708 532 ejus
2736 460 3043 531 quiescunt,
3073 463 3202 533 quia
3223 472 3406 519 tamen
3439 480 3582 521 sem-

286 551 366 605 vit
396 568 409 604 :
451 549 548 605 sed
574 549 906 604 immensum
943 550 1121 605 noctis
1149 551 1273 622 gelu
1302 549 1438 605 adeo
1467 551 1584 622 ejus
1620 550 1872 606 membra

286 644 517 716 diriguit
551 651 607 699 et
647 658 847 713 corpus
868 641 1082 709 afﬂixit,
1120 652 1181 698 ut
1221 643 1577 714 postmodum
1605 642 1745 699 lecto
1773 643 1874 699 de-

284 737 572 792 cumberet
608 752 777 808 agra.
827 736 1256 808 Superveniente
1291 745 1477 791 autem
1516 737 1875 808 apparitionis

284 830 396 899 die,
445 832 645 886 iterum
678 829 932 902 languida
963 830 1190 885 missam
1217 830 1448 897 audivit,
1478 839 1531 885 et
1558 830 1759 885 iterum
1798 830 1873 884 le-

284 932 377 980 cto
424 923 702 980 decubuit.
732 925 981 995 Cumque
1009 924 1177 979 abbas
1213 924 1285 979 ab
1318 940 1380 979 ea
1408 924 1705 991 recederet,
1733 926 1872 995 ipsa,

283 1018 403 1091 ejus
432 1018 679 1089 precibus
708 1016 904 1083 ﬁdens,
938 1018 1098 1089 pallia
1136 1027 1419 1088 vestesque
1446 1033 1655 1084 sacras,
1679 1033 1875 1089 argen-

279 1115 376 1163 tea
401 1122 549 1174 vasa,
587 1122 687 1161 nec
713 1102 827 1162 non
853 1114 907 1161 et
924 1122 1140 1162 crucem
1160 1115 1407 1162 sanctam
1440 1106 1678 1177 gemmis
1707 1122 1875 1162 orna-

283 1208 426 1266 tam,
467 1201 516 1256 ei
560 1200 643 1271 pia
682 1200 784 1255 Dei
813 1200 1013 1255 cultrix
1039 1200 1283 1256 donavit.
1316 1200 1658 1256 Adveniente
1688 1208 1876 1255 autem

281 1294 741 1368 quadragesimali
771 1294 1000 1365 jejunio,
1026 1310 1176 1360 cum,
1208 1293 1527 1349 inﬁrmitate
1547 1292 1763 1360 debilis,
1784 1294 1874 1364 je-

271 1390 475 1462 junare
503 1388 874 1456 contenderet,
910 1396 1154 1443 astantes
1185 1388 1426 1459 episcopi
1467 1387 1875 1457 contradicunt,

281 1484 655 1548 decernentes,
679 1491 741 1538 ut
766 1482 947 1554 potius
962 1482 1239 1554 jejunium
1261 1482 1744 1554 eleemosynarum
1773 1483 1879 1538 lar-

279 1580 491 1652 gitione
514 1578 857 1648 persolveret.
891 1578 1278 1632 Succrescente
1312 1592 1440 1631 vero
1466 1577 1747 1647 languore,
1780 1592 1875 1632 ec-

278 1674 475 1730 clesias
504 1671 626 1738 Dei,
655 1672 891 1726 maxime
915 1669 1268 1739 Canusinam,
1305 1669 1518 1740 praediis
1544 1670 1877 1742 ampliﬁcare

279 1767 536 1835 studens,
574 1767 625 1822 ei
660 1765 834 1822 multa
875 1764 1114 1820 donavit.
1165 1764 1427 1819 Famulos
1464 1780 1592 1819 suos
1619 1765 1875 1820 innume-

1982 566 2078 621 per
2106 567 2235 606 eum
2260 550 2455 608 devote
2483 552 2673 621 coluit,
2698 562 2830 608 ante
2860 554 3012 624 pium
3043 570 3229 627 regem
3257 572 3357 627 pro
3388 573 3449 612 ea
3488 574 3582 613 ve-

1983 644 2135 699 niam
2185 645 2537 716 deprecetur;
2595 662 2707 701 non
2748 656 2938 703 tamen
2991 648 3183 704 scribit
3224 648 3275 703 in
3306 666 3414 720 quo
3460 651 3581 707 loco

1980 734 2150 792 fuerit
2181 740 2472 794 tumulata.
2512 743 2717 795 Verum
2751 748 2934 795 tamen
2971 742 3309 797 mausoleum
3339 744 3578 799 ostendi-

1980 837 2073 884 tur
2101 831 2159 885 in
2188 832 2523 887 monasterio
2557 835 2612 888 S.
2646 833 2927 889 Benedicti
2966 835 3036 890 de
3064 836 3393 891 Padolirone
3425 838 3580 892 Man-

1981 930 2164 978 tuanae
2200 923 2473 990 diacesis,
2506 941 2536 979 a
2573 926 2815 995 quodam
2844 926 3087 982 Tedaldo
3115 929 3387 985 Bonifacii
3428 939 3583 1001 patre

1982 1016 2242 1086 genitoris
2292 1017 2583 1072 comitissa
2620 1018 2769 1088 juxta
2815 1018 3022 1074 Padum
3061 1018 3313 1089 fundato,
3353 1024 3502 1094 quod
3548 1039 3580 1078 a

1983 1112 2211 1165 Mantua
2246 1109 2437 1166 decem
2480 1110 2749 1165 milliariis
2788 1111 2980 1180 distat,
3034 1113 3094 1167 in
3139 1130 3247 1184 quo
3293 1114 3495 1171 dicitur
3524 1124 3582 1171 et

1981 1202 2221 1258 creditur
2246 1204 2538 1259 tumulata.
2588 1206 2683 1258 Est
2719 1204 2870 1259 enim
2911 1206 3132 1277 grandis
3176 1222 3300 1261 arca
3347 1208 3579 1279 lapidea,

1979 1310 2045 1350 ex
2079 1294 2463 1351 candidissimo
2502 1312 2565 1351 ac
2594 1296 2981 1366 Iimpidissimo
3011 1298 3280 1353 alabastro
3303 1341 3321 1371 ,
3357 1316 3483 1372 qua
3510 1301 3581 1355 ob

1984 1387 2101 1459 ejus
2124 1390 2449 1443 memoriam
2472 1389 2527 1443 in
2553 1406 2751 1461 magna
2777 1390 3077 1446 reverentia
3094 1400 3360 1447 servatur.
3393 1396 3583 1465 Ipsum

1982 1480 2206 1551 quidem
2248 1481 2561 1537 canobium
2611 1482 2679 1538 ab
2720 1499 2820 1539 avo
2867 1484 2985 1555 ejus
3024 1493 3412 1542 constructum
3458 1502 3583 1541 am—

1985 1574 2247 1645 plissimis
2271 1574 2483 1630 dotavit
2506 1575 2964 1646 possessionibus,
3004 1586 3060 1632 et
3084 1578 3262 1633 aureis
3289 1579 3585 1652 argenteis-

1984 1684 2091 1739 que
2127 1668 2272 1723 vasis
2300 1678 2353 1723 et
2396 1668 2569 1739 palliis
2595 1685 2657 1723 ac
2683 1670 2852 1724 etiam
2883 1672 3220 1741 paramentis
3257 1672 3582 1743 pretiosissi-

1985 1760 2091 1815 mis
2131 1760 2324 1816 ditavit
2361 1762 2663 1837 pariterque
2700 1763 2990 1818 decoravit.
3037 1763 3120 1819 lbi
3163 1763 3329 1820 etiam
3365 1765 3580 1822 libellus

281 1876 377 1916 ros
426 1867 551 1930 post
586 1859 704 1931 ejus
744 1868 987 1914 mortem
1038 1858 1302 1928 ingenuos
1344 1872 1463 1912 esse
1488 1857 1678 1927 jussit.
1728 1861 1870 1912 Ante
1902 1837 1949 1898 B
1978 1853 2210 1910 habetur
2231 1855 2289 1908 in
2306 1854 2579 1910 thesauris
2602 1856 2938 1923 reconditus,
2960 1866 3190 1928 argento
3210 1857 3499 1915 redimitus
3524 1868 3580 1915 et

285 1954 517 2010 domum
544 1968 760 2025 quoque
786 1952 844 2006 in
884 1967 991 2023 qua
1030 1967 1175 2023 agra
1202 1951 1345 2005 lecto
1377 1950 1617 2021 jacebat,
1661 1950 1728 2005 ad
1768 1951 1868 2006 Dei

284 2049 561 2104 honorem
587 2046 689 2102 sub
728 2046 892 2101 titulo
929 2044 1162 2117 apostoli
1189 2043 1381 2100 Jacobi
1410 2044 1665 2100 Zebedai
1705 2044 1873 2100 eccle-

282 2143 425 2197 siam
450 2141 611 2213 jussit
633 2139 910 2206 fabricari,
937 2154 1107 2211 quam
1127 2138 1297 2193 etiam
1321 2137 1654 2209 paramentis
1677 2136 1872 2192 ditavit

291 2244 345 2291 et
395 2234 559 2305 agris,
589 2248 756 2305 quam
797 2231 1066 2288 dedicavit
1109 2230 1285 2286 adhuc
1313 2246 1375 2286 ea
1405 2230 1620 2286 vivente
1657 2231 1869 2302 episco-

280 2344 385 2400 pus
428 2326 689 2400 Reginus.
722 2329 971 2397 Cumque
1000 2324 1271 2380 laboraret
1308 2325 1363 2379 iu
1399 2324 1683 2391 extremis,
1724 2323 1871 2379 idem

275 2423 567 2493 episcopus
603 2419 848 2491 Reginus
885 2434 1085 2489 corpus
1127 2418 1489 2474 Dominicum
1531 2417 1867 2484 ei-tradidit,

278 2514 504 2570 mittens
528 2514 586 2568 in
610 2513 724 2585 ejus
748 2511 1008 2567 manibus
1036 2527 1258 2567 crucem
1284 2511 1517 2579 Christi;
1542 2526 1709 2582 quam
1738 2510 1871 2565 dum

270 2608 566 2678 hajularet,
617 2614 672 2662 et
717 2606 774 2661 in
798 2621 863 2661 ea
892 2604 1084 2660 crebra
1110 2605 1300 2676 ﬁgeret
1325 2604 1510 2659 oscula
1546 2623 1559 2658 :
1597 2606 1733 2669 Oro,
1780 2603 1875 2657 in-

270 2700 412 2771 quit,
440 2708 519 2766 te,
542 2699 777 2766 Christe,
805 2714 972 2771 quem
1001 2714 1217 2768 semper
1244 2698 1408 2763 colui,
1431 2713 1650 2768 semper
1675 2695 1873 2759 amavi,

274 2802 337 2850 ut
364 2792 613 2849 sordium
638 2808 890 2849 mearum
918 2791 1159 2864 digneris
1184 2790 1450 2846 mundare
1475 2791 1711 2862 piacula.
1746 2792 1878 2844 Post

270 2887 395 2945 hac
418 2895 676 2942 sanctum
706 2886 981 2957 accipiens
1001 2893 1429 2951 sacramentum,
1452 2899 1654 2954 corpus
1671 2882 1875 2939 Christi

271 2981 488 3037 scilicet
514 2978 1056 3047 reverendissimum,
1104 2978 1179 3033 ait
1219 2998 1232 3033 :
1272 2982 1358 3034 Tu
1397 2993 1521 3047 spes
1558 2992 1683 3031 mea
1721 2977 1876 3031 unica

272 3083 333 3130 et
370 3074 650 3147 singulare
685 3072 992 3144 refugium,
1040 3087 1226 3143 quaso
1264 3086 1353 3126 me
1393 3071 1601 3125 salvam
1640 3069 1877 3141 digneris

272 3168 559 3239 suscipere
582 3208 595 3235 ,
643 3174 699 3221 et
736 3165 855 3222 hac
902 3165 1098 3221 dicens
1133 3162 1393 3235 migravit
1432 3162 1502 3218 ad
1545 3162 1872 3229 Dominum,

268 3276 429 3318 anno
463 3260 779 3315 bumanata
820 3257 1137 3313 Divinitatis
1174 3261 1331 3324 1115,
1379 3256 1640 3328 vigesima
1675 3262 1873 3327 quarta

268 3354 365 3410 die
392 3353 541 3424 julii,
567 3353 747 3408 atatis
776 3361 961 3407 autem
992 3365 1104 3405 sua
1144 3364 1289 3404 anno
1320 3355 1411 3415 69,
1443 3348 1537 3421 qui
1568 3348 1669 3404 fuit
1696 3364 1878 3404 annus

266 3446 499 3518 imperii
522 3447 608 3501 He
626 3445 761 3500 nrici
783 3447 829 3499 V
850 3452 1096 3508 octavus,
1129 3442 1182 3497 in
1204 3442 1329 3497 sede
1367 3441 1668 3512 apostolica
1692 3441 1877 3513 prasi-

266 3539 441 3597 dente
467 3538 716 3594 Paschali
740 3537 900 3609 hujus
922 3536 1165 3592 nominis
1196 3538 1265 3603 ll,
1296 3534 1547 3606 Philippo
1577 3533 1743 3605 hujus
1773 3550 1873 3590 no-

267 3633 448 3689 minis
466 3636 491 3689 Ι
513 3640 774 3704 regnante
794 3631 1133 3686 Francorum
1157 3644 1303 3701 rege.

825 3732 1067 3788 CAPUT
1104 3731 1316 3785 XVIII.

669 3827 746 3880 De
768 3826 880 3895 ejus
897 3826 1188 3895 sepultura:
1211 3826 1483 3894 opinione.

348 3924 434 3975 De
466 3918 741 3989 sepultura
770 3917 931 3989 hujus
959 3917 1256 3973 comitissa
1290 3916 1574 3973 Mathildis
1602 3915 1751 3971 nulla
1787 3930 1874 3970 ex-

270 4027 465 4084 presse
492 4011 720 4067 historia
764 4011 1033 4077 continet,
1067 4025 1239 4081 quam
1288 4010 1611 4065 invenerim.
1645 4008 1877 4064 Videtur

270 4117 470 4161 tamen
493 4102 783 4160 manifeste
806 4102 953 4176 quod
975 4103 1118 4175 apud
1142 4104 1447 4159 Canossam
1478 4112 1601 4157 tum
1630 4102 1739 4157 lata
1761 4118 1876 4156 non

270 4200 363 4255 sit.
417 4198 757 4269 Compilator
801 4198 949 4252 enim
994 4195 1323 4266 supradictae
1370 4194 1651 4261 Historia,
1698 4211 1730 4249 a
1767 4210 1876 4264 quo

272 4294 396 4349 hac
424 4300 645 4362 sumpta
666 4299 815 4356 sunt,
847 4291 905 4345 in
942 4289 1187 4345 carmine
1214 4304 1324 4359 quo
1350 4288 1471 4359 ejus
1514 4295 1753 4343 mortem
1786 4286 1879 4341 de-

272 4388 491 4456 plorat,
526 4392 648 4439 orat
675 4385 733 4439 S.
770 4382 1128 4454 Apollonium
1165 4376 1425 4439 Canusini
1463 4379 1646 4451 oppidi
1687 4386 1875 4450 patro-

272 4494 449 4543 num,
497 4477 673 4549 quod,
723 4475 848 4531 licet
896 4476 1169 4548 injustum
1215 4474 1287 4530 sit
1333 4483 1392 4529 ut
1439 4474 1555 4545 ipsa
1594 4472 1872 4530 comitissa

1980 1963 2136 2016 auro,
2157 1947 2217 2001 in
2238 1962 2347 2018 quo
2377 1948 2491 2003 hac
2518 1948 2763 2003 Historia
2786 1950 3012 2005 metrice
3030 1958 3114 2005 est
3130 1950 3422 2023 descripta.
3448 1956 3582 2009 Hac

1976 2040 2148 2095 etiam
2179 2040 2481 2109 comitissa,
2513 2050 2575 2095 ut
2601 2041 2853 2097 scribitur
2880 2042 2941 2096 in
2970 2042 3273 2111 Chronicis,
3300 2060 3429 2101 cum
3457 2061 3580 2101 am-

1978 2132 2238 2202 plissimis
2278 2131 2585 2188 abundaret
2623 2133 3083 2205 possessionibus,
3123 2144 3179 2191 et
3209 2136 3322 2191 ﬁlio
3363 2136 3581 2193 harede

1977 2233 2205 2292 careret,
2237 2232 2418 2280 totum
2446 2225 2847 2295 patrimonium
2881 2242 3048 2281 suum
3077 2242 3241 2297 super
3266 2227 3434 2283 altare
3460 2244 3583 2284 san-

1978 2318 2048 2372 cti
2082 2318 2228 2373 Petri
2258 2318 2474 2385 obtulit,
2518 2327 2573 2375 et
2619 2319 2721 2374 Dei
2750 2318 3039 2374 ecclesiam
3082 2328 3442 2392 sanctumque
3477 2324 3581 2377 Pe-

1980 2419 2130 2466 trum
2166 2411 2268 2466 sibi
2312 2410 2436 2467 fecit
2473 2410 2752 2467 heredem.
2784 2412 2947 2480 Quod
2990 2412 3386 2484 patrimonium
3418 2412 3581 2470 hodie

1981 2503 2185 2558 dicitur
2213 2504 2605 2574 patrimonium
2637 2506 2693 2559 S.
2730 2507 2900 2571 Petri,
2932 2505 3081 2577 quod
3107 2514 3193 2561 est
3227 2522 3259 2561 a
3286 2506 3581 2563 Radicafa-

1981 2611 2054 2650 no
2082 2612 2255 2666 usque
2279 2595 2551 2650 Cezanum
2582 2602 2749 2663 (959).

2017 2700 2261 2768 Ea'plicit
2288 2700 2533 2753 Historia
2551 2701 2912 2755 memoranda
2930 2703 3210 2757 comitissa
3237 2705 3543 2759 Mathildis.

2054 2795 2219 2846 Anno
2246 2793 2415 2845 Dom.
2458 2796 2620 2857 1445,
2649 2790 2740 2847 die
2768 2800 2803 2849 9
2831 2794 3039 2849 mensis
3079 2796 3331 2865 Augusti,
3378 2797 3472 2868 qui
3502 2805 3583 2851 est

1982 2883 2163 2955 vigilia
2188 2886 2241 2940 S.
2281 2884 2562 2939 Laurentii
2598 2892 2724 2954 post
2762 2900 3032 2955 vesperas,
3078 2888 3401 2943 translatum
3443 2888 3579 2944 olim

1983 2993 2182 3049 corpus
2219 2992 2435 3049 magna
2464 2986 2518 3032 et
2543 2976 2899 3033 nobilissima
2933 2978 3237 3036 comitissa
3276 2980 3577 3048 Mathildis,

1983 3070 2287 3141 imperialis
2320 3070 2554 3142 generis,
2596 3085 2717 3141 qua
2758 3069 2859 3125 fuit
2886 3071 3157 3142 pracipua
3189 3081 3245 3127 et
3285 3072 3578 3144 singularis

1985 3163 2223 3219 dotatrix
2268 3163 2436 3236 hujus
2464 3164 2789 3218 monasterii
2832 3165 2888 3219 S.
2921 3164 3200 3220 Benedicti
3248 3165 3319 3221 de
3356 3166 3579 3222 Padoli-

1986 3273 2133 3321 rone,
2160 3265 2283 3327 post
2302 3266 2513 3328 patrem
2540 3273 2704 3311 suum
2728 3255 3077 3313 Bonifacium
3100 3259 3498 3327 marchionem,
3529 3267 3583 3315 et

1984 3360 2107 3421 post
2133 3366 2297 3405 avum
2329 3366 2494 3406 suum
2521 3350 2863 3406 Thedaldum
2892 3352 3260 3407 marchionem
3283 3363 3338 3409 et
3377 3352 3578 3409 funda-

1982 3453 2160 3499 torem
2197 3443 2361 3514 hujus
2402 3445 2748 3512 monasterii,
2778 3443 2929 3515 quod
2970 3444 3117 3516 prius
3150 3452 3376 3501 steterat
3414 3463 3585 3517 super

1967 3546 2107 3602 octo
2133 3536 2419 3592 columnas
2449 3536 2507 3590 in
2530 3536 2779 3608 ingressu
2814 3537 3054 3593 ecclesia
3080 3537 3224 3593 inter
3249 3538 3484 3609 primam
3527 3547 3583 3595 et

1981 3630 2297 3686 columnam
2346 3628 2677 3697 secundam,
2720 3646 2751 3684 a
2801 3630 3039 3686 sinistris
3090 3630 3257 3701 ipsius
3302 3632 3580 3700 ecclesia,

1981 3724 2242 3796 quoniam
2268 3723 2389 3795 jam
2415 3739 2517 3794 pro
2560 3740 2759 3795 magna
2789 3726 2972 3791 (mole)
3004 3726 3135 3796 ipsa
3161 3726 3431 3781 columna
3456 3735 3582 3783 octo

1983 3819 2170 3876 fracta
2190 3828 2348 3877 erant
2379 3839 2392 3875 :
2426 3830 2481 3876 et
2508 3819 2835 3876 collocatum
2865 3822 2969 3876 fuit
2992 3821 3221 3877 ulterius
3258 3822 3313 3876 in
3342 3822 3584 3879 sinistris

1976 3913 2136 3985 juxta
2164 3914 2427 3985 parietem
2468 3913 2712 3969 ecclesia
2741 3930 2805 3969 ex
2840 3915 3010 3969 latere
3038 3915 3247 3971 tumba
3275 3917 3333 3971 S.
3364 3917 3580 3972 Simeo-

1982 4006 2103 4075 nis;
2151 4016 2340 4079 aperto
2382 4007 2531 4078 prius
2565 4006 2785 4061 tumulo
2814 4006 2883 4062 ad
2909 4007 3358 4063 certiﬁcationem
3388 4008 3581 4065 verita-

1982 4101 2054 4155 tis
2084 4116 2270 4156 coram
2314 4099 2609 4156 reverenda
2656 4101 2882 4155 domino
2921 4101 3175 4158 Guidone
3203 4101 3271 4157 de
3319 4103 3579 4173 Gonzaga

1983 4193 2367 4249 readiﬁcatore
2396 4194 2567 4263 ipsius
2602 4193 2943 4262 monasterii,
2986 4204 3043 4250 et
3080 4194 3308 4251 domino
3345 4196 3582 4253 Eusebio

1981 4285 2180 4340 abbate
2204 4286 2376 4355 ipsius
2406 4286 2751 4354 monasterii,
2780 4303 2842 4341 ac
2869 4296 3148 4342 conventu
3178 4288 3431 4359 ejusdem
3458 4305 3579 4345 mo-

1980 4378 2197 4433 nasterii
2237 4385 2291 4432 et
2319 4376 2508 4433 multis
2532 4377 2681 4442 aliis;
2709 4387 2764 4432 et
2801 4366 3087 4450 comperto
3128 4381 3320 4436 eodem
3349 4398 3581 4454 corpore

1988 4470 2219 4543 integro,
2252 4470 2432 4536 unico,
2462 4486 2525 4525 ac
2552 4468 2808 4539 femineo,
2841 4481 2897 4526 et
2932 4487 3121 4528 coram
3148 4473 3228 4528 eis
3254 4473 3444 4530 clauso
3471 4494 3484 4529 :
3527 4482 3582 4530 et

269 4587 443 4627 suum
488 4570 549 4624 in
589 4570 705 4640 ejus
734 4568 961 4625 ecclesia
988 4568 1300 4640 sepulcrum
1338 4567 1537 4637 habere
1584 4566 1878 4638 respuerit,
1912 4552 1961 4613 Ι)
1993 4572 2076 4620 est
2096 4564 2251 4637 juxta
2280 4562 2451 4620 altare
2481 4565 2538 4621 S.
2570 4563 2818 4620 Justina.

605 4860 767 4948 DE
829 4856 1405 4950 AUCTORE
1474 4857 2261 4963 SEQUENTIUM
2328 4853 3242 4948 OPUSCULORUM.

1347 5046 1737 5113 (GBETSEBUS,
1771 5047 1914 5117 Opp.
1941 5054 2079 5102 tom.
2112 5046 2203 5114 VI,
2235 5060 2363 5116 pag.
2399 5048 2515 5109 23.)

1731 5218 2119 5231 ——

344 5359 758 5430 Manuscriptus
787 5359 959 5415 codex
1010 5358 1331 5415 cathedralis
1373 5359 1614 5415 ecclesia
1652 5355 2067 5414 Ratisbonensis
2097 5366 2385 5430 auctorem
2426 5364 2581 5430 vocat
2608 5359 2953 5430 Bernaldum.
2988 5357 3246 5430 Suspicor
3278 5356 3432 5413 illum
3462 5372 3581 5415 esse

268 5432 343 5485 de
373 5447 488 5503 quo
523 5428 993 5486 hacTrithemius
1032 5431 1085 5484 in
1114 5431 1214 5485 lib.
1250 5434 1334 5485 De
1360 5430 1661 5486 illustribus
1691 5430 1818 5503 viris
1847 5430 2183 5503 Germania,
2213 5437 2268 5484 et
2298 5429 2356 5483 in
2387 5428 2638 5500 catalogo
2667 5429 3002 5503 scriptorum
3032 5428 3522 5503 ecclesiasticarum
3560 5449 3575 5485 :

267 5500 578 5557 Beriwldus
610 5503 892 5573 presbyter
918 5504 1164 5558 Ecclesia
1194 5503 1611 5557 Constantiensis
1643 5506 1701 5555 in
1737 5502 1952 5569 Suevia,
1988 5502 2202 5554 natione
2246 5502 2580 5563 Teutonicas,
2621 5502 2705 5554 vir
2729 5500 2967 5565 devotus,
2995 5503 3061 5573 et_
3073 5500 3131 5552 in
3153 5500 3452 5570 Scriptum
3480 5503 3576 5559 SS.

263 5575 572 5641 studiosus,
610 5570 673 5629 ἐἰ
701 5570 964 5640 eruditus,
996 5579 1158 5643 atque
1184 5577 1242 5627 in
1273 5574 1561 5643 disciplina
1600 5574 1938 5627 saecularium
1969 5573 2272 5625 litterarum
2302 5574 2639 5643 sufﬁcienter
2669 5574 2991 5634 instructus,
3013 5570 3247 5643 ingenio
3281 5572 3477 5640 clarus,
3526 5577 3578 5627 et

268 5650 524 5713 comptus
544 5647 765 5714 eloquio,
794 5646 1018 5714 reliquit
1041 5640 1212 5700 studii
1238 5647 1327 5699 sui
1352 5640 1615 5699 nonnulla
1639 5645 1905 5713 opuscula
1933 5658 2065 5714 qua
2082 5648 2259 5714 tamen
2288 5642 2359 5695 ad
2384 5644 2636 5696 notitiam
2664 5648 2863 5697 nostra:
2900 5640 3144 5696 lectionis
3170 5643 3390 5697 minime
3417 5658 3575 5697 vene-

270 5712 439 5777 runt,
472 5723 577 5770 etc.
608 5712 820 5771 Claruit
848 5712 1176 5786 temporibus
1206 5718 1429 5770 Henrici
1445 5717 1549 5782 IV,
1584 5712 1741 5770 1060.
1778 5716 1912 5770 Hac
1932 5712 2289 5769 Trithemius.

360 5855 508 5925 (959)
538 5859 893 5927 Ceperanum.

3449 330 3585 397 4058
3674 338 3677 341 ’
