4052 6180
260 314 389 367 1061

1158 317 1445 372 APPEND.
1487 318 1576 373 ιιι.
1616 350 1684 361 --
1723 314 2138 378 MONUMENTA
2178 325 2640 382 GREGORIANA.
2722 300 2725 303 ’

3414 335 3549 389 1062

254 434 666 524 galvgipiana‘m;
708 453 841 524 pain
896 435 1413 524 Al'boinumﬂfuisse
1441 458 1554 524 rion
1581 443 1961 524 doctissimum
2019 448 2152 524 satis
2196 456 2462 524 testantur
2490 449 2739 524 ejusdem
2779 453 2917 506 male
2948 456 3173 508 tornatos
3202 457 3459 524 epistola,
3487 465 3551 510 ut

256 507 456 595 merito
476 523 511 595 a
522 507 803 595 Serualdo
818 508 1180 579 appellantur.
1203 512 1297 567 Sat
1324 512 1680 583 praefationis.
1699 518 1824 572 Jam
1852 520 2243 589 opusculorum
2258 524 2261 527 ’
2275 507 2915 593 ἱηάὶοθωέιώῇθὶδωυε,
2937 531 2990 577 et
3015 507 3550 595 postealﬁernaldum

254 578 436 647 ipsum
466 578 775 634 audiamus.

253 749 3521 787 ____________________—_________________

673 880 911 936 INDEX
955 883 1522 942 OPUSCULORUM
1566 887 1953 941 BERNALDI
2001 888 2611 945 CONSTANTIENSIS
2644 892 3119 949 PRESBYTERL

245 1173 295 1225 Ι.
329 1242 340 1251 .
378 1173 658 1252 Tractatus
692 1175 779 1252 ‘IJe
841 1178 1193 1252 sacramentis
1232 1181 1834 1249 emcommunicatorum,
1864 1184 1919 1246 Α
1947 1183 2040 1236 ΙΧ.
2080 1183 2259 1236 Tertia
2285 1184 2552 1252 responsio
2566 1184 2828 1239 Bernaldi
2851 1185 2925 1237 ad
2950 1186 3260 1241 Alboinum.

308 1242 477 1311 juxta
524 1246 878 1298 assertionem
901 1248 994 1303 SS.
1026 1250 1271 1303 Patrum.

243 1315 316 1369 II.
350 1313 728 1397 Apologeticus
765 1318 845 1370 De
866 1323 1418 1375 excommunicatione
1451 1323 1603 1388 facta
1630 1339 1666 1375 a
1714 1324 1840 1380 Gre-
1892 1383 1908 1397 α

320 1387 469 1452 goria
506 1386 626 1440 VII.

243 1456 347 1530 III.
377 1457 620 1530 Synodus
644 1460 887 1512 Romana
910 1460 1010 1513 sub
1039 1461 1297 1530 Gregorio
1332 1465 1459 1518 VII.

244 1528 346 1582 IV.
376 1529 617 1596 Epistola
672 1531 704 1582 Ι
733 1531 996 1584 Bernaldi
1037 1534 1111 1586 ad
1150 1528 1439 1589 Alboinum
1486 1535 1557 1589 de
1586 1535 1840 1590 caelibatu

316 1599 680 1653 sacerdotum.

248 1669 329 1744 VL
347 1673 633 1739 Responsio
672 1671 901 1727 Alboini
920 1673 995 1727 ad
1014 1676 1403 1744 praecedentem

248 1741 345 1793 VI.
384 1744 668 1810 Responsio
696 1744 955 1798 Bernaldi
972 1741 1045 1799 ad
1065 1747 1381 1802 Alboinum.

249 1812 383 1885 VII.
405 1813 647 1867 Secunda
671 1816 931 1869 Bernaldi
952 1821 1229 1885 responsio
1259 1820 1334 1873 ad
1379 1819 1693 1874 Alboinum.

247 1883 399 1936 VIII.
429 1885 673 1938 Secunda
695 1889 963 1955 responsio
1000 1883 1226 1944 Alboini
1253 1891 1327 1944 ad
1363 1891 1738 1945 Bernaldum.‘

1430 1678 1733 1747 epistolam.

236 2060 2182 2093 ἢ

1953 1255 2018 1308 Χ.
2050 1253 2297 1321 Epistola
2345 1256 2773 1308 reconciliator-ia
2813 1255 3048 1310 Alboini
3107 1274 3225 1311 cum
3259 1260 3545 1313 Bernaldo.

1950 1326 2044 1378 XI.
2073 1324 2446 1393 Apologeticus
2474 1326 2738 1380 Bernaldi
2760 1342 2862 1396 pro
2886 1328 3107 1382 decretis
3137 1331 3385 1397 Gregorii
3426 1333 3546 1397 VII,

2022 1397 2193 1461 factis
2223 1397 2282 1448 in
2305 1398 2550 1450 Romana
2577 1398 2799 1465 synodo.

1948 1469 2065 1521 ΧΠ.
2100 1467 2346 1534 Epistola
2374 1468 2665 1522 Adalberti
2705 1474 2755 1522 et
2788 1470 3052 1523 Bernaldi
3089 1471 3168 1524 ad
3208 1471 3549 1527 Bernardum

2020 1540 2335 1604 magistrum
2351 1540 2651 1593 scholarum
2664 1539 3148 1596 Constantiensium
3168 1543 3233 1597 de
3249 1557 3548 1597 sacramen-

2024 1610 2092 1661 tis
2122 1613 2718 1664 emcommunicatorum.

1952 1680 2101 1802 XIIII.
2157 1681 2445 1749 Responsio
2494 1682 2772 1736 Bernardi
2812 1683 2889 1736 ad
2925 1684 3309 1751 praecedentem
3345 1685 3545 1754 episto-

2049 1766 2157 1802 am.

2049 1766 2157 1803 am.

1955 1822 2116 1904 XIV:
2146 1822 2295 1945 tAllia
2348 1822 2643 1879 Adalberti
2695 1828 2745 1877 et
2797 1824 3062 1879 Bernaldi
3109 1827 3184 1881 ad
3212 1827 3547 1881 Bernardum

2028 1908 2141 1945 eois
2168 1908 2197 1945 o
2219 1910 2272 1945 a.

2028 1893 2272 1961 epistola.

2185 2084 2475 2094 ~—

802 2214 1752 2330 BERNALDI
1816 2218 2987 2334 PRESBYTER!

540 2442 1121 2564 TRAC'I‘ATUS
1216 2447 1340 2563 DE
1443 2448 2121 2565 SACRAMENTIS
2216 2448 3243 2569 EXCbMMlJNlCATllBUM

1040 2657 1287 2713 JUXTA
1348 2658 1861 2713 ASSERTIONEM
1915 2658 2369 2714 SANCTORUM
2419 2659 2732 2713 PATRUM

491 2802 668 2864 Nunc
702 2810 973 2883 primum
1004 2807 1197 2868 editus
1226 2826 1304 2867 ea:
1331 2806 1689 2868 bibliotheca
1716 2809 2045 2869 admodum
2072 2807 2389 2867 reverendi
2418 2826 2489 2868 ac
2512 2808 2726 2868 nobilis
2750 2811 3008 2886 capituli
3036 2810 3288 2870 ecclesiae

1455 2905 1820 2967 cathedralis
1860 2906 2326 2965 Ratisbonensis.

301 3218 740 3290 Religiosissimo
785 3218 1052 3276 sacerdoti
1112 3236 1177 3276 ac
1212 3219 1639 3291 prudentissimo
1686 3236 1827 3292 prae-
1864 3228 1913 3290 Β
1938 3222 2363 3291 parricidalibus
2392 3222 2645 3276 manibus
2674 3222 3004 3292 [impiorum]
3026 3224 3205 3276 omnia
3249 3237 3303 3276 se
3328 3222 3540 3277 subtra-

226 3313 445 3382 ceptori
463 3314 821 3378 BEBNABDO,
837 3313 956 3385 jam
976 3313 1146 3384 ipsius
1175 3314 1316 3386 regis
1341 3314 1659 3370 cubiculum
1685 3315 1831 3383 (960)

227 3404 519 3476 ingresso,
572 3408 939 3463 BEBNALDUS
968 3407 1087 3462 solo
1117 3408 1340 3462 nomine
1391 3409 1692 3481 presbyter,
1720 3424 1836 3463 non

226 3498 506 3567 moribus,
538 3498 901 3555 devotissimaa
938 3498 1199 3554 orationis
1227 3508 1390 3572 atque
1425 3501 1637 3556 servitii
1666 3502 1836 3556 certi-

232 3590 513 3646 tudinem.

299 3688 389 3739 De
447 3686 804 3741 sacramentis
859 3686 1484 3753 excommunicatorum,
1528 3686 1673 3742 unde
1709 3687 1830 3759 jam

226 3777 452 3833 dudum
481 3786 611 3834 ante
642 3781 849 3835 multos
902 3796 1077 3835 annos
1105 3783 1282 3835 multa
1334 3779 1403 3836 ad
1435 3780 1669 3835 invicem
1704 3780 1833 3835 scri-

224 3872 467 3942 psimus,
490 3888 591 3928 nec
610 3881 797 3928 tamen
809 3889 874 3928 eo
902 3882 1154 3945 tempore
1174 3874 1416 3945 aliquam
1441 3873 1831 3929 certitudinem

224 3966 482 4019 invenire
513 3965 811 4036 potuimus,
845 3967 1066 4023 tandem
1088 3967 1216 4038 quid
1258 3966 1359 4021 Dei
1389 3967 1686 4022 clementia
1713 3983 1832 4038 par-

222 4057 367 4112 vitas
392 4064 583 4112 nostra
608 4058 870 4113 invenerit
900 4059 1052 4114 vobis
1082 4060 1211 4114 libet
1234 4058 1512 4126 intimare,
1538 4068 1831 4130 vestroque

223 4150 467 4205 examini
493 4160 841 4221 praesentare.
876 4154 1002 4207 Non
1033 4152 1179 4207 enim
1196 4152 1319 4222 jam
1350 4151 1536 4219 modo,
1568 4161 1629 4206 ut
1654 4168 1831 4224 quon-

221 4244 377 4310 dam,
448 4244 609 4298 vestri
678 4245 947 4300 examinis
1002 4260 1292 4299 censuram
1330 4245 1514 4299 subire
1567 4246 1830 4300 timemus

224 4336 325 4391 sed
354 4345 637 4407 optamus,
671 4338 765 4409 qui
791 4338 921 4393 olim
950 4354 1179 4393 manum
1218 4345 1464 4392 nostram
1508 4336 1697 4393 ferula:
1744 4353 1832 4393 ve-

225 4437 359 4484 strae
390 4430 446 4484 in
470 4429 669 4485 scholis
684 4430 960 4486 multoties
989 4430 1349 4486 subduximus
1379 4436 1543 4497 (961).

301 4524 603 4580 Sententia:
630 4533 949 4580 sanctorum
982 4527 1208 4579 Patrum
1236 4524 1303 4580 de
1330 4524 1689 4581 sacramentis
1708 4540 1831 4597 qua:

225 4625 384 4672 extra
416 4617 721 4671 Ecclesiam
755 4617 1025 4672 catholico
1066 4633 1219 4672 more
1247 4616 1388 4673 ﬁunt
1410 4618 1641 4675 diversa:
1669 4634 1829 4691 repe-
1862 4587 1909 4652 α

223 4710 479 4775 riuntur;
522 4725 759 4781 quarum
788 4710 1042 4778 quaedam
1074 4710 1269 4765 eadem
1296 4711 1516 4781 penitus
1549 4714 1830 4767 annullare

222 4803 514 4869 videntur,
543 4803 1023 4874 qumdamautem,
1052 4804 1152 4858 etsi
1174 4803 1344 4874 recipi
1382 4820 1446 4859 ea
1478 4804 1825 4875 prohibeant,

222 4912 346 4951 non
375 4904 563 4949 tamen
592 4911 817 4967 prorsus
863 4910 1057 4950 eorum
1085 4895 1490 4953 coniectionem
1539 4896 1828 4968 denegant.

224 4992 377 5045 Nam
410 4989 601 5043 beatus
625 4990 739 5043 Leo
772 5004 908 5059 papa
930 4989 1147 5060 primus
1178 4992 1352 5059 (epist.
1381 4993 1471 5053 75,
1514 4989 1657 5045 decr.
1686 4995 1741 5057 2,
1775 5008 1828 5062 p.

223 5099 276 5138 c.
316 5097 363 5147 ι,
390 5097 446 5153 q.
480 5096 526 5147 ι,
552 5098 601 5136 c.
635 5086 726 5148 69)
755 5081 997 5137 scribens
1027 5083 1195 5137 Leoni
1228 5085 1481 5155 Augusto
1505 5082 1575 5138 de
1597 5083 1833 5140 Alexan-

222 5175 397 5231 drino
448 5173 745 5230 Timotheo
776 5176 1254 5247 excommunicato
1290 5193 1303 5229 :
1353 5180 1707 5245 Manifestum
1736 5182 1832 5244 est,

228 5268 435 5340 inquit,
459 5284 559 5338 per
579 5269 1006 5323 crudelissimam
1032 5271 1538 5340 insanissimamque
1559 5274 1834 5325 vesaniam

229 5363 544 5429 [scevitiam]
575 5359 653 5431 (in
668 5361 1039 5416 Alexandrina
1062 5361 1209 5426 sede)
1233 5378 1381 5415 omne
1407 5364 1522 5417 illic
1549 5364 1835 5417 ca’lestium

237 5460 709 5508 sacramentorum
731 5454 912 5508 lumen
950 5456 1294 5508 exstinctum.
1327 5457 1629 5527 Intercepta
1654 5461 1732 5511 est
1750 5472 1834 5510 sa-

235 5550 429 5620 criﬁcii
477 5548 695 5616 oblatio,
749 5548 949 5615 defecit
1000 5549 1313 5602 chrismatis
1357 5553 1732 5619 sanctiﬁcatio,
1787 5556 1837 5605 et

304 5716 453 5776 (960)
521 5710 659 5781 Quia
706 5709 1078 5767 monasticum
1117 5710 1364 5767 ordinem
1420 5712 1667 5769 Corbeiae
1717 5728 1837 5769 am-

235 5783 436 5852 plexus
457 5781 657 5837 fuerat.

302 5858 458 5920 (961)
498 5851 803 5909 Beroaldus
847 5851 1146 5925 discipulus
1165 5851 1427 5908 Bernardi
1459 5852 1839 5910 Constantien-

1944 3330 2073 3368 mere
2096 3317 2379 3383 mysteria.

2017 3410 2162 3461 Item
2184 3409 2248 3461 B.
2284 3405 2637 3461 Innocentius
2665 3423 2803 3478 papa
2826 3410 3000 3478 (epist.
3034 3410 3125 3477 27)
3155 3409 3399 3464 scribens
3418 3424 3538 3464 om-

1944 3500 2106 3555 nibus
2135 3500 2405 3570 episcopis
2443 3499 2511 3555 de
2552 3500 2995 3556 ordinationibus
3025 3509 3179 3557 extra
3215 3502 3535 3566 Ecclesiam,

1942 3593 2133 3647 asserit
2183 3590 2365 3647 dicens
2404 3613 2415 3647 :
2452 3594 2557 3660 Qui
2608 3594 2856 3647 honorem
2886 3597 3095 3657 amisit,
3129 3596 3378 3650 honorem
3408 3596 3540 3650 dare

1940 3701 2047 3739 non
2076 3690 2282 3755 potest;
2312 3702 2405 3740 nec
2449 3687 2538 3740 ille
2586 3686 2804 3755 aliquid
2846 3690 3105 3757 accipere,
3134 3689 3278 3757 quod
3316 3689 3455 3743 nihil
3482 3692 3539 3743 in

1942 3778 2114 3834 dante
2142 3782 2403 3833 remansit
2431 3779 2573 3849 quod
2613 3780 2707 3834 ille
2729 3784 2911 3849 posset
2937 3783 3192 3850 accipere.
3221 3781 3536 3851 Acquiesci-

1942 3888 2084 3939 mus,
2140 3882 2194 3928 et
2222 3888 2413 3929 verum
2441 3881 2525 3928 est
2555 3873 2684 3944 quia
2733 3872 2881 3944 quod
2906 3889 3016 3928 non
3046 3874 3239 3929 habuit
3266 3874 3397 3930 dare
3426 3891 3538 3931 non

1939 3965 2139 4036 potuit.
2173 3966 2598 4021 Damnationem
2648 3981 2780 4037 ergo
2802 3981 2970 4036 quam
3002 3966 3217 4033 habuit,
3259 3983 3359 4039 per
3411 3984 3540 4039 pra—

1942 4075 2064 4114 vam
2094 4075 2289 4114 manus
2336 4059 2755 4130 impositionem
2781 4059 2952 4115 dedit.
2986 4063 3126 4115 Item
3165 4060 3359 4117 beatus
3388 4062 3538 4118 Pela-

1939 4152 2057 4223 gius
2097 4166 2234 4224 papa
2285 4152 2487 4208 Joanni
2542 4153 2766 4223 patricio
2815 4153 3097 4208 scribens:
3129 4156 3195 4207 In
3224 4153 3535 4223 schismate,

1938 4244 2132 4315 inquit,
2172 4262 2278 4299 non
2304 4252 2667 4309 consecratur,
2725 4245 2819 4300 sed
2864 4250 3181 4300 exsecratur
3238 4250 3530 4317 episcopus.

1939 4340 2083 4391 Item
2109 4341 2167 4392 S.
2202 4337 2499 4408 Gregorius
2528 4353 2661 4408 papa
2696 4343 2842 4403 (962)
2873 4339 3082 4407 primus
3102 4339 3168 4394 de
3195 4340 3537 4396 ordinatione

1940 4430 2168 4484 Maximi
2207 4430 2508 4485 Salonitani
2538 4430 2775 4500 episcopi
2802 4433 3218 4500 prmsumptoris
3242 4434 3485 4488 scribens
3518 4452 3533 4488 :

1940 4522 2109 4587 Quam
2135 4537 2268 4585 rem,
2307 4522 2501 4593 inquit,
2547 4538 2638 4576 nos
2667 4523 2810 4575 nullo
2853 4523 3015 4575 modo
3040 4537 3325 4591 possumus
3364 4525 3535 4580 dicere

1938 4618 2410 4678 consecrationem,
2461 4615 2605 4685 quod
2649 4616 2716 4668 ab
2758 4617 3225 4670 emcommunicatis
3269 4618 3537 4672 celebrata

1941 4714 2038 4764 est.
2070 4710 2172 4765 Hae
2201 4708 2470 4763 nimirum
2496 4708 2782 4763 sententia;
2816 4707 3076 4763 videntur
3092 4718 3433 4766 sacramenta
3446 4727 3537 4767 ex-

1939 4803 2476 4857 communicatorum
2520 4800 2893 4871 proscribere;
2935 4814 3060 4856 cum
3093 4818 3188 4874 per
3213 4819 3411 4859 manus
3441 4820 3533 4860 eo-

1941 4912 2065 4953 rum
2091 4913 2205 4952 non
2235 4895 2726 4962 consecrationem,
2751 4894 2847 4951 sed
2867 4895 3275 4953 damnationem
3304 4906 3359 4954 et
3384 4914 3539 4955 exce-

1939 4989 2243 5045 crationem
2266 4988 2636 5045 administrari
2668 4989 3036 5059 pronuntient.

2014 5086 2154 5139 Sunt
2194 5090 2377 5137 autem
2403 5082 2545 5150 alia),
2584 5097 2706 5152 quae
2743 5090 2798 5137 et
2823 5091 2974 5137 extra
3004 5083 3303 5139 Ecclesiam
3356 5100 3537 5142 sacra-

1943 5184 2127 5231 menta
2149 5191 2306 5247 posse
2328 5174 2522 5230 conﬁci
2552 5174 2853 5231 afﬁrmant.
2876 5176 3028 5231 Sicut
3055 5177 3187 5232 illud
3208 5180 3271 5233 Β.
3302 5180 3535 5234 Anasta-

1943 5269 2007 5324 sii
2037 5284 2193 5340 papae
2252 5267 2323 5323 ad
2376 5268 2731 5324 Anastasium
2760 5271 3010 5340 imperat.
3056 5269 3126 5325 de
3178 5273 3537 5329 sacramentis

1945 5362 2127 5418 Acacii
2157 5363 2332 5432 (epist.
2365 5364 2544 5424 unica,
2582 5362 2683 5415 sub
2708 5364 2886 5431 ﬁnem)
2914 5381 2931 5413 :
2970 5363 3094 5417 Ideo
3132 5364 3215 5415 hic
3238 5364 3532 5436 (Aeacius),

1946 5458 2096 5526 cujus
2125 5472 2312 5510 nomen
2350 5457 2576 5509 dicimus
2615 5457 2959 5519 reticendum,
3004 5456 3144 5509 male
3182 5456 3317 5510 bona
3364 5462 3532 5514 mini-

1946 5550 2189 5616 strando,
2221 5550 2330 5604 sibi
2357 5554 2571 5604 tantum
2598 5552 2799 5604 nocuit.
2831 5551 2972 5606 Nam
3000 5549 3311 5605 inviolabile
3359 5568 3536 5609 sacra-

1946 5711 2094 5768 sium
2146 5709 2463 5766 scholarum
2500 5708 2769 5781 magistri,
2803 5716 2993 5780 postea
3023 5709 3281 5766 monachi
3306 5714 3531 5770 Corbei-

1948 5782 2165 5921 misisse)
2182 5855 2238 5909 S.
2259 5852 2559 5923 Gregorius
2573 5852 2780 5922 Μίδεω,
2798 5849 2890 5905 lib.
2910 5865 3009 5921 ιιι,
3039 5852 3194 5924 epist.
3218 5858 3309 5923 20,
3338 5852 3431 5909 ubi
3457 5855 3537 5913 sic
