4052 6180
607 294 742 348 1063

1605 288 1695 342 AD
1735 285 1959 341 OPERA
1998 285 2052 339 S.
2095 284 2417 339 GREGORH
2454 283 2885 339 APPENDICES.
3691 289 3781 341 1064

604 422 862 479 mentum,
884 416 1028 485 quod
1048 429 1148 482 per
1177 413 1332 465 illum
1347 412 1538 465 datum
1564 415 1658 472 est,
1678 412 1738 463 in
1753 409 1880 464 aliis
1903 412 2190 480 perfectio-
2223 414 2276 473 Α
2303 411 2546 465 Nicaznis
2603 409 2856 464 Patribus
2915 414 3092 462 ratam
3126 421 3244 461 esse
3299 403 3541 477 probavit,
3568 423 3670 462 cum
3697 424 3788 464 eum

604 526 725 565 nem
750 508 1093 564 sucevirtutis
1111 505 1804 571 obtinuit,eiautemobfuit
1833 504 1995 575 (963).
2023 505 2194 572 [Quod
2295 522 2409 561 non
2456 502 2881 561 reordinandum
2903 516 3020 557 esse
3043 500 3318 572 judicavit,
3352 499 3439 555 sed
3476 510 3708 571 acceptum
3725 518 3787 555 or-

603 618 722 656 cum
750 605 830 655 ita
855 602 947 661 sit,
976 598 1043 653 ed
1061 600 1253 667 Rom.]
1271 599 1579 667 aliquorum
1597 600 1657 652 in
1683 603 1894 651 tantum
1917 614 1971 653 se
2011 606 2193 653 exten-

602 696 687 748 dit
709 695 919 747 curiosa
931 694 1187 763 suspicio,
1200 696 1263 745 ut
1274 695 1667 760 imaginentur,
1676 692 1894 760 prolato
1906 708 1939 744 a
1947 707 2097 760 papa
2112 694 2197 745 Fe-

601 787 696 839 lice
701 785 930 854 judicio,
943 790 1129 855 postea
1140 787 1489 854 inefﬁcaciter
1501 787 1557 838 in
1574 786 1917 839 sacramentis
1930 799 2050 854 qum
2064 788 2196 838 Aca-

600 878 719 933 cius
742 881 1046 948 usurpavit,
1079 881 1274 947 egisse;
1294 895 1356 932 ac
1375 879 1602 948 proinde
1633 879 1898 948 [perinde,
1921 878 2001 932 sic
2022 880 2189 931 Rom.

598 970 709 1038 ed.]
765 988 847 1027 eos
892 979 1130 1027 metuere
1167 975 1266 1041 qui
1310 973 1392 1026 vel
1447 974 1508 1025 in
1554 971 2059 1038 consecrationibus,
2113 972 2196 1024 vel

598 1068 660 1119 in
692 1067 1013 1135 baptismate
1044 1068 1303 1133 mysteria
1330 1066 1536 1119 tradita
1556 1069 1924 1133 susceperunt,
1952 1080 2016 1119 ne
2031 1066 2196 1118 irrita

600 1161 849 1228 beneﬁcia
859 1161 1045 1214 divina
1058 1159 1365 1221 videantur,
1379 1160 1741 1227 meminerint,
1759 1160 1819 1212 in
1840 1159 1973 1212 hanc
1982 1164 2196 1228 partem

598 1271 809 1325 quoque
841 1255 960 1321 [hac
995 1268 1201 1321 quoque
1224 1256 1405 1324 parte,
1437 1251 1523 1307 ed.
1564 1254 1760 1319 Rom.]
1783 1253 2034 1306 similiter
2083 1258 2195 1307 tra-

602 1354 807 1402 ctatum
834 1347 1127 1418 praevalere
1153 1347 1496 1414 superiorem,
1530 1348 1661 1414 quia
1681 1361 1789 1397 non
1816 1348 1929 1399 sine
1958 1361 2196 1415 usurpa-

602 1443 747 1496 tione
774 1442 1060 1495 sacerdotii
1096 1439 1441 1507 adjudicatus
1472 1440 1565 1493 hoc
1620 1442 1772 1507 egit;
1798 1440 1856 1491 in
1881 1455 1988 1508 quo
2019 1442 2197 1494 virtu-

601 1539 706 1588 tem
728 1551 883 1589 suam
906 1533 1273 1587 obtinentibus
1298 1534 1590 1601 mysteriis,
1622 1534 1681 1585 in
1708 1534 1801 1586 hoc
1817 1548 2024 1601 quoque
2044 1534 2193 1600 aliis,

601 1644 696 1683 rea
731 1628 841 1682 sibi
862 1642 1098 1696 persona
1123 1641 1229 1680 non
1260 1628 1454 1680 nocuit.
1488 1628 1626 1683 Nam
1672 1626 1746 1679 ad
1785 1626 1941 1679 illum
1962 1628 2199 1695 pertinet

604 1723 906 1791 (pertinuit,
937 1719 1023 1775 ed.
1075 1721 1261 1787 Rom]
1292 1719 1436 1789 quod
1481 1719 1611 1773 tuba
1641 1719 1909 1774 Davidica
1950 1722 2194 1786 canitur;

2301 599 2485 654 dinem
2544 597 2922 653 administrare
2988 595 3342 666 permitteret.
3400 597 3523 649 Item
3579 595 3789 648 Nicaenum

2300 694 2591 750 concilium
2644 693 2870 747 clericos
2907 680 3333 746 Novatianorum
3382 702 3498 742 cum
3539 687 3693 741 ordine
3726 702 3791 740 re-

2300 789 2463 859 cepit.
2495 787 2694 842 Itidem
2724 784 3041 840 Africanum
3085 781 3375 837 concilium
3414 780 3478 836 de
3524 780 3695 835 clericis
3715 781 3793 832 Do-

2300 882 2631 936 natistarum
2676 879 2822 945 fecit,
2872 877 3123 932 videlicet
3165 884 3226 930 ut
3267 873 3569 929 reconciliati
3609 870 3793 927 ordinem

2304 975 2507 1030 utiliter
2530 972 2993 1035 administrarent,
3044 984 3209 1040 quem
3238 976 3383 1022 extra
3428 965 3684 1022 Ecclesiam
3718 964 3798 1017 sine

2301 1068 2521 1135 effectu,
2578 1067 2686 1122 hoc
2727 1075 2811 1121 est
2868 1065 2984 1120 sine
3049 1065 3225 1118 salute
3271 1062 3479 1129 animae,
3529 1060 3625 1114 imo
3668 1058 3796 1128 perni-

2303 1162 2451 1216 ciose
2474 1160 2855 1230 percepissent.
2886 1158 3033 1212 Hinc
3079 1158 3145 1211 B.
3186 1155 3507 1227 Augustinus
3532 1151 3731 1208 scribens
3750 1150 3799 1205 ad

2302 1253 2645 1310 Bonifacium
2667 1253 2735 1309 de
2762 1252 2971 1308 clericis
2991 1250 3402 1307 Donatistarum
3424 1247 3663 1303 conversis
3688 1246 3800 1300 :Sint

2305 1348 2507 1420 inquit,
2536 1350 2597 1402 in
2627 1349 2860 1402 Ecclesia
2889 1347 3093 1412 clerici,
3127 1347 3242 1399 sint
3283 1344 3503 1413 episcopi
3522 1341 3713 1405 utiliter,
3734 1339 3801 1407 qui

2304 1447 2488 1496 contra
2512 1442 2663 1495 illam
2682 1443 2909 1508 fuerunt
2937 1439 3216 1492 hostiliter.
3236 1439 3439 1492 Omnes
3465 1448 3579 1489 sane
3602 1429 3802 1503 ejusmodi

2305 1534 2616 1600 sententias,
2644 1548 2767 1605 quae
2791 1531 3257 1588 consecrationem
3298 1530 3429 1584 foris
3460 1528 3633 1582 factam
3656 1526 3699 1580 in
3715 1533 3803 1578 tan-

2305 1637 2426 1684 tum
2475 1626 2743 1682 damnant
2769 1635 2830 1681 ut
2886 1641 3007 1681 eam
3045 1640 3161 1680 non
3193 1624 3293 1679 nisi
3329 1620 3693 1679 damnationem
3723 1617 3803 1671 sive

2307 1724 2737 1780 exsecrationem
2764 1728 2816 1776 et
2838 1719 3281 1775 maledictionem
3306 1717 3501 1781 dicant,
3530 1729 3628 1768 non
3652 1710 3707 1765 ad
3726 1710 3802 1779 ipsa

606 1817 989 1871 Verumtamen
1034 1816 1168 1868 Deus
1216 1813 1595 1883 conquassabit
1622 1816 1805 1883 capita
1849 1815 2197 1867 inimicorum
2235 1799 2282 1858 B
2311 1824 2671 1883 sacramenta,
2700 1814 2797 1871 sed
2823 1813 2892 1869 ad
2921 1812 3181 1869 effectum
3218 1827 3413 1867 eorum
3439 1822 3649 1879 congrue
3665 1801 3803 1858 referi-

600 1924 838 1975 suorum,
867 1910 1112 1962 verticem
1141 1908 1329 1977 capilli
1360 1907 1855 1976 perambulantium
1881 1910 1939 1960 in
1981 1908 2191 1961 deliciis

599 2000 707 2070 [ed.
739 2004 930 2069 Rom.,
955 2002 1182 2067 delictis]
1204 2003 1315 2054 suis
1346 2001 1510 2064 (Psal.
1543 2002 1756 2067 LXVII).
1786 2002 1923 2057 Nam
1940 2002 2194 2069 superbia

599 2110 806 2163 semper
841 2094 969 2157 sibi,
1017 2109 1122 2148 non
1149 2094 1273 2146 aliis
1302 2094 1441 2159 facit
1478 2094 1725 2158 ruinam;
1762 2093 1906 2162 quod
1934 2095 2193 2147 universa

598 2188 1012 2256 Scripturarum
1066 2190 1296 2240 testatur
1333 2188 1641 2240 auctoritas.
1709 2187 1859 2241 Sicut
1897 2188 2058 2240 etiam
2094 2202 2195 2256 per

600 2281 865 2349 Spiritum
885 2284 1130 2334 sanctum
1147 2279 1352 2332 dicitur
1368 2279 1697 2348 inpropheta
1722 2298 1739 2329 :
1773 2280 1893 2335 Non
1918 2278 2195 2333 habitabit

606 2375 665 2427 in
701 2373 876 2427 medio
903 2373 1092 2427 domus
1141 2386 1273 2426 mea:
1299 2374 1396 2440 qui
1421 2373 1561 2437 facit
1582 2372 1893 2441 superbiam
1915 2373 2079 2437 (Psal.
2115 2377 2190 2437 ο).

614 2467 762 2522 Unde
806 2482 926 2519 cum
969 2466 1079 2518 sibi
1113 2464 1407 2519 sacerdotis
1444 2480 1632 2519 nomen
1679 2465 2032 2519 vindicaverit
2077 2482 2195 2519 con-

602 2560 904 2627 demnatus,
941 2561 1003 2613 in
1051 2560 1221 2628 ipsius
1246 2560 1496 2612 verticem
1518 2559 1781 2628 superbire
1834 2564 2011 2612 tumor
2055 2561 2194 2627 inﬂi-

600 2657 714 2707 ctus
741 2657 846 2719 est;
898 2654 1029 2721 quia
1042 2667 1148 2706 non
1170 2652 1421 2721 populus,
1438 2654 1535 2720 qui
1560 2653 1952 2707 inministeriis
1984 2652 2198 2722 [myste-

601 2749 721 2813 riis,
753 2745 839 2800 ed.
872 2748 1066 2813 Rom.]
1093 2745 1293 2798 donum
1318 2747 1489 2814 ipsius
1517 2746 1757 2811 sitiebat,
1774 2732 2032 2799 exclusus
2062 2750 2137 2800 est
2177 2764 2196 2800 .-

599 2840 693 2894 sed
722 2841 906 2893 anima
950 2840 1065 2893 sola
1096 2840 1218 2905 illa,
1267 2854 1386 2907 quis
1426 2844 1753 2909 peccaverat,
1800 2839 1955 2908 justo
1986 2840 2197 2909 judicio

594 2934 837 3003 propria:
863 2933 1031 3001 culpa:
1059 2936 1178 2986 erat
1206 2932 1460 2986 obnoxia.

674 3028 813 3080 Item
842 3025 1034 3079 beatus
1054 3024 1396 3095 Augustinus
1414 3025 1706 3079 Vincentio
1734 3025 2044 3081 Donatistae
2060 3026 2194 3080 scri-

2302 1928 2445 1979 mus,
2498 1925 2567 1965 ne
2620 1908 2809 1965 eadem
2853 1914 3198 1963 sacramenta
3248 1903 3531 1960 exsufﬂare
3568 1898 3804 1959 videamur,

2302 2020 2425 2077 qua:
2468 2002 2641 2059 sancti
2674 2004 2864 2057 Patres
2929 2000 2987 2055 in
3016 1999 3352 2055 inconversis
3389 1998 3580 2067 integra
3618 2006 3711 2047 esse
3744 1988 3809 2043 do-

2301 2104 2548 2161 cuerunt,
2576 2110 2705 2150 cum
2734 2108 3026 2150 conversos
3064 2108 3177 2147 non
3215 2090 3602 2157 reordinarent,
3626 2079 3810 2140 sedioris

2301 2198 2591 2261 acceptum
2621 2188 2867 2244 ordinem
2886 2185 3272 2242 administrare
3303 2183 3667 2261 permitterent

2372 2260 2513 2337 Illud
2542 2296 2757 2352 quoque
2782 2285 2925 2347 (964)
2950 2278 3097 2351 quod
3130 2280 3193 2333 B.
3219 2260 3467 2349 Pelagius
3494 2289 3614 2346 papa
3629 2268 3810 2325 scribens

2302 2376 2603 2432 illustribus
2630 2374 2782 2442 viris,
2814 2373 3025 2430 Viatori
3057 2380 3111 2427 et
3145 2371 3454 2436 Pancratio,
3474 2368 3596 2424 dicit
3631 2363 3809 2431 :Cmpus

2302 2472 2520 2525 Domini
2536 2485 2647 2523 non
2667 2483 2797 2536 esse,
2828 2467 2970 2537 quod
2994 2468 3370 2520 schismaticus
3391 2464 3599 2532 conﬁcit,
3626 2458 3689 2513 ita
3717 2467 3809 2509 con-

2304 2578 2435 2636 grue
2462 2561 2800 2632 intelligitur,
2830 2570 2891 2616 ut
2920 2559 3018 2631 ipsi
3045 2575 3157 2614 non
3182 2559 3254 2614 sit
3274 2572 3474 2630 corpus
3498 2550 3687 2610 Domini
3710 2544 3813 2602 effe-

2304 2658 2472 2722 ctive;
2501 2656 2640 2711 sicut
2660 2671 2689 2710 e
2712 2654 2986 2709 contrario
3034 2653 3085 2707 in
3117 2653 3287 2708 missa
3318 2661 3502 2706 oratur
3526 2664 3554 2703 a
3581 2640 3811 2701 sacerdote.

2304 2760 2365 2806 ut
2408 2753 2514 2819 ﬁat
2534 2750 2687 2803 nobis
2733 2763 2925 2817 corpus
2965 2748 3218 2815 Domini;
3251 2745 3501 2802 videlicet
3541 2740 3602 2796 ad
3636 2734 3814 2791 salutem

2306 2843 2530 2898 animae.
2566 2842 2708 2897 Hinc
2737 2849 2789 2895 et
2822 2848 3043 2895 sanctus
3066 2840 3376 2911 Gregorius
3400 2837 3454 2892 in
3481 2833 3612 2891 Dial.
3637 2828 3745 2884 libro
3769 2836 3814 2877 iv

2307 2935 2445 3009 (cap.
2500 2940 2593 3001 59)
2631 2953 2643 2990 :
2680 2937 2842 2997 Tunc,
2887 2933 3085 3004 inquit,
3131 2949 3252 2987 vere
3281 2949 3383 3003 pro
3419 2931 3559 2985 nobis
3584 2923 3816 2980 hostiaDeo

2307 3035 2428 3097 erit,
2472 3046 2592 3083 cum
2636 3044 2730 3083 nos
2770 3030 2910 3097 ipsos
2941 3026 3174 3081 hostiam
3202 3028 3505 3092 fecerimus.
3535 3024 3622 3076 Est
3645 3012 3814 3087 quidem

602 3118 735 3174 bens
768 3137 779 3173 :
810 3119 1074 3181 Ecclesiae,
1115 3118 1317 3189 inquit,
1348 3122 1477 3171 sunt
1501 3120 1681 3171 omnia
1707 3123 2053 3173 sacramenta
2084 3122 2192 3173 Do-
2230 3138 2274 3202 ρ
2304 3124 2472 3180 etiam
2539 3120 2917 3193 peccatoribus
2978 3128 3032 3174 et
3090 3117 3313 3190 indigne
3364 3113 3674 3174 sumentibus
3728 3116 3819 3157 vera

600 3214 827 3277 minica;
850 3227 970 3281 quae
998 3212 1074 3265 sic
1116 3210 1325 3265 habetis
1350 3216 1398 3264 et
1438 3211 1601 3278 datis,
1634 3212 1891 3280 quomodo
1920 3210 2193 3265 habeban-

600 3310 691 3360 tur
716 3311 767 3360 et
795 3305 1066 3359 dabantur
1094 3306 1263 3358 etiam
1318 3308 1608 3373 antequam
1636 3305 1761 3359 inde
1802 3307 2044 3359 exiretis.
2075 3306 2195 3361 Non

599 3403 781 3454 tamen
807 3399 922 3453 ideo
951 3414 1058 3453 non
1100 3398 1305 3452 habetis
1330 3398 1471 3467 quod
1499 3414 1603 3452 non
1646 3400 1770 3452 estis
1794 3399 1874 3451 ibi
1899 3399 2042 3453 unde
2069 3404 2197 3452 sunt

600 3508 721 3561 quin
747 3492 975 3546 habetis.
1014 3495 1080 3546 Et
1107 3499 1232 3562 post
1256 3507 1427 3561 pauca
1460 3509 1475 3543 :
1507 3492 1792 3547 Nobiscum
1819 3494 1943 3546 estis
1971 3494 2030 3546 in
2045 3507 2193 3561 sym-

604 3586 737 3653 bolo,
768 3588 827 3639 in
860 3586 1141 3654 baptismo,
1170 3587 1227 3639 in
1255 3587 1455 3639 cceteris
1484 3586 1833 3639 sacramentis
1860 3604 1877 3637 :
1907 3587 1965 3639 in
1993 3587 2193 3655 spiritu

602 3683 783 3730 autem
809 3679 1042 3730 unitatis
1067 3681 1118 3731 et
1148 3678 1359 3731 vinculo
1382 3680 1566 3746 pacis,
1598 3681 1655 3732 in
1685 3681 1816 3750 ipsa
1844 3679 2074 3749 denique
2102 3696 2190 3734 ca-

604 3768 805 3823 tholica
830 3769 1067 3823 Ecclesia
1084 3770 1355 3823 nobiscum
1391 3786 1498 3823 non
1525 3774 1679 3825 estis.

672 3859 781 3915 Sed
811 3861 897 3916 hat
926 3860 1217 3916 sententia:
1250 3860 1348 3915 etsi
1395 3860 1658 3928 diversa},
1683 3879 1715 3917 a
1744 3864 1977 3919 veritate
2004 3873 2190 3919 tamen

603 3953 820 4010 deviare
853 3968 1127 4023 nusquam
1162 3953 1484 4023 probantur,
1518 3954 1560 4008 si
1588 3964 1963 4025 competenter
1991 3957 2196 4011 intelli-

599 4054 820 4119 gantur,
847 4044 1100 4101 videlicet
1126 4045 1170 4100 si
1194 4046 1502 4117 superiores
1522 4048 1810 4103 sententiae
1838 4047 1906 4103 ad
1926 4046 2191 4105 effectum

599 4138 859 4211 baptismi
889 4137 1222 4206 referantur,
1255 4138 1346 4210 qui
1380 4154 1658 4211 nusquam
1686 4156 1805 4197 esse
1836 4157 1994 4212 posse
2037 4150 2191 4198 extra

599 4233 903 4289 Ecclesiam
931 4233 1192 4287 veraciter
1237 4231 1520 4297 asseritur,
1556 4242 1609 4289 et
1633 4233 1921 4291 inferiores
1955 4234 2027 4291 ad
2055 4236 2191 4292 veri-

599 4335 771 4383 tatem
800 4315 1274 4382 sacramentorum
1303 4324 1631 4395 referantur,
1669 4344 1791 4399 quae
1819 4328 2008 4385 eadem
2039 4331 2189 4385 inte-

599 4421 798 4494 gritate
825 4429 880 4475 et
920 4418 1085 4475 bonis
1112 4427 1168 4475 et
1214 4418 1380 4476 malis
1432 4421 1623 4477 adesse
1674 4422 1995 4491 creduntur,
2055 4439 2119 4478 ac
2141 4425 2188 4479 si

2305 3214 2505 3275 Christi
2562 3229 2712 3282 caro,
2759 3228 3029 3284 verusque
3052 3212 3312 3283 sanguis;
3345 3211 3438 3268 sed
3485 3203 3703 3264 essentia,
3736 3209 3817 3251 non

2302 3308 2503 3366 salubri
2527 3306 2841 3362 efﬁcientia.
2888 3309 2972 3361 De
3010 3304 3232 3372 effectu,
3267 3306 3511 3378 inquam,
3539 3288 3817 3355 sacramenti,

2305 3420 2415 3459 non
2456 3401 2526 3457 de
2576 3402 2695 3472 ipso
2738 3408 3078 3456 sacramento
3110 3398 3244 3455 illud
3286 3399 3492 3455 dictum
3519 3390 3820 3461 competenter

2300 3498 2738 3567 interpretamur,
2779 3510 2849 3548 ne
2878 3494 3037 3549 beato
3067 3494 3381 3565 Augustino
3411 3484 3739 3547 contradicere
3759 3474 3818 3528 Vi-

2300 3590 2548 3646 deamur.
2587 3588 2691 3659 Qui
2722 3587 2943 3643 Eleusio
2969 3596 3025 3641 et
3051 3584 3194 3641 felici
3219 3583 3576 3658 grammatico
3617 3572 3819 3633 scribenS.

2301 3684 2466 3737 etiam
2507 3680 2824 3737 Donatistas
2848 3689 2904 3734 et
2960 3680 3013 3734 in
3043 3678 3393 3735 dissensione
3438 3686 3492 3733 et
3516 3677 3567 3731 in
3600 3667 3824 3727 schismate

2300 3775 2606 3831 sacriﬁcare
2628 3782 2877 3829 testatur.
2908 3772 3063 3828 Idem
3094 3771 3163 3827 ad
3201 3771 3547 3828 Bonifacium
3573 3785 3585 3821 :
3611 3754 3821 3819 Haretici,

2301 3868 2497 3939 inquit,
2520 3884 2623 3923 non
2652 3872 2903 3938 qucerunt
2928 3868 3198 3938 Spiritum
3219 3872 3474 3921 sanctum
3501 3863 3603 3935 nisi
3627 3860 3675 3912 in
3708 3848 3824 3909 Chri-

2299 3964 2375 4015 sti
2395 3977 2627 4030 corpore,
2659 3961 2810 4030 cujus
2835 3960 3031 4014 habent
3059 3961 3197 4026 foris
3219 3962 3631 4015 sacramentum,
3655 3946 3729 4004 sed
3746 3953 3822 3995 rem

2301 4057 2474 4124 ipsam
2495 4070 2601 4109 non
2622 4059 2797 4109 tenent
2819 4056 2986 4116 intus,
3013 4053 3165 4122 cujus
3190 4053 3335 4107 illud
3360 4057 3439 4107 est
3479 4044 3823 4105 sacramentum,

2299 4153 2349 4203 et
2386 4149 2505 4203 ideo
2549 4148 2657 4202 sibi
2690 4149 2965 4218 judicium
3018 4148 3362 4202 manducant
3401 4151 3452 4201 et
3493 4143 3691 4201 bibunt;
3727 4139 3825 4186 απυδ

2311 4246 2450 4296 enim
2463 4243 2628 4311 panis
2658 4246 3047 4296 sacramentum
3071 4246 3148 4295 est
3176 4243 3432 4296 unitatis.

2369 4334 2698 4406 Hujusmodi
2743 4334 3149 4389 distinctionem
3198 4334 3345 4389 inter
3378 4334 3750 4388 sacramentum
3789 4318 3828 4415 (ξι

2299 4426 2415 4498 ejus
2443 4425 2704 4482 effectum
2733 4444 2862 4483 cum
2882 4427 3106 4499 quidam
3138 4443 3200 4482 ex
3230 4426 3480 4498 antiquis
3513 4418 3734 4479 Patribus
3752 4423 3829 4464 ml-

599 4531 708 4571 uno
744 4530 837 4571 ore
873 4512 977 4584 ipsi
1016 4512 1187 4568 sancti
1230 4514 1417 4568 Patres
1448 4514 1606 4569 nobis
1647 4516 2015 4570 communiter
2048 4515 2190 4572 dice-
2223 4524 2275 4585 ι)
2302 4536 2402 4575 nus
2424 4518 2790 4586 attenderent,
2821 4520 2891 4576 ad
2910 4522 3013 4576 hoc
3037 4520 3381 4576 devenerunt
3400 4528 3462 4574 ut
3482 4527 3536 4573 et
3560 4511 3829 4584 baptismum

597 4615 721 4662 rent
765 4625 778 4659 :
827 4616 977 4662 extra
1020 4605 1323 4660 Ecclesiam
1356 4622 1458 4662 nec
1496 4616 1625 4662 sunt
1669 4623 1774 4662 nec
1824 4607 1961 4662 ﬁunt
2010 4624 2190 4664 sacra-

599 4707 781 4754 menta
822 4696 1092 4766 eilective,
1131 4697 1185 4754 id
1213 4707 1296 4753 est
1338 4715 1465 4755 cum
1490 4701 1666 4757 salute
1689 4700 1922 4770 animae;
1950 4709 2190 4758 attamen

598 4791 790 4847 eadem
816 4790 1104 4859 inutiliter,
1134 4791 1246 4846 imo
1266 4792 1591 4862 perniciose,
1616 4802 1671 4849 et
1692 4809 1811 4850 esse
1834 4803 1889 4850 et
1916 4794 2031 4850 ﬁeri
2074 4812 2185 4851 non

599 4884 953 4955 denegamus.
1006 4883 1061 4937 Si
1106 4884 1255 4939 enim
1309 4901 1370 4942 ea
1414 4897 1571 4942 extra
1614 4888 1917 4944 Ecclesiam
1954 4905 2073 4945 esse
2104 4889 2187 4945 vel

601 4977 718 5033 ﬁeri
773 4976 990 5047 penitus
1023 4975 1375 5049 denegarent,
1427 4978 1737 5036 nullatenus
1788 4981 1979 5037 eadem
2010 4982 2065 5037 in
2096 4999 2187 5039 re-

598 5070 901 5126 conciliatis
935 5077 1046 5125 rata
1084 5069 1368 5125 haberent.
1400 5072 1542 5126 Nam
1574 5072 1867 5141 praedictus
1907 5079 2187 5146 papa-Leo

598 5163 827 5220 clericos
869 5160 1251 5217 haereticorum
1279 5178 1409 5217 cum
1459 5163 1651 5219 ordine
1679 5166 1845 5236 recipi
1896 5170 2181 5237 concessit,

599 5257 693 5330 qui
720 5266 903 5312 tamen
929 5255 1111 5311 omnia
1136 5263 1481 5311 sacramenta
1513 5257 1770 5313 manibus
1798 5258 2187 5317 damnatorum

596 5351 875 5407 subtracta
909 5348 1161 5420 superius
1213 5347 1461 5403 asseruit.
1508 5351 1645 5405 Item
1700 5353 1756 5404 Β.
1817 5354 2184 5424 Innocentius,

2298 4612 2355 4667 in
2390 4611 2586 4668 hreresi
2618 4622 2936 4685 susceptum
2973 4614 3110 4669 nihil
3140 4629 3257 4669 esse
3283 4618 3556 4685 putarent,
3586 4608 3725 4663 beato
3748 4603 3829 4653 Au-

2297 4704 2516 4777 gustino
2561 4714 2849 4762 attestante
2908 4707 2965 4761 in
3031 4706 3123 4761 lib.
3190 4722 3257 4762 vr
3323 4715 3516 4761 contra
3570 4692 3831 4756 Donatistas

2297 4803 2437 4869 (cap.
2482 4803 2530 4866 1)
2561 4818 2575 4854 :
2602 4800 2708 4857 Nec
2732 4802 2795 4855 ob
2825 4800 3002 4867 aliud,
3034 4801 3232 4870 inquit,
3262 4801 3442 4854 visum
3470 4801 3545 4853 est
3566 4782 3832 4865 quibusdam

2296 4896 2467 4947 etiam
2500 4897 2727 4963 egregiis
2772 4896 2904 4948 viris
2944 4895 3279 4948 antistitibus
3312 4893 3534 4957 Christi,
3573 4890 3702 4941 inter
3734 4884 3833 4945 quos

2292 4989 2563 5058 praecipue
2589 4988 2767 5041 beatus
2805 4988 3107 5056 Cyprianus
3155 4988 3442 5052 eminebat,
3474 4999 3571 5038 non
3598 4991 3695 5033 esse
3719 4978 3835 5043 posst?

2297 5081 2447 5149 apud
2485 5081 2755 5134 hwreticos
2796 5081 2877 5133 vel
2914 5082 3271 5135 schismaticos
3318 5080 3635 5149 baptismum
3655 5059 3833 5124 Christi,

2296 5176 2411 5227 nisi
2430 5176 2555 5245 quia
2580 5189 2686 5226 non
2711 5174 3148 5245 distinguebatur
3178 5176 3570 5228 sacramentum
3589 5165 3651 5219 ab
3677 5156 3835 5226 effeti“

2296 5268 2377 5320 vel
2404 5283 2506 5320 usu
2529 5270 2882 5331 sacramenti;
2912 5273 2984 5335 et,
3017 5270 3149 5336 quia
3176 5267 3289 5335 ejus
3318 5268 3547 5332 effectus
3573 5263 3720 5325 atque
3739 5257 3834 5336 usui

2297 5361 2355 5411 in
2393 5360 2704 5413 liberatione
2743 5376 2777 5412 a
2810 5333 3044 5429 peccatis
3072 5365 3121 5415 et
3163 5333 3336 5414 cordis
3378 5352 3683 5411 rectitudine
3723 5333 3836 5411 αραά

598 5444 690 5517 qui
729 5439 1135 5499 ordinationem
1175 5441 1561 5498 haereticorum
1605 5460 1716 5499 non
1742 5445 1847 5500 nisi
1878 5444 2185 5504 damnatio-

595 5555 725 5595 nem
754 5553 870 5594 esse
898 5537 1175 5609 praedixit,
1214 5535 1586 5593 ordinationes
1610 5538 2038 5596 Novatianorum
2059 5557 2186 5597 cum

2294 5452 2566 5506 hcereticos
2594 5467 2702 5506 non
2725 5454 3123 5521 inveniebatur,
3156 5456 3331 5523 ipsum
3356 5463 3563 5520 quoque
3580 5446 3835 5499 sacramen'

2295 5548 2411 5598 tum
2449 5560 2555 5599 non
2596 5546 2714 5599 illic
2752 5561 2859 5601 esse
2889 5547 3195 5617 putabatur
3239 5564 3255 5599 :
3314 5542 3413 5599 sed
3450 5536 3764 5597 considerato
3784 5534 3835 5577 eo

2366 5684 2509 5749 (963)
2529 5683 2711 5739 Verba
2750 5686 2802 5739 ei
2822 5690 3001 5741 autem
3033 5685 3215 5753 obfuit
3256 5680 3531 5754 supplevit
3566 5672 3719 5733 editio
3743 5668 3833 5721 R0-

2293 5769 2524 5893 ωδῶἓίυ
2547 5826 2675 5882 Non
2698 5836 2874 5883 exstat
2901 5827 2958 5883 in
2985 5826 3116 5883 edit.
3144 5830 3307 5883 Rom.

594 5677 756 5734 verba
802 5682 1198 5747 praesentantur
1227 5693 1242 5730 :
1277 5675 1445 5743 Quam
1472 5692 1583 5731 rem
1612 5692 1705 5733 nos
1732 5678 2187 5736 'consecrationem

596 5751 769 5805 dicere
796 5749 944 5802 nullo
965 5747 1117 5801 modo
1139 5763 1443 5817 possumus,
1464 5764 1586 5819 quae
1613 5750 1682 5803 ab
1709 5754 2186 5808 excommunicatis

598 5820 900 5874 hominibus
932 5824 1009 5873 est
1038 5819 1322 5874 celebrata.

3930 5284 3949 5341 tl
