4010 6164
190 269 325 323 1065

1105 262 1391 325 APPEND.
1434 263 1520 318 III.
1562 292 1630 304 -—
1666 262 2082 321 MONUMENTA
2121 265 2577 335 GREGORIANA.

3346 276 3483 330 l066

3094 348 3121 365 κ

188 388 337 464 quod
363 394 419 445 et
446 386 663 462 reprobi
686 385 746 444 in
774 385 1011 444 Ecclesia
1059 386 1177 443 sine
1207 386 1410 445 effectu
1434 396 1776 445 sacramenta
1806 394 1859 456 Α
1886 391 1945 445 in
1974 392 2147 462 malis,
2189 398 2485 465 utrumque
2524 399 2839 463 permanet;
2879 398 2977 449 aut
3018 399 3155 451 enim
3203 410 3484 454 conuersus

191 484 414 549 habent,
446 491 501 538 et
527 490 715 539 tamen
738 481 960 548 habent,
982 479 1173 537 itidem
1204 490 1258 536 et
1299 481 1370 537 ab
1398 480 1482 537 his
1511 482 1600 553 qui
1632 491 1782 539 extra
1887 486 2233 542 administrat
2257 486 2400 557 quod
2424 486 2869 558 [administravit,
2916 489 2965 541 si
3008 490 3101 543 hoc
3137 493 3344 546 utilitas
3378 497 3480 549 Ec-

188 578 486 634 Ecclesiam
516 584 646 632 sunt
685 575 878 632 eadem
927 575 1229 646 perniciose
1253 575 1466 642 haberi,
1509 584 1566 633 et
1594 585 1784 633 tamen
1888 580 2058 634 clesia:
2097 583 2363 649 exegerit,-
2387 584 2502 644 aut,
2526 582 2575 634 si
2596 596 2699 635 non
2720 580 3072 635 administrat
3086 599 3277 639 manus
3304 591 3483 643 tamen

185 671 371 728 haberi
401 679 646 742 pastores
685 669 1035 725 ecclesiastici
1065 678 1413 726 censuerunt.
1443 669 1610 727 Unde
1635 670 1785 728 idem

186 765 387 821 doctor
415 766 470 819 in
498 764 659 819 tertio
699 763 837 819 libro
867 771 1057 819 contra
1096 763 1417 821 Donatistas
1447 768 1583 836 (cap.
1610 770 1732 831 xu)
1770 783 1785 817 :

187 860 451 916 Hceretiei
484 857 687 912 habent
736 861 958 926 [tenent]
1002 863 1341 914 sacramenta
1390 863 1441 914 et
1480 858 1790 930 Scripturas

182 955 260 1008 ad
269 955 512 1023 speciem,
533 968 640 1008 non
654 952 728 1007 ad
744 954 993 1024 salutem.
1017 954 1160 1007 Item
1182 952 1238 1007 in
1254 961 1451 1024 quarto
1474 953 1613 1025 (cap.
1640 958 1752 1019 χιι)
1774 971 1785 1009 :

185 1051 290 1105 Nec
312 1048 474 1114 foris,
505 1049 645 1102 sicut
670 1062 763 1102 nec
786 1049 931 1102 intus
959 1050 1246 1117 quisquam
1275 1049 1372 1118 qui
1401 1062 1467 1102 ea:
1497 1052 1658 1118 parte
1677 1048 1793 1102 dia-

192 1142 302 1195 boli
348 1145 446 1207 est,
474 1144 651 1211 potest
672 1141 759 1194 vel
787 1143 843 1194 in
873 1156 928 1195 se
954 1142 1037 1194 vel
1068 1143 1125 1194 in
1149 1141 1386 1211 quodam
1422 1142 1690 1195 maculare
1708 1157 1795 1196 sa-

183 1239 539 1297 cramentum,
618 1235 763 1304 quod
822 1234 1025 1289 Christi
1092 1239 1188 1289 est.
1270 1238 1410 1290 Item
1474 1234 1527 1289 in
1590 1234 1787 1306 quinto

186 1334 324 1399 (cap.
360 1333 483 1395 xrx)
507 1346 518 1382 :
552 1331 693 1382 Deus
706 1328 857 1383 adest
886 1329 1238 1396 sacramentis
1268 1328 1517 1397 etiverbis
1538 1331 1673 1396 suis,
1696 1344 1794 1399 per

183 1422 499 1492 qualeslibet
512 1422 997 1489 administrentur;
1020 1427 1070 1477 et
1102 1426 1435 1477 sacramenta
1465 1425 1565 1477 Dei
1596 1424 1795 1493 abigue

182 1521 330 1571 recta
358 1520 512 1581 sunt;
543 1522 595 1571 et
620 1516 754 1570 mali
800 1517 1055 1576 homines,
1110 1516 1310 1586 quibus
1373 1518 1513 1571 nihil
1542 1522 1793 1586 prosunt,

182 1611 387 1680 ubique
420 1612 659 1680 perversi
684 1614 833 1677 sunt,
875 1607 931 1665 id
963 1616 1065 1677 est,
1110 1608 1254 1665 intus
1276 1617 1331 1665 et
1351 1608 1506 1666 foris.

260 1706 402 1759 Item
434 1702 506 1759 ad
559 1702 855 1775 quemdam
904 1705 1133 1759 Festum
1181 1706 1358 1774 (epist.
1422 1707 1523 1758 167
1569 1704 1644 1758 ad
1692 1705 1791 1759 Fe-

1890 675 1943 728 ei
1970 675 2111 728 inter
2147 676 2308 730 laicos
2348 690 2455 730 non
2484 677 2801 746 imponitur,
2833 692 2890 731 eo
2917 676 3061 746 quod
3097 684 3484 735 sacramentum

1893 767 2273 822 ordinationis
2298 768 2550 822 obtineat.

1964 859 2105 932 Quia
2128 861 2297 932 igitur
2332 868 2446 916 tam
2476 861 2675 933 egregii
2707 861 2948 918 doctoris
2992 863 3277 919 assertioni
3305 871 3359 919 et
3385 879 3486 919 nos

1893 953 2097 1025 absque
2134 955 2390 1025 scrupulo
2418 954 2761 1025 acquiescere
2790 955 3073 1025 debemus,
3101 972 3261 1028 quem
3293 966 3349 1012 et
3374 960 3484 1012 Ro~

1896 1049 2047 1104 mani
2073 1047 2377 1119 pontiﬁces,
2401 1048 2558 1119 juxta
2577 1050 2983 1105 attestationem
3011 1052 3183 1106 sancti
3213 1050 3485 1107 Caelestini

1897 1157 2051 1214 papae
2079 1142 2217 1198 inter
2248 1142 2554 1214 magistros,
2587 1142 2721 1198 dum
2749 1142 2931 1198 adhuc
2955 1143 3179 1209 viveret,
3228 1144 3485 1210 habuere,

1895 1236 2053 1307 cujus
2082 1244 2138 1292 et
2177 1236 2437 1308 opuscula
2484 1244 2608 1305 post
2636 1244 2877 1292 mortem
2898 1236 3016 1307 ejus
3047 1253 3146 1307 pro
3168 1236 3489 1293 authenticis

1896 1329 2203 1401 recipienda
2213 1329 2463 1402 synodali
2468 1329 2490 1399 j
2496 1330 2675 1386 udicio
2690 1330 2978 1386 decrevere
2994 1338 3346 1402 ;quapropter
3359 1330 3490 1385 illud

1897 1425 2163 1495 scriptum
2187 1423 2379 1479 musici
2410 1423 2658 1480 Widonis
2701 1425 2864 1495 (965),
2907 1423 3057 1496 quod
3108 1423 3211 1478 sub
3267 1423 3490 1479 nomine

1898 1518 2178 1574 Paschalis
2198 1533 2352 1589 papae
2379 1517 2706 1585 honorastis,
2740 1534 2853 1573 non
2880 1517 2934 1573 in
2958 1526 3177 1572 tantum
3207 1517 3491 1573 attendere

1899 1611 2166 1668 debemus
2207 1621 2271 1668 ut
2293 1620 2483 1668 contra
2504 1612 2861 1667 assertionem
2888 1609 3103 1683 praefati
3138 1610 3376 1666 doctoris
3402 1626 3491 1666 sa-

1900 1714 2176 1763 cramenta
2202 1706 2271 1762 ab
2300 1706 2568 1761 haereticis
2591 1713 2848 1777 usurpata
2877 1713 3083 1761 temere
3112 1704 3488 1761 exsufﬂemus.

183 1802 391 1864 stum):
442 1799 623 1867 Neque
665 1797 863 1868 inquit,
908 1803 1244 1852 sacramenta
1285 1813 1471 1852 eorum
1537 1797 1787 1863 (Haereti-
1823 1781 1871 1846 Β
1896 1800 2093 1857 Scribit
2128 1800 2278 1856 enim
2309 1800 2441 1856 satis
2494 1799 2801 1871 improvide
2829 1799 2896 1855 de
2924 1798 3281 1855 annullandis
3312 1800 3491 1854 Simo-

183 1892 403 1962 corum)
436 1892 591 1946 nobis
620 1892 844 1945 inimica
864 1896 1009 1955 sunt,
1041 1908 1158 1961 qua
1188 1907 1313 1947 cum
1339 1892 1451 1946 illis
1480 1891 1631 1946 nobis
1656 1896 1786 1946 sunt

184 1989 517 2050 communia,
557 1988 688 2057 quia
717 2002 823 2041 non
849 1986 1097 2041 humana
1140 1992 1268 2043 sunt
1297 1987 1390 2042 sed
1410 1987 1622 2041 divina.
1651 1988 1785 2040 Pro-

176 2084 348 2151 prius
376 2096 554 2135 eorum
600 2096 743 2135 error
782 2080 1112 2146 auferendus
1139 2084 1235 2149 est,
1279 2096 1437 2150 quem
1472 2081 1608 2134 male
1628 2080 1788 2133 imbi-

185 2176 421 2241 berant;
467 2190 609 2229 nunc
636 2178 992 2241 sacramenta,
1023 2191 1142 2245 qua:
1176 2175 1424 2229 similiter
1441 2179 1784 2243 acceperunt;

180 2270 331 2339 quie’
351 2269 425 2322 ad
441 2285 658 2339 plenam
680 2284 834 2323 suam
858 2272 1083 2340 portant
1110 2274 1161 2323 et
1189 2269 1405 2334 habent,
1472 2272 1673 2337 quanto
1700 2270 1785 2322 in-

181 2363 416 2431 dignius
462 2363 679 2424 habent,
713 2362 811 2416 sed
858 2368 1038 2417 tamen
1060 2362 1271 2416 habent.

271 2457 412 2510 Item
444 2455 499 2510 in
529 2455 871 2526 expositione
906 2470 1071 2526 super
1104 2455 1411 2526 Epistolaln
1457 2455 1512 2510 S.
1558 2453 1790 2509 Joannis

180 2552 374 2620 (epist.
405 2551 561 2603 Joan.
595 2553 830 2603 tractatu
866 2553 978 2615 vn)
1010 2566 1023 2603 :
1072 2551 1299 2611 Habere,
1352 2548 1548 2620 inquit,
1608 2549 1790 2619 bapti-

182 2659 373 2697 smum
408 2649 457 2697 et
486 2644 661 2697 malus
683 2646 859 2712 potest
882 2661 898 2709 ;
920 2644 1117 2697 habere
1140 2643 1514 2713 prophetiam,
1547 2645 1597 2695 et
1618 2642 1792 2695 malus

184 2753 309 2793 esse
326 2740 519 2806 potest.
562 2739 873 2792 Invenimus
894 2737 1113 2793 Saulem
1150 2752 1328 2806 regem
1375 2737 1625 2790 habuisse
1662 2750 1792 2804 pro-

178 2832 460 2902 phetiam,
491 2832 592 2900 qui
626 2831 1042 2900 persequebatur
1076 2834 1321 2885 sanctum
1370 2829 1576 2895 David;
1616 2831 1666 2882 et
1688 2831 1789 2882 im-

178 2926 377 2996 pletus
396 2928 474 2979 est
488 2925 690 2993 spiritu
706 2923 1027 2995 prophetiae,
1055 2928 1106 2980 et
1120 2924 1447 2994 prophetare
1469 2925 1645 2994 erepit.
1678 2922 1788 2977 Ac-

186 3022 379 3089 cipere
418 3023 809 3074 sacramentum
830 3021 1076 3088 corporis
1114 3022 1166 3073 et
1181 3019 1468 3086 sanguinis
1504 3018 1718 3072 Domini
1743 3020 1793 3070 et

182 3113 375 3167 malus
418 3117 610 3182 potest.
648 3114 787 3168 Nam
809 3113 874 3167 de
902 3112 1105 3167 talibus
1132 3112 1336 3166 dictum
1357 3118 1436 3166 est
1466 3129 1482 3165 :
1506 3111 1611 3178 Qui
1639 3125 1792 3164 man-

1896 1896 2184 1951 niacorum
2230 1894 2609 1962 sacramentis,
2658 1910 2784 1949 cum
2833 1894 2939 1965 piae
2980 1893 3262 1950 memoriae
3303 1896 3495 1949 Petrus

1898 1988 2155 2045 Damiani
2200 1987 2491 2044 cardinalis
2515 1987 2787 2043 Ostiensis
2816 1987 3126 2058 episcopus,
3153 1986 3412 2058 religione
3441 1994 3497 2042 et

1898 2082 2208 2138 eruditione
2232 2080 2727 2149 nominatissimus,
2782 2088 2839 2137 et
2864 2080 2923 2135 in
2950 2080 3267 2152 hujusmodi
3315 2080 3495 2136 causis

1896 2175 2301 2247 sagacissimus,
2338 2190 2454 2230 non
2501 2173 2684 2229 minus
2716 2189 2812 2245 per
2837 2173 3180 2229 Simoniacos
3202 2188 3372 2244 quam
3402 2188 3498 2243 per

1898 2269 2036 2324 alios
2063 2268 2346 2324 haereticos
2382 2274 2723 2323 sacramenta
2760 2265 3054 2322 decurrere
3082 2265 3391 2337 probaverit
3443 2267 3499 2320 in

1898 2362 2038 2418 libro
2066 2378 2190 2429 suo,
2221 2376 2385 2433 quem
2419 2362 2806 2417 Gratissimum
2841 2360 3271 2432 cognominavit.
3302 2360 3499 2415 Sancta

1902 2472 2124 2528 quoque
2151 2459 2401 2511 Romana
2433 2454 2674 2510 Ecclesia
2721 2453 2967 2510 nonnihil
2995 2469 3090 2510 eos
3120 2460 3498 2509 sacramento-

1901 2566 2025 2605 rum
2077 2550 2273 2604 habere
2305 2547 2719 2612 demonstravit,
2752 2563 2882 2603 cum
2912 2548 2970 2603 in
2993 2556 3242 2620 tempore
3288 2548 3498 2604 Nicblai

1905 2658 2055 2715 papae
2093 2642 2261 2715 gratis
2298 2641 2575 2698 ordinatos
2598 2658 2626 2696 a
2667 2640 2998 2697 Simoniacis
3038 2642 3095 2697 in
3122 2643 3360 2715 acceptis
3403 2659 3499 2699 or-

1902 2736 2126 2792 dinibus
2169 2737 2488 2806 permanere
2517 2735 2870 2791 concesserit.
2903 2735 3067 2802 Quod
3108 2744 3294 2792 autem
3321 2736 3500 2791 Simo-

1903 2829 2041 2885 niaci
2085 2837 2425 2885 sacramenta
2457 2828 2659 2884 habere
2683 2827 2961 2895 dicuntur,
2990 2843 3103 2883 non
3135 2828 3204 2883 ad
3232 2828 3502 2885 honorem

1903 2938 2117 2991 eorum,
2158 2922 2252 2978 sed
2279 2920 2352 2979 ad
2400 2920 2797 2978 contumeliam
2840 2928 2924 2976 est
2949 2919 3323 2989 referendum,
3371 2938 3502 2978 cum

1902 3024 2060 3073 tanto
2106 3016 2277 3089 magis
2324 3015 2574 3087 sacrilegi
2610 3014 2967 3087 deputentur,
3013 3023 3219 3087 quanto
3259 3016 3498 3073 sanctius

1906 3119 1991 3167 est
2019 3110 2167 3184 quod
2200 3117 2388 3166 contra
2418 3109 2500 3166 fas
2542 3117 2596 3165 et
2631 3109 2724 3181 jus
2754 3122 3017 3179 usurpare
3072 3124 3185 3164 non
3225 3116 3500 3166 verentur.

184 3207 375 3262 ducat
418 3176 469 3260 et
521 3206 653 3260 bibit
692 3206 917 3275 indigne
956 3207 1007 3273 (Ι
1033 3205 1153 3259 Cor.
1211 3210 1317 3270 x1).
1351 3176 1558 3260 Habere
1607 3219 1796 3258 nomen
1833 3176 1878 3241 Ο
1905 3208 1985 3261 Eo
2031 3176 2206 3277 usque
2234 3212 2451 3260 tantum
2494 3176 2794 3259 humanam
2821 3176 3149 3274 pravitatem
3178 3202 3504 3275 insequide-

188 3300 433 3368 Christi,
458 3303 509 3354 et
527 3300 700 3354 malus
720 3314 828 3355 esse
849 3303 1044 3370 potest,
1070 3299 1129 3354 id
1147 3303 1244 3363 est,
1261 3298 1598 3354 Christianus
1616 3299 1800 3353 vocari

187 3398 256 3449 et
286 3393 461 3449 malus
487 3409 601 3448 esse
626 3397 817 3463 potest.
873 3397 954 3447 De
972 3393 1169 3463 quibus
1193 3393 1398 3448 dictum
1422 3396 1500 3447 est
1526 3412 1542 3443 :
1596 3392 1800 3446 Pollue-

190 3490 341 3543 bant
376 3502 559 3542 nomen
576 3488 674 3543 Dei
696 3489 785 3541 sui
812 3487 1024 3553 (Ezech,
1057 3493 1288 3556 xxxvr).
1324 3490 1471 3555 Ergo
1492 3486 1685 3540 habere
1710 3500 1797 3539 sa-

185 3585 476 3636 cramenta
504 3583 613 3635 ista
674 3582 876 3648 omnia,
918 3585 970 3635 et
994 3581 1175 3635 malus
1216 3595 1324 3635 esse
1355 3583 1562 3651 potest;
1612 3579 1799 3633 habere

186 3679 387 3731 autem
429 3674 769 3742 charitatem,
801 3678 852 3729 et
888 3674 1072 3729 malus
1092 3689 1199 3729 esse
1226 3690 1333 3728 non
1346 3676 1545 3743 potest.
1572 3674 1713 3727 Item
1733 3670 1802 3728 ad

188 3769 511 3825 Emeritum
558 3766 881 3824 haereticum
905 3768 1289 3837 [Donatistam]
1336 3769 1492 3838 epist.
1562 3768 1663 3820 164
1704 3764 1801 3821 sub

182 3865 386 3934 ﬁnem)
410 3879 424 3917 :
453 3863 578 3931 Vos,
617 3860 816 3932 inquit,
838 3862 1136 3916 mutamini
1165 3877 1232 3916 ea:
1256 3876 1319 3916 ea
1345 3864 1526 3932 parte,
1556 3875 1672 3930 qua
1694 3860 1804 3915 dis-

184 3955 546 4020 sentiebatis;
616 3956 860 4025 quamvis
920 3960 1275 4019 sacramenta,
1350 3970 1470 4025 quis
1540 3955 1799 4017 habebat,

186 4065 324 4106 cum
352 4050 536 4103 eadem
563 4051 675 4104 sint
694 4051 751 4102 in
778 4048 1043 4118 omnibus,
1077 4054 1265 4103 sancta
1291 4050 1421 4103 sint.
1465 4050 1804 4119 Quapropter

185 4160 298 4201 vos
317 4144 551 4196 -mutari
580 4143 821 4198 volumus
845 4158 879 4196 a
898 4144 1277 4212 perversitate,
1304 4143 1366 4196 id
1394 4146 1492 4210 est,
1528 4146 1591 4196 ut
1627 4142 1803 4196 denuo

185 4238 483 4295 radicetur
507 4241 681 4292 vestra
696 4239 958 4307 praecisio.
992 4238 1133 4294 Nam
1160 4240 1517 4300 sacramenta,
1548 4251 1667 4306 qua:
1697 4251 1803 4290 non

186 4333 464 4389 mutastis
481 4332 616 4385 sicut
644 4331 870 4397 habetis,
894 4329 1268 4400 approbantur
1287 4348 1319 4385 a
1336 4330 1512 4393 nobis,
1533 4345 1598 4384 ne
1636 4331 1797 4396 forte,

185 4442 325 4484 cum
369 4427 593 4480 vestram
618 4423 945 4494 pravitatem
974 4424 1238 4494 corrigere
1260 4422 1527 4493 volumus,
1554 4422 1664 4478 illis
1681 4440 1799 4492 my-

188 4520 395 4578 steriis
448 4518 673 4581 Christi,
701 4533 822 4587 qua:
843 4520 903 4572 in
946 4523 1127 4573 uestra
1162 4521 1444 4588 pravitate
1480 4519 1801 4590 (depravata

188 4631 319 4671 non
379 4618 521 4682 sunt,
575 4614 898 4682 sacrilegam
935 4614 1207 4680 faciamus
1244 4613 1527 4683 injuriam.
1575 4613 1724 4668 Idem
1753 4612 1810 4667 in

190 4708 311 4768 lib.
340 4716 565 4763 Icontra
604 4707 920 4762 Donatistas
960 4711 1103 4777 (cap.
1136 4712 1319 4773 xm):
1359 4710 1445 4764 Sic
1487 4712 1537 4762 et
1576 4708 1675 4761 illa
1705 4722 1810 4772 (sa-

193 4804 514 4865 cramenta)
555 4816 675 4871 qua:
698 4801 1027 4856 schismatiei
1068 4806 1118 4857 et
1144 4803 1397 4869 haeretici,
1442 4803 1493 4856 si
1507 4816 1614 4855 non
1649 4802 1809 4855 aliter

194 4897 416 4954 habent
436 4911 527 4949 nec
570 4896 731 4949 aliter
756 4899 922 4964 agunt
954 4912 1118 4965 quam
1145 4911 1273 4950 vera
1306 4893 1561 4957 Ecclesia,
1596 4910 1713 4949 cum
1739 4894 1811 4949 ad

196 5005 314 5047 nos
364 4992 599 5051 veniunt,
630 5003 736 5043 non
781 4990 1152 5057 emendamus,
1182 4989 1278 5044 sed
1315 4988 1697 5060 approbamus.

290 5089 372 5141 Ex
409 5085 494 5141 his
540 5101 669 5158 ergo
720 5085 1006 5141 sententiis
1048 5085 1454 5141 evidentissime
1505 5083 1811 5141 declaratur

196 5180 387 5240 etiam
416 5189 564 5235 extra
594 5178 891 5234 Ecclesiam
921 5193 1038 5235 esse
1067 5179 1173 5235 Dei
1205 5187 1570 5247 sacramenta,
1602 5195 1726 5235 cum
1756 5179 1810 5234 in

193 5273 498 5334 conversis
526 5289 635 5329 non
675 5273 965 5342 iterentur,
1001 5272 1096 5329 sed
1142 5274 1321 5345 potius
1348 5280 1466 5329 rata
1511 5289 1629 5329 esse
1664 5271 1810 5346 judi-

195 5376 432 5427 centur.
477 5366 680 5424 Eadem
706 5375 895 5423 autem
934 5366 1070 5422 ratio
1104 5374 1159 5423 et
1188 5366 1255 5423 de
1293 5367 1638 5424 ordinatione
1663 5375 1717 5424 et
1745 5366 1813 5423 de

196 5461 494 5534 baptismo
515 5460 647 5517 foris
687 5470 912 5532 accepto
941 5460 1173 5517 tenenda
1199 5469 1301 5517 est.
1334 5464 1499 5529 Nam,
1517 5461 1673 5533 juxta
1703 5463 1815 5518 Au-

194 5556 533 5633 gustinum,
554 5556 692 5611 nulli
729 5560 1052 5611 sacramento
1080 5556 1297 5626 injuria
1328 5556 1583 5624 facienda
1623 5560 1718 5611 est.
1760 5555 1814 5611 Si

195 5648 459 5710 discedit
503 5664 535 5705 a
568 5649 749 5719 malis,
778 5658 1076 5722 utrumque
1120 5649 1380 5718 discedit;
1434 5649 1481 5707 si
1536 5657 1817 5722 permanet

293 5769 449 5836 (965)
471 5765 660 5839 Wido,
679 5781 778 5839 seu
801 5765 985 5823 Guido
1000 5766 1282 5838 Aretinus,
1302 5766 1395 5838 qui
1412 5766 1629 5839 scripsit
1646 5766 1817 5824 libros

195 5839 294 5897 de
345 5836 575 5893 musica.
608 5837 745 5894 Vide
784 5840 1016 5906 Baron.,
1042 5845 1181 5895 tom.
1213 5836 1286 5909 II,
1318 5836 1449 5896 ann.
1485 5836 1638 5894 l022.

514 5927 751 5983 Panos.
795 5927 1053 5985 CXLVIII.

1839 4560 1889 4624 D

1906 3298 2120 3367 bemus,
2138 3313 2227 3365 ne,
2245 3297 2402 3369 juxta
2418 3296 2810 3368 Augustinum,
2833 3296 3032 3353 divinis
3049 3297 3323 3370 mysteriis
3341 3299 3505 3353 sacri-

1905 3392 2082 3464 legam
2112 3390 2377 3447 faciamus
2401 3389 2679 3462 injuriam,
2728 3405 2850 3460 qua:
2893 3391 3164 3461 pravitate
3207 3391 3501 3448 hominum

1907 3486 2060 3543 nullo
2083 3483 2252 3541 modo
2291 3483 2574 3556 depravari
2624 3490 2942 3555 potuerunt.
3203 3471 3207 3474 ’

1980 3578 2088 3637 Sed
2113 3587 2169 3635 et
2191 3586 2533 3635 sacramenta
2562 3578 2972 3650 neophytorum
2999 3578 3342 3650 proscribere
3387 3595 3501 3637 non

1910 3672 2197 3740 audemus,
2250 3688 2487 3744 quorum
2511 3671 2884 3729 ordinationes
2924 3673 3100 3729 sancti
3128 3676 3317 3729 Patres
3355 3681 3503 3731 ratas

1910 3782 2027 3823 esse
2054 3774 2406 3835 censuerunt,
2437 3782 2564 3822 cum
2597 3781 2692 3822 eos
2736 3774 3026 3838 acceptum
3063 3765 3315 3822 ordinem
3334 3766 3502 3823 admi-

1909 3861 2140 3917 nistrare
2159 3861 2554 3933 permitterent.
2589 3859 2734 3914 Hinc
2757 3858 2948 3916 beatus
2966 3862 3079 3915 Leo
3107 3876 3244 3931 papa
3271 3860 3504 3931 primus,

1912 3958 2084 4026 (epist.
2131 3958 2413 4023 LXXXVII)
2444 3954 2691 4009 scribens
2715 3952 2785 4009 ad
2818 3953 3101 4026 episcopos
3140 3954 3504 4023 Mauritaniae,

1912 4065 2008 4105 eos
2035 4048 2128 4121 qui
2158 4065 2225 4105 ex
2253 4048 2403 4104 laicis
2435 4047 2671 4105 ordinati
2713 4055 2842 4104 sunt
2894 4047 2951 4104 in
2996 4047 3187 4104 ordine
3231 4048 3503 4104 concessit

1912 4158 2248 4215 permanere.
2296 4144 2433 4198 Item
2505 4143 2559 4197 S.
2616 4141 2948 4198 Ambrosius
2989 4142 3046 4197 in
3092 4141 3286 4198 ordine
3340 4157 3503 4213 quem

1910 4235 2221 4308 neophytus
2249 4243 2437 4308 utpote
2460 4235 2515 4290 in
2535 4244 2723 4291 octava
2742 4234 2827 4291 die
2859 4244 2982 4307 post
3002 4235 3333 4307 baptismum
3354 4250 3507 4290 acce-

1912 4329 2008 4401 pit,
2028 4331 2095 4397 [f.
2120 4328 2185 4399 si]
2205 4343 2375 4399 usque
2392 4327 2461 4383 ad
2482 4328 2651 4383 ﬁnem
2671 4327 2796 4385 vitae
2816 4331 2933 4384 Deo
2948 4328 3110 4401 digne
3129 4328 3311 4384 divina
3332 4344 3505 4384 sacra-

1909 4431 2094 4479 menta
2122 4418 2456 4477 ministravit
2476 4423 2746 4488 (PAULIN.
2771 4423 2828 4475 in
2856 4422 2989 4477 Vita
3001 4421 3506 4484 S.AmbrosiD.Hoc

1919 4518 2105 4589 utique
2133 4532 2234 4572 nec
2263 4515 2376 4588 ipse
2404 4523 2623 4571 sanctus
2650 4514 2976 4570 Ambrosius
3002 4514 3224 4582 faceret,
3255 4530 3355 4569 nec
3379 4514 3506 4569 alibi

1919 4612 2094 4667 sancti
2124 4615 2311 4667 Patres
2357 4609 2478 4665 ﬁeri
2510 4609 2907 4681 permitterent,
2939 4608 2982 4665 si
3008 4607 3300 4680 neophytis
3329 4623 3508 4664 sacra-

1915 4714 2159 4762 mentum
2220 4704 2587 4760 ordinationis
2642 4703 2858 4773 penitus
2921 4700 3158 4758 defuisse
3200 4701 3502 4760 crederent.

1914 4802 2133 4855 Horum
2163 4806 2347 4854 autem
2377 4796 2691 4854 auctoritati
2718 4796 2807 4851 illa
2842 4797 3090 4867 exempla
3111 4796 3179 4852 de
3209 4798 3508 4856 annulatio-

1915 4908 1984 4949 ne
2018 4890 2331 4965 hujusmodi
2364 4899 2839 4948 sacramentorum
2886 4898 3220 4963 anteponere
3248 4907 3358 4948 non
3380 4907 3506 4963 pos-

1916 5001 2126 5056 sumus,
2160 5001 2284 5057 quae
2320 5002 2435 5041 non
2461 4983 2530 5041 de
2569 4984 2809 5056 antiquis
2828 4984 2923 5041 sed
2957 4986 3352 5042 recentioribus
3376 5001 3505 5042 mu-

1917 5081 2113 5138 tuastis
2137 5079 2481 5152 temporibus
2510 5096 2524 5135 :
2555 5079 2608 5134 in
2629 5078 2845 5151 quibus,
2874 5079 3113 5151 inquam,
3145 5081 3506 5153 temporibus,

1919 5175 2091 5232 multa
2118 5183 2307 5231 contra
2348 5174 2429 5230 fas
2455 5181 2509 5231 et
2533 5173 2619 5246 jus
2662 5182 2923 5245 usurpata
2960 5174 3323 5247 reperiuntur,
3385 5189 3509 5246 quae

1920 5269 2096 5342 magis
2132 5268 2434 5341 respuenda
2476 5279 2641 5340 quam
2671 5268 2726 5322 in
2780 5269 3090 5339 exemplum
3135 5266 3381 5324 ducenda
3426 5267 3509 5321 vi-

1920 5364 2140 5422 dentur.
2171 5367 2292 5435 Ipse
2311 5362 2471 5419 etiam
2500 5364 2786 5419 Romanus
2809 5360 3139 5417 Pontiﬁcalis
3168 5362 3345 5433 (966),
3368 5361 3511 5417 unde

1922 5458 2010 5515 illa
2045 5456 2295 5529 exempla
2333 5456 2652 5528 protulistis,
2683 5471 3059 5527 saepenumero
3111 5470 3225 5510 non
3267 5456 3341 5511 ita
3385 5453 3515 5510 faci-

1862 5604 1895 5615 ,,
1922 5552 2061 5609 enda
2101 5566 2271 5623 quam
2316 5550 2456 5607 facta
2497 5550 2757 5606 historica
2788 5548 3131 5619 simplicitate
3175 5548 3511 5620 praescribit;

1922 5663 2024 5704 nec
2051 5647 2231 5703 solum
2274 5644 2544 5718 legitimas
2572 5642 2963 5710 institutiones,
3006 5642 3105 5699 sed
3137 5650 3191 5698 et
3217 5641 3518 5699 nonnullo-

1997 5762 2145 5833 (966)
2184 5762 2349 5820 Liber
2387 5759 2699 5816 historicus.

3103 5923 3169 5979 34
