4052 6180
532 273 666 326 1067

1525 267 1618 322 AD
1655 266 1880 322 OPERA
1918 264 1974 322 S.
2017 263 2341 320 GREGORII
2374 265 2812 323 APPENDICES.

3612 172 3641 205 Ι

3676 270 3794 324 1068

525 412 652 463 rum
690 393 1120 453 inconsideratas
1166 390 1543 463 usurpationes
1577 389 1781 448 referre
1817 390 2124 447 consuevit.
2155 394 2209 458 Α
2235 405 2364 461 pare
2383 406 2496 446 non
2518 400 2753 448 veretur.
2779 394 2993 463 Nempe
3020 378 3637 465 tolerabilius'peccaret
3664 392 3710 448 si
3741 391 3799 450 de

525 491 690 547 Unde
716 506 828 547 non
867 486 1049 545 omnia
1074 500 1197 558 quae
1232 485 1286 541 in
1313 501 1379 542 eo
1436 485 1638 558 scripta
1668 485 1946 557 leguntur,
2009 499 2109 556 pro

524 582 898 639 ecclesiasticis
924 578 1293 636 sanctionibus
1342 579 1580 652 recipere
1619 578 1891 636 debemus
1928 598 1940 634 :
1972 593 2114 651 prae-

523 676 713 733 sertim
757 676 847 732 illa
899 673 1128 731 minime
1169 688 1293 745 quae
1348 689 1378 730 a
1420 671 1932 730 consideratissimis
1965 672 2112 728 anti-

522 784 757 843 quorum
824 771 1052 825 Patrum
1097 768 1385 824 sententiis
1443 768 1665 825 deviare
1710 768 1989 835 videmus;
2044 782 2113 823 ex

518 863 714 935 quibus
738 877 835 918 vos
863 862 973 919 duo
1015 862 1267 933 exempla
1296 860 1577 933 posuistis,
1603 876 1727 934 qua:
1767 869 2110 919 sacramenta

516 956 922 1028 neophytorum
969 957 1107 1013 adeo
1155 955 1471 1027 profanant,
1503 964 1563 1011 ut
1605 954 1892 1011 ordinatos
1936 955 2005 1011 ab
2047 954 2111 1010 iis

515 1048 912 1107 reordinandos
941 1057 1220 1117 censeant,
1271 1048 1418 1121 quod
1449 1056 1503 1104 et
1530 1048 1662 1120 ipsis
1708 1047 1970 1119 apostolis
2015 1063 2108 1103 eo-

514 1159 745 1216 rumque
800 1143 1205 1200 successoribus
1254 1142 1523 1199 Romanis
1566 1141 1930 1214 pontiﬁcibus,
1961 1141 2106 1197 aliis-

517 1253 623 1309 que
653 1240 853 1293 sanctis
880 1238 1132 1293 Patribus
1188 1236 1459 1293 adversari
1497 1251 1610 1292 non
1657 1235 1959 1292 dubitatur.
2002 1235 2107 1306 Ipsi

456 1332 461 1333 “
521 1331 666 1387 enim
714 1332 945 1403 apostoli
976 1331 1033 1387 in
1069 1330 1183 1387 suis
1206 1331 1512 1387 canonibus
1558 1345 1653 1385 eos
1700 1329 1990 1386 damnasse
2029 1329 2107 1384 le-

519 1434 744 1497 guntur,
770 1427 1081 1498 quicunque
1109 1425 1410 1484 secundam
1451 1440 1646 1480 manus
1698 1424 2107 1495 impositionem

519 1519 792 1591 accepisse
814 1520 1218 1592 detegerentur.
1265 1520 1403 1575 Item
1446 1520 1502 1575 S.
1556 1518 1852 1591 Gregorius
1906 1534 2037 1589 papa
2084 1522 2105 1574 I

517 1613 627 1680 (lib.
668 1628 738 1676 ῐι,
771 1615 926 1683 epist.
963 1614 1074 1684 32),
1100 1613 1345 1669 scribens
1378 1612 1574 1668 Joanni
1604 1612 1856 1683 episcopo
1887 1615 2108 1668 Raven-

518 1705 669 1770 nati;
701 1707 835 1762 item
857 1707 1284 1779 praedecessores
1319 1706 1437 1778 ejus
1456 1706 1715 1762 Zozimus
1745 1721 1899 1777 papa,
1944 1714 2105 1778 atque

518 1798 830 1856 Bonifacius
876 1818 1004 1857 cum
1052 1815 1268 1857 ccxvn
1303 1801 1511 1856 sanctis
1545 1800 1801 1856 Patribus
1825 1799 2110 1872 Carthagi-

516 1894 697 1949 nensis
739 1894 978 1963 concilii,
1010 1894 1477 1951 reordinationem
1507 1910 1661 1966 aeque
1700 1903 1765 1949 ut
1797 1895 2108 1967 rebaptiza-

515 1986 723 2043 tionem
756 1987 1104 2044 damnavere.

582 2080 743 2149 Quod
759 2090 942 2136 autem
955 2081 1027 2136 illi
1039 2082 1132 2153 qui
1144 2080 1383 2137 ordinati
1398 2088 1524 2136 sunt
1534 2080 1793 2153 neophyti
1805 2096 2109 2136 sacramen-

513 2183 632 2228 tum
646 2173 1013 2229 'ordinationis
1040 2191 1153 2229 non
1174 2175 1356 2230 minus
1375 2175 1618 2230 habeant
1651 2190 1820 2246 quam
1838 2174 2103 2241 haeretici,

512 2266 763 2337 superius
789 2267 1118 2323 sanctissimi
1151 2270 1340 2323 Patres
1373 2272 1484 2323 Leo
1509 2283 1649 2338 papa
1675 2276 1729 2323 et
1758 2268 2104 2337 Ambrosius,

515 2359 653 2415 alter
681 2359 924 2429 decreto,
956 2361 1091 2417 alter
1114 2361 1364 2432 exemplo
1389 2378 1493 2417 nos
1522 2361 1861 2432 apertissime
1904 2360 2109 2417 docue-

416 2442 441 2449 ”
511 2462 660 2510 runt.
690 2454 1013 2526 Quicunque
1046 2455 1215 2527 igitur
1250 2455 1528 2511 ordinatos
1561 2456 1867 2528 neophytos
1904 2456 2105 2512 iterum

510 2538 845 2604 ordinandas
872 2547 1156 2611 censuerit,
1188 2549 1372 2621 procul
1419 2548 1592 2605 dubio
1639 2556 1830 2605 contra
1881 2559 2105 2606 sanctos

508 2644 696 2698 Patres
716 2641 862 2699 facit.
886 2644 1092 2700 Eodem
1112 2643 1279 2699 modo
1302 2650 1357 2699 et
1377 2643 1467 2699 illa
1485 2643 1821 2700 reordinatio
1845 2645 2105 2716 reproba-

506 2744 621 2803 tur,
648 2751 813 2807 quam
843 2736 1130 2793 Aleiredus
1156 2737 1645 2793 Hildesheimensis
1662 2737 1949 2809 episcopus
1980 2736 2105 2794 fecit

504 2830 563 2884 in
588 2828 672 2884 his
715 2846 854 2902 quos
890 2831 1009 2886 Eho
1035 2833 1325 2887 Remensis
1376 2832 1683 2904 episcopus,
1741 2831 1841 2887 sed
1868 2831 2101 2888 damna-

508 2931 620 2991 tus,
654 2922 949 2979 ordinavit.
964 2926 1104 2980 Nam
1122 2925 1281 2998 juxta
1310 2926 1683 2998 Augustinum
1712 2927 1805 2993 (De
1836 2927 1965 2981 bono
1981 2942 2103 2981 con-

494 3017 699 3095 jugali,
730 3035 849 3089 cap.
877 3020 987 3086 24),
1020 3022 1070 3074 si
1105 3021 1227 3089 quis
1260 3021 1533 3090 episcopus
1572 3022 1645 3087 [si
1684 3010 1974 3089 quisguam
2017 3036 2103 3074 or-

503 3112 745 3180 dinatus]
766 3130 870 3183 pro
909 3114 1099 3183 aliqua
1125 3115 1282 3183 culpa
1319 3115 1388 3167 ab
1428 3116 1610 3183 ofﬁcio
1630 3119 1991 3180 removeatur,
2012 3130 2104 3168 sa-

502 3212 765 3263 cramento
791 3208 949 3262 semel
986 3209 1237 3277 imposito
1268 3223 1373 3262 non
1401 3208 1619 3275 carebit,
1644 3206 1789 3277 quod
1835 3210 2101 3277 [quamvis

500 3300 575 3354 ad
601 3301 874 3370 judicium
912 3303 1275 3372 permanente]
1313 3301 1696 3356 damnabiliter
1739 3302 2097 3357 nihilominus

499 3393 631 3448 dare
667 3410 829 3463 quam
860 3395 1051 3449 habere
1072 3396 1291 3464 poterit.
1324 3395 1412 3450 Sic
1441 3401 1497 3450 et
1539 3393 1773 3449 Aeacius
1795 3393 2094 3465 depositus,

501 3485 571 3541 de
600 3504 709 3558 quo
737 3504 901 3560 supra
930 3488 1238 3557 retulimus,
1266 3488 1475 3545 multos
1504 3488 1795 3555 ordinavit,
1844 3504 1984 3560 quos
2011 3497 2094 3545 ta-

498 3595 625 3635 men
664 3582 859 3637 beatus
900 3581 1218 3639 Anastasius
1266 3599 1399 3653 papa
1448 3584 1692 3652 (epistola
1738 3584 1912 3655 unica)
1954 3582 2094 3639 inte-

494 3687 653 3743 grum
698 3674 1057 3729 ordinationis
1105 3684 1505 3730 sacramentum
1541 3675 1611 3729 ab
1651 3691 1717 3730 eo
1763 3676 2091 3747 percepisse,

494 3772 548 3820 et
572 3764 643 3818 ob
669 3764 774 3820 hoc
801 3781 914 3820 non
949 3768 1347 3822 reordinandos
1398 3783 1514 3822 esse
1548 3767 1831 3839 judicavit.
1894 3770 2091 3825 Nullus

495 3867 679 3912 autem
708 3858 1007 3915 damnatus
1046 3861 1125 3915 vel
1170 3860 1683 3917 excommunicatus
1712 3862 1815 3917 sibi
1847 3863 1916 3919 de
1954 3879 2091 3917 con-

495 3949 734 4007 fectione
770 3961 1249 4007 sacramentorum
1292 3953 1619 4023 applaudat:
1655 3955 1764 4009 imo
1787 3955 1839 4009 in
1871 3955 1973 4011 hoc
1993 3973 2090 4012 cu-

490 4046 699 4101 mulum
721 4062 835 4102 suaa
864 4045 1232 4102 damnationis
1260 4054 1537 4117 agnoscat,
1568 4062 1695 4101 cum
1731 4038 2090 4106 tanto'scele-

494 4140 662 4195 ratior
705 4148 761 4196 et
795 4141 866 4196 ob
920 4139 1025 4195 hoc
1085 4140 1191 4196 sibi
1238 4147 1394 4195 tanto
1445 4141 1814 4211 perniciosior
1859 4142 2083 4208 existat,

492 4241 697 4304 quanto
721 4235 961 4290 sanctius
988 4242 1205 4306 reputat
1247 4233 1398 4305 quod
1426 4236 1688 4307 sacrilego
1747 4252 1885 4293 ausu
1922 4254 2084 4294 usur-

2220 484 2376 539 altari
2404 500 2604 557 corpus
2631 501 2793 542 suum
2825 484 3105 541 communi
3152 500 3287 557 pane
3333 484 3601 552 reﬁceret,
3650 502 3799 558 quam

2219 578 2458 635 animam
2486 594 2649 635 suam
2671 579 3011 637 damnatoria
3047 580 3441 636 communione
3466 579 3797 636 interﬁceret.

2220 674 2381 740 Nam,
2393 672 2544 743 juxta
2563 673 2887 746 Apostolum
2905 693 2916 729 :
2934 673 3801 743 Qui(Eucharistiam)indignesu-

2218 768 2338 830 mit,
2351 766 2622 836 judicium
2633 769 2745 822 sibi
2756 769 3051 823 manducat
3066 772 3117 823 et
3132 769 3265 823 bibit
3275 770 3323 833 (Ι
3342 768 3460 823 Cor.
3476 773 3578 833 χι).
3596 767 3803 841 lndigue

2219 868 2405 916 autem
2436 862 2609 916 sumit
2635 862 2731 933 qui
2760 861 3013 918 nondum
3037 860 3356 917 criminibus
3403 860 3717 934 paenitendo
3754 878 3801 918 se

2218 955 2483 1025 purgavit,
2535 971 2700 1027 quem
2747 971 2849 1011 nec
2877 955 3132 1011 canonica
3164 955 3420 1010 severitas
3447 955 3517 1011 ad
3548 956 3805 1027 paeniten-

2217 1047 2351 1103 dum
2382 1049 2621 1105 excitare
2658 1049 2855 1120 potuit.
2889 1052 2952 1105 In
2977 1048 3426 1105 ordinationibus
3449 1064 3671 1120 quoque
3692 1050 3802 1121 qui-

2218 1141 2351 1196 libet
2379 1141 2668 1199 damnatus
2721 1143 2903 1198 minus
2954 1142 3297 1214 delinqueret
3339 1140 3387 1197 si
3436 1141 3576 1197 nihil
3636 1141 3802 1211 daret,

2216 1250 2380 1307 quam
2424 1252 2521 1308 per
2546 1245 2951 1293 sacramentum
2985 1236 3350 1293 ordinationis
3376 1236 3634 1292 ordinato
3659 1253 3803 1293 suam

2213 1329 2623 1387 damnationem
2649 1331 2934 1403 irrogaret.
2967 1333 3040 1386 Et
3071 1329 3279 1387 mirum
3304 1330 3360 1385 in
3389 1330 3646 1397 modum,
3679 1330 3804 1387 dum

2215 1440 2337 1480 eam
2378 1425 2466 1480 alii
2505 1425 2730 1498 irrogat,
2760 1426 2979 1497 penitus
3025 1425 3131 1482 sibi
3161 1426 3336 1497 ipsam
3367 1440 3478 1480 non
3525 1425 3803 1494 diminuit,

2215 1518 2308 1574 sed
2337 1518 2682 1589 multiplicat.
2727 1522 3085 1591 Nequaquam
3110 1519 3283 1591 igitur
3313 1517 3556 1575 damnati
3586 1518 3662 1575 de
3696 1535 3803 1592 per-

2213 1612 2420 1667 niciosa
2445 1612 2801 1685 usurpatione
2830 1620 3302 1669 sacramentorum
3327 1612 3667 1684 applaudant
3691 1613 3802 1681 sibi,

2213 1721 2341 1762 cum
2363 1714 2522 1763 tanto
2552 1706 2958 1779 irreparahilius
2974 1706 3183 1777 seipsos
3198 1706 3586 1775 condemnent,
3603 1715 3803 1778 quanto

2141 1778 2195 1843 Β
2220 1801 2491 1857 sanctiora
2519 1808 2814 1874 suntquae
2860 1801 2991 1856 dare
3020 1800 3105 1856 vel
3146 1800 3390 1873 accipere
3426 1808 3623 1857 contra
3655 1800 3734 1857 fas
3758 1809 3804 1857 et

2208 1896 2303 1967 jus
2346 1894 2608 1967 sacrilege
2666 1904 3028 1967 praesumunt.

2287 1990 2430 2045 Hinc
2470 1997 2690 2045 sanctus
2718 1988 3018 2061 Gregorius
3046 2003 3182 2060 papa
3222 1990 3245 2042 Ι
3294 1988 3441 2059 (967)
3480 1988 3540 2043 ἱη
3568 1989 3802 2061 Regesto

2214 2098 2313 2139 suo
2343 2088 2475 2154 (cap.
2507 2085 2587 2139 vel
2615 2099 2733 2138 can.
2763 2089 2888 2149 249)
2934 2083 3100 2154 partis
3147 2081 3425 2148 secundae,
3470 2082 3797 2139 damnatum

2211 2177 2549 2233 sacerdotem
2584 2178 2799 2249 pristini
2821 2176 2985 2232 ofﬁcii
3014 2185 3399 2247 usurpatorem
3422 2185 3697 2248 perpetua
3725 2194 3803 2233 ex-

2212 2270 2710 2326 communicatione
2735 2270 2982 2338 damnat,
3010 2280 3072 2326 ut
3108 2270 3198 2325 vix
3227 2270 3278 2325 ei
3304 2269 3563 2326 viaticum
3612 2271 3673 2325 in
3707 2270 3804 2326 ﬁne

2213 2365 2339 2420 vita:
2385 2363 2668 2423 concedat.
2714 2364 2858 2419 Hinc
2913 2364 3086 2419 sancti
3133 2367 3313 2419 Patres
3357 2362 3415 2418 in
3462 2362 3803 2419 Antiocheno

2211 2457 2441 2513 concilio
2465 2458 2603 2529 (cap.
2627 2458 2707 2512 vel
2737 2474 2853 2512 can.
2887 2458 2939 2529 4)
2980 2457 3196 2513 cuilibet
3217 2457 3499 2523 damnato,
3528 2458 3573 2511 si
3598 2457 3803 2530 aliquid

2214 2551 2280 2607 de
2330 2567 2485 2608 sacro
2526 2551 2834 2607 ministerio
2864 2551 3173 2624 attingeret,
3203 2565 3437 2608 omnem
3466 2565 3623 2622 spem
3653 2551 3806 2607 resti-

2213 2646 2462 2714 tutionis,
2508 2646 2591 2701 vel
2646 2645 2831 2701 locum
2861 2644 3241 2701 satisfactionis
3271 2645 3484 2717 penitus
3507 2644 3806 2716 denegare.

2211 2748 2699 2811 runt;omuesque
2755 2739 2803 2794 ei
2832 2737 2972 2794 infra
3027 2737 3443 2795 damnationem
3488 2739 3801 2794 communi-

2210 2841 2398 2889 cantes
2428 2833 2531 2889 sub
2550 2832 3120 2889 excommunicatione
3144 2832 3568 2889 damnaverunt.
3599 2833 3659 2889 Si
3679 2848 3804 2904 ergo

2208 2943 2307 2998 pro
2338 2927 2693 2998 usurpatione
2714 2927 2855 2983 sacri
2900 2926 3187 2982 ministerii
3239 2934 3351 2981 tam
3395 2926 3598 2981 acriter
3646 2927 3801 2983 dam-

2209 3027 2410 3075 nantur
2436 3020 2528 3090 qui
2560 3020 2677 3076 solo
2715 3019 2898 3077 ofﬁcio
2922 3020 3227 3093 privantur,
3270 3026 3476 3091 quanto
3514 3020 3699 3092 magis
3728 3019 3800 3074 illi

2212 3113 2326 3185 qui,
2347 3111 2533 3169 ofﬁcio
2553 3121 2610 3170 et
2632 3115 3023 3180 communione
3049 3112 3418 3186 privati,'.talia
3436 3129 3802 3186 praesumpse-

2210 3214 2343 3262 runt
2367 3206 2598 3279 indigni.

2273 3301 2509 3355 Caveant
2534 3315 2751 3372 quoque
2795 3308 2848 3356 et
2872 3300 2975 3373 ipsi
2997 3299 3261 3357 Catholici
3289 3316 3361 3356 ne
3388 3300 3694 3372 aliquando
3722 3317 3805 3357 sa-

2204 3402 2483 3450 cramenta
2509 3410 2542 3449 a
2568 3395 2844 3450 damnatis
2866 3395 3204 3466 percipiant,
3234 3410 3303 3450 ne
3330 3410 3389 3449 se
3428 3394 3529 3450 sub
3576 3410 3802 3451 excom-

2204 3488 2637 3544 municationem
2666 3498 2983 3544 sanctorum
3013 3492 3235 3545 Patrum
3259 3496 3485 3561 ponant.
3513 3490 3801 3561 Precipue

2202 3591 2390 3638 autem
2415 3582 2483 3638 de
2502 3583 2859 3639 sacramentis
2887 3583 3495 3639 excommunicatorum
3552 3592 3796 3649 caveant,

2202 3677 2347 3748 quod
2379 3693 2473 3748 per
2501 3675 2638 3743 hac,
2677 3676 2831 3749 juxta
2880 3677 3291 3732 attestationem
3344 3685 3668 3733 sanctorum
3702 3682 3798 3733 Pa-

2200 3777 2372 3839 trum,
2399 3786 2514 3825 non
2552 3771 2803 3838 salutem,
2834 3769 2932 3826 sed
2960 3770 3385 3827 damnationem
3402 3777 3459 3826 et
3472 3772 3799 3827 exsecratio-

2198 3880 2328 3920 nem
2366 3863 2597 3937 quilibet
2628 3848 3011 3936 participantes
3060 3864 3354 3936 accipiunt,
3420 3866 3627 3936 quibus
3691 3881 3797 3945 non

2198 3956 2317 4013 dico
2359 3958 2414 4012 in
2464 3959 2840 4024 sacramentis,
2874 3958 2966 4014 sed
2997 3958 3044 4014 si
3085 3958 3141 4014 in
3184 3961 3371 4015 osculo
3414 3961 3789 4015 communica-

2197 4051 2393 4119 verint,
2412 4052 2735 4109 canonicam
2760 4053 3395 4110 excommunicationem
3414 4051 3793 4126 subterfugere

2196 4161 2309 4201 non
2325 4155 2605 4218 poterunt.

488 4386 3787 4416 ψ

1201 4530 2043 4647 EJUSDEM
2117 4534 3075 4647 BERNALDI

1587 4721 2204 4780 CONSTANTIENSIS
2243 4726 2696 4781 PRESBYTER]

1382 4895 2889 5016 APOLOGETICUS

2031 5130 2231 5174 SUPER

1427 5244 2275 5313 EXCOMMUNICATIONEM
2317 5251 2673 5327 GREGORII
2718 5251 2848 5316 VII.

547 5511 889 5570 Seutentiam
938 5514 1545 5586 excommunicationis,
1594 5534 1762 5592 quam
1812 5520 2071 5580 dominus
2097 5524 2464 5607 D‘mulgavit,
2513 5526 2766 5584 nonnulli
2814 5526 3075 5599 sacrilega
3117 5527 3426 5583 temeritate
3474 5526 3629 5601 quasi
3649 5522 3777 5579 irri-

476 5614 665 5665 noster
677 5608 979 5680 Gregorius
1003 5625 1140 5683 papa
1162 5610 1265 5667 VII
1281 5613 1581 5683 apostolica
1607 5616 1927 5674 auctoritate
1948 5632 2072 5689 pro—
2156 5610 2299 5674 tam
2336 5617 2587 5690 judicare
2625 5628 2981 5693 prasumunt,
3006 5634 3173 5692 seque
3198 5619 3259 5675 in
3287 5620 3416 5687 hoc,
3449 5619 3607 5693 juxta
3628 5622 3771 5673 atte-

546 5752 697 5834 (961)
740 5750 868 5808 Lib.
912 5766 996 5821 tv,
1023 5751 1180 5823 epist.
1209 5768 1273 5821 v,
1313 5752 1385 5812 ad
1428 5757 1763 5831 Gregorium
1800 5760 2139 5817 Venantium
2164 5761 2479 5834 episcopum
2508 5763 2841 5822 Lunensem.
2870 5761 3009 5820 Vide
3029 5760 3201 5819 etiam
3239 5762 3292 5817 d.
3345 5767 3434 5828 50,
3468 5777 3518 5818 c.
3554 5766 3619 5817 to
3655 5759 3767 5814 Ac-

473 5821 678 5879 cedens.
