4052 6180
240 340 377 395 1069

1141 344 1427 400 ΑΡΡΕΝΙ).
1471 346 1556 401 ΙΙΙ.
1597 375 1666 388 -
1701 347 2121 406 MONUMENTA
2158 351 2617 409 GREGORIANA.

3394 360 3530 413 1070

234 463 534 521 stationem
548 472 866 522 sanctorum
889 465 1140 537 Patrum,
1162 469 1472 541 apostolica
1493 472 1832 530 auctoritatis
1861 478 1914 543 Α
1942 476 2060 531 dem
2093 447 2389 547 judicabit.
2439 482 2618 549 Neque
2661 480 2802 534 enim
2842 480 2913 534 ab
2958 479 3223 550 Augusto,
3267 498 3435 551 neque
3462 483 3531 537 ab

234 574 359 615 reos
388 558 841 630 perniciosissime
869 559 1129 618 efﬁciunt.
1154 564 1255 619 Sed
1278 564 1333 619 in
1355 564 1459 621 hac
1474 582 1667 622 eorum
1699 582 1832 638 prae-

232 653 554 725 sumptione
599 670 699 709 nec
772 654 873 726 ipsi
932 665 1217 727 peccarent
1265 675 1365 714 nec
1415 660 1551 715 alios
1608 677 1830 733 peccare

232 743 498 816 facerent,
542 747 587 802 si
636 747 932 820 cujuslibet
983 751 1189 822 praelati
1228 751 1287 808 in
1324 753 1565 810 Ecclesia
1604 755 1830 825 privile-

231 840 406 912 gium,
432 856 550 896 non
575 840 698 897 dico
729 843 970 899 Romani
996 844 1285 915 pontiﬁcis,
1324 847 1624 917 primatum
1653 857 1829 904 atten-

228 933 442 990 derent.
498 937 599 990 Est
650 936 800 991 enim
842 940 1092 1009 generale
1144 939 1483 1012 privilegium
1519 941 1837 1015 hujusmodi

232 1028 608 1101 prtelatorum,
632 1030 786 1103 juxta
806 1031 1215 1089 institutionem
1234 1044 1553 1091 sanctorum
1578 1038 1826 1106 Patrum,

229 1130 295 1179 ut
314 1122 565 1179 subditos
600 1124 869 1196 judicent,
916 1142 1017 1182 nec
1057 1128 1258 1185 subditi
1289 1145 1481 1184 eorum
1505 1129 1728 1201 judiciis
1755 1138 1832 1186 te-

228 1232 384 1272 mere
424 1218 710 1283 resultent,
754 1218 954 1291 quibus
986 1220 1187 1292 absque
1217 1222 1370 1278 omni
1400 1223 1829 1280 contradictione

231 1310 539 1367 secundum
589 1327 832 1368 canones
874 1313 1097 1370 obedire
1145 1315 1365 1371 debent.
1420 1317 1690 1389 Scriptum
1747 1325 1831 1374 est

231 1404 379 1461 enim
419 1424 432 1459 :
464 1408 581 1463 Non
613 1411 691 1461 est
723 1406 1019 1478 discipulus
1054 1424 1220 1481 supra
1249 1413 1567 1479 magistrum
1608 1412 1827 1479 (Matth.

227 1503 326 1567 x);
358 1507 454 1555 et:
486 1501 593 1568 Qui
616 1502 819 1556 resistit
843 1505 1118 1572 potestati,
1144 1507 1245 1559 Dei
1266 1505 1593 1560 ordinatiom’
1620 1508 1829 1561 resistit

228 1596 401 1661 (Rom.
443 1599 533 1661 ιι).
568 1596 637 1649 Et
678 1598 721 1650 si
760 1594 865 1651 hoc
894 1596 1128 1667 apostoli
1177 1597 1245 1653 de
1283 1599 1530 1654 szeculari
1560 1606 1828 1670 potestate

227 1686 510 1754 dixerunt,
540 1687 677 1760 quid
726 1704 827 1744 nos
867 1690 969 1745 sub
1003 1691 1369 1747 ecclesiastica
1413 1701 1682 1764 potestate
1731 1693 1827 1749 de-

226 1788 421 1853 gentes
446 1796 609 1853 agere
635 1780 924 1852 debemus,
958 1782 1053 1838 ubi
1090 1783 1457 1840 inobedientia
1501 1802 1598 1857 pro
1627 1786 1822 1843 ariola-

1934 573 2084 625 omni
2110 573 2266 637 clero,
2306 590 2475 644 neque
2520 591 2556 629 a
2604 576 2839 645 regibus,
2867 591 3036 645 neque
3064 592 3099 629 a
3130 577 3328 646 populo
3350 576 3529 646 judea:

1926 665 2287 734 judicabitur.

2009 760 2208 815 Beatus
2242 768 2427 816 autem
2474 769 2663 817 noster
2710 761 3008 834 Gregorius
3055 778 3214 834 papa,
3267 763 3527 819 canonice

1938 850 2167 922 quidem
2195 853 2498 922 ordinatus,
2535 862 2597 911 ut
2622 863 2809 910 sancta
2839 856 3355 937 EcclesiaxRomana
3393 856 3528 913 ﬁde-

1937 944 2151 1001 lissime
2190 954 2436 1016 testatur,
2473 947 2542 1002 ab
2575 948 2831 1004 omnibus
2868 949 3150 1005 catholicis
3188 951 3350 1022 judex
3400 949 3530 1007 uni-

1938 1039 2161 1095 versalis
2198 1041 2449 1098 Ecclesia:
2503 1048 2558 1097 et
2594 1058 2691 1113 pro
2735 1044 2987 1099 Romano
3016 1044 3270 1114 pontiﬁce
3314 1060 3532 1117 semper

1938 1132 2258 1201 habebatur,
2288 1134 2439 1206 quod
2481 1142 2537 1190 et
2565 1135 2667 1206 ipsi
2703 1134 2822 1207 ejus
2859 1138 3321 1192 excommunicati
3362 1137 3429 1193 de
3466 1154 3530 1194 eo

1930 1225 2333 1298 judicaverunt,
2360 1244 2489 1284 cum
2512 1228 2580 1285 ad
2607 1229 2721 1301 ejus
2760 1230 3255 1286 reconciliationem
3285 1246 3534 1301 saepenu-

1937 1336 2094 1377 mero
2134 1323 2484 1393 recurrerint,
2533 1321 2658 1379 licet
2711 1322 2782 1379 ad
2812 1323 3079 1379 vomitum
3131 1339 3291 1378 suum
3344 1333 3530 1395 postea

1936 1415 2116 1471 redire
2136 1432 2249 1471 non
2277 1414 2583 1472 timuerint.
2610 1418 2909 1488 Nunquam
2931 1432 3060 1473 sane
3086 1416 3309 1489 aliquod
3326 1416 3531 1471 crimen

1937 1507 1991 1563 in
2033 1508 2128 1565 illo
2148 1511 2246 1565 ‘vel
2276 1510 2344 1566 ab
2390 1509 2627 1567 inimicis
2655 1511 2936 1567 inventum
2978 1519 3061 1567 est
3089 1512 3171 1566 vel
3216 1510 3531 1581 probatum,

1938 1602 2085 1674 quod
2113 1612 2427 1676 susceptum
2456 1604 2558 1660 sibi
2598 1604 2851 1661 illicitum
2891 1604 3096 1662 faceret
3125 1602 3389 1660 ofﬁcium.
3425 1604 3532 1660 Sed

1936 1696 1981 1751 si
2027 1696 2180 1768 quod
2228 1699 2334 1754 tale
2378 1698 2585 1755 crimen
2631 1698 2962 1765 admisisset,
3011 1699 3260 1771 nunquid
3304 1698 3529 1754 tandem

1936 1790 2230 1861 inauditus,
2296 1809 2407 1849 non
2470 1793 2752 1850 confessus
2791 1809 2891 1850 nec
2937 1795 3219 1850 convictus
3267 1793 3529 1849 canonice

225 1875 379 1931 tione
428 1883 483 1931 et
523 1874 837 1931 idololatria
865 1885 1147 1948 reputatur
1184 1882 1233 1945 (Ι
1257 1883 1381 1950 Reg.
1416 1853 1559 1949 ut?
1593 1881 1650 1935 Si
1695 1896 1826 1951 ergo
1863 1853 1909 1915 Β
1938 1884 2184 1941 damnari
2214 1853 2419 1958 posset,
2449 1888 2666 1943 etiamsi
2697 1887 2923 1945 ultimus
2947 1887 3290 1944 ecclesiastici
3323 1886 3530 1943 ordinis

226 1967 552 2026 inobediens
591 1968 968 2026 ecclesiasticae
1031 1973 1307 2043 potestati,
1370 1973 1575 2030 scilicet
1627 1974 1829 2032 divinae

223 2061 588 2131 ordinationi,
605 2078 706 2134 pro
733 2064 1017 2121 idololatra
1036 2066 1235 2122 merito
1255 2067 1571 2138 deputatur,
1602 2067 1732 2140 quid
1755 2068 1823 2124 de

222 2156 319 2212 illo
350 2157 693 2215 censendum
713 2167 798 2215 est
825 2159 922 2232 qui
952 2161 1203 2217 eamdem
1241 2169 1567 2233 potestatem
1605 2162 1824 2234 penitus

223 2252 492 2325 abrogare
535 2256 796 2309 conatur?
834 2254 1030 2311 Videat
1075 2264 1257 2312 autem
1292 2256 1522 2328 quilibet
1564 2258 1824 2328 praelatus

223 2362 399 2420 quam
428 2348 534 2404 sibi
564 2350 927 2405 reverentiam
976 2367 1008 2407 a
1038 2351 1272 2407 subditis
1304 2352 1507 2424 exigat,
1554 2368 1656 2408 nec
1698 2368 1823 2410 eam

219 2443 490 2498 Romano
539 2442 783 2515 pontiﬁci
811 2444 1081 2517 denegare
1118 2446 1266 2513 velit,
1304 2462 1334 2501 a
1380 2462 1489 2517 quo
1518 2447 1702 2502 omnis
1732 2462 1823 2502 ec-

217 2535 529 2592 clesiastica
574 2545 816 2607 potestas
875 2538 1142 2609 procedit.
1182 2539 1444 2611 Nunquid
1490 2540 1639 2595 enim
1669 2556 1824 2595 suam

217 2638 558 2701 potestatem
583 2630 771 2686 statim
800 2631 1010 2687 irritam
1040 2631 1155 2688 fore
1176 2632 1466 2705 judicabit,
1498 2634 1542 2688 si
1576 2634 1670 2704 qui
1700 2642 1821 2690 tan-

216 2732 344 2779 tum
370 2715 436 2779 éx
464 2723 721 2796 subjectis
746 2725 861 2797 ejus
884 2726 955 2781 ita
975 2726 1385 2799 judicaveriut?
1410 2726 1670 2799 Nunquid
1710 2735 1823 2783 sta-

213 2818 322 2874 tim
356 2833 516 2873 suam
548 2819 923 2890 praelationem
952 2821 1069 2891 ipse
1098 2820 1406 2892 denegabit,
1428 2821 1472 2877 si
1502 2820 1728 2892 quidam
1759 2836 1825 2876 ex

214 2911 335 2967 suis
360 2911 556 2967 ovibus
584 2928 710 2968 eum
730 2929 828 2985 pro
852 2916 1076 2985 praelato
1104 2914 1305 2969 habere
1334 2916 1650 2971 noluerint?
1675 2916 1827 2970 Nun-

215 3002 359 3077 quid
388 3021 551 3062 suam
580 3007 903 3063 canonicam
932 3008 1568 3064 excommunicationem
1608 3009 1664 3064 in
1692 3009 1826 3065 sub-

213 3099 368 3156 ditos
398 3098 607 3155 irritam
637 3100 1013 3169 arbitrabitur,
1045 3101 1092 3157 si
1116 3102 1337 3174 quidam
1364 3111 1583 3159 tantum
1611 3118 1829 3161 eorum-

212 3194 351 3251 dem
378 3193 732 3250 subditorum
764 3194 870 3251 hoc
890 3211 1130 3252 asserere
1158 3205 1448 3262 conantur,
1476 3197 1568 3270 qui
1604 3205 1822 3254 tantum
1855 3219 1901 3284 ο

210 3290 459 3357 [tamen]
493 3296 722 3344 eotenus
755 3289 825 3358 ei,
855 3298 918 3345 ut
948 3290 1191 3363 legitimo
1221 3292 1447 3363 pastori,
1478 3292 1822 3362 obedierunt,

212 3391 275 3437 et
324 3382 629 3437 sententias
655 3382 775 3455 ejus
819 3384 876 3438 in
931 3385 1067 3439 alios
1107 3393 1255 3440 ratas
1290 3400 1408 3441 esse
1448 3392 1825 3444 censuerunt?

209 3474 491 3546 Nunquid
508 3476 835 3532 sententiam
858 3493 1021 3533 suam
1044 3477 1258 3550 judicio
1285 3478 1633 3535 subditorum
1655 3490 1828 3536 retra-

210 3568 381 3635 ctari,
429 3568 640 3625 nedum
686 3570 902 3641 penitus
951 3572 1215 3628 annullari
1258 3588 1504 3645 unquam
1554 3573 1827 3643 patietur?

208 3664 350 3719 Non
379 3663 561 3734 plane.
595 3666 737 3737 Ergo
763 3666 1147 3733 reverentiam,
1189 3683 1354 3739 quam
1382 3667 1501 3739 ipse
1530 3682 1560 3722 a
1590 3666 1827 3723 subditis

205 3756 336 3813 suis
365 3755 475 3811 sibi
501 3756 691 3829 exigit,
718 3758 883 3814 etiam
908 3759 1010 3830 ipsi
1043 3761 1269 3831 praelato
1290 3778 1411 3828 suo,
1435 3761 1595 3834 juxta
1623 3769 1827 3817 statuta

205 3858 549 3907 sanctorum
573 3853 815 3916 Patrum,
850 3852 1140 3925 rependat,
1177 3862 1233 3910 et
1272 3855 1542 3927 praecipue
1572 3854 1826 3928 episcopo

204 3944 365 4001 sedis
391 3945 725 4016 apostolicae.

294 4038 493 4110 Hujus
514 4040 704 4112 utique
747 4041 1079 4097 sententiam
1116 4043 1287 4098 sancti
1326 4045 1517 4099 Patres
1556 4059 1827 4114 nusquam

211 4132 537 4195 retractari.
567 4133 773 4189 nedum
802 4134 1099 4203 adnullari,
1131 4137 1199 4192 ab
1230 4136 1418 4207 aliquo
1440 4136 1822 4207 permiserunt.

210 4227 371 4281 Binc
394 4227 590 4283 beatus
616 4228 875 4285 Nicolaus
904 4246 1040 4302 papa
1072 4230 1303 4302 primus,
1337 4229 1596 4285 omnibus
1624 4230 1829 4301 episco-

204 4320 308 4391 pis
340 4321 586 4377 scribens
616 4326 764 4391 (968)
798 4342 811 4378 :
852 4326 1086 4387 Nemini,
1129 4325 1331 4397 inquit,
1382 4324 1593 4380 licitum
1641 4329 1718 4379 est
1765 4326 1830 4379 de

202 4415 367 4471 sedis
396 4416 703 4485 apostolica:
730 4416 939 4486 judicio
977 4418 1246 4487 judicare,
1278 4424 1374 4474 aut
1403 4420 1562 4474 illius
1607 4423 1827 4474 senten-

203 4513 361 4565 tiam
379 4513 677 4563 retractare
685 4514 1028 4580 permissum,
1051 4512 1303 4568 videlicet
1323 4522 1546 4585 propter
1558 4515 1828 4570 Romana:

208 4601 489 4658 Ecclesiae
511 4588 829 4673 primatum.

290 4697 436 4750 Item
452 4694 646 4751 beatus
669 4696 921 4754 Gelasius
937 4696 1005 4753 ad
1025 4698 1311 4771 episcopos
1338 4700 1631 4757 Dardania
1648 4706 1790 4767 (969)
1811 4717 1825 4755 :

197 4791 450 4851 Cuncta,
477 4790 671 4860 inquit,
686 4806 781 4861 per
795 4793 1057 4847 mundum
1075 4796 1221 4848 novit
1244 4794 1497 4857 Ecclesia,
1523 4796 1668 4863 (970)
1686 4795 1831 4863 quod

196 4888 571 4940 sacrosancta
602 4886 843 4941 Romana
886 4887 1119 4941 Ecclesia
1158 4889 1517 4958 quorumlibet
1559 4890 1825 4959 episcopo-

188 4995 344 5033 rum
376 4979 547 5046 ligata
569 4982 738 5049 possit
767 4979 1057 5049 absolvere,
1088 4987 1139 5036 et
1166 4982 1231 5036 de
1289 4984 1440 5036 omni
1473 4983 1710 5039 Ecclesia
1737 4985 1829 5050 fas

192 5072 421 5126 habeat
438 5072 711 5143 judicare,
739 5090 908 5145 neque
924 5077 1175 5145 cuiquam
1196 5075 1264 5131 de
1285 5076 1399 5147 ejus
1422 5077 1576 5132 liceat
1581 5077 1830 5147 judicare

186 5165 451 5236 iudicio.

291 5260 438 5314 Item
464 5267 685 5315 sanctus
714 5262 804 5333 Syl
815 5268 986 5317 vester
1012 5277 1152 5335 papa
1184 5262 1505 5319 universalis
1523 5262 1713 5337 synodi
1735 5263 1827 5335 ju-

182 5352 371 5410 dicio
409 5356 549 5424 (cap.
582 5358 671 5423 20)
700 5353 944 5413 decrevit
986 5376 998 5413 :
1039 5358 1223 5423 Nemo,
1255 5357 1451 5430 inquit,
1484 5360 1721 5429 primam
1748 5373 1829 5414 se-

298 5558 453 5635 (9§8)
501 5558 641 5618 Vide
690 5576 736 5617 c.
794 5568 881 5635 t7,
934 5579 987 5635 q.
1032 5569 1087 5629 4,
1140 5569 1228 5620 30.
1283 5564 1517 5622 Nemini.
1573 5564 1681 5623 Ubi
1721 5563 1828 5623 hoc

174 5631 555 5711 scholiolum
610 5632 917 5704 apponitur.
948 5631 1336 5711 _Epist_ola__ex
1384 5653 1493 5708 quo
1547 5637 1651 5711 hoc
1704 5654 1821 5711 cap.

169 5720 271 5785 gn
286 5710 515 5785 ruptum
538 5711 645 5785 est,
680 5720 797 5785 non.
832 5715 1035 5785 exstat;
1077 5707 1279 5785 aliquid
1304 5707 1489 5764 tamen
1518 5709 1697 5764 simile
1735 5707 1830 5765 ha-

173 5776 571 5857 begnffpist.
590 5776 706 5857 13d
730 5776 1070 5857 Michaelem,
1087 5776 1219 5850 imp.

291 5850 451 5935 (93592
489 5851 567 5935 8;.
584 5846 858 5935 Gelasiusn
869 5850 908 5935 1Σ
944 5852 1038 5935 De
1060 5846 1180 5933 hoc:
1201 5849 1319 5906 vide
1347 5857 1419 5935 ‘9‘,
1459 5868 1511 5925 q.
1547 5857 1599 5919 3,
1624 5858 1823 5935 3310.7

166 5928 265 5979 et
352 5922 484 5985 108,
528 5919 746 5975 Cuncta.
818 5924 917 5976 Est
973 5921 1215 5994 alioquin
1276 5921 1430 5993 epist.
1474 5919 1526 5979 ἰ
1575 5922 1826 5979 editionis

1938 1979 2259 2037 exstitisset?
2271 1981 2530 2053 Nunquid
2544 1983 2605 2051 [ι.
2627 1983 2841 2049 Nonne]
2867 1982 3014 2037 enim
3032 1982 3271 2054 legitime
3283 1980 3528 2038 ofﬁcium

1930 2088 2090 2129 suum
2103 2082 2400 2141 exerceret,
2417 2090 2593 2145 usque
2624 2075 2755 2131 dum
2767 2075 3312 2146 canonicejudicatus
3322 2074 3390 2129 ab
3415 2072 3532 2129 ofﬁ-

1930 2166 2016 2223 cio
2041 2182 2253 2223 cessare
2275 2166 2593 2239 juberetur?
2620 2170 2688 2222 Et
2716 2168 2823 2223 hoc
2845 2166 3035 2239 utique
3058 2167 3327 2223 Dominus
3347 2175 3535 2222 noster

1931 2261 2232 2332 Gregorius
2261 2276 2397 2332 papa
2442 2276 2784 2332 nequaquam
2834 2260 3049 2327 abnuit,
3081 2261 3209 2331 quin
3248 2275 3402 2316 more
3440 2275 3535 2314 cu-

1923 2354 2149 2426 juslibet
2186 2354 2369 2409 clerici
2399 2354 2663 2410 duntaxat
2692 2354 2959 2409 canonice
2987 2353 3292 2409 audiretur.
3327 2356 3396 2408 Et
3426 2352 3532 2408 hoc

1931 2448 2210 2519 privilegio
2234 2447 2475 2504 Romani
2503 2447 2777 2519 pontiﬁcis
2815 2447 3184 2519 incongruum
3224 2463 3344 2503 esse
3385 2446 3532 2503 vide-

1932 2551 2109 2608 retur;
2137 2540 2425 2595 adversarii
2454 2548 2639 2596 autem
2666 2539 2780 2611 ejus
2800 2557 2901 2596 nec
2930 2541 3035 2596 hoc
3062 2556 3301 2611 unquam
3329 2557 3534 2597 conce-

1933 2633 2066 2690 dere
2100 2634 2405 2689 voluerunt.
2440 2635 2580 2688 Nam
2622 2632 2677 2687 in
2717 2634 2815 2688 tali
2842 2635 3249 2689 examinatione
3280 2642 3335 2689 et
3377 2634 3533 2691 illum

1933 2725 2369 2799 expurgandum,
2420 2734 2475 2780 et
2528 2741 2588 2781 se
2633 2726 3024 2781 contumeliose
3076 2726 3533 2795 [contumeliosm]

1934 2820 2330 2877 criminationis
2372 2819 2733 2890 inculpandos
2775 2818 2907 2889 {fore
2957 2835 3070 2874 non
3126 2819 3530 2875 dubitaverunt.

1934 2918 2079 2986 Ergo
2122 2914 2450 2969 sententiam
2481 2912 2792 2984 apostolicis
2834 2911 3173 2967 auctoritatis
3208 2913 3263 2967 in
3312 2914 3522 2982 apertis-

1935 3008 2104 3064 simos
2131 3015 2486 3063 contumaces
2526 3006 2594 3061 ab
2633 3022 2698 3062 eo
2744 3005 3131 3077 depromptam
3170 3007 3350 3061 nullus
3378 3007 3533 3062 Chri-

1934 3102 2147 3157 stianus
2178 3101 2391 3156 irritam
2413 3099 2700 3173 judicabit,
2731 3100 2821 3171 qui
2868 3099 3139 3155 canonicis
3162 3099 3538 3155 sanctionibus

1932 3204 2244 3251 sanctorum
2275 3199 2499 3251 Patrum
2525 3193 2895 3250 contradicere
2932 3193 3183 3250 noluerit.
3238 3192 3345 3265 Ipsi
3392 3194 3538 3248 enim

1932 3298 1989 3347 et
2016 3288 2359 3345 temerariam
2412 3288 2706 3359 cujuslibet
2734 3286 3009 3343 inferioris
3052 3287 3295 3358 episcopi
3340 3285 3540 3343 dunta-

1935 3393 2027 3441 xat
2061 3382 2311 3439 catholici
2358 3382 3012 3449 excommunicationem,
3054 3396 3226 3452 usque
3256 3385 3321 3436 ad
3370 3396 3538 3437 cano-

1934 3480 2118 3535 nicam
2143 3476 2605 3533 examinationem
2644 3483 2821 3530 ratam
2848 3490 2964 3531 esse
3006 3482 3355 3543 censuerunt,
3384 3484 3446 3532 ut
3479 3476 3535 3531 in

1934 3571 2235 3628 Sardicensi
2273 3569 2505 3625 concilio
2535 3586 2582 3624 c.
2618 3576 2681 3624 17
2709 3569 2922 3642 legitur.

2007 3668 2122 3721 Nec
2150 3664 2297 3719 illam
2327 3662 2953 3719 excommunicationem
2981 3670 3170 3717 noster
3197 3662 3533 3734 apostolicus

1937 3759 2199 3831 privatim
2215 3759 2579 3829 deprompsit;
2597 3756 2715 3823 sed,
2732 3756 2969 3828 generali
2984 3755 3195 3828 synodo
3216 3756 3532 3828 praesidens,

1937 3852 2228 3909 universali
2270 3848 2477 3921 judicio
2524 3851 2785 3907 Ecclesiae
2822 3850 2914 3922 jus
2966 3848 3167 3922 ligandi
3215 3858 3385 3923 atque
3424 3852 3538 3907 sol-

1936 3946 2117 4015 vendi,
2144 3947 2199 4002 in
2225 3961 2454 4019 persona
2478 3946 2620 4001 Petri
2656 3950 2961 4017 acceptum,
2990 3960 3208 4016 semper
3237 3944 3482 4000 obtinere
3505 3961 3534 4000 a

1934 4041 2088 4097 nullo
2127 4040 2273 4096 ﬁdeli
2301 4039 2605 4107 dubitatur,
2654 4047 2716 4094 ut
2759 4038 3082 4095 sanctissimi
3129 4047 3289 4111 atque
3334 4038 3534 4094 ﬁdelis-

1935 4135 2059 4192 simi
2088 4136 2279 4190 Patres
2332 4133 2527 4202 nostri,
2573 4132 2891 4205 Cyprianus,
2947 4133 3308 4205 Augustinus,
3376 4140 3538 4204 atque

1936 4232 2047 4285 Leo
2091 4231 2327 4299 Magnus
2358 4227 2411 4281 in
2456 4226 2673 4297 scriptis
2716 4227 2826 4282 suis
2855 4226 3178 4281 docuerunt.
3213 4225 3538 4297 Quicunque

1936 4338 2065 4394 ergo
2100 4322 2219 4392 ejus
2244 4318 2442 4391 judicio
2474 4320 2529 4373 in
2582 4327 2728 4374 terra
2760 4319 2909 4390 ligati
2946 4328 3094 4387 sunt,
3139 4319 3239 4389 ipsi
3268 4318 3541 4374 nihilomi-

1936 4431 2039 4471 nus
2072 4414 2212 4470 etin
2260 4413 2403 4468 coelo
2449 4412 2592 4484 ligati
2647 4411 3015 4467 indubitanter
3042 4412 3358 4466 creduntur.
3393 4414 3538 4480 Qua-

1941 4516 2183 4581 propter,
2228 4506 2384 4563 omni
2422 4505 2723 4579 postposita
2755 4504 3207 4573 contradictione,
3250 4504 3372 4559 illos
3401 4520 3537 4575 quos

1855 4581 1906 4644 D
1938 4604 2207 4659 Dominus
2242 4608 2429 4657 noster
2470 4600 2767 4672 Gregorius
2797 4614 2935 4671 papa
2967 4598 3177 4670 judicio
3217 4597 3539 4654 universalis

1934 4695 2134 4770 synodi
2184 4694 2699 4762 excommunicavit,
2758 4701 2814 4748 et
2870 4708 2974 4748 nos
3030 4692 3534 4748 excommunicatos

1936 4807 2054 4847 esse
2098 4789 2391 4855 credimus,
2437 4805 2505 4843 ne
2542 4787 2674 4858 ipsis
2716 4788 3208 4843 excommunicatis
3244 4786 3532 4843 damnabi-

1936 4886 2095 4941 liores
2124 4883 2318 4939 merito
2339 4881 2665 4954 judicemur,
2711 4881 2824 4952 qui,
2860 4881 2958 4937 etsi
2985 4882 3226 4953 qualibet
3252 4882 3534 4938 occasione

1936 4956 2483 5035 excommunicationi
2533 4973 2868 5045 subjaceant,
2932 4990 3041 5030 non
3098 4984 3283 5031 tamen
3326 4984 3535 5031 temere

1934 5070 2232 5145 ligamenta
2263 5069 2512 5125 Ecclesiae
2538 5067 2823 5141 denegant.
2856 5071 3001 5125 Nam
3031 5070 3216 5141 procul
3246 5069 3413 5125 dubio
3443 5084 3536 5125 ne-

1934 5165 2152 5222 fandius
2182 5181 2299 5221 esse
2336 5163 2632 5235 deputatur
2667 5163 2965 5234 quemlibet
2992 5164 3167 5235 ipsam
3208 5163 3534 5219 ecclesiasti-

1935 5276 2061 5316 cam
2097 5266 2416 5332 potestatem
2448 5256 2648 5330 ligandi
2677 5265 2840 5328 atque
2870 5256 3116 5313 solvendi
3150 5273 3262 5311 non
3290 5257 3531 5323 credere,

1934 5369 2121 5426 quam,
2151 5354 2297 5410 salva
2326 5351 2456 5421 ﬁde,
2487 5350 2861 5408 ecclesiasticis
2888 5350 3108 5408 statutis
3134 5364 3247 5405 non
3275 5349 3500 5407 obedire
3518 5392 3532 5417 ,

1938 5563 2462 5699 R?$Etl)r)mduoniam
2499 5628 2852 5699 quorumlibet
2878 5629 3153 5699 sententiis
3187 5628 3360 5697 ligata
3394 5643 3536 5698 pon-

1936 5708 2158 5774 tiﬁcum.
2189 5703 2335 5758 sedes
2357 5703 2418 5774 Β.
2446 5698 2592 5756 Be’tri
2610 5699 2948 5774 apostolijus
2978 5698 3179 5774 habeat
3207 5700 3530 5774 resolpendi,

1933 5769 2116 5846 utpote
2150 5774 2299 5845 quod
2327 5773 2402 5849 de
2430 5776 2601 5828 omnis
2645 5769 2885 5849 Ecclesia
2910 5771 3005 5836 fas
3034 5770 3225 5826 habeat
3248 5769 3547 5839 iudicandi

1933 5842 2120 5919 neque,
2140 5842 2267 5915 etc.,
2292 5847 2372 5903 sic
2400 5849 2569 5900 Rom.
2593 5842 2779 5899 editio.
