4052 6180
2849 136 2876 145 χ

640 292 769 344 1071
1638 284 1729 338 AD
1769 281 1993 338 OPERA
2033 282 2090 338 S.
2130 283 2450 341 GREGORII
2489 282 2923 338 APPENDICES.
3716 289 3812 342 l0'l2

635 416 782 472 Hinc
811 413 864 469 S.
899 408 1192 481 Gregorius
1227 421 1362 479 papa
1386 405 1596 478 primus
1633 405 1702 462 ad
1738 407 2108 466 TlIeoctistam
2137 424 2228 480 pa-
2254 417 2303 477 Α
2335 407 2480 481 quod
2509 406 2824 465 communio
2854 403 3128 462 malorum
3157 417 3271 462 non
3299 404 3519 460 maculet
3539 405 3630 460 nisi
3650 422 3815 464 consen-

635 510 854 565 triciam
877 503 1118 560 scribens
1144 502 1256 568 (lib.
1282 516 1370 568 Ix,
1397 501 1551 571 epist.
1585 507 1677 568 39)
1700 509 1964 557 testatur:
1997 505 2130 573 Ipsi,
2153 501 2232 557 in—
2339 503 2550 570 tientes,
2587 501 2656 558 ad
2692 501 3163 573 exaggerationem
3200 513 3314 554 suae
3352 499 3663 555 excusationis
3683 502 3815 556 subin-

635 604 770 675 quit,
801 600 911 654 sibi
937 602 1092 652 testes
1122 600 1249 650 sunt
1283 597 1412 664 quia
1449 593 1750 650 Christiani
1775 612 1881 650 non
1909 599 2054 660 sunt,
2097 598 2231 665 quia
2341 596 2480 652 ferre
2526 598 2703 652 solent
2732 611 3059 666 summopere
3098 595 3205 649 sibi
3244 596 3459 647 crimina
3486 599 3814 650 excommunica-

635 698 927 769 ligamenta
947 696 1144 747 sanctae
1170 692 1414 746 Ecclesiae
1435 693 1587 746 uanis
1607 693 1818 759 [variis,
1842 688 1930 748 ed.
1954 693 2230 759 Romana]
2339 696 2538 758 torum,
2569 691 2870 760 displicere,
2895 704 2986 744 nec
3010 689 3119 743 ullo
3147 687 3302 742 modo
3329 702 3565 742 se-eorum
3587 689 3818 743 criminibus

636 806 690 846 se
718 789 1036 844 existimant
1060 786 1336 841 conatibus
1365 786 1584 840 solvere.
2338 787 2618 852 assentire,
2649 788 2699 838 et
2724 785 2842 838 ideo
2871 784 3182 837 exteriorem
3201 797 3374 836 eorum
3392 784 3820 836 communionemnon

705 881 1007 938 Sciendum
1036 889 1225 935 autem
1263 877 1412 950 quod
1440 877 1609 933 sancti
1642 881 1828 933 Patres
1873 892 1971 949 pro
2005 892 2228 932 excom-
2337 882 2413 933 eis
2455 894 2653 932 nocere.
2685 876 2788 933 Sed
2817 875 2936 933 hac
2966 875 3230 932 sententia
3261 874 3401 930 beati
3431 875 3694 946 Augustini,
3733 882 3818 928 tan-

635 975 928 1032 municatis
955 973 1262 1029 habuerunt
1288 988 1402 1028 non
1434 971 1616 1027 solum
1647 972 1768 1026 illos
1801 971 1896 1042 qui
1924 979 2046 1040 post
2072 986 2229 1040 aper-
2340 981 2456 1029 tum
2476 973 2543 1029 de
2577 972 2974 1029 communione
3005 970 3277 1026 malorum
3305 969 3477 1025 adhuc
3499 969 3550 1024 in
3574 969 3741 1024 unitate
3758 984 3822 1038 po-

633 1080 749 1126 tam
787 1085 982 1125 eorum
1011 1066 1420 1123 contumaciam
1439 1065 1742 1137 specialiter
1769 1063 2229 1120 excommunicati
2338 1067 2602 1138 sitorum,
2629 1073 2686 1122 et
2722 1065 2970 1122 nondum
2995 1079 3094 1136 pro
3126 1079 3224 1120 sua
3262 1063 3458 1118 malitia
3483 1063 3824 1119 excommunica-

633 1172 790 1230 sunt;
831 1163 927 1220 sed
955 1170 1010 1218 et
1038 1161 1159 1217 illos
1185 1161 1278 1232 qui
1316 1160 1434 1232 jam
1480 1157 1675 1214 factam
1705 1158 2225 1214 excommunicatio-
2335 1169 2520 1216 torum
2547 1159 2868 1232 deprompta
2897 1157 3303 1216 evidentissime
3329 1155 3570 1232 exverbis
3590 1155 3725 1226 ipsius
3745 1159 3822 1209 Au-

634 1274 762 1312 nem
794 1257 1072 1311 incurrere
1104 1269 1217 1308 non
1261 1252 1583 1321 timuerunt,
1629 1250 1880 1307 videlicet
1929 1258 2025 1306 aut
2061 1265 2120 1306 se
2173 1249 2226 1304 in
2334 1254 2537 1327 gustini
2583 1229 2866 1327 probatur.
2915 1252 3077 1310 Ponit
3122 1253 3268 1308 enim
3311 1229 3544 1308 earndem
3578 1248 3824 1304 sententiam

638 1359 848 1422 partem
895 1348 1497 1404 excommunicatorum
1539 1344 1895 1412 conferendo,
1943 1352 2038 1400 aut
2075 1342 2224 1414 quod

2335 1349 2576 1406 scribens
2603 1349 2672 1406 ad
2699 1348 3014 1405 Donatistas
3042 1364 3058 1402 :
3089 1348 3363 1417 Quisquis,
3395 1344 3576 1417 inquit,
3598 1346 3644 1397 in
3662 1343 3826 1398 Ecclesia

635 1444 738 1500 sub
765 1441 1329 1499 excommunicatione
1374 1439 1481 1495 illis
1527 1439 1833 1511 specialiter
1881 1436 2224 1510 prohibitum
2337 1444 2459 1498 bene
2477 1445 2701 1510 vimerit,
2727 1445 2868 1497 nihil
2887 1444 2937 1496 ei
2948 1441 3316 1512 prcejudicant
3335 1441 3506 1494 aliena
3525 1441 3720 1508 peccata,
3739 1451 3829 1504 quo-

637 1547 718 1594 est
752 1535 1102 1608 acceptando.
1148 1537 1292 1591 Hinc
1319 1542 1576 1592 sanctum
1613 1532 1907 1589 concilium
1936 1530 2227 1588 Nicasnum
2334 1539 2480 1592 niam
2504 1539 2870 1606 unusquisque
2881 1537 3166 1606 proprium
3182 1549 3314 1589 onus
3340 1535 3414 1601 (in
3428 1537 3500 1597 ea)
3515 1530 3715 1602 portabit
3730 1526 3826 1592 (Gal.

639 1632 875 1687 Arianos
905 1645 1119 1698 omnes,
1170 1629 1250 1684 vel
1296 1627 1547 1700 quisquis
1577 1626 1633 1681 in
1685 1626 1829 1682 hanc
1857 1633 2069 1697 pestem
2113 1625 2228 1679 sive
2335 1635 2414 1698 v).
2435 1633 2523 1686 Sic
2547 1631 2897 1701 etApostolus
2913 1629 3045 1683 dicit
3067 1646 3086 1682 .·
3105 1632 3177 1685 Et
3197 1630 3496 1698 quicunque
3521 1625 3591 1695 (in
3611 1627 3678 1687 ea)
3697 1634 3828 1690 corpus

635 1741 905 1780 consensu
923 1739 1021 1780 seu
1040 1722 1435 1781 communione
1458 1720 1768 1787 decidisset,
1800 1727 1861 1775 ut
1882 1721 1944 1775 B.
1977 1717 2229 1775 Gelasius
2338 1725 2536 1781 Christi
2559 1723 2960 1778 manducauerit
2979 1722 3214 1790 indigne,
3229 1721 3498 1790 judicium
3514 1719 3607 1773 sibi
3622 1714 3829 1770 manduca!

635 1836 772 1891 papa
802 1826 1052 1885 testatur,
1098 1816 1408 1883 damnavit;
1467 1830 1630 1887 quem
1677 1829 1895 1870 morem
1941 1799 1997 1869 et
2025 1813 2081 1867 in
2110 1812 2228 1867 aliis
2257 1803 2304 1866 B
2331 1823 2379 1873 et
2403 1819 2540 1872 bibit
2569 1821 2616 1883 (Ι
2641 1818 2758 1874 Cor.
2787 1821 2897 1881 χι),
2932 1817 3062 1873 cum
3087 1821 3270 1870 autem
3309 1814 3438 1869 dicit
3464 1830 3484 1867 :
3507 1811 3733 1882 juduiwn
3760 1807 3832 1861 sibi

634 1909 1290 1969 exeommunicationibus
1340 1910 1453 1965 suis
1517 1916 1700 1964 sancta
1748 1914 1930 1963 mater
1990 1904 2230 1962 Ecclesia
2335 1911 2628 1967 manduca:
2655 1915 2706 1965 et
2736 1911 2892 1979 bibit,
2920 1911 3056 1964 satis
3084 1908 3321 1964 ostendit
3349 1905 3489 1978 quod
3513 1921 3608 1959 non
3630 1902 3754 1957 alteri
3766 1899 3831 1968 ju-

634 2007 920 2063 observare
989 2005 1290 2060 consuevit.
1375 1987 1580 2057 Beatus
1644 2016 1862 2072 quoque
1933 1999 2230 2071 Gregorius
2335 2006 2556 2074 dicium,
2587 2005 2680 2060 sed
2706 2005 2830 2059 sibi.
2862 2007 2972 2060 Hoc
3011 2019 3102 2060 nos
3147 2006 3375 2074 egimus,
3418 2006 3468 2056 et
3501 1996 3835 2059 ostendimth

634 2115 770 2170 papa
801 2099 1016 2169 primus
1056 2097 1170 2167 (lib.
1204 2111 1301 2158 III,
1340 2098 1496 2165 epist.
1539 2098 1650 2162 20),
1681 2100 2088 2149 consecratores
2128 2093 2224 2148 Sa-
2335 2099 2667 2158 obtinuimus
2715 2097 2860 2168 quod
2911 2099 3208 2153 communio
3254 2093 3516 2151 malorum
3553 2108 3642 2146 non
3665 2086 3835 2144 macula!

635 2192 861 2248 lonitani
899 2190 1317 2262 praesumptoris
1361 2187 1866 2244 excommunicatos
1898 2201 2016 2241 esse
2043 2185 2224 2241 decla-
2333 2193 2567 2261 aliquem
2610 2193 3031 2262 participatione
3081 2200 3551 2250 sacramentorum,
3579 2186 3658 2240 sed
3685 2195 3836 2236 comen-

633 2287 792 2355 ravit,
813 2301 878 2340 eo
900 2285 1045 2356 quod
1076 2283 1250 2355 ipsam
1277 2282 1743 2338 consecrationem
1773 2279 1874 2335 sub
1899 2295 2225 2335 excommu-
2331 2289 2478 2341 sione
2505 2288 2798 2353 factorum.
2826 2289 2968 2344 Nam
2994 2287 3045 2341 si
3068 2287 3126 2339 in
3150 2287 3316 2353 factis
3351 2284 3503 2339 malis
3526 2297 3618 2336 non
3639 2281 3697 2332 eis
3731 2276 3836 2344 quis-

635 2381 907 2436 nicatione
932 2378 1010 2433 eis
1060 2377 1369 2449 Specialiter
1399 2373 1746 2430 interdictam
1778 2372 1954 2428 facere
1981 2381 2226 2429 tentave-
2332 2383 2456 2449 quis
2488 2382 2806 2444 consentiat,
2823 2384 3008 2450 portat
3032 2381 3210 2434 malus
3240 2395 3454 2434 causam
3481 2391 3639 2441 suam,
3658 2377 3696 2426 et
3713 2382 3841 2439 perso-

631 2475 761 2529 rint.
809 2475 983 2541 Quam
1023 2487 1132 2526 rem
1172 2485 1288 2533 nos,
1331 2468 1531 2540 inquit,
1575 2469 1722 2522 nullo
1763 2467 1921 2521 modo
1943 2482 2226 2537 possumus
2331 2489 2456 2528 nam
2477 2489 2653 2542 suam,
2673 2490 2768 2530 nec
2781 2475 3104 2544 prijth
3119 2474 3306 2542 alteri,
3336 2472 3559 2543 quemin
3583 2464 3838 2522 consumant

630 2569 803 2623 dicere
836 2567 1302 2626 consecrationem,
1333 2579 1451 2633 qua:
1481 2563 1558 2617 ab
1583 2563 2055 2617 emcommunicatis
2091 2561 2224 2616 cele-
2331 2568 2464 2622 mali
2490 2570 2670 2638 operis
2705 2570 2903 2623 socium
2926 2584 3034 2623 non
3057 2568 3219 2622 habet
3263 2567 3523 2622 criminis.

632 2664 790 2717 brata
818 2667 914 2717 est.
947 2661 1032 2717 Sic
1057 2660 1246 2731 utique
1275 2656 1510 2728 quilibet
1548 2655 1786 2711 Romani
1817 2655 2099 2727 pontiﬁces
2123 2670 2223 2726 pro
2401 2663 2542 2717 Ecce
2568 2661 2903 2733 apertissime
2932 2662 3000 2716 B.
3036 2659 3385 2732 Augustinus
3405 2673 3510 2713 non
3533 2669 3584 2710 se
3607 2652 3691 2707 hoc
3711 2646 3764 2703 de
3783 2659 3845 2700 ex-

626 2755 1115 2812 exc'ommunicatis
1161 2752 1475 2808 habuerunt
1514 2765 1610 2806 eos
1659 2750 1865 2822 utique,
1909 2749 2221 2821 quicunque
2328 2755 2750 2811 communicatis
2777 2754 2974 2811 dixisse
3012 2752 3356 2822 manifestat,
3381 2767 3503 2808 cum
3528 2747 3592 2804 de
3625 2761 3678 2801 eo
3716 2738 3845 2814 quiin

623 2850 800 2922 aliqua
827 2849 926 2904 sub
954 2846 1169 2920 speciali
1188 2844 1764 2902 excommunicatione
1794 2842 2064 2914 prohibita
2084 2856 2221 2912 prae-
2329 2849 2570 2904 Ecclesia
2605 2864 2810 2921 corpus
2854 2848 3085 2903 Domini
3116 2847 3343 2920 indigne
3370 2843 3554 2909 sumit,
3581 2840 3719 2897 dicat.
3743 2833 3842 2889 Nam

622 2949 998 3015 sumpserunt.
1044 2943 1188 3012 Ergo
1218 2948 1274 2996 et
1297 2956 1328 2996 a
1353 2937 1512 2994 nobis
1537 2953 1728 2994 omnes
1753 2935 2073 3008 hujusmodi
2102 2951 2216 3014 me-
2328 2942 2578 3013 superius
2617 2942 2688 2999 ad
2725 2942 2948 2998 eosdem
2977 2942 3304 2997 Donatistas
3345 2939 3414 2996 de
3451 2923 3848 2994 excommunicatis

621 3039 748 3108 rito,
779 3047 840 3094 ut
864 3034 1360 3102 excommunicati,
1391 3033 1720 3101 devitantur,
1763 3047 1937 3103 usque
1965 3029 2099 3086 dum
2125 3045 2211 3085 ec-
2327 3038 2617 3108 praemisit,
2649 3037 2838 3094 dicens
2874 3057 2885 3092 :
2913 3039 3168 3106 Quisquis
3195 3054 3233 3091 a
3265 3037 3522 3092 catholica
3546 3029 3740 3087 Ecclesia
3759 3024 3845 3088 fue-

620 3131 923 3188 clesiastico
950 3145 1103 3186 more
1138 3128 1583 3184 reconcilientur.
1611 3127 1750 3182 Sunt
1776 3133 1961 3181 autem
1984 3131 2220 3195 quatuor
2256 3191 2289 3201 ﬂ
2327 3133 2403 3186 rit
2458 3137 2765 3201 separatus,
2813 3132 3209 3201 quantumlibet
3268 3128 3619 3186 laudabiliter
3653 3136 3697 3176 se
3720 3119 3850 3170 uiuere

618 3242 706 3282 res
735 3227 788 3280 in
836 3224 1035 3297 quibus
1064 3238 1161 3278 eos
1205 3223 1510 3294 specialiter
1538 3221 1782 3277 devitarc
1825 3191 2113 3288 debemus,
2145 3217 2217 3273 vi-
2247 3191 2292 3256 (ἶ
2327 3191 2629 3288 omnium“,
2657 3191 2757 3278 hoe
2775 3191 2884 3279 ειξιο
2910 3226 3118 3288 πείρης,
3150 3225 3302 3294 quod
3329 3240 3364 3278 α
3392 3216 3753 3277 mmmam
3774 3207 3851 3260 dis-

617 3319 812 3376 delicet
869 3319 922 3373 in
969 3316 1313 3384 salutatione,
1358 3316 1416 3371 in
1476 3316 1688 3384 osculo,
1741 3314 1794 3370 in
1839 3315 2113 3382 oratione,
2164 3313 2220 3368 in
2316 3319 2540 3388 junctus
2567 3322 2666 3382 est,
2693 3333 2801 3373 non
2825 3319 3042 3373 habebit
3070 3317 3401 3386 vitamgsed
3423 3319 3509 3370 ira
3534 3313 3622 3368 Dei
3635 3307 3852 3362 manetsu-

619 3414 891 3480 convictu,
918 3411 1081 3482 quod,
1103 3419 1165 3465 ut
1183 3411 1239 3466 S.
1264 3409 1516 3466 Callistus
1542 3424 1680 3480 papa
1693 3410 2115 3478 testatur(epist.
2139 3409 2217 3475 2),
2323 3428 2422 3482 per
2448 3427 2571 3466 eum
2615 3415 2792 3481 (Joan.
2847 3412 2967 3484 III).
3001 3410 3212 3469 Deinde
3253 3413 3325 3468 de
3355 3410 3441 3466 bis
3469 3406 3556 3480 qui
3596 3405 3643 3460 in
3668 3392 3848 3455 Ecclesia

613 3510 914 3577 quicunque
962 3506 1461 3571 emcommunicatis,
1505 3504 1588 3558 vel
1629 3505 1687 3557 in
1727 3503 1832 3566 his,
1887 3503 1969 3556 vel
2009 3504 2068 3555 in
2094 3502 2218 3556 aliis
2325 3514 2452 3560 sunt
2480 3505 2640 3576 positi
2670 3513 3066 3578 consequenter
3092 3503 3340 3576 adjecit:
3377 3501 3620 3572 Quisquis
3645 3497 3786 3550 autem
3810 3488 3850 3538 in

611 3602 904 3670 prohibitis
933 3601 1464 3660 communicaverint,
1511 3597 1684 3650 simili
1709 3598 2219 3651 emcommunicatio-
2325 3600 2580 3664 Ecclesia,
2629 3605 2682 3655 et
2710 3599 2862 3670 reliq.
2902 3606 2964 3654 ut
3009 3613 3172 3670 supra
3227 3598 3492 3655 diximus.
3542 3591 3678 3648 Idem
3720 3583 3848 3652 (θρίειι

614 3696 692 3755 ni,
710 3694 882 3762 juxta
907 3694 1298 3746 institutionem
1317 3690 1710 3760 apostolorum,
1733 3691 2042 3759 subjacebit.
2324 3696 2518 3761 CLXII)
2533 3693 2780 3760 Eleusio,
2801 3699 2857 3748 et
2875 3685 3270 3748 Grainmatino
3287 3689 3476 3760 [Felici
3492 3671 3849 3745 Grammatice]:

684 3784 790 3841 Sed
819 3783 996 3852 multi,
1026 3784 1093 3840 ad
1119 3783 1457 3839 excusandas
1481 3786 1854 3838 excusationes
1881 3786 1940 3836 in
1965 3784 2213 3852 peccatis,
2325 3785 2550 3852 Quibus,
2596 3786 2793 3858 inquit,
2840 3783 2973 3840 mali
3004 3786 3223 3855 placent
3271 3789 3332 3840 in
3375 3785 3602 3843 unitate,
3640 3775 3731 3846 ipsi
3751 3782 3850 3823 0011³⁸

612 3880 780 3945 (Psal.
831 3882 966 3944 cxx.)
996 3876 1372 3948 multipliciter
1402 3890 1460 3930 se
1505 3885 1763 3930 excusant
1798 3875 1946 3947 quod
1985 3891 2215 3930 excom-
2323 3882 2602 3934 man-ibant
2644 3880 2836 3947 malis;
2890 3879 3086 3951 quibus
3141 3884 3332 3934 autem
3387 3875 3676 3948 displicent,
3719 3868 3757 3920 et
3796 3870 3851 3913 ωδ

612 3970 914 4027 municatos
941 3969 1110 4024 vitare
1151 3985 1268 4024 non
1296 3965 1550 4024 debeant.
1583 3967 1690 4022 Alii
1719 3968 1867 4023 enim
1898 3968 2045 4022 illam
2090 3983 2217 4022 sen-
2322 3974 2603 4029 emenda-re
2617 3989 2724 4028 non
2739 3977 2986 4044 possunt,
3015 3988 3082 4027 ne
3107 3977 3234 4028 ante
3264 3978 3482 4043 tempus
3499 3954 3852 4024 messisaudeant

609 4065 839 4121 tentiam
866 4063 1013 4119 beati
1037 4061 1335 4134 Augustini
1369 4060 1719 4133 praetendunt
1743 4059 1889 4133 quod
1917 4065 2213 4116 communio
2322 4069 2539 4121 zizania
2585 4067 2883 4134 eradicare,
2935 4083 3000 4122 ne
3041 4068 3203 4122 simul
3254 4067 3535 4123 eradicent
3591 4064 3636 4115 et
3675 4052 3854 4110 tritiaun

607 4159 868 4214 malorum
895 4174 1000 4212 non
1025 4157 1256 4211 maculet
1282 4158 1394 4210 nisi
1435 4157 1850 4224 consentientes,-
1893 4154 1978 4210 alii
2023 4154 2215 4210 dicunt
2323 4161 2544 4229 (Matth.
2577 4176 2722 4229 xm,
2745 4161 2859 4229 29),
2879 4176 2986 4214 non
3009 4162 3175 4228 factis
3195 4176 3406 4223 eorum,
3426 4157 3520 4214 sed
3543 4151 3693 4209 altari
3709 4136 3857 4200 Christi

609 4254 750 4322 quod
797 4253 1157 4307 ecclesiasticis
1207 4250 1515 4321 pastoribus
1559 4251 1674 4304 sive
1719 4265 1902 4304 eorum
1947 4251 2216 4305 sanctioni
2318 4257 2727 4316 communicant,
2743 4257 2822 4308 ita
2839 4259 2902 4309 ut
2920 4270 3025 4309 non
3049 4255 3221 4309 solum
3246 4255 3320 4309 ab
3343 4256 3419 4308 eis
3443 4267 3547 4307 non
3570 4240 3856 4304 promittitur.

609 4348 836 4418 subjecti
855 4362 961 4400 non
983 4347 1112 4408 sint,
1142 4360 1198 4399 eo
1227 4345 1370 4414 quod
1397 4345 1586 4398 saeculo
1621 4347 1838 4414 penitus
1866 4345 2214 4399 abrenuntia-
2316 4348 2411 4401 sed
2429 4349 2591 4401 etiam
2606 4348 2809 4402 divinis
2826 4349 3002 4402 verbis
3026 4348 3256 4402 laudari
3271 4346 3672 4418 prcedicarique
3688 4341 3859 4389 merean-

606 4444 816 4510 verint;
845 4439 934 4496 alii
964 4441 1128 4494 etiam
1156 4439 1266 4493 sibi
1289 4437 1648 4493 obedientiam
1669 4440 1728 4491 in
1749 4439 2037 4507 praelatum
2055 4453 2210 4492 suum
2318 4445 2437 4508 tur;
2454 4443 2732 4509 quoniam,
2749 4457 3012 4496 nenomen
3024 4441 3224 4497 Christi
3230 4456 3341 4511 per
3352 4424 3860 4494 horribiliaschima‘“

605 4535 849 4609 sufﬁcere
871 4537 1092 4604 putant,
1125 4548 1190 4586 ne
1218 4532 1487 4586 canonicis
1531 4531 1954 4586 institutionibus
1995 4531 2208 4584 obedire
2236 4598 2278 4609 _
2311 4531 2722 4602 blasphematur,
2737 4550 2838 4604 pro
2860 4536 2988 4590 bono
3005 4536 3231 4589 unitatis
3253 4535 3495 4588 tolerant
3515 4527 3650 4606 quod
3660 4537 3750 4594 pro
3768 4519 3861 4570 bam?

607 4598 828 4681 debeant
852 4598 926 4696 (S.
951 4633 1377 4695 AUGUSTINUS,
1399 4626 1608 4694 passim
1631 4626 1690 4677 in
1718 4624 1866 4678 libris
1890 4629 2074 4679 contra
2100 4628 2204 4680 Do-
2235 4598 2287 4661 D
2315 4598 2590 4694 aequitatis
2618 4598 2864 4683 oderunt.
2897 4630 2966 4683 Et
2993 4626 3098 4682 hoc
3126 4626 3322 4698 utique
3351 4624 3424 4681 de
3453 4598 3610 4679 malis
3636 4619 3688 4673 in
3707 4610 3862 4670 unitate

609 4723 880 4783 natistas).
932 4719 1040 4774 Sed
1094 4733 1286 4774 omnes
1349 4717 1448 4772 has
1505 4717 1883 4773 excusationes
1955 4716 2204 4788 quamvis
2311 4718 2524 4789 positis,
2553 4735 2662 4775 non
2693 4720 2760 4776 de
2783 4719 3274 4776 excommunicatis
3301 4714 3705 4775 evidentissime
3728 4706 3860 4761 sonat-

609 4813 703 4884 ipsi
731 4812 958 4881 apostoli
989 4809 1382 4878 indubitanter,
1411 4819 1474 4866 ut
1503 4811 1822 4882 praedictum
1860 4819 1963 4879 est,
2007 4811 2202 4866 annul—
2382 4811 2534 4868 Idem
2561 4813 2629 4868 ad
2659 4813 2968 4870 Emeritum
3004 4835 3016 4869 :
3049 4817 3119 4870 Et
3162 4814 3331 4879 illud,
3361 4812 3558 4884 inquit,
3596 4821 3691 4862 non
3715 4803 3775 4856 est
3795 4800 3863 4848 ta-

609 4904 853 4971 laverint,
921 4919 1052 4958 cum
1095 4905 1544 4959 communionem
1603 4905 2199 4962 excommunicatorum
2308 4907 2546 4976 cendum,
2572 4911 2623 4962 et
2647 4910 2881 4977 cognitos
2901 4907 3067 4961 malos
3091 4909 3234 4961 bonis
3266 4923 3378 4960 non
3395 4906 3574 4959 obesse
3591 4903 3644 4954 in
3667 4888 3862 4950 Εοειιδίίιν

603 4997 923 5072 generaliter
969 4997 1230 5051 omnibus
1257 4997 1358 5052 sub
1409 5000 2003 5067 excommunicatione,
2041 4999 2198 5072 juxta
2307 5003 2358 5054 si
2375 5016 2460 5055 eos
2484 5017 2517 5055 a
2537 5004 2902 5056 communione
2913 5000 3242 5071 prohibendi
3266 5005 3371 5054 aut
3379 5002 3618 5070 potestas
3642 4980 3865 5047 desinant

602 5086 1012 5142 attestationem
1039 5087 1095 5140 S.
1127 5085 1328 5141 Callisti
1351 5100 1526 5156 papae,
1551 5085 1964 5158 interdixerint;
1991 5103 2092 5144 nos
2124 5097 2200 5144 ta-
2305 5093 3488 5164 aliquaratioconservandwpacisimpediat.
3507 5091 3575 5144 Et
3586 5093 3700 5158 post
3714 5087 3863 5151 pauca:

602 5197 730 5236 men
759 5179 1020 5251 singulas,
1047 5193 1212 5249 quam
1247 5177 1453 5234 frivola:
1479 5178 1608 5246 sint,
1638 5179 1938 5251 specialiter
1965 5181 2194 5237 demon-
2304 5189 2663 5254 Manifestum
2679 5193 2868 5243 estnon
2885 5188 3233 5256 hoc[malum,
3257 5189 3352 5242 ed.
3378 5183 3464 5258 P.]
3485 5183 3616 5252 elﬁci-
3634 5175 3864 5235 hominem,

597 5283 771 5331 strare
799 5289 911 5329 non
953 5271 1178 5344 pigebit.
1211 5273 1280 5326 Et
1317 5270 1421 5326 hoc
1455 5273 1641 5344 utique
1681 5273 1840 5344 periti
1877 5274 2195 5331 ecclesiasti-
2303 5281 2447 5350 quod
2466 5287 2542 5336 est
2561 5283 2737 5336 malus
2749 5285 3037 5353 quisquam
3051 5298 3169 5338 cum
3185 5296 3299 5352 qua
3315 5280 3395 5335 ad
3406 5280 3586 5334 altare
3604 5265 3865 5329 Dominiaf'

597 5383 788 5423 carum
830 5369 1145 5438 regularum
1186 5363 1343 5421 facile
1392 5380 1491 5436 per
1519 5380 1576 5420 se
1618 5365 2062 5438 deprehendunt;
2093 5385 2196 5426 nos
2302 5373 2529 5436 ceditur,
2557 5377 2900 5430 etiamsinon
2923 5379 2998 5431 sit
3019 5377 3351 5445 incognitus,
3381 5374 3435 5428 si
3453 5375 3663 5427 tantum
3689 5368 3864 5424 nonat"

595 5469 784 5520 autem
817 5459 1238 5531 simplicioribus
1263 5465 1477 5515 tantum
1505 5458 1769 5516 fratribus
1810 5459 1864 5516 in
1894 5461 1998 5518 hoc
2033 5463 2193 5520 satis-
2296 5468 2555 5538 probetur
2583 5473 2632 5523 et
2660 5485 2694 5522 a
2724 5469 2858 5524 bona
2886 5471 3204 5526 conscientia
3233 5466 3580 5538 displicendo
3616 5457 3861 5530 separé‘WT'

593 5555 774 5611 facere
803 5554 1082 5622 volumus,
1113 5561 1178 5608 ut
1203 5560 1361 5608 tanto
1385 5553 1682 5609 studiosius
1709 5552 1779 5609 ab
1808 5557 2189 5612 excommuni-
2375 5559 2530 5616 Idem
2561 5562 2618 5616 in
2664 5575 2832 5619 serm.
2870 5567 2932 5618 17
2964 5563 3032 5620 de
3078 5562 3382 5632 Evangelio
3433 5555 3724 5616 secundum
3762 5544 3863 5602 Mai-

591 5648 728 5705 catis
759 5663 818 5704 se
844 5645 1180 5715 abstineant,
1225 5655 1428 5718 quanto
1456 5645 1874 5706 inexcusabilius
1899 5665 1959 5707 se
1995 5650 2055 5706 in
2099 5666 2192 5707 eo-
2297 5653 2502 5710 thmum
2549 5655 2618 5712 de
2655 5655 2870 5713 duobus
2915 5657 3118 5714 caecis:
3166 5657 3232 5711 In
3283 5655 3499 5723 multis,
3550 5648 3733 5720 inquit,
3757 5642 3863 5696 San-

591 5758 717 5802 rum
745 5739 1138 5799 communione
1164 5740 1426 5798 maculari
1454 5750 1814 5815 cognoscant.
2297 5752 2497 5804 ctorum
2535 5749 2799 5806 librorum
2826 5753 2954 5807 locis
2979 5749 3334 5823 apertissime
3360 5751 3522 5805 sonat
3548 5758 3652 5802 esse
3677 5741 3798 5794 intus
3821 5729 3864 5780 in

660 5837 743 5892 Illi
775 5852 905 5910 ergo
931 5835 1028 5908 qui
1067 5835 1392 5892 sententiam
1423 5836 1484 5892 Β.
1529 5835 1817 5909 Augustini
1839 5837 2188 5906 praetendunt
2296 5844 2533 5900 Ecclesia
2561 5849 2611 5900 et
2658 5845 2812 5902 bonos
2838 5851 2890 5902 et
2932 5847 3118 5915 malos,
3151 5857 3293 5915 quos
3341 5858 3489 5914 scepe
3512 5841 3728 5896 dicimus
3761 5829 3864 5896 Μ·
