4010 6164
199 298 331 351 1073

1108 291 1395 347 ΑΡΡΕΝΙ).
1436 291 1525 345 ΙΙΙ.
1566 320 1635 331 -
1672 290 2088 350 MONUMENTA
2126 293 2586 350 GREGORIANA.

3352 301 3491 354 1074

192 425 426 476 mentum
453 424 504 474 et
522 422 770 490 paleam.
800 419 871 473 Et
888 416 955 474 de
978 415 1177 472 iisdem
1211 415 1342 488 ipsis
1381 415 1574 479 malis,
1614 415 1668 473 id
1708 426 1791 474 est
1815 423 1869 487 Α
1898 419 2279 477 ecclesiasticis
2316 421 2535 477 statutis
2574 418 2955 476 inobedientes
2981 420 3484 479 anathematizavit.

192 514 248 569 in
276 512 489 569 unitate
510 514 721 584 positis,
744 509 1021 583 quomodo
1052 510 1184 566 boni
1203 525 1317 565 non
1337 510 1703 579 maculentur,
1726 512 1785 567 in

188 608 385 664 eodem
415 622 671 663 sermone
692 605 1088 676 subsequenter
1116 604 1358 660 annectit
1386 622 1399 660 :
1432 606 1644 661 Duobus
1674 622 1781 660 mo-

188 704 295 769 dis,
318 701 511 773 inquit,
542 716 645 754 non
683 705 731 755 te
749 699 988 755 maculat
1005 700 1182 753 malus
1202 717 1219 749 :
1240 702 1291 753 si
1326 714 1437 752 non
1467 702 1782 762 consentias,

189 802 239 850 et
289 797 339 851 si
377 796 676 863 redarguas
691 813 706 859 ;
757 794 849 848 hoc
889 797 969 848 est
1004 809 1113 848 non
1153 795 1535 848 communicare
1571 795 1653 848 vel
1680 810 1785 849 non

186 890 492 943 consentire.
537 888 964 944 Communicatur
991 889 1218 956 quippe,
1249 886 1461 955 quando
1484 888 1630 953 facto
1670 888 1784 957 ejus

184 983 513 1037 consortium
556 982 849 1035 voluntatis
886 982 968 1035 vel
1008 981 1413 1049 approbationis
1448 982 1782 1050 appingitur.

183 1079 296 1132 Hoc
326 1092 448 1145 ergo
487 1092 581 1129 nos
621 1076 910 1128 admonens
947 1074 1232 1144 Apostolus
1270 1076 1390 1127 ait:
1436 1076 1610 1131 Nolite
1641 1090 1783 1128 com-

188 1173 473 1225 municare
492 1169 739 1239 operibus
754 1170 811 1221 in
816 1170 1110 1235 fructuosis
1124 1168 1464 1222 tenebrarum
1485 1169 1695 1238 (Ephes.
1730 1184 1780 1235 v,

186 1265 293 1335 11),
315 1266 388 1319 Et
428 1262 565 1318 infra
615 1282 626 1317 :
662 1266 775 1320 Non
815 1264 1187 1317 consentientes
1216 1264 1336 1317 sitis
1363 1264 1548 1327 malis,
1586 1268 1648 1317 ut
1678 1279 1782 1333 ap-

175 1360 447 1429 probetis;
474 1373 641 1425 neque
661 1358 990 1425 negligentes
1010 1357 1163 1410 sitis!
1190 1362 1251 1409 ut
1276 1372 1380 1409 non
1399 1360 1676 1425 arguatis;
1698 1373 1784 1412 ne-

180 1470 289 1524 que
302 1452 694 1523 superbientes,
722 1454 786 1505 ut
805 1451 1135 1505 insultantes
1177 1452 1452 1517 arguatis;
1480 1451 1578 1519 qui
1605 1454 1782 1505 autem

178 1547 477 1602 deseruerit
501 1547 786 1612 unitatem,
804 1544 973 1598 violat
987 1544 1326 1605 charitatem,
1343 1548 1393 1597 et
1408 1546 1649 1613 quisquis
1667 1547 1781 1599 vio-

178 1641 260 1695 lat
287 1642 621 1706 charitatem,
655 1639 916 1708 quidlibet
942 1653 1199 1707 magnum
1229 1638 1459 1701 habeat,
1505 1640 1617 1708 ipse
1643 1640 1783 1694 nihil

180 1738 288 1797 est,
310 1734 465 1805 juxta
496 1732 827 1803 Apostolum
854 1734 911 1797 (I
931 1733 1051 1789 Cor.
1082 1734 1233 1796 xm)
1260 1773 1272 1785 .

1896 517 2017 571 Hoc
2042 524 2227 572 autem
2253 531 2428 571 unum
2459 524 2539 570 est
2565 530 2628 570 ex
2673 513 2779 568 illis
2807 522 3043 585 quatuor
3070 516 3335 584 conciliis,
3368 533 3489 589 quae

1894 612 1949 666 S.
1983 611 2287 683 Gregorius
2331 611 2453 677 (lib.
2503 627 2542 676 ι,
2571 611 2729 679 epist.
2782 614 2877 673 24)
2907 608 3106 663 astruit
3146 611 3481 675 veneranda,

1894 712 1955 759 ut
1981 713 2167 760 sancta
2196 712 2435 776 quatuor
2464 702 2786 774 Evangelia;
2832 700 2901 756 de
2935 701 3134 773 quibus
3162 702 3228 757 ad
3260 703 3488 773 patriar-

1892 797 2023 854 chas
2076 797 2320 853 scribens
2375 804 2607 852 testatur
2660 813 2674 850 :
2718 796 3032 865 Cujuslibet,
3090 796 3304 869 inquit,
3363 800 3488 851 vita:

1892 897 2055 962 atque
2089 894 2319 947 actionis
2375 907 2565 945 norma
2612 894 2811 944 existat
2876 889 3193 960 [consistit],
3242 893 3488 963 quisquis

1892 1003 2069 1043 eorum
2094 985 2219 1053 (hoc
2245 994 2352 1054 est,
2398 984 2786 1055 conciliorum)
2818 984 3149 1038 soliditatem
3173 1000 3284 1037 non
3315 990 3482 1046 tenet,

1890 1083 2105 1136 etiamsi
2141 1082 2281 1150 lapis
2325 1094 2435 1133 esse
2466 1079 2737 1141 videatur,
2786 1082 2961 1131 tamen
3008 1081 3167 1131 extra
3197 1079 3485 1147 cediﬁeium

1880 1176 2044 1245 jacet.
2074 1177 2143 1229 Et
2170 1182 2293 1245 post
2317 1189 2485 1245 pauca
2519 1192 2530 1225 :
2579 1175 2662 1237 Se,
2709 1176 2758 1225 et
2786 1187 2889 1225 non
2924 1169 3046 1237 illa,
3078 1173 3309 1225 destruit
3333 1176 3486 1240 quis-

1890 1271 2009 1339 quis
2032 1270 2320 1339 prcesumit
2359 1272 2455 1321 aut
2488 1266 2683 1321 solvere
2725 1281 2853 1335 quos
2884 1266 3079 1333 ligant,
3130 1271 3227 1318 aut
3255 1267 3486 1333 religare

1890 1378 2021 1433 quos
2062 1364 2293 1417 solvunt.
2338 1363 2593 1431 Quisquis
2629 1376 2753 1428 ergo
2789 1360 2943 1413 aliud
2984 1361 3149 1428 sapit,
3201 1360 3487 1413 anathema

1889 1460 1981 1511 sit.
2036 1456 2272 1512 Videsne
2318 1471 2485 1527 quam
2542 1453 2690 1509 nulla
2735 1453 2929 1524 religio
2974 1451 3279 1523 quemlibet
3331 1468 3490 1507 excw

1890 1566 2013 1606 sare
2052 1549 2243 1622 possit,
2287 1549 2423 1621 quin
2467 1547 2845 1604 ecclesiasticis
2871 1546 3089 1601 statutis
3118 1544 3341 1601 obedire
3390 1546 3486 1600 de-

1889 1645 2034 1713 beat,
2064 1659 2192 1699 cum
2234 1642 2458 1715 quilibet
2500 1641 2824 1698 inobediens
2872 1648 3022 1695 extra
3070 1638 3365 1695 aediﬁcium
3404 1640 3486 1711 ja-

1888 1754 2010 1794 cere
2038 1737 2335 1809 deputetur
2371 1736 2590 1793 etiamsi
2636 1744 2751 1791 tam
2799 1735 3090 1806 religiosus
3124 1733 3199 1789 sit
3246 1741 3305 1787 ut
3350 1732 3488 1803 lapis

258 1826 387 1881 Ideo
418 1826 474 1880 in
505 1825 601 1879 lib.
629 1824 698 1881 de
733 1823 867 1880 Fide
896 1833 950 1879 et
978 1823 1239 1896 operibus
1273 1842 1286 1879 ε
1320 1826 1450 1881 Cum
1478 1842 1579 1895 Per
1601 1827 1777 1894 ηεξ]ιὶ-
1809 1810 1857 1871 Β
1885 1848 2002 1889 esse
2029 1832 2301 1888 videatur.
2348 1834 2467 1886 lmo
2498 1831 2617 1901 ipsa
2653 1828 2934 1900 religionis
2961 1828 3331 1900 praerogativa
3363 1842 3489 1881 ma—

176 1923 409 1991 gentiam
433 1921 876 1989 prapositorum,
904 1920 1014 1972 sive
1037 1934 1136 1988 per
1153 1918 1398 1987 aliquam
1423 1919 1779 1973 excusabilem

176 2016 575 2077 necessitatem,
602 2015 713 2067 sive
731 2028 831 2083 per
859 2013 1088 2066 occultas
1112 2013 1439 2081 obreptiones
1478 2014 1777 2067 invenimus

180 2112 239 2162 in
267 2109 501 2163 Ecclesia
538 2107 736 2168 malos,
781 2122 912 2176 quos
953 2107 1306 2161 ecclesiastica
1337 2106 1637 2175 disciplina
1661 2123 1777 2160 cor-

178 2205 353 2271 rigere
380 2205 476 2255 aut
504 2216 734 2255 coercere
759 2216 864 2255 non
888 2215 1206 2270 possumus;
1238 2204 1392 2267 tunc,
1420 2216 1486 2253 ne
1526 2201 1779 2255 ascendat

180 2299 240 2349 in
264 2310 351 2349 cor
377 2298 620 2349 nostrum
650 2295 822 2363 impia
841 2297 891 2347 et
914 2294 1217 2363 perniciosa
1251 2296 1635 2364 praesumptio,
1666 2310 1777 2363 qua

176 2392 499 2444 testimemus
544 2403 637 2442 nos
677 2388 747 2441 ab
782 2389 865 2442 his
914 2402 1022 2442 esse
1064 2387 1395 2457 separandos
1444 2392 1505 2440 ut
1543 2390 1775 2456 peccatis

174 2499 365 2538 eorum
388 2499 493 2537 non
520 2484 891 2551 inquinemur,
927 2497 989 2536 ac
1011 2483 1089 2535 ita
1115 2485 1239 2550 post
1264 2496 1359 2535 nos
1384 2482 1599 2535 trahere
1626 2496 1777 2535 cone-

175 2594 303 2632 mur
329 2577 498 2631 veluti
526 2576 751 2631 mundos
778 2579 1090 2644 sanctosque
1130 2575 1419 2644 discipulos
1449 2591 1483 2627 a
1530 2590 1779 2644 compage

170 2675 510 2741 segregatos;
546 2674 763 2726 veniant
796 2673 857 2725 in
900 2675 1127 2724 mentem
1155 2671 1265 2723 illa:
1298 2670 1672 2739 descriptionis
1700 2672 1774 2723 si-

172 2767 512 2821 militudines
541 2769 591 2819 et
617 2765 803 2819 divina
836 2765 1098 2827 oracula,
1132 2765 1325 2834 quibus
1352 2764 1776 2819 demonstratum

170 2866 225 2917 et
260 2861 679 2931 pronuntiatum
705 2863 782 2913 est
809 2858 985 2912 malos
1020 2861 1078 2911 in
1117 2858 1353 2913 Ecclesia
1386 2860 1666 2927 permistos
1694 2858 1778 2911 bo-

167 2957 264 3009 nis
291 2970 460 3023 usque
488 2956 545 3007 in
569 2957 726 3023 ﬁnem
762 2953 947 3007 sweuli
968 2956 1277 3021 tempusque
1295 2951 1502 3021 judicii
1524 2953 1774 3019 futuros,

164 3053 225 3105 et
270 3049 413 3102 nihil
440 3048 585 3101 bonis
611 3049 671 3101 in
703 3048 914 3101 unitate
941 3049 992 3101 et
1022 3047 1444 3116 participatione
1469 3060 1775 3100 sacramen-

163 3148 387 3208 torum,
414 3143 511 3211 qui
532 3156 709 3195 eorum
733 3141 892 3206 factis
916 3141 1437 3202 nonconsenserint,
1468 3140 1768 3207 obfuturos.

246 3238 394 3290 Ecce
415 3249 651 3306 quorum
697 3234 971 3288 malorum
998 3232 1453 3287 communionem
1486 3235 1548 3287 Β.
1583 3236 1771 3305 Augu-
1809 3200 1853 3263 (ἶ

164 3329 357 3386 stinus
380 3326 546 3383 nobis
565 3343 681 3382 non
708 3342 907 3382 nocere
930 3326 1147 3395 asserit,
1174 3326 1423 3381 videlicet
1450 3342 1641 3382 eorum
1676 3326 1773 3397 qui

164 3425 236 3480 in
264 3421 510 3478 Ecclesia
540 3430 670 3477 sunt
698 3420 886 3493 positi,
921 3420 1169 3476 nondum
1199 3418 1269 3476 ab
1296 3420 1658 3476 ecclesiastico
1684 3420 1773 3492 jn-

161 3515 326 3574 dicio
357 3516 610 3587 separati.
639 3514 798 3586 Quod
825 3514 869 3570 si
898 3514 1047 3570 idem
1074 3514 1187 3586 ipse
1215 3522 1434 3569 sanctus
1449 3514 1639 3570 doctor
1658 3529 1771 3569 non

161 3622 296 3668 tam
326 3610 610 3682 signanter
638 3623 1027 3682 usquequaque
1064 3608 1419 3679 exprimeret,
1453 3623 1555 3663 nos
1584 3617 1771 3663 tamen

164 3704 313 3761 illud
328 3719 679 3776 nequaquam
695 3702 765 3757 de
788 3688 1282 3758 excommunicatis
1296 3702 1596 3774 intelligere
1610 3701 1772 3757 debe-

157 3813 385 3865 remus,
419 3813 487 3853 ne
520 3797 675 3853 illum
720 3795 848 3867 ipsis
875 3796 1136 3867 apostolis
1178 3803 1233 3850 et
1270 3796 1475 3851 sanctis
1518 3795 1774 3851 Patribus

156 3892 391 3963 sibique
454 3892 557 3961 ipsi
619 3890 897 3945 contraria
960 3889 1167 3945 dixisse
1226 3897 1610 3945 astrueremus.
1668 3889 1773 3959 Ipsi

155 3985 327 4041 enim
357 3985 583 4056 apostoli
617 3998 920 4054 eorumque
949 3998 1292 4038 successores
1320 3984 1773 4039 communionem

158 4078 787 4135 excommunicatorum
829 4077 885 4131 in
932 4084 1150 4132 tantum
1192 4090 1393 4131 nocere
1439 4074 1773 4144 docuerunt,

159 4172 327 4245 quod
356 4180 411 4227 et
430 4187 592 4243 supra
621 4170 954 4235 notavimus,
988 4177 1049 4225 ut
1068 4169 1172 4225 sub
1201 4169 1776 4225 excommunicatione

158 4282 306 4325 eum
351 4265 680 4321 damnarent
730 4266 1045 4336 quicunque
1098 4263 1176 4318 eis
1218 4263 1299 4317 vel
1344 4263 1584 4319 exterius
1623 4278 1775 4318 com-

156 4359 455 4417 municare
486 4366 861 4430 przesumeret.
894 4361 1007 4413 Nec
1035 4357 1175 4412 hanc
1204 4356 1531 4413 sententiam
1570 4360 1630 4412 Β.
1660 4360 1777 4412 Αυ-

156 4454 431 4527 gustinus
466 4452 762 4520 ignoravit,
803 4466 967 4523 quam
997 4452 1165 4506 etiam
1194 4451 1255 4506 in
1291 4450 1521 4506 concilio
1563 4465 1776 4506 CCXVII

156 4548 561 4618 episcoporum
605 4562 701 4602 sua
749 4545 1151 4617 subscriptione
1204 4544 1573 4600 conﬁrmavit.
1644 4547 1770 4600 Non

156 4655 311 4713 ergo
342 4640 537 4712 aliquis
578 4642 642 4697 B.
676 4639 1049 4711 Augustinum
1097 4654 1196 4710 pro
1241 4637 1585 4694 defendenda
1613 4653 1769 4695 com-

154 4734 447 4793 munione
469 4734 1074 4789 excommunicatorum
1094 4731 1294 4788 frustra
1316 4732 1373 4787 in
1394 4732 1773 4787 testimonium

152 4835 453 4896 assumat;
500 4828 616 4883 imo
646 4827 726 4893 ei,
772 4842 844 4882 ne
880 4826 958 4882 eis
1004 4825 1116 4881 ullo
1166 4824 1331 4881 modo
1374 4826 1774 4893 communicet,

1880 1926 1985 1999 jori
2008 1942 2133 1982 eum
2160 1924 2369 1981 addicit
2390 1924 2737 1979 damnationi
2777 1923 2870 1993 qui
2899 1937 3014 1977 non
3044 1930 3201 1976 tanto
3234 1920 3488 1975 obedien-

1884 2020 1996 2075 tior
2060 2019 2423 2074 sanctissimae
2484 2017 2652 2071 matri
2710 2030 2825 2070 suae
2863 2014 3127 2070 Ecclesiae
3191 2013 3484 2080 exstiterit,

1885 2121 2093 2184 quanto
2125 2111 2432 2183 religiosior
2451 2109 2644 2164 haberi
2668 2106 2918 2162 voluerit.
2952 2106 3169 2162 Debent
3196 2106 3382 2176 utique
3412 2122 3489 2159 re-

1886 2206 2060 2278 ligiosi
2107 2204 2310 2276 aliquid
2373 2202 2757 2259 ecclesiasticis
2792 2200 3015 2255 statutis
3065 2213 3487 2271 supererogare,

1884 2315 2000 2355 non
2027 2300 2142 2370 ipsa
2180 2306 2380 2353 statuta
2407 2295 2697 2352 temerario
2743 2310 2880 2350 ausu
2908 2293 3201 2364 abrogare;
3243 2292 3487 2362 alioquin

1882 2401 2036 2448 tanto
2078 2393 2254 2464 majus
2298 2390 2576 2463 judicium
2619 2388 2905 2453 subibunt,
2952 2395 3157 2459 quanto
3203 2386 3261 2439 in
3310 2385 3489 2441 altiori

1883 2486 2054 2558 gradu
2085 2485 2385 2540 sanctitatis
2413 2484 2596 2555 positi,
2627 2492 2681 2538 et
2707 2484 2823 2553 ipsa
2872 2480 3184 2537 communia
3213 2487 3486 2550 przecepta

1883 2596 1997 2636 non
2034 2579 2233 2633 timent
2290 2577 2650 2648 praevaricari.
2715 2578 2815 2630 Est
2856 2584 3046 2629 autem
3091 2573 3484 2645 apostolicum,

1884 2682 1939 2730 et
1967 2671 2274 2728 universale
2310 2670 2480 2725 totius
2520 2677 2723 2725 sanctae
2752 2668 3009 2723 Ecclesia:
3038 2675 3395 2738 praeceptum,
3429 2674 3489 2720 ut

1885 2764 2349 2823 excommunicati
2370 2763 2699 2818 devitentur.
2728 2764 2874 2832 Ergo
2901 2769 2956 2815 et
2984 2760 3216 2832 quilibet
3246 2759 3484 2829 religiosi

1885 2860 1990 2917 hoc
2013 2861 2305 2916 observare
2348 2857 2656 2923 debebunt;
2688 2855 2891 2925 alioqui
2922 2854 3117 2923 majori
3146 2852 3485 2908 damnationi

1882 2971 2049 3029 quam
2078 2955 2246 3010 etiam
2291 2951 2415 3008 laici
2445 2951 2646 3007 merito
2675 2947 3056 3020 subjacebunt.

1956 3048 2060 3106 Sed
2102 3056 2159 3104 et
2197 3045 2507 3103 obedientia
2533 3045 2583 3099 in
2620 3042 2903 3115 praelatum
2943 3056 3047 3094 nos
3087 3053 3345 3093 excusare
3371 3053 3484 3093 non

1885 3143 2086 3216 poterit
2117 3142 2248 3214 quin
2295 3139 2609 3212 apostolicis
2654 3135 2870 3193 statutis
2917 3132 3222 3189 necessario
3262 3132 3484 3187 obedire

1878 3237 2197 3302 debeamus,
2230 3236 2277 3289 si
2299 3234 2393 3289 ﬁlii
2427 3232 2686 3288 Ecclesiae
2705 3245 2823 3287 esse
2856 3228 3127 3283 volumus.
3161 3226 3304 3281 Hinc
3332 3227 3482 3280 enim

1880 3329 2272 3388 Obedientiarii
2307 3325 2624 3399 Eutychetis
2653 3320 3243 3392 Constantinopolitani
3272 3319 3484 3374 abbatis

1878 3440 2003 3480 cum
2022 3424 2140 3495 ipso
2162 3420 2457 3494 Eutychete
2475 3420 2531 3473 in
2548 3417 2781 3474 concilio
2806 3414 3243 3471 Chalcedonensi
3258 3412 3485 3468 anathe—

1878 3517 2126 3573 matizati
2137 3513 2441 3586 sunt,quod
2455 3512 2630 3583 magis
2640 3511 2817 3567 eidem
2829 3526 2995 3581 quam
3007 3508 3319 3579 apostolicis
3330 3507 3481 3562 insti-

1880 3612 2014 3667 tutis
2025 3610 2251 3666 obedire
2262 3605 2818 3678 delegerant.Subditi
2831 3612 3018 3660 autem
3030 3602 3267 3657 Nestorii
3283 3616 3479 3672 praesu-

1881 3705 1947 3761 lis
1961 3701 2548 3773 Constantin0politani
2567 3716 2596 3755 a
2613 3698 2959 3755 sanctissima
2975 3695 3188 3768 synodo
3206 3693 3479 3765 Ephesina

1880 3799 2085 3855 laudati
2103 3805 2251 3863 sunt,
2272 3795 2419 3869 quod
2436 3795 2536 3867 ipsi
2548 3792 2867 3865 apostolicis
2884 3788 3482 3847 institutisobedientes

1879 3895 2104 3967 proprio
2130 3894 2385 3964 episcopo
2411 3890 2750 3957 restiterunt,
2785 3896 2841 3944 et
2864 3887 2936 3943 ob
2965 3886 3069 3942 hoc
3093 3886 3259 3940 etiam
3295 3892 3480 3955 postea

1881 4006 1945 4045 ex
1980 3989 2097 4060 ejus
2129 3994 2397 4058 potestate
2426 3984 2647 4056 penitus
2674 3981 3008 4053 emancipari
3033 3987 3369 4035 meruerunt.

1954 4082 2101 4138 Hinc
2131 4092 2183 4135 et
2202 4083 2265 4136 B.
2292 4079 2669 4151 Eutychianus
2699 4092 2836 4148 papa
2870 4075 3058 4147 (epist.
3093 4079 3170 4138 ιι)
3196 4080 3250 4129 et
3274 4080 3481 4142 martyr

1882 4192 1913 4230 a
1945 4178 2009 4229 Β.
2038 4176 2204 4230 Petro
2246 4173 2493 4229 decimus
2521 4172 2791 4242 septimus
2819 4170 2875 4224 in
2906 4169 3140 4225 decretis
3192 4168 3326 4233 suis,
3357 4180 3481 4237 quae

1882 4268 2151 4338 martyrio
2214 4264 2580 4327 consecravit,
2640 4263 2925 4317 verissime
2966 4267 3297 4333 protestatur
3340 4260 3483 4328 quod

1882 4361 2132 4415 subditus
2159 4374 2252 4414 nec
2279 4360 2527 4429 episcopo
2557 4372 2651 4410 nec
2680 4356 2868 4409 abbati
2904 4370 3000 4408 suo
3029 4355 3242 4409 obedire
3270 4354 3478 4419 debeat,

1882 4457 1932 4510 si
1948 4455 2218 4523 jusserint
2253 4454 2303 4506 ei
2340 4457 2405 4506 ut
2448 4467 2548 4520 pro
2594 4450 3046 4503 excommunicato
3088 4448 3282 4501 missas
3327 4448 3483 4499 insti-

1880 4553 2019 4604 tuat.
2060 4546 2169 4603 Sed
2212 4553 2266 4601 et
2309 4548 2373 4600 B.
2406 4544 2704 4615 Gregorius
2752 4542 2941 4613 papal
2988 4541 3338 4595 Honoratum
3382 4541 3478 4594 Sa-

1881 4641 2104 4697 lonitani
2170 4638 2411 4711 episcopi
2491 4635 2965 4699 archidiaconum,
3046 4633 3141 4689 sed
3216 4633 3285 4687 ab
3359 4632 3480 4702 epi-

1883 4750 2049 4806 scopo
2098 4732 2432 4805 depositum,
2481 4729 2678 4787 eodem
2724 4730 2944 4783 nolente
2991 4727 3273 4799 episcopo,
3311 4726 3363 4781 in
3400 4727 3479 4781 lo-

1883 4844 2011 4884 cum
2062 4842 2223 4883 suum
2289 4826 2553 4891 restituit,
2622 4823 2902 4894 aliumque
2965 4821 3145 4877 eidem
3192 4822 3482 4878 Honorato

149 4919 416 4987 obediat,
448 4937 519 4975 ne
541 4929 596 4976 et
624 4922 763 4992 ipse,
780 4921 928 4991 juxta
954 4928 1273 4975 sanctorum
1302 4920 1528 4975 Patrum
1548 4926 1775 4987 statuta,
1873 4923 1993 4994 jam
2020 4920 2380 4991 subrogatum
2412 4917 2690 4989 deposuit,
2722 4932 2787 4973 eo
2811 4915 2961 4988 quod
2982 4916 3073 4971 ille
3095 4930 3195 4971 suo
3225 4915 3482 4987 episcopo

148 5014 361 5073 eidem
388 5014 948 5069 excommunicationi
977 5013 1275 5085 subjaceat.

245 5109 358 5180 Qui
382 5116 568 5165 autem
598 5124 657 5164 se
674 5108 743 5164 de
773 5107 1344 5163 excommunicatione
1370 5104 1583 5162 vitanda
1608 5122 1776 5163 excu-

1886 5017 1939 5071 in
1970 5010 2069 5071 tali
2110 5012 2501 5085 subrogatione
2530 5020 2718 5067 contra
2763 5011 3113 5067 interdictum
3158 5009 3304 5065 sedis
3348 5022 3480 5077 apo-

1883 5110 2095 5166 stolicae
2122 5107 2406 5165 obedierit.
2437 5106 2590 5163 Idem
2620 5121 2839 5177 quoque
2884 5104 3219 5177 apostolicus
3246 5100 3487 5157 scribens

1882 5198 2086 5253 Joanni
2112 5196 2525 5253 Corinthiorum
2566 5194 2846 5266 episcopo,
2877 5194 3134 5259 Paulum,
3165 5188 3481 5247 Eufemium

1883 5287 2337 5361 [Euphemium],
2367 5285 3024 5350 Thomam,Clematium,
3056 5282 3282 5335 clericos
3302 5279 3371 5332 ab
3399 5292 3482 5333 or-
3555 5319 3563 5327 .

1884 5377 2014 5434 dine
2041 5376 2316 5449 deposuit,
2347 5392 2413 5432 eo
2441 5373 2593 5446 quod
2621 5375 2907 5447 proprium
2944 5385 3134 5427 eorum
3165 5368 3483 5438 episcopum

1872 5482 2141 5523 accusare
2170 5481 2281 5522 non
2315 5463 2671 5531 obedierunt;
2697 5478 2933 5535 quorum
2962 5468 3153 5515 tamen
3173 5457 3408 5515 Paulum
3428 5463 3487 5512 et

1886 5554 2217 5611 Clematium
2264 5554 2319 5609 in
2370 5553 2666 5625 pristinum
2713 5549 2942 5622 gradum
2988 5554 3173 5617 postea
3222 5543 3481 5602 restituit.

1886 5648 2050 5711 Item,
2078 5645 2194 5715 ipse
2223 5644 2469 5700 scribens
2489 5640 2752 5699 omnibus
2776 5635 3019 5693 Nichacii
3046 5636 3323 5709 [Byzacii]
3344 5649 3480 5689 con-

141 5207 329 5257 satos
357 5205 581 5269 putant,
603 5200 792 5269 quasi,
816 5198 1259 5253 abrenuntiantes
1298 5197 1507 5265 saeculo,
1539 5197 1781 5253 ecclesia-

137 5292 321 5347 sticis
345 5289 663 5357 pastoribus
705 5290 814 5342 sive
862 5302 1040 5342 eorum
1063 5287 1425 5342 sanctionibus
1462 5301 1567 5340 non
1590 5286 1777 5355 subja-

138 5381 351 5443 ceant,
379 5376 628 5433 videlicet
656 5374 916 5432 monachi
958 5375 1068 5430 sive
1096 5374 1325 5446 quilibet
1363 5373 1623 5445 religiosi,
1666 5390 1778 5429 non

138 5467 352 5525 otiose
393 5463 747 5521 considerent
785 5463 919 5535 quid
961 5462 1030 5519 de
1074 5463 1457 5533 hocsanctum
1484 5462 1777 5519 Chalcedo-

138 5569 348 5616 nense
388 5554 682 5610 concilium
724 5554 1010 5611 deliberet.
1060 5554 1245 5625 Ipsum
1273 5552 1421 5608 enim
1459 5553 1782 5624 generaliter

132 5658 372 5705 omnes
409 5644 710 5700 monachos
746 5657 851 5715 'per
888 5658 1334 5716 unamquamque
1362 5642 1637 5698 civitatem
1665 5643 1778 5698 sive

138 5735 464 5807 regionem
500 5734 769 5807 episcopis
797 5734 1069 5807 subjectos
1094 5733 1212 5789 fore
1236 5732 1495 5798 decrevit,
1528 5732 1780 5805 ipsosque

250 5864 420 5928 (971)
453 5859 592 5917 Vide
614 5862 670 5917 S.
699 5862 927 5933 Gregor.
960 5860 1056 5916 lib.
1088 5875 1150 5930 ι,
1176 5860 1331 5932 epist.
1360 5863 1447 5915 35.

1887 5733 1995 5789 cilii
2019 5733 2290 5807 epsicopis
2315 5737 2482 5801 (971),
2506 5728 2819 5787 ﬁrmissime
2839 5726 3096 5801 pracepit
3116 5732 3177 5781 ut
3197 5725 3484 5795 primatem
3584 5786 3591 5795 ε
