4052 6180
557 232 698 286 1075

1556 231 1648 285 ΑΒ
1687 229 1911 287 OPERA
1950 229 2004 285 S.
2044 228 2366 287 GREGORII
2402 228 2839 287 APPENDICES.

3680 226 3849 285 ’1076

553 372 717 415 suum
764 354 1129 414 Clementium
1161 353 1227 408 de
1273 354 1437 409 illatis
1473 354 1803 415 criminibus
1835 371 1964 411 cum
1997 356 2151 411 omni
2178 358 2233 421 Α
2260 356 2456 412 itidem
2490 355 2800 413 necessario
2828 362 2886 410 et
2920 353 2991 410 de
3034 353 3155 427 ejus
3192 352 3487 425 ligamento
3517 352 3852 426 judicabitur

554 453 919 509 sollicitudine
959 449 1357 511 examinarent,
1383 455 1465 514 ut,
1500 449 1679 504 audita
1710 450 1753 504 si
1783 466 1908 505 vera
1932 458 2141 515 essent,

555 548 763 602 ultione
787 546 1049 602 canonica
1094 550 1452 609 rcsccaretur,
1480 540 1585 598 hoc
1611 544 1927 599 terribiliter
1957 544 2147 599 subin-

551 637 750 705 ferens,
778 638 923 709 quod
943 638 1091 709 apud
1116 640 1295 692 Deum
1313 635 1637 692 eorumdem
1672 638 1951 692 criminun
1982 636 2145 710 parti-

552 748 679 803 ceps
706 734 961 788 existeret
1001 732 1309 803 quicunque
1339 746 1531 786 eorum
1576 730 1664 786 illa
1698 730 1963 787 subtiliter
1987 730 2140 787 inda-

550 843 675 899 gare
702 828 1048 899 neglexisset.

622 926 754 981 Baac
774 934 830 981 et
858 925 961 982 alia
988 923 1301 997 hujusmodi
1332 924 1391 979 in
1420 923 1802 979 ecclesiasticis
1826 931 2141 979 sanctorum

548 1021 777 1075 Patrum
816 1019 1038 1075 statutis
1077 1017 1413 1075 sufﬁcienter
1440 1017 1683 1072 invenire
1730 1018 1984 1089 potestis,
2017 1032 2143 1090 quae

550 1114 709 1170 nobis
736 1113 1139 1170 evidentissimc
1168 1113 1554 1168 demonstrant
1577 1128 1746 1184 quam
1772 1111 2141 1167 obedientiam

551 1209 778 1279 subjecti
800 1209 1091 1281 cujuslibet
1112 1208 1321 1279 praelati
1345 1206 1416 1263 ad
1442 1206 1782 1278 superiorem
1810 1215 2142 1278 potestatem

552 1303 809 1373 debeant,
839 1320 957 1376 qua:
982 1314 1036 1361 et
1070 1305 1215 1375 ipsos
1244 1304 1511 1360 damnare
1549 1304 1770 1375 poterit,
1812 1304 1858 1358 si
1891 1308 1970 1357 vel
2002 1318 2139 1374 prae-

554 1398 662 1453 lato
691 1414 791 1453 suo
834 1407 1021 1453 contra
1051 1399 1221 1469 ipsam
1262 1397 1584 1453 obedierint.
1620 1398 1746 1452 Non
1789 1412 1918 1469 ergo
1947 1396 2143 1468 aliquis

554 1491 919 1548 obedientiam
962 1492 1173 1563 praelati
1218 1492 1301 1547 sui
1343 1490 1613 1563 superflue
1643 1490 1967 1562 praetendat,
1998 1490 2144 1563 quod

553 1586 844 1657 praecipuae
874 1587 1149 1655 potestati,
1181 1586 1434 1640 videlicet
1460 1584 1781 1655 apostolicae
1812 1593 1866 1639 et
1893 1585 2145 1639 ecclesia-

554 1679 705 1735 stica:
728 1680 1059 1746 auctoritati,
1088 1680 1145 1734 in
1168 1677 1472 1734 devitandis
1500 1678 1984 1734 excommunicatis
2019 1678 2148 1733 obe-

2258 450 2510 506 vidclicet
2550 459 2611 505 ut
2639 458 2694 507 et
2723 458 2845 521 post
2881 458 3117 505 mortem
3153 448 3390 521 ligatoris
3437 464 3593 521 atque
3626 465 3852 519 perma-

2254 553 2380 599 neat
2424 545 2624 617 ligatus
2670 544 2763 616 qui
2810 559 2924 599 non
2970 540 3137 599 fuerit
3176 541 3535 599 ecclesiastico
3578 558 3737 598 more
3764 559 3851 599 re-

2254 639 2592 694 conciliatus.

2326 732 2488 789 Libet
2528 740 2718 789 autem
2740 731 3071 788 sententiam
3098 733 3162 786 B.
3207 731 3462 804 Cypriani
3494 732 3758 805 martyris
3799 742 3853 787 et

2254 826 2453 899 egregii
2472 826 2713 882 doctoris
2731 825 2798 882 de
2819 824 3378 882 communicatoribus
3405 828 3854 883 excommunica-

2253 928 2443 977 torum
2481 920 2825 987 subnectere,
2857 928 2919 976 ut
2947 920 3046 991 ipsi
3074 919 3418 992 perpendant
3444 936 3608 992 quam
3641 921 3848 993 pericu-

2251 1016 2369 1072 lose
2416 1014 2517 1070 sibi
2565 1014 2698 1085 ipsis
2759 1013 2829 1069 ab
2871 1030 3064 1070 eorum
3110 1015 3387 1071 consortio
3437 1031 3549 1070 non
3599 1024 3852 1071 caveant.

2255 1108 2512 1167 Scribens
2535 1109 2685 1164 enim
2700 1108 2767 1164 ad
2790 1110 3052 1180 Magnum
3072 1109 3445 1181 presbyterum
3472 1127 3485 1164 :
3517 1112 3852 1174 Invenimus,

2256 1202 2458 1274 inquit,
2488 1205 2547 1257 in
2578 1204 2683 1257 tali
2708 1205 2944 1270 facinore
2980 1218 3091 1257 non
3118 1204 3291 1257 solum
3319 1204 3473 1259 duces
3497 1209 3547 1258 et
3575 1210 3851 1267 auctores,

2255 1298 2347 1351 sed
2371 1302 2420 1352 et
2439 1299 2733 1367 participes
2757 1300 2932 1367 pcenis
2974 1297 3262 1365 destina-ri,
3289 1300 3399 1352 nisi
3443 1312 3496 1352 se
3539 1314 3573 1351 a
3610 1314 3852 1353 commu-

2257 1394 2415 1446 nione
2438 1392 2706 1445 malorum
2743 1393 3135 1462 separaverint,
3166 1393 3512 1462 praecipiente
3534 1407 3636 1463 per
3672 1395 3852 1449 Mosen

2258 1488 2500 1547 Domino,
2532 1490 2581 1539 et
2609 1486 2847 1540 dicente:
2870 1486 3224 1555 Separamini
3241 1502 3274 1540 a
3296 1485 3658 1540 tabernaculis
3684 1487 3854 1540 homi-

2256 1594 2388 1633 num
2406 1580 2637 1633 istorum
2651 1580 3085 1641 durissimarum,
3110 1584 3160 1633 et
3172 1578 3342 1634 nolite
3362 1584 3584 1647 tangere
3604 1580 3674 1633 ab
3693 1583 3853 1634 omni-

2260 1674 2354 1727 bus
2382 1688 2501 1742 quae
2523 1676 2650 1727 sunt
2677 1674 2772 1735 eis,
2800 1688 2865 1727 nc
2893 1674 3061 1727 simul
3078 1675 3312 1743 pereatis
3337 1674 3395 1726 in
3416 1676 3654 1744 peccatis
3675 1690 3844 1727 eorum

551 1771 669 1827 dire
697 1789 810 1829 non
838 1772 1063 1838 debeat;
1092 1774 1207 1827 imo
1238 1780 1351 1827 tam
1380 1770 1664 1844 subjectus
1692 1787 1858 1843 quam
1890 1772 2143 1842 praelatus
2175 1760 2223 1822 Β
2254 1768 2440 1832 (Num.
2482 1767 2653 1837 xVI);
2686 1770 2735 1821 et
2763 1768 2906 1836 quod
2946 1769 3302 1822 comminatus
3325 1782 3425 1838 per
3452 1769 3637 1823 Mosen
3664 1770 3846 1823 Domi-

550 1882 644 1921 cos
672 1867 911 1922 devitarc
937 1866 1215 1932 studeant,
1246 1882 1314 1920 ne
1340 1864 1520 1921 eidem
1550 1865 2143 1931 excommunicationi,

539 1960 696 2032 juxta
720 1961 1097 2032 apostolorum
1124 1959 1550 2024 institutionem,
1583 1960 1784 2029 pariter
1807 1959 2139 2030 subjaceant.

619 2054 723 2109 Sed
753 2063 807 2109 et
842 2055 919 2108 illi
949 2053 1299 2119 excusationi,
1333 2067 1500 2122 quam
1537 2052 1763 2122 quidam
1791 2053 2067 2122 simplices
2090 2053 2144 2107 in

547 2154 738 2201 nostro
754 2156 999 2218 tempore
1017 2144 1383 2216 praetendunt,
1401 2146 1545 2214 quod
1564 2149 2007 2201 ewcommunicati
2022 2148 2144 2217 iam

551 2244 609 2294 in
641 2245 850 2295 tantum
874 2241 1271 2295 abundaverint
1292 2244 1353 2293 ut
1381 2256 1722 2308 nequaquam
1749 2245 1845 2293 aut
1870 2243 1965 2294 vim
1994 2240 2141 2295 devi-

551 2337 664 2388 tari
685 2337 912 2405 possint,
944 2332 1101 2388 facile
1144 2332 1504 2403 respondetur
1540 2332 1687 2404 quod
1714 2332 2006 2389 difﬁcultas
2030 2334 2143 2389 evi-

548 2426 718 2494 tandi,
754 2443 869 2482 non
898 2426 1285 2499 negligentiam
1316 2427 1542 2489 nutrire,
1587 2426 1682 2481 sed
1725 2428 1989 2497 majorem
2017 2443 2144 2483 cau-

545 2521 711 2577 telam
755 2520 822 2576 ad
864 2520 1189 2597 devitandos
1232 2520 1738 2575 excommunicatos
1785 2519 1953 2576 debet
1980 2521 2140 2577 nobis

547 2616 799 2671 excitare.
838 2615 1108 2685 Quamvis
1128 2615 1281 2669 enim
1301 2612 1522 2669 difﬁcile
1545 2615 1799 2682 vitentur,
1826 2630 1941 2670 non
1956 2624 2141 2671 tamen

544 2725 643 2780 pro
680 2709 832 2764 nullo
879 2716 1101 2780 peccato
1150 2716 1404 2778 reputare
1444 2707 1706 2763 debemus
1749 2709 1797 2764 si
1843 2709 1922 2764 eis
1950 2718 2141 2765 contra

545 2802 907 2857 ecclesiastica
941 2810 1144 2857 statuta
1174 2802 1796 2871 communicaverimus,
1836 2818 1957 2874 qua;
1974 2803 2136 2875 juxta

542 2906 762 2952 sanctos
800 2900 988 2952 Patres
1012 2912 1187 2968 usque
1232 2895 1300 2951 ad
1327 2897 1646 2967 sanguinem
1672 2894 2013 2953 defendenda
2040 2914 2137 2953 co-

543 2990 851 3063 gnovimus.
898 2991 1042 3046 Nam
1079 2998 1134 3045 et
1160 2987 1482 3060 quotidiana
1532 2998 1751 3060 peccata
1792 3004 1907 3046 non
1955 2991 2139 3046 minus

545 3100 644 3156 pro
690 3083 928 3154 peccatis
952 3091 1294 3153 reputamus,
1326 3083 1426 3137 etsi
1457 3097 1519 3137 ea
1550 3098 1898 3153 nequaquam
1927 3083 1985 3138 in
2037 3083 2137 3139 hac

2254 1876 2356 1916 nus
2384 1862 2588 1929 fuerat,
2634 1862 2894 1931 implevit,
2942 1865 3002 1915 ut
3039 1864 3284 1931 quisquis
3315 1877 3368 1917 se
3405 1878 3440 1915 a
3482 1860 3608 1917 Core
3652 1867 3701 1915 et
3744 1865 3851 1918 Βαρ

2256 1955 2388 2009 than
2417 1959 2468 2009 et
2489 1954 2704 2009 Abiron
2722 1970 2832 2010 non
2855 1960 3176 2024 separasset,
3208 1970 3389 2025 peritas
3418 1958 3603 2010 statim
3629 1971 3730 2025 pro
3753 1959 3846 2009 im-

2249 2052 2348 2118 pia
2375 2052 2743 2103 communione
2765 2050 3103 2119 persolveret.
3140 2051 3251 2117 Quo
3281 2050 3521 2120 exemplo
3548 2050 3850 2106 ostenditur

2253 2146 2304 2197 et
2322 2143 2587 2212 probatur
2620 2144 2878 2198 obnoxios
2914 2159 3087 2198 omnes
3126 2148 3175 2198 et
3201 2144 3370 2214 culpa:
3408 2149 3457 2199 et
3495 2160 3671 2216 preme
3698 2146 3852 2212 futu-

2254 2252 2365 2299 ros,
2393 2239 2491 2306 qui
2522 2252 2575 2291 se
2598 2238 2954 2292 schismaticis
2981 2242 3161 2293 contra
3184 2228 3499 2308 praepositos
3529 2244 3581 2293 et
3602 2238 3848 2293 sacerdo-

2255 2334 2330 2385 tes
2357 2332 2666 2403 irreligiosa
2707 2334 3007 2387 temeritate
3034 2333 3343 2387 miscuerint
3370 2335 3557 2402 (epist.
3598 2337 3722 2398 76).
3748 2332 3849 2388 Ca-

2254 2432 2417 2479 veant
2457 2440 2587 2496 ergo
2628 2440 2823 2481 omnes
2859 2434 2976 2480 tam
3024 2425 3302 2497 subjectus
3349 2441 3519 2497 quam
3567 2426 3847 2497 prmlatus,

2253 2525 2370 2573 tam
2412 2518 2687 2574 saecularis
2728 2535 2892 2590 quam
2924 2519 3235 2591 religiosus,
3266 2535 3294 2575 a
3336 2519 3731 2575 communione
3759 2536 3851 2575 ex-

2251 2612 2820 2681 communicatorum;
2851 2612 3000 2684 quod
3046 2613 3228 2668 nullus
3272 2614 3502 2668 omnino
3554 2613 3847 2684 excipitur,

2253 2721 2381 2762 cum
2398 2707 2657 2762 omnibus
2682 2706 2989 2779 hujusmodi
3010 2707 3334 2764 communio
3354 2708 3455 2763 sub
3472 2708 3855 2763 excommuni.

2250 2800 2470 2856 catione
2498 2800 2568 2856 ab
2597 2800 2725 2871 ipsis
2755 2801 3014 2871 apostolis
3039 2800 3407 2869 interdicitur;
3429 2809 3483 2857 et
3498 2801 3698 2857 saltem
3722 2817 3850 2858 cum

2246 2895 2740 2951 excommunicatis
2766 2896 2941 2965 perire
2959 2895 3276 2962 timeamus,
3296 2895 3343 2950 si
3377 2911 3478 2950 nec
3510 2911 3608 2967 pro
3629 2911 3851 2951 revere-

2245 2988 2419 3043 rentia
2437 2988 2749 3059 apostolicae
2777 2988 3175 3045 interdictionis
3192 3005 3287 3045 eos
3301 2987 3544 3044 devitarc
3566 3004 3845 3044 curemus.

2318 3081 2425 3150 Ipsi
2467 3082 2631 3137 etiam
2686 3084 3191 3140 communicatores
3232 3084 3846 3141 cxcommunicatorum

542 3178 647 3232 vita
673 3176 912 3233 devitarc
942 3176 1234 3231 valeamus.
1270 3175 1423 3231 Unde
1451 3184 1507 3230 et
1553 3175 1870 3247 quotidiana
1901 3176 1977 3232 eis
2006 3193 2133 3248 pro-
2172 3156 2216 3219 (ἶ
2243 3173 2519 3231 devitandi
2550 3184 2700 3246 sunt,
2750 3178 2853 3234 etsi
2899 3177 3221 3234 communio
3246 3193 3439 3234 eorum
3467 3193 3583 3233 non
3623 3177 3730 3233 sub
3758 3195 3849 3235 ex-

539 3280 727 3327 curata
751 3279 882 3326 sunt
914 3269 1173 3337 remedia,
1205 3269 1518 3325 orationum
1546 3270 1790 3326 videlicet
1816 3278 1873 3326 et
1901 3270 2137 3327 eleemo-

540 3380 822 3438 synarum,
866 3372 930 3419 ut
994 3363 1237 3436 quotidie
1283 3372 1659 3435 amputaretur
1696 3362 1847 3436 quod
1890 3364 2139 3436 quotidie

540 3460 683 3515 male
743 3458 1006 3530 pullulare
1053 3457 1281 3514 videtur.
1344 3458 1433 3514 Sic
1478 3459 1671 3530 utique
1708 3459 2139 3530 quotiescunque

539 3551 1139 3607 excommunicatorum
1161 3550 1554 3606 communione
1569 3550 1932 3618 maculamur,
1954 3551 2138 3606 statim

539 3645 608 3700 ad
634 3643 1022 3715 paenitentiam
1064 3651 1119 3698 et
1146 3643 1657 3699 reconciliationem
1693 3642 1949 3700 festinare
1973 3643 2137 3701 debe-

539 3754 683 3793 mus.
716 3739 857 3794 Nam
881 3734 1176 3791 difﬁcultas
1201 3735 1449 3792 evitandi
1478 3745 1573 3792 aut
1592 3753 1790 3807 parum
1816 3754 1918 3794 nos
1944 3748 2043 3795 aut
2057 3739 2140 3794 ni-

537 3830 612 3885 hil
637 3830 707 3886 ad
735 3829 1149 3885 excusationem
1176 3828 1403 3899 juvabit,
1426 3830 1474 3885 si
1495 3845 1595 3885 nos
1616 3831 1685 3887 ad
1716 3832 2138 3902 praecavendum

540 3930 595 3979 et
620 3930 802 3993 postea
835 3920 906 3976 ad
930 3919 1376 3977 satisfaciendum
1413 3922 1838 3993 negligentiores
1861 3922 2134 3995 effecerit,

539 4031 678 4087 quos
701 4015 752 4069 in
783 4014 878 4070 tali
904 4012 1232 4069 necessitate
1266 4012 1339 4069 ad
1376 4014 1649 4086 majorem
1679 4014 2023 4089 diligentiam
2043 4032 2136 4073 ex-

538 4110 708 4166 citare
727 4109 996 4166 debuerit.

609 4203 850 4273 Quidam
879 4202 1045 4257 etiam
1088 4199 1429 4272 ineptissime
1470 4214 1528 4257 se
1572 4217 1702 4259 cum
1728 4211 1905 4260 morte
1926 4203 2136 4262 domini

536 4298 787 4369 Gregorii
818 4312 970 4369 papae
997 4304 1250 4352 excusant
1292 4298 1484 4368 (972),
1515 4297 1669 4369 quasi
1699 4300 2139 4357 excommunica-

535 4393 742 4449 tionem
765 4391 997 4447 Romani
1027 4390 1300 4463 pontiﬁcis
1321 4399 1446 4462 post
1481 4401 1723 4449 mortem
1762 4393 1933 4464 ipsius
1952 4394 2138 4451 obser-

538 4582 687 4636 mani
714 4579 991 4650 pontiﬁcis
1015 4594 1129 4634 non
1158 4577 1345 4633 minus
1363 4586 1550 4633 ratam
1578 4580 1822 4650 reputari
1851 4596 2019 4652 quam
2048 4597 2138 4637 so-

535 4674 831 4740 lutionem,
861 4673 989 4745 quia
1022 4674 1087 4727 B.
1119 4675 1281 4729 Petro
1310 4678 1365 4727 et
1391 4671 1506 4727 suis
1535 4674 1942 4730 successoribus
1970 4691 2002 4731 a
2026 4677 2137 4731 Do-

540 4767 688 4824 mino
726 4767 817 4839 jus
848 4764 1050 4838 ligandi
1079 4764 1277 4821 eodem
1306 4772 1500 4823 tenore
1528 4774 1584 4822 et
1610 4765 1894 4834 ﬁrmitate,
1938 4778 2002 4824 ut
2027 4770 2137 4825 sol-

535 4861 715 4927 vendi,
744 4873 1068 4916 concessum
1092 4866 1193 4913 est.
1226 4858 1438 4915 Salutio
1462 4867 1650 4917 autem
1677 4861 1969 4933 cujuslibet
2000 4879 2137 4935 apo-

538 4955 739 5021 stolici,
784 4953 895 5008 sive
926 4953 983 5007 in
1023 4953 1463 5010 reconciliatione
1493 4958 2133 5025 excommunicatorum,

538 5048 651 5101 sive
668 5047 723 5101 in
741 5046 1088 5102 restitutione
1108 5048 1408 5119 lapsorum,
1438 5048 1608 5105 etiam
1631 5058 1755 5120 post
1773 5058 2014 5108 mortem
2041 5068 2137 5108 so-

532 5140 724 5195 lutoris
754 5139 930 5196 valere
956 5156 1073 5197 non
1100 5140 1406 5197 dubitatur.
1444 5142 1708 5215 Nunquid
1730 5143 1883 5201 enim
1909 5145 2139 5215 quilibet

532 5233 920 5290 reconciliatus
984 5235 1098 5291 sive
1153 5236 1439 5292 restitutus
1505 5252 1607 5308 pro
1663 5238 2136 5297 excommunicato

533 5327 615 5383 vel
644 5328 893 5399 deposito
922 5343 981 5385 se
1022 5327 1212 5386 statim
1240 5329 1527 5401 reputabit,
1564 5337 1860 5404 postquam
1889 5334 2135 5389 reconci-

534 5420 697 5476 liator
761 5421 878 5493 ejus
933 5424 1046 5478 sive
1112 5422 1400 5480 restitutor
1463 5424 1695 5482 obierit?
1758 5429 1885 5484 Non
1944 5427 2132 5485 credo.

534 5508 590 5567 Si
636 5509 802 5582 igitur
848 5511 1046 5567 solutio
1094 5511 1389 5584 cujuslibet
1434 5513 1691 5571 catholici
1735 5517 1969 5588 pastoris
2015 5528 2139 5591 post

536 5606 779 5656 mortem
824 5600 997 5672 ipsius
1045 5609 1166 5657 rata
1211 5609 1267 5657 et
1309 5602 1650 5661 observanda
1678 5622 1793 5662 non
1821 5605 2135 5679 dubitatur,

611 5724 1040 5809 (972).Scrip_sit
1079 5742 1210 5809 ergo
1233 5729 1562 5809 _i3_crnaldus
1606 5729 1749 5786 hanc
1791 5732 2132 5805 apologiam,

540 5806 763 5854 mortuo
777 5799 900 5871 jam
937 5799 1199 5872 Gregorio
1233 5802 1349 5856 Vll.

2244 3269 2751 3326 communicatione
2787 3278 2906 3327 tam
2936 3270 3217 3327 evidenter
3241 3280 3303 3328 ut
3344 3272 3850 3328 excommunicato-

2244 3377 2371 3418 rum
2394 3363 2554 3418 nobis
2578 3363 2870 3421 interdicta
2895 3367 3125 3437 legatur.
3168 3368 3311 3421 Nam
3335 3366 3393 3420 in
3418 3366 3586 3421 sacris
3615 3366 3847 3421 canoni-

2246 3453 2349 3511 bus
2375 3471 2757 3528 saepenumero
2804 3460 3075 3531 reperitur
3114 3467 3176 3515 ut
3214 3460 3310 3532 qui
3342 3461 3725 3517 communicat
3751 3476 3843 3515 ex-

2245 3552 2692 3619 communicato,
2745 3552 3279 3609 excommunicetur.
3346 3556 3457 3613 Nec
3500 3562 3723 3610 tantum
3772 3555 3845 3610 ibi

2245 3646 2552 3715 specialiter
2579 3645 2829 3718 adjicitur
2873 3656 2934 3702 ut
2965 3656 3020 3703 et
3063 3648 3548 3704 communicatoris
3588 3664 3843 3704 commu-

2247 3738 2462 3796 nicator
2498 3740 2599 3795 sub
2651 3741 3219 3798 excommunicatione
3267 3740 3598 3799 damnetur:
3642 3757 3843 3815 nempe

2244 3834 2444 3901 multa,
2473 3835 2588 3889 imo
2631 3835 2783 3906 plura
2824 3844 2974 3904 sunt,
3018 3851 3143 3907 quae
3170 3851 3447 3908 nusquam
3478 3836 3560 3891 vel
3588 3835 3694 3891 sub
3718 3851 3845 3908 spe-

2244 3925 2371 3982 ciali
2400 3927 2787 3998 prohibitione,
2816 3928 3027 3986 nedum
3054 3928 3640 3999 excommunicatione,
3687 3929 3840 3985 nobis

2246 4020 2517 4091 prohibita
2538 4022 2813 4093 leguntur,
2842 4031 2905 4079 ut
2928 4038 3154 4079 carnem
3179 4023 3470 4081 comedere
3491 4024 3554 4079 in
3594 4026 3839 4081 Parasce-

2246 4130 2310 4171 ve
2325 4157 2339 4183 ,
2372 4124 2427 4172 et
2447 4116 2550 4173 alia
2573 4115 2910 4188 hujusmodi,
2934 4132 3063 4189 qua;
3088 4126 3275 4174 tamen
3301 4133 3399 4189 pro
3424 4118 3543 4175 sola
3564 4118 3842 4174 ecclesias-

2243 4209 2382 4267 stica
2426 4210 2820 4267 consuetudine
2863 4212 3172 4268 necessario
3201 4211 3536 4277 devitamus,
3566 4228 3657 4283 ne,
3680 4214 3833 4283 juxta

2246 4305 2615 4374 Augustinum
2644 4305 2715 4361 ad
2744 4306 3074 4363 Casulanum
3112 4306 3517 4378 presbyterum,
3549 4315 3613 4362 ut
3639 4321 3842 4378 praeva-

2245 4397 2506 4454 ricatores
2550 4398 2750 4455 divinae
2800 4399 2934 4471 legis
2960 4399 3297 4471 judicemur.
3347 4401 3405 4456 Si
3445 4415 3578 4472 ergo
3608 4401 3841 4472 plurima

439 4490 445 4497 ’
536 4502 662 4542 vare
702 4502 817 4542 non
844 4484 1097 4541 debeant.
1151 4483 1256 4540 Sed
1297 4483 1349 4539 hi
1381 4483 1602 4541 audiant
1649 4485 1965 4558 ligationem
2016 4489 2130 4544 Ro-
2158 4497 2209 4559 1)
2242 4506 2339 4562 pro
2364 4491 2481 4547 sola
2501 4491 2865 4550 ecclesiastica
2880 4494 3271 4551 consuetudine
3284 4492 3617 4562 devitamus,
3637 4501 3842 4567 quanto

2247 4586 2423 4657 magis
2461 4586 2616 4654 illud,
2660 4586 2815 4660 quod
2860 4605 2893 4645 a
2936 4588 3135 4644 sanctis
3173 4589 3431 4645 Patribus
3456 4588 3558 4645 etsi
3584 4604 3701 4644 non
3739 4586 3842 4644 sub

2243 4681 2840 4751 excommunicatione,
2888 4690 3075 4738 tamen
3111 4682 3425 4738 ﬁrmissime
3473 4682 3841 4755 proscriptum

2245 4775 2624 4846 cognovimus,
2672 4775 2877 4832 scilicet
2918 4790 2988 4831 ne
3025 4775 3591 4833 communicatoribus
3618 4790 3841 4861 excom-

2244 4869 2654 4927 municatorum
2681 4869 3177 4926 communicemus.
3202 4872 3349 4927 Nam
3376 4870 3567 4926 beatus
3594 4868 3844 4947 Gplasius

2243 4978 2405 5034 papa,
2456 4963 2546 5036 qui
2611 4970 2668 5019 et
2709 4963 2942 5019 aliorum
3003 4972 3319 5020 sanctorum
3366 4965 3597 5021 Patrum
3643 4964 3845 5034 scripta

2241 5055 2538 5127 apostolica
2566 5056 2885 5113 auctoritate
2916 5056 3255 5113 canonizavit
3280 5058 3467 5130 (973),
3498 5056 3743 5113 scribens
3768 5053 3845 5109 ad

2241 5149 2523 5221 episcopos
2553 5148 2866 5217 Dardania,
2896 5149 3037 5207 hanc
3064 5150 3400 5207 sententiam
3435 5149 3839 5222 promulgavit:

2241 5244 2411 5307 Nihil,
2441 5243 2636 5314 inquit,
2666 5245 2814 5301 nobis
2842 5260 3114 5303 commune
3136 5261 3256 5301 cum
3282 5246 3590 5301 hominibus
3614 5258 3842 5300 comu—

2240 5340 2419 5392 nionis
2468 5342 2725 5405 externa,
2759 5338 2814 5394 in
2861 5339 2947 5395 his
2977 5339 3245 5411 praecipue
3281 5339 3445 5395 rebus
3491 5354 3625 5411 quas
3666 5336 3840 5393 δειλαί

2238 5434 2429 5487 Patres
2456 5429 2618 5486 nobis
2660 5432 3007 5503 prohibuisse
3051 5431 3430 5504 cognovimus.
3483 5432 3633 5488 Idem
3663 5430 3712 5485 in
3742 5443 3839 5485 se-

2243 5520 2540 5591 quentibus
2562 5523 2749 5591 (epist.
2788 5524 2883 5587 11)
2914 5538 2932 5576 :
2962 5522 3106 5590 Quid
3129 5522 3287 5593 juvat
3326 5525 3379 5578 si
3404 5524 3526 5592 quis

2241 5612 2477 5666 dentiori
2506 5612 2754 5668 heretico
2781 5627 2888 5668 non
2912 5616 3277 5677 communicet,
3307 5617 3361 5668 et
3385 5612 3473 5668 his
3502 5617 3673 5667 tamen
3697 5620 3837 5661 σοπ-

2316 5738 2490 5818 (973λ
2514 5734 2573 5791 Id
2604 5744 2705 5819 est,
2739 5737 3057 5798 authentica
3083 5736 3402 5806 declaravit,
3435 5744 3489 5792 et
3515 5734 3583 5793 ab
3610 5744 3835 5805 apocry-

2245 5806 2370 5880 phis
2393 5822 2452 5865 se
2469 5807 2673 5880 junxit.
3334 5870 3335 5873 η
