4052 6180
295 284 433 341 1077

1198 280 1499 343 APPEND.
1528 286 1614 342 Ill.
1652 314 1724 328 -—
1758 286 2176 346 MONUMENTA
2213 291 2672 353 GREGORIANA.

3451 306 3587 360 1078

289 410 539 464 murubne
546 408 837 479 jungatur,
856 413 955 481 qui
980 412 1050 467 ab
1069 411 1343 467 illiusnon
1370 416 1499 467 sunt
1524 414 1885 468 communione
1910 416 1965 480 Α
1985 413 2233 485 jusmodi
2268 390 2769 480 communicatores
2795 421 3125 493 devitemus,
3155 440 3225 481 ne
3259 433 3315 483 et
3349 442 3453 483 nos
3495 444 3589 500 per

288 502 491 557 diversi
504 505 535 558 7

359 598 442 651 Ne
467 596 590 667 quis
624 602 811 652 autem
851 595 991 654 hanc
1010 598 1346 657 sententiam
1376 600 1534 673 quasi
1585 599 1769 657 minus
1797 616 1881 658 ra-

286 696 399 745 tam
430 698 766 757 contemnat,
795 706 859 747 eo
887 692 1035 765 quod
1056 708 1278 765 poenam
1299 694 1882 751 excommunicationis

285 783 595 855 specialiter
617 785 909 856 ascriptam
933 802 1045 843 non
1077 787 1292 856 habeat,
1317 788 1607 862 diligenter
1632 788 1884 846 attenda-

283 884 375 932 tur
402 876 533 948 quid
558 880 621 933 B.
642 878 895 936 Nicolaus
920 896 1054 952 papa
1079 885 1124 950 l,
1155 882 1211 936 in
1242 883 1483 954 generali
1504 882 1713 956 synodo
1742 900 1881 956 prai-

284 970 490 1039 sidens,
509 973 743 1043 generali
766 973 1008 1043 ejusdem
1037 976 1232 1047 synodi
1258 975 1467 1048 judicio
1487 977 1744 1033 decernat
1767 982 1877 1046 (26,

281 1082 336 1136 q.
360 1080 407 1133 1,
437 1082 482 1121 c.
520 1067 627 1134 l8).
660 1067 764 1123 Sed
800 1070 852 1122 si
877 1070 1022 1137 quis,
1054 1068 1253 1141 inquit,
1284 1072 1562 1140 dogmata,
1594 1072 1876 1137 mandata,

280 1159 592 1227 interdicta,
635 1163 930 1216 sanctiones
976 1165 1086 1217 sive
1123 1164 1335 1219 decreta
1391 1181 1426 1219 a
1456 1167 1690 1235 praesule
1739 1166 1879 1221 sedis

278 1255 584 1324 apostolica
621 1257 972 1325 promulgata
1026 1261 1416 1326 contempserit,
1463 1261 1746 1316 anathema
1784 1265 1874 1318 sit.

280 1348 395 1401 Nec
435 1346 537 1403 hoc
577 1348 761 1419 utique
796 1351 970 1406 sancti
1016 1354 1204 1408 Patres
1240 1353 1607 1409 necessarium
1646 1354 1759 1410 fore
1782 1356 1873 1427 .ju-

279 1438 622 1507 dicaverunt,
645 1449 707 1495 ut
733 1444 941 1515 singula
979 1460 1215 1517 qumque
1245 1446 1581 1518 prohibenda
1611 1449 1875 1521 singulari

277 1535 847 1592 excommunicatione
870 1538 1247 1609 prohiberent,
1276 1557 1403 1596 cum
1432 1542 1731 1612 saepissime
1745 1558 1871 1598 om-

1993 524 2189 566 eorum
2220 516 2567 573 consortium
2600 517 2853 590 contagia
2881 517 3217 589 perﬁdorum
3243 519 3460 577 subisse
3489 522 3586 595 ju-

1991 602 2276 663 dicemur?
2302 608 2355 662 Si
2388 610 2507 681 quis
2548 619 2731 668 autem
2773 611 2891 668 haec
2916 612 3101 668 omnia
3128 613 3287 669 latius
3328 616 3583 672 conside-

1992 713 2113 753 rare
2143 700 2429 767 desiderat,
2459 704 2657 776 scripta
2679 704 2929 775 ejusdem
2982 707 3267 778 apostolici
3306 707 3379 763 ad
3413 709 3585 765 diver-

1989 805 2081 846 sos
2101 790 2170 847 de
2202 794 2548 853 anathemate
2572 800 2755 855 Acacii
2774 816 2885 855 non
2911 800 3223 857 transitorie
3266 802 3437 873 legat;
3460 819 3582 875 quae

1992 884 2039 938 si
2069 884 2303 942 ﬁdeliter
2341 890 2644 963 mrlegerit,
2681 892 2833 948 nulla
2871 894 2922 949 ei
2960 895 3199 966 amplius
3254 895 3321 951 de
3352 896 3583 954 vitandis

1989 981 2547 1039 communicatoribus
2574 985 3177 1043 excommunicatorum
3212 987 3474 1046 dubitatio
3498 1006 3579 1047 re-

1990 1072 2257 1127 manebit.

2058 1167 2344 1238 Accipiant
2372 1184 2499 1241 ergo
2528 1185 2674 1241 saepe
2703 1170 2829 1227 dicti
2861 1174 3364 1231 communicatores
3382 1193 3577 1233 sanum

1986 1260 2275 1316 consilium
2294 1301 2309 1328 ,
2340 1270 2395 1317 et
2420 1261 2683 1320 festinent
2703 1264 2774 1320 ad
2802 1265 3223 1322 ecclesiasticam
3258 1271 3575 1325 reconcilia-

1985 1353 2216 1420 tionem,
2246 1371 2351 1411 nec
2369 1357 2698 1414 catholicam
2737 1359 3110 1416 sinceritatem
3159 1370 3385 1418 externa
3428 1380 3579 1435 com;

1986 1446 2260 1513 munione,
2291 1448 2451 1521 juxta
2488 1452 2550 1505 B.
2598 1452 2911 1521 Gelasium,
2954 1456 3387 1522 commaculent;
3419 1464 3515 1512 aut
3540 1458 3581 1512 si

1980 1537 2080 1610 ipsi
2115 1557 2272 1597 suam
2303 1543 2537 1601 salutem
2562 1545 2921 1619 neglexerint,
2972 1563 3072 1603 nos
3107 1557 3313 1618 tamen,
3340 1550 3430 1622 qui
3478 1552 3578 1607 Ca-

274 1629 433 1685 nium
461 1628 1389 1689 ecclesiasticaruminstitutionum
1433 1635 1724 1691 violatores
1769 1635 1870 1692 sub
1978 1633 2164 1691 tholici
2203 1652 2417 1708 sumus,
2457 1638 2616 1695 nobis
2642 1640 2709 1696 ab
2748 1656 2943 1697 eorum
2966 1642 3462 1721 commaculatione
3486 1660 3575 1701 ca-

274 1723 516 1793 generali
537 1723 885 1781 damnatione
916 1727 1236 1782 multarent.
1267 1727 1372 1785 Sed
1397 1735 1451 1784 et
1475 1729 1593 1801 ipsa
1625 1731 1869 1787 ecclesia-

269 1816 410 1872 stica
437 1818 777 1875 consuetudo
804 1820 1135 1875 sententiam
1177 1820 1317 1876 beati
1366 1822 1568 1878 Gelasii
1600 1840 1750 1895 papae
1778 1826 1876 1881 ob-
1904 1803 1957 1869 Β

271 1926 490 1966 servare
537 1920 783 1981 conatur,
829 1930 949 1983 quos
969 1918 1466 1971 communicatorem
1493 1922 1869 1975 excommuni-

271 2007 386 2059 cati
406 2008 641 2075 recipere
668 2022 775 2061 non
804 2008 951 2071 solet,
983 2010 1093 2063 nisi
1124 2010 1541 2065 reconciliatum.
1593 2012 1747 2067 Nihil
1771 2029 1870 2067 au-

269 2104 377 2153 tem
405 2101 618 2168 ﬁrmius
646 2104 724 2156 est
744 2102 1049 2165 tenendum,
1077 2109 1139 2157 ut
1161 2103 1218 2157 S.
1252 2104 1591 2175 Augustinus
1618 2112 1868 2175 testatur,

265 2208 434 2263 quam
456 2195 598 2248 illud
632 2197 692 2249 in
715 2211 819 2265 quo
840 2198 1039 2252 ueritas
1084 2198 1467 2253 consuetudini
1498 2199 1865 2268 suffragatur.

341 2284 476 2343 ideo
514 2295 699 2343 autem
727 2289 897 2344 sancti
926 2292 1113 2346 Patres
1147 2290 1461 2363 hujusmodi
1490 2293 1871 2349 communica-

264 2386 421 2435 tores
447 2380 674 2437 devitari
719 2383 1025 2446 voluerunt,
1054 2384 1207 2456 quod
1239 2385 1389 2457 ipsos
1418 2386 1571 2457 quasi
1616 2401 1647 2440 a
1675 2386 1871 2458 seipsis

264 2474 564 2531 damnatos
586 2474 915 2533 habuerunt.
953 2476 1041 2533 Sic
1069 2476 1331 2548 praefatus
1372 2480 1702 2549 apostolicus
1726 2485 1865 2535 Aca-

262 2568 439 2635 cium,
497 2578 714 2640 recepta
752 2572 1143 2626 communione
1186 2571 1353 2637 Petri,
1402 2586 1461 2626 se
1489 2571 1670 2642 ipsum
1702 2573 1860 2628 dam-

263 2677 427 2718 nasse
481 2671 731 2719 testatur.
779 2663 940 2719 Unde
982 2673 1039 2719 et
1066 2664 1259 2720 beatus
1293 2664 1441 2720 Felix
1470 2680 1608 2736 papa
1654 2665 1709 2721 in
1746 2667 1863 2737 ipsa

263 2757 543 2813 sententia
571 2771 680 2829 qua
702 2757 970 2813 Acacium
995 2756 1478 2814 anathematizavit
1509 2758 1613 2813 hoc
1639 2759 1861 2831 signan-

263 2861 354 2906 ter
384 2849 642 2922 apposuit
669 2869 682 2906 :
708 2852 859 2906 Habe
877 2867 997 2920 ergo
1023 2867 1143 2905 cum
1157 2851 1245 2906 his
1273 2866 1403 2921 quos
1427 2852 1653 2907 libenter
1666 2855 1865 2924 ample-

258 2948 430 3001 cteris
454 2948 775 3016 portionem,
810 2944 916 3000 hoc
940 2952 1041 3012 est,
1074 2960 1203 3000 cum
1248 2946 1772 3017 excommunicatis;
1802 2964 1868 3004 ac

254 3040 308 3095 si
335 3039 579 3094 diceret:
608 3040 734 3094 Non
754 3046 867 3094 tam
886 3053 1085 3095 novam
1106 3040 1736 3097 exeommunicatiouem
1773 3057 1865 3098 su-

1980 1742 2221 1785 veamus.

2408 1870 2477 1923 In
2496 1870 2920 1927 Simoniacorum
2951 1876 3145 1928 causis.

2053 2006 2196 2077 (973)
2222 2012 2253 2063 J
2260 2007 2502 2064 udicium
2531 2025 2689 2081 aqua;
2731 2008 2946 2081 frigida:
2990 2027 3111 2067 non
3138 2012 3455 2085 recipimus,
3476 2030 3578 2070 nec

1977 2115 2171 2156 eorum
2201 2102 2578 2158 testimonium
2627 2103 2721 2175 qui
2752 2104 2929 2159 eidem
2962 2105 3158 2160 morbo
3197 2108 3574 2175 consentiunt,

1977 2193 2072 2249 sed
2114 2194 2495 2267 religiosorum
2525 2195 2759 2251 fratrum
2806 2197 2898 2267 qui
2950 2198 3128 2254 eidem
3172 2200 3361 2256 sceleri
3392 2200 3576 2256 studio

1976 2296 2033 2343 et
2076 2288 2354 2345 voluntate
2395 2290 2672 2346 resistunt.
2718 2291 2825 2362 Qui
2873 2299 3056 2346 tamen
3114 2300 3277 2348 testes
3317 2309 3429 2349 non
3481 2310 3576 2365 per

1976 2396 2173 2453 aquam
2224 2381 2477 2454 frigidam
2516 2385 2576 2451 [ι.
2627 2397 2747 2451 seu,
2797 2385 2880 2440 ed.
2912 2389 3001 2454 P.]
3037 2400 3133 2458 per
3178 2386 3409 2459 ignitum
3474 2386 3577 2445 fer-

1975 2490 2116 2544 rum,
2141 2475 2223 2531 vel
2248 2474 2547 2532 ferventem
2577 2492 2774 2548 aquam
2804 2486 2933 2533 sunt
2960 2479 3279 2551 acquirendi
3303 2486 3466 2547 (974).

2048 2568 2345 2624 Simoniaci
2374 2585 2488 2625 non
2514 2569 2881 2626 admittuntur
2906 2572 3286 2644 adjudicium,
3306 2575 3348 2629 si
3380 2574 3572 2647 proba-

1978 2660 2113 2717 biles
2141 2678 2392 2732 personaa
2437 2663 2603 2719 etiam
2650 2664 2915 2719 laicorum
2946 2665 3029 2719 vel
3068 2666 3423 2734 feminarum,
3456 2684 3575 2740 pre-

1976 2755 2112 2809 tium
2141 2770 2200 2811 se
2227 2756 2297 2811 ab
2326 2756 2405 2812 eis
2428 2758 2695 2828 recepisse
2714 2765 3011 2813 testantur.
3034 2761 3147 2815 Nec
3176 2761 3325 2816 aliud
3367 2770 3451 2817 est
3470 2776 3574 2833 pro

1977 2848 2274 2905 manifestis
2306 2850 2492 2905 venire
2538 2849 2605 2905 ad
2628 2849 2919 2922 judicium,
2964 2852 3070 2906 nisi
3114 2861 3322 2908 tentare
3377 2855 3573 2910 Domi-

1974 2958 2130 2999 num.
2190 2944 2355 3000 Unde
2395 2952 2451 2999 et
2499 2942 2739 3000 fallimur
2779 2944 3057 3001 multoties
3088 2946 3143 3001 in
3180 2945 3400 3015 talibus,
3450 2948 3571 3020 quia

1976 3039 2126 3092 Deus
2152 3037 2312 3111 longe
2357 3046 2441 3093 est
2480 3037 2551 3093 ab
2579 3037 2664 3093 his
2718 3039 2813 3109 qui
2841 3026 3058 3094 tentant
3105 3039 3258 3095 illum
3306 3043 3455 3111 (Sap.
3504 3044 3568 3107 1).

256 3146 365 3203 per
404 3138 461 3186 te
487 3128 739 3200 fecimus,
780 3146 948 3203 quam
971 3140 1235 3197 veterem,
1286 3130 1377 3202 qui
1404 3139 1458 3187 te
1486 3132 1669 3203 ipsum
1712 3148 1863 3188 com-
1890 3168 1938 3235 Ο
2044 3133 2149 3186 Per
2172 3132 2373 3187 multos
2392 3131 2509 3203 jam
2550 3146 2723 3188 annos
2763 3132 2912 3204 regni
2935 3132 3221 3189 Teutonici
3250 3133 3477 3190 latitudo
3502 3134 3569 3189 ab

253 3223 599 3281 municando
615 3224 1103 3280 excommunicatis
1122 3224 1417 3291 innodasti,
1443 3226 1857 3282 conﬁrmamus.

251 3320 378 3374 Nec
396 3317 503 3373 hoc
538 3316 669 3373 eane
690 3318 1030 3390 negligenter
1053 3318 1449 3389 inspiciendum
1475 3318 1623 3389 quod
1666 3321 1731 3373 B.
1756 3320 1859 3376 Ge-

253 3412 433 3468 lasius
474 3418 588 3466 tam
636 3427 886 3483 expresse
948 3410 1187 3483 subjecit
1235 3427 1333 3467 cur
1362 3412 1668 3483 apostolica
1705 3413 1859 3469 sedes

250 3509 527 3563 Acacium
552 3508 1085 3564 communicatorem
1117 3507 1259 3563 Petri
1290 3506 1609 3563 refutaverit
1641 3525 1654 3561 :
1682 3512 1857 3572 Beati,

248 3601 465 3672 inquit,
491 3604 639 3658 Petri
672 3603 819 3657 sedes
861 3618 927 3657 ne
960 3616 1063 3672 per
1096 3602 1352 3656 Acacium
1380 3603 1439 3655 in
1465 3602 1618 3657 Petri
1650 3615 1858 3656 consor-

249 3699 403 3752 tium
459 3697 760 3762 duceretur,
810 3698 994 3766 ipsum
1042 3711 1251 3769 quoque
1274 3711 1309 3748 a
1352 3711 1457 3750 sua
1496 3698 1862 3751 communione

246 3792 549 3847 submouit.
590 3790 742 3846 Idem
789 3789 1081 3845 Anastasio
1124 3789 1263 3861 imp.
1296 3790 1472 3860 (epist.
1512 3792 1600 3856 10)
1646 3807 1660 3844 :
1702 3793 1856 3845 Post-

248 3901 428 3957 quam
467 3886 699 3941 Acacius
728 3885 1112 3939 communionis
1162 3888 1396 3939 externa
1424 3886 1602 3951 factus
1624 3888 1725 3946 est,
1755 3899 1861 3939 non

247 3982 441 4051 potuit
485 3981 596 4033 nisi
631 3995 668 4033 a
706 3979 971 4033 catholica
1016 3982 1067 4031 et
1118 3979 1410 4047 apostolica
1454 3969 1579 4032 mea:
1617 3980 1861 4033 societate

245 4074 512 4145 prasidi,
536 4088 600 4127 ne
619 4087 723 4143 per
748 4086 888 4139 eum,
912 4073 962 4127 si
982 4072 1068 4125 vel
1076 4071 1369 4141 paululum
1408 4084 1749 4138 cessaremus,
1764 4085 1858 4125 nos

253 4182 483 4239 quoque
518 4168 823 4221 videremur
861 4166 1070 4221 subisse
1096 4165 1357 4235 contagia
1402 4164 1753 4233 perﬁdorum.
1795 4166 1861 4218 Et

251 4260 429 4332 paulo
456 4259 701 4330 superius
734 4276 747 4313 :
779 4262 898 4317 Non
923 4263 1125 4329 potest,
1149 4257 1343 4328 inquit,
1364 4257 1608 4327 quilibet,
1642 4271 1859 4327 perver-

250 4356 449 4410 sitatis
478 4355 925 4409 communis-atare
960 4356 1222 4422 suscepto,
1247 4367 1355 4407 non
1393 4353 1609 4421 pariter
1646 4365 1857 4421 perver-

248 4463 347 4504 sus
369 4448 625 4519 probari;
646 4464 739 4502 nec
754 4452 932 4519 potest
956 4448 1199 4514 refutari
1222 4448 1571 4516 perversitas,
1611 4445 1859 4515 complice

1973 3226 2291 3295 apostolicae
2315 3224 2458 3280 sedis
2478 3225 2687 3281 unitate
2711 3224 2879 3282 divisa
2922 3235 3025 3281 est.
3060 3229 3126 3282 In
3163 3243 3272 3299 quo
3306 3228 3568 3283 nimirum

1967 3317 2266 3374 schismate
2290 3326 2507 3374 tantum
2538 3318 2763 3390 periculi
2794 3318 2997 3376 factum
3033 3329 3115 3376 est
3146 3329 3227 3387 ut,
3268 3321 3417 3393 quod
3441 3336 3569 3378 cum

1970 3411 2159 3468 dolore
2181 3454 2195 3479 ,
2230 3410 2489 3481 dicimus,
2511 3412 2594 3467 vix
2620 3413 2776 3483 pauci
2800 3413 3111 3470 sacerdotes
3156 3422 3251 3469 aut
3283 3415 3462 3471 clerici
3484 3432 3573 3471 ca-

1977 3504 2165 3560 tholici
2198 3504 2249 3560 in
2278 3513 2427 3561 tanta
2464 3513 2735 3561 terrarum
2760 3507 3042 3563 latitudine
3080 3507 3433 3578 reperiantur.
3465 3512 3572 3565 Tot

1970 3598 2139 3671 igitur
2171 3598 2294 3654 ﬁliis
2323 3599 2378 3653 in
2404 3599 2505 3655 hac
2526 3608 2707 3670 strage
2723 3599 3051 3671 jacentibus,
3079 3599 3407 3658 Christianae
3422 3602 3570 3673 pacis

1969 3692 2264 3749 necessitas
2305 3693 2472 3763 exigit
2510 3702 2570 3748 ut
2598 3708 2761 3764 super
2790 3693 2893 3749 hos
2922 3702 3164 3749 materna
3194 3695 3454 3752 Ecclesia
3482 3696 3567 3752 vi-

1968 3802 2120 3843 scera
2148 3787 2479 3859 aperiantur.
2521 3789 2746 3842 Patrum
2786 3787 2968 3858 itaque
3008 3796 3333 3846 nostrorum
3383 3803 3563 3845 exem-

1971 3882 2075 3953 plis
2123 3889 2179 3936 et
2236 3878 2451 3951 scriptis
2502 3879 2772 3949 instructi,
2811 3880 2902 3953 qui
2950 3880 3179 3938 diversis
3229 3884 3567 3955 temporibus

1970 3974 2323 4042 Novatianos,
2379 3973 2718 4041 Donatistas,
2750 3982 2807 4030 et
2843 3974 2978 4031 alios
3021 3975 3309 4032 haereticos
3342 3977 3401 4033 in
3448 3978 3563 4033 suis

1970 4068 2257 4125 ordinibus
2294 4075 2675 4139 susceperunt,
2725 4067 2937 4140 praefati
2970 4069 3452 4153 regni/episcopos
3503 4071 3562 4125 in

1968 4161 2261 4217 schismate
2305 4160 2604 4230 ordinatos,
2646 4160 2749 4217 nisi
2797 4170 2892 4217 aut
2933 4154 3235 4231 invaseres,
3272 4171 3369 4218 aut
3390 4163 3561 4219 Simo-

1968 4254 2111 4311 niaci
2165 4261 2261 4309 aut
2290 4253 2575 4309 criminosi
2628 4255 3089 4326 comprobentur,
3144 4256 3203 4312 in
3232 4255 3415 4312 ofﬁcio
3450 4257 3563 4328 epi-

1969 4345 2171 4419 scopali
2208 4345 2560 4417 suscipimus.
2620 4345 2863 4417 Idipsum
2912 4348 2980 4403 de
3008 4349 3218 4405 clericis
3272 4350 3562 4422 cujuscun-

1966 4456 2077 4513 que
2100 4439 2305 4497 ordinis
2327 4438 2732 4507 constituimus,
2757 4455 2898 4510 quos
2918 4440 3026 4496 vita
3054 4442 3387 4514 scientiaque
3406 4456 3556 4498 com-

244 4543 627 4613 perversitatis
660 4541 909 4597 admisso.
943 4539 1179 4597 Videsne
1205 4554 1373 4612 quam
1400 4538 1709 4595 necessario
1754 4537 1851 4592 hu-
1888 4545 1940 4610 ι)
1966 4532 2214 4591 mendat.

330 4750 484 4825 (973)
528 4745 903 4825 Sequebantur
924 4745 1041 4825 haec
1068 4745 1121 4801 in
1150 4744 1440 4825 ms.‘_cod.,
1486 4759 1609 4825 qua;
1645 4758 1771 4825 nec“
1788 4742 1859 4799 ad

2040 4739 2183 4811 (9'74)
2231 4738 2437 4794 Omnes
2460 4736 2579 4794 ista
2608 4736 3034 4811 probationesa
3059 4737 3229 4811 sacris
3255 4740 3559 4811 canonibus

246 4810 635 4874 antecedentia
686 4832 789 4873 nec
837 4818 907 4873 ad
958 4818 1344 4888 subsequentia
1394 4810 1686 4888 pertinent.
1726 4817 1849 4870 Non
1956 4810 2351 4888 Prehibentur,_
2373 4816 2437 4865 ut
2468 4818 2612 4882 patet
2642 4810 2698 4866 in
2727 4810 3109 4879 decretalibus,
3149 4810 3233 4869 tit.
3266 4810 3336 4868 de
3358 4813 3557 4883 Purga-

250 4890 558 4947 omisimus
584 4899 793 4961 tamen,
814 4898 877 4947 ut
897 4889 1082 4947 omnia
1105 4886 1309 4947 codicis
1332 4886 1475 4944 bona
1501 4886 1612 4943 ﬁde
1649 4899 1849 4958 reprae-

250 4970 631 5019 sentaremus.

1955 4883 2109 4940 tione
2150 4880 2373 4953 vulgari.
