4052 6180
495 277 631 329 1079

1492 270 1582 324 ΑΙ)
1623 270 1847 325 OPERA
1885 269 1941 324 S.
1982 267 2302 324 GREGORII
2343 264 2777 324 APPENDICES.

3652 264 3672 313 1
3681 262 3789 314 080

507 415 3791 445 ___________________________________________________.__.___.__

567 584 1115 678 SYNODUS
1184 582 1676 675 ROMANA
1745 584 1967 675 SUB
2035 580 2657 672 GREGOBIO
2725 578 2907 671 VII
2976 573 3722 668 CELEBRATA.

764 774 1038 840 (Dedimus
1060 788 1230 845 supra
1256 777 1394 829 inter
1419 776 1640 828 concilia
1665 778 1842 830 Roma:
1869 774 2143 829 celebrata
2167 777 2403 843 tempore
2426 774 2481 829 S.
2517 772 2765 839 Gregorii
2793 771 2915 824 VII.
2948 772 3045 825 Est
3074 768 3262 822 ordine
3288 767 3526 836 quinta.)

1667 863 1696 888 4

1926 1115 2385 1208 INCIPIT

1098 1337 1555 1454 UTlLIS
1646 1254 2514 1453 ALTERCATIO
2615 1332 3202 1452 DUORUM

1716 1578 1914 1621 SUPER
1953 1578 2205 1631 QUODAM
2244 1577 2588 1629 CAPITULO,

1482 1718 1584 1779 DE
1624 1716 2228 1805 ΙΝῼΟΝΤΙΝΕΝΤΙΑ
2273 1714 2812 1777 SACERDOTUM.

573 2063 818 2118 Domino
832 2077 894 2116 ac
920 2061 1231 2116 venerando
1251 2057 2101 2125 sacerdotiALnouvo,scientia,
2131 2064 2185 2124 Α
2216 2058 2317 2113 rali
2342 2071 2557 2114 ccxvn
2588 2059 2840 2124 Patrum,
2876 2055 2963 2111 cui
2981 2056 3231 2128 egregius
3245 2054 3443 2111 doctor
3461 2057 3796 2127 Augustinus

503 2165 556 2210 et
576 2154 1119 2210 moribusadornato.
1140 2157 1509 2209 BEBNALDUS
1528 2152 1739 2209 bonum
1756 2151 2088 2220 indeﬁciens,

504 2247 652 2317 quod
679 2256 763 2303 est
791 2246 1064 2302 Christus.

576 2343 718 2396 Cum
747 2341 993 2411 proxime
1042 2340 1205 2395 simul
1231 2355 1495 2406 essemus,
1526 2347 1581 2396 et
1602 2339 1768 2396 verba
1801 2338 1871 2395 de
1925 2353 2097 2395 cano-

504 2451 637 2490 num
669 2434 1045 2490 sanctionibus
1077 2433 1144 2489 ad
1163 2433 1402 2489 invicem
1423 2433 1797 2489 conferremus
1815 2473 1829 2499 ,
1851 2433 2099 2506 aliquan-

506 2530 685 2583 tulum
708 2527 777 2584 de
805 2528 1042 2598 capitulo
1072 2528 1280 2583 Nicaeni
1310 2527 1523 2583 concilii
1552 2527 1933 2583 dissensimus.
1953 2528 2096 2584 Cum

505 2623 656 2677 enim
679 2622 823 2677 inter
849 2637 970 2689 nos,
996 2630 1057 2676 ut
1084 2622 1300 2689 recolis,
1332 2620 1400 2677 de
1451 2620 1788 2692 prohibenda
1836 2621 2099 2678 sacerdo-

505 2724 625 2771 tum
657 2714 1060 2772 incontinentia
1098 2731 1286 2772 sermo
1323 2724 1703 2773 consereretur
1735 2718 1800 2783 [Γ.
1833 2714 2100 2771 conferre-

505 2812 639 2880 tur],
670 2825 795 2880 quae
838 2810 893 2864 in
923 2810 1085 2863 tertio
1115 2808 1368 2881 ejusdem
1414 2809 1627 2865 concilii
1674 2809 1915 2879 capitulo
1963 2809 2099 2865 adeo

506 2903 844 2974 prohibetur,
877 2918 946 2957 ne
977 2903 1172 2958 saltem
1218 2903 1402 2959 clerici
1428 2904 1669 2960 debeant
1696 2903 1946 2960 habitare
1973 2920 2101 2959 cum

506 2996 729 3053 feminis
751 2996 899 3052 nulla
931 2996 1392 3067 consanguinitate
1450 2997 1787 3069 propinquis,
1830 3005 1887 3052 tu
1919 2996 2102 3067 quod-

505 3092 635 3148 dam
660 3090 808 3147 aliud
837 3099 998 3161 caput
1028 3106 1091 3145 ex
1125 3091 1488 3147 ecclesiastica
1518 3091 1781 3157 Historia,
1814 3106 1937 3162 qua:
1961 3091 2099 3146 dici-

507 3196 597 3241 tur
634 3184 928 3256 Tripartita
959 3188 1117 3250 (Hist.
1146 3187 1288 3240 Eccl.
1325 3188 1585 3254 1‘n‘part.,
1618 3184 1713 3239 lib.
1737 3200 1810 3254 II,
1834 3200 1952 3255 cap.
1990 3190 2100 3251 14),

507 3279 801 3350 protulisti,
859 3278 1004 3350 quod
1056 3278 1352 3350 quemdam
1381 3278 1755 3350 Paphnucium
1784 3286 2021 3335 testatur
2050 3278 2104 3334 in

2202 2150 2472 2217 interfuit,
2547 2166 2672 2205 vere
2728 2149 2897 2221 ipsius
2925 2164 3093 2205 sacra:
3143 2148 3439 2219 Scriptura;
3465 2150 3784 2205 armarium.

2204 2244 2483 2301 Deliberat
2531 2244 2684 2300 enim
2749 2242 3040 2315 praedictus
3096 2242 3534 2315 archiepiscopus
3576 2244 3656 2299 ita
3716 2243 3796 2298 di-

2203 2356 2332 2397 cens
2363 2345 2542 2408 (975):
2576 2343 2757 2396 Placet
2797 2345 2861 2394 ut
2882 2340 3189 2395 sacerdotes
3235 2344 3289 2396 et
3342 2341 3536 2403 levitce,
3584 2343 3669 2395 uel
3715 2344 3803 2411 qui

2204 2438 2557 2491 sacramentis
2611 2436 2810 2490 divinis
2865 2437 3187 2501 inserviunt,
3227 2436 3555 2489 continentes
3587 2438 3705 2489 sint
3753 2437 3806 2490 in

2206 2531 2471 2596 omnibus,
2502 2546 2606 2599 quo
2648 2532 2857 2599 possint
2884 2530 3202 2599 simpliciter
3236 2529 3381 2597 quod
3421 2544 3454 2582 a
3493 2532 3600 2584 Deo
3620 2535 3805 2599 postu-

2207 2625 2325 2680 lant
2376 2626 2684 2694 impetrare,
2712 2628 2773 2677 ut
2799 2623 2941 2692 quod
2980 2623 3219 2694 apostoli
3260 2622 3555 2677 docuerunt
3601 2627 3655 2677 et
3698 2626 3811 2693 ipsa

2206 2720 2443 2774 servavit
2471 2719 2793 2787 antiquitas,
2820 2732 2913 2771 nos
2967 2732 3177 2786 quoque
3213 2716 3594 2771 custodiamus.
3651 2716 3809 2788 Quod

2208 2812 2569 2868 constitutum
2605 2827 2635 2865 a
2668 2810 2857 2882 legatis
2878 2809 3196 2881 apostolicae
3222 2808 3368 2865 sedis
3418 2810 3690 2866 Faustino
3718 2826 3804 2866 ve-

2209 2905 2433 2962 nerabili
2465 2904 2750 2975 episcopo,
2782 2914 2836 2959 et
2884 2904 2950 2959 ab
3002 2902 3259 2959 omnibus
3298 2903 3569 2974 episcopis
3614 2905 3807 2960 unani-

2212 3000 2375 3054 miter
2392 3014 2524 3054 cum
2559 2996 3049 3068 subscriptionibus
3069 3004 3153 3052 est
3197 2995 3610 3052 conﬁrmatum.
3670 3000 3803 3054 Item

2213 3092 2324 3162 ipsa
2357 3092 2566 3147 Veritas
2595 3091 2835 3146 afﬁrmat
2884 3090 2937 3145 in
2967 3090 3282 3161 Evangelio,
3337 3089 3526 3146 dicens
3584 3113 3597 3147 :
3632 3094 3800 3147 Amen

2206 3186 2330 3244 dico
2351 3186 2517 3249 vobis,
2549 3188 2660 3241 nisi
2676 3185 3036 3239 abundaverit
3050 3185 3279 3254 justitia
3297 3189 3480 3239 vestra
3499 3187 3630 3254 plus
3650 3203 3803 3255 quam

2214 3280 2522 3336 Scribarum
2546 3283 2597 3333 et
2621 3280 3036 3345 Pharisworum,
3062 3293 3168 3332 non
3198 3278 3472 3333 intrabitis
3490 3280 3549 3331 in
3582 3295 3804 3348 regnum

507 3373 705 3430 eodem
732 3373 966 3428 concilio
994 3372 1313 3439 surrexisse,
1342 3381 1397 3428 et
1421 3388 1452 3428 a
1503 3379 1617 3429 tota
1658 3372 1871 3444 synodo
1916 3388 2102 3428 sacer-
2132 3400 2180 3462 Β
2210 3374 2458 3428 ccelorum
2492 3373 2704 3443 (Matth.
2747 3373 2831 3441 v).
2866 3371 3092 3427 Iustitia
3124 3379 3310 3426 autem
3341 3379 3592 3428 veterum
3612 3382 3727 3428 erat
3746 3381 3803 3428 ut

503 3467 727 3525 dotibus
769 3475 829 3523 ut
856 3466 1163 3523 dormirent
1204 3482 1331 3523 cum
1362 3467 1626 3523 uxoribus
1665 3466 1776 3523 suis
1824 3467 2102 3522 licentiam

506 3561 843 3631 impetrasse.
880 3563 1107 3632 Insuper
1136 3561 1300 3615 etiam
1331 3560 1474 3616 idem
1503 3562 1685 3631 ipsum
1714 3560 1967 3631 capitulis
2004 3561 2103 3616 Ni-

512 3656 651 3710 caani
690 3653 900 3708 concilii
927 3654 1107 3709 minus
1136 3653 1479 3710 considerate
1510 3655 1904 3709 annumerasti.

583 3745 748 3802 Unde
794 3761 906 3801 non
936 3762 1133 3815 parum
1157 3747 1320 3802 doleo
1343 3746 1411 3802 de
1441 3754 1494 3802 te
1529 3754 1700 3803 tantae
1725 3747 1918 3804 indolis
1963 3749 2101 3817 viro,

406 3838 413 3847 “
511 3840 565 3894 in
595 3838 762 3893 sacris
814 3838 1011 3895 litteris
1056 3846 1172 3894 tam
1220 3838 1453 3904 erudito,
1509 3840 1656 3910 quod
1711 3840 1816 3896 hoc
1858 3857 2103 3912 unquam

512 3930 964 3987 excellentissimo
995 3931 1247 3997 concilio,
1287 3931 1442 4003 juxta
1471 3940 1721 3987 sanctum
1759 3934 2103 4005 Gregorium,

509 4040 667 4096 aeque
706 4033 769 4080 ut
795 4024 1150 4095 Evangelium
1190 4024 1522 4092 venerando,
1557 4026 1836 4095 assignare
1863 4042 1977 4083 non
2002 4027 2106 4083 du-

511 4118 720 4183 bitasti,
752 4118 896 4189 quod
931 4134 1033 4172 nec
1074 4117 1351 4185 ultimum,
1385 4118 1498 4175 imo
1518 4118 1733 4175 nullum
1770 4120 1911 4176 inter
1939 4136 2103 4178 cano-

510 4212 630 4266 nica
650 4212 881 4281 capitula
912 4211 1073 4267 habet
1102 4212 1307 4278 locum,
1338 4212 1594 4270 videlicet
1622 4214 1769 4286 quod
1794 4215 2107 4286 apostolicae

515 4314 569 4361 et
597 4306 922 4377 evangelicae
948 4305 1265 4361 adversatur
1286 4305 1575 4364 doctrinae.
1612 4310 1753 4364 Nam
1794 4308 1908 4379 ipse
1956 4310 2106 4380 prin-

513 4415 641 4471 ceps
670 4400 1048 4472 apostolorum
1071 4399 1129 4454 in
1156 4401 1396 4471 Epistola
1416 4417 1511 4457 sua
1539 4404 1591 4470 (Ι
1616 4404 1761 4457 Petr.
1796 4404 1915 4472 III),
1937 4405 2107 4459 etiam

512 4495 662 4549 laicis
689 4494 933 4566 praecipit
973 4502 1032 4549 ut
1062 4503 1287 4565 parcant
1334 4495 1601 4551 uxoribus
1629 4496 1765 4563 suis,
1806 4511 1874 4552 ne
1929 4496 2107 4568 impe-
2156 4564 2161 4567 _

512 4587 733 4643 diantur
763 4590 1038 4643 orationes
1066 4603 1272 4645 earum.
1304 4588 1404 4644 Cui
1445 4596 1499 4643 et
1538 4588 1717 4660 ipsum
1746 4604 1842 4644 vas
1882 4590 2103 4648 electio-

513 4682 599 4735 nis
628 4681 823 4735 Paulus
852 4681 1147 4737 concordat
1182 4681 1369 4738 dicens
1395 4701 1407 4736 :
1440 4682 1720 4738 Abstinete
1760 4699 1847 4738 vos
1874 4685 1947 4739 ad
1973 4689 2106 4741 tem-

2211 3465 2521 3524 sacerdotes
2546 3480 2694 3521 anno
2744 3465 2877 3520 vicis
2902 3480 3036 3532 suae,
3075 3463 3208 3520 dum
3251 3464 3498 3521 nondum
3534 3480 3685 3533 vera,
3717 3466 3801 3522 sed

2212 3559 2514 3616 umbratica
2544 3566 2757 3614 tantum
2795 3557 3061 3614 sacriﬁcia
3091 3558 3449 3626 celebrarent,
3478 3574 3593 3615 non
3632 3559 3800 3615 solum

2212 3654 2279 3710 ad
2326 3669 2545 3720 uxores,
2570 3651 2665 3708 sed
2690 3661 2744 3708 et
2767 3651 2836 3707 ad
2864 3652 3061 3707 domos
3109 3667 3235 3707 suas
3266 3654 3451 3715 venire
3492 3654 3710 3723 penitus
3736 3654 3802 3707 vi—

2212 3755 2412 3803 tarent.
2456 3748 2616 3803 Hanc
2643 3745 2806 3817 igitur
2852 3754 3097 3801 veterum
3116 3745 3386 3818 justitiam
3408 3746 3725 3819 quicunque
3743 3762 3799 3802 ex

2215 3840 2490 3897 modernis
2540 3838 2914 3897 sacerdotibus
2940 3854 3053 3895 non
3093 3838 3216 3895 dico
3260 3854 3543 3911 superare,
3570 3840 3666 3897 sed
3702 3840 3802 3896 sal-

2214 3944 2331 3990 tem
2356 3934 2561 3990 imitari
2590 3932 2890 4001 contendit,
2929 3948 3214 4004 nunquam
3250 3942 3376 4004 post
3410 3932 3799 3990 ordinationem

2214 4043 2375 4083 suam
2407 4027 2478 4084 ad
2497 4026 2778 4098 conjugale
2803 4041 2941 4096 opus
2956 4024 3179 4093 redibit,
3206 4041 3335 4081 cum
3362 4026 3505 4082 nulla
3532 4026 3654 4083 dies
3679 4042 3800 4099 prae-

2214 4129 2389 4178 tereat
2414 4137 2520 4193 qua
2540 4119 2859 4176 sacerdotali
2886 4118 3070 4175 ofﬁcio
3100 4135 3293 4175 vacare
3312 4136 3427 4175 non
3456 4120 3672 4177 debeat.

2284 4215 2539 4288 Amplius
2562 4222 2751 4271 sancta
2762 4222 2816 4269 et
2843 4213 3151 4270 veneranda
3175 4214 3418 4287 synodus
3447 4215 3693 4283 Nicaana,
3722 4216 3801 4269 cui

2216 4309 2541 4381 praedictum
2565 4307 2861 4379 capitulum
2885 4307 3191 4379 assignasti,
3223 4308 3278 4363 in
3326 4308 3494 4364 tertio
3523 4310 3701 4381 capite
3725 4323 3803 4380 pe-

2216 4403 2361 4458 nitus
2400 4401 2654 4474 probibet
2680 4400 2885 4458 clericis
2926 4401 3089 4457 etiam
3132 4400 3601 4457 cobabitationem
3651 4401 3805 4458 femi-

2217 4510 2436 4563 narum,
2468 4494 2573 4552 nisi
2592 4495 3064 4568 consanguinitate
3118 4494 3511 4566 proximarum.
3544 4496 3684 4552 Illud
3718 4511 3807 4550 air

2215 4598 2334 4646 tem
2356 4597 2515 4646 tuum
2543 4604 2643 4646 nec
2662 4588 2920 4662 prohibet
2942 4588 3312 4646 concubitum.
3346 4590 3674 4662 Quicunque
3715 4589 3803 4661 igi-

2218 4692 2307 4740 tur
2334 4692 2431 4741 tuo
2459 4683 2697 4755 capitulo
2727 4683 3018 4751 consentit,
3051 4699 3081 4739 a
3112 4682 3372 4755 praedicto
3424 4683 3655 4739 concilio
3702 4682 3805 4739 dis-

511 4790 633 4843 pus,
663 4778 723 4827 ut
764 4777 958 4829 vacetis
995 4777 1229 4829 orationi
1264 4778 1314 4843 (Ι
1341 4776 1461 4831 Cor.
1510 4781 1636 4844 vn).
1668 4777 1721 4832 Si
1760 4776 1926 4850 igitur
1983 4779 2109 4835 laici
2148 4802 2193 4865 ε
2221 4778 2406 4835 sentit.
2448 4777 2612 4835 Unde
2671 4786 2727 4834 et
2758 4776 3055 4833 damnatus
3083 4785 3167 4834 est
3199 4779 3549 4835 anathemate
3595 4792 3704 4849 quo
3744 4777 3796 4832 S.

518 4865 605 4921 die
629 4881 739 4937 quo
767 4867 957 4921 volunt
983 4883 1138 4923 orare
1150 4869 1510 4940 prohibentur
1529 4870 1597 4925 ab
1626 4886 1790 4942 opere
1812 4873 2108 4946 conjugali,

519 4960 728 5032 liquido
749 4960 1104 5030 consequitur
1131 4969 1190 5015 ut
1234 4962 1567 5029 sacerdotes,
1609 4965 1809 5035 quibus
1832 4956 2109 5037 quotidia-

516 5070 649 5109 num
696 5060 779 5109 est
806 5051 1056 5108 ofﬁcium
1097 5054 1311 5124 orandi,
1338 5056 1422 5111 vel
1444 5056 1812 5124 sacriﬁcandi,
1842 5060 1923 5114 vel
1947 5062 2115 5132 bapti-

515 5147 689 5213 zandi,
742 5161 1025 5217 nunquam
1062 5162 1092 5201 a
1129 5146 1213 5202 die
1241 5147 1603 5204 ordinationis
1632 5164 1748 5205 sum
1785 5152 2109 5226 conjugibus

513 5241 626 5297 suis
653 5239 891 5296 debeant
918 5240 1280 5296 commisceri.

585 5338 739 5390 Hanc
757 5342 943 5391 autem
984 5334 1375 5391 continentiam
1407 5334 1475 5390 ab
1522 5335 1656 5407 ipsis
1683 5337 1974 5408 apostolis,
2017 5355 2106 5396 sa-

512 5427 821 5483 cerdotibus
856 5436 911 5483 et
950 5428 1129 5484 Ievitis
1176 5443 1293 5484 esse
1353 5428 1615 5486 indictam
1660 5438 1891 5487 testatur
1929 5435 2107 5490 Aure-

516 5520 622 5576 lius
655 5520 1101 5593 Cartbaginensis
1137 5521 1579 5596 archiepiscopus
1604 5524 1663 5579 in
1690 5525 1925 5582 concilio
1950 5543 2109 5600 gene-

585 5681 726 5752 (975)
750 5681 889 5739 Vide
939 5683 1229 5738 concilium
1279 5683 1601 5741 Africanum
1642 5686 1746 5741 sub
1778 5685 2107 5742 Bonifaciol

514 5761 570 5807 et
588 5754 809 5824 Coelest.
840 5753 1086 5824 lpontif.
1119 5772 1239 5810 can.
1266 5757 1499 5824 37,dist.
1529 5763 1617 5822 32,
1644 5773 1693 5811 c.
1754 5764 1836 5811 13.
1868 5760 2100 5813 Placuit.

525 5823 661 5880 Vide
699 5825 862 5883 etiam
883 5823 1030 5884 idist.
1056 5832 1147 5896 83,
1182 5844 1230 5884 c.
1254 5834 1307 5884 4.
1347 5823 1484 5884 Cum
1513 5830 1579 5884 de
1608 5828 1966 5899 quorundam.
1995 5829 2104 5884 Ubi

2220 4873 2525 4945 Gregorius
2549 4872 2606 4927 in
2648 4871 2911 4943 synodica
2936 4885 3034 4928 sua
3062 4886 3255 4928 omnes
3283 4887 3316 4927 a
3343 4871 3569 4928 Nicena
3596 4868 3796 4944 synodo

2216 4965 2597 5023 dissentientes
2629 4964 2928 5021 damnavit.

2289 5060 2344 5116 Si
2369 5066 2553 5117 autem
2601 5057 2830 5114 fortasse
2878 5073 3045 5130 negas
3074 5058 3324 5115 eamdem
3365 5057 3639 5131 synodum
3680 5070 3791 5128 pro-

2218 5153 2458 5209 bibuisse
2492 5152 2704 5208 clericis
2746 5151 2995 5208 habitare
3031 5168 3159 5209 cum
3209 5151 3451 5220 feminis,
3504 5152 3720 5223 antiqua
3745 5154 3793 5203 et

2215 5246 2523 5302 authentica
2542 5252 2881 5317 perscrutare
2910 5245 3260 5317 exemplaria,
3291 5261 3414 5317 quae
3437 5244 3636 5301 ibidem
3672 5256 3789 5299 con-

2216 5339 2405 5395 cilium
2444 5339 2499 5393 in
2526 5344 2597 5394 20
2624 5354 2743 5410 cap.
2793 5354 2920 5394 cum
2960 5354 3245 5396 cccxvm
3294 5342 3522 5395 Patrum
3575 5336 3793 5395 subscri-

2217 5433 2401 5504 ptione
2426 5433 2709 5488 continent
2732 5432 3073 5498 roboratum,
3100 5432 3249 5505 quod
3295 5432 3460 5489 etiam
3511 5432 3566 5488 in
3610 5429 3791 5488 eodem

2217 5541 2446 5583 numero
2496 5525 2857 5598 capitulorum
2902 5542 2933 5582 a
2978 5526 3334 5584 sanctissimis
3390 5526 3653 5599 episcopis
3694 5524 3791 5593 Cy-

2215 5686 2377 5743 verba
2403 5686 2565 5759 hujus
2593 5704 2715 5759 can.
2745 5687 2899 5743 aliter
2927 5687 3149 5757 paulum
3186 5688 3413 5759 habent,
3469 5689 3609 5742 sicut
3656 5690 3708 5738 et
3744 5681 3793 5734 in

2214 5774 2370 5815 conc.
2394 5758 2581 5815 recens
2628 5758 2792 5815 editis
2820 5776 2833 5815 :
2861 5774 3056 5815 sensus
3075 5769 3161 5816 est
3189 5758 3392 5831 alioqui
3456 5770 3699 5814 concors.
