  <div class='ocr_page' id='page_1' title='image "/cluster/home/n/w/nwhite01/storage/ocr_20150623/148/hvd.32044054760061/546.png"; bbox 0 0 4052 6180; ppageno 0'>
   <div class='ocr_carea' id='block_1_1' title="bbox 256 257 389 310">
    <p class='ocr_par' dir='ltr' id='par_1_1' title="bbox 256 257 389 310">
     <span class='ocr_line' id='line_1_1' title="bbox 256 257 389 310; baseline 0 0"><span class='ocrx_word' id='word_1_1' title='bbox 256 257 389 310; x_wconf 73' lang='grc'><strong>1081</strong></span> 
     </span>
    </p>
   </div>
   <div class='ocr_carea' id='block_1_2' title="bbox 1161 255 2644 314">
    <p class='ocr_par' dir='ltr' id='par_1_2' title="bbox 1161 255 2644 314">
     <span class='ocr_line' id='line_1_2' title="bbox 1161 255 2644 314; baseline 0.001 -2"><span class='ocrx_word' id='word_1_2' title='bbox 1161 257 1446 313; x_wconf 81' lang='grc' dir='ltr'><strong>ΑΡΡΕΝΒ.</strong></span> <span class='ocrx_word' id='word_1_3' title='bbox 1490 258 1577 313; x_wconf 86' lang='lat' dir='ltr'><strong>lll.</strong></span> <span class='ocrx_word' id='word_1_4' title='bbox 1619 288 1687 301; x_wconf 83' lang='lat'><strong>-—</strong></span> <span class='ocrx_word' id='word_1_5' title='bbox 1724 255 2141 313; x_wconf 75' lang='lat' dir='ltr'><strong>MONUMENTA</strong></span> <span class='ocrx_word' id='word_1_6' title='bbox 2181 256 2644 314; x_wconf 81' lang='lat' dir='ltr'><strong>GREGORIANA.</strong></span> 
     </span>
    </p>
   </div>
   <div class='ocr_carea' id='block_1_3' title="bbox 3419 268 3555 322">
    <p class='ocr_par' dir='ltr' id='par_1_3' title="bbox 3419 268 3555 322">
     <span class='ocr_line' id='line_1_3' title="bbox 3419 268 3555 322; baseline 0.022 -3"><span class='ocrx_word' id='word_1_7' title='bbox 3419 268 3555 322; x_wconf 78' lang='grc'><strong>1082</strong></span> 
     </span>
    </p>
   </div>
   <div class='ocr_carea' id='block_1_4' title="bbox 254 379 3551 457">
    <p class='ocr_par' dir='ltr' id='par_1_4' title="bbox 254 379 3551 457">
     <span class='ocr_line' id='line_1_4' title="bbox 254 379 3551 457; baseline 0.003 -21"><span class='ocrx_word' id='word_1_8' title='bbox 254 380 401 448; x_wconf 90' lang='lat' dir='ltr'><strong>rillo,</strong></span> <span class='ocrx_word' id='word_1_9' title='bbox 433 379 751 437; x_wconf 82' lang='lat' dir='ltr'><strong>Alexandro</strong></span> <span class='ocrx_word' id='word_1_10' title='bbox 782 380 1216 451; x_wconf 83' lang='lat' dir='ltr'><strong>[Alexandrino],</strong></span> <span class='ocrx_word' id='word_1_11' title='bbox 1245 390 1300 438; x_wconf 90' lang='lat' dir='ltr'><strong>et</strong></span> <span class='ocrx_word' id='word_1_12' title='bbox 1327 384 1508 440; x_wconf 85' lang='lat' dir='ltr'><strong>Attico</strong></span> <span class='ocrx_word' id='word_1_13' title='bbox 1530 384 1851 440; x_wconf 88' lang='lat' dir='ltr'><strong>Constanti-</strong></span> <span class='ocrx_word' id='word_1_14' title='bbox 1879 387 1933 451; x_wconf 78' lang='grc' dir='ltr'><strong>Α</strong></span> <span class='ocrx_word' id='word_1_15' title='bbox 1960 393 2143 456; x_wconf 86' lang='lat' dir='ltr'><strong>caput,</strong></span> <span class='ocrx_word' id='word_1_16' title='bbox 2188 384 2469 441; x_wconf 88' lang='lat' dir='ltr'><strong>continere</strong></span> <span class='ocrx_word' id='word_1_17' title='bbox 2510 383 2751 441; x_wconf 76' lang='lat' dir='ltr'><strong>nollent?</strong></span> <span class='ocrx_word' id='word_1_18' title='bbox 2794 398 2906 441; x_wconf 89' lang='lat' dir='ltr'><strong>non</strong></span> <span class='ocrx_word' id='word_1_19' title='bbox 2950 384 3159 457; x_wconf 84' lang='lat' dir='ltr'><strong>utique.</strong></span> <span class='ocrx_word' id='word_1_20' title='bbox 3208 385 3374 444; x_wconf 81' lang='lat' dir='ltr'><strong>Novit</strong></span> <span class='ocrx_word' id='word_1_21' title='bbox 3400 391 3551 447; x_wconf 91' lang='lat' dir='ltr'><strong>enim</strong></span> 
     </span>
    </p>
   </div>
   <div class='ocr_carea' id='block_1_5' title="bbox 252 474 1849 547">
    <p class='ocr_par' dir='ltr' id='par_1_5' title="bbox 252 474 1849 547">
     <span class='ocr_line' id='line_1_5' title="bbox 252 474 1849 547; baseline 0.003 -17"><span class='ocrx_word' id='word_1_22' title='bbox 252 474 579 546; x_wconf 88' lang='lat' dir='ltr'><strong>nopolitano</strong></span> <span class='ocrx_word' id='word_1_23' title='bbox 602 474 668 529; x_wconf 91' lang='lat' dir='ltr'><strong>ad</strong></span> <span class='ocrx_word' id='word_1_24' title='bbox 700 474 1017 545; x_wconf 63' lang='lat' dir='ltr'><strong>praedictum</strong></span> <span class='ocrx_word' id='word_1_25' title='bbox 1035 476 1321 547; x_wconf 71' lang='lat' dir='ltr'><strong>praesulem</strong></span> <span class='ocrx_word' id='word_1_26' title='bbox 1345 477 1657 546; x_wconf 87' lang='lat' dir='ltr'><strong>Aurelium,</strong></span> <span class='ocrx_word' id='word_1_27' title='bbox 1692 486 1748 533; x_wconf 91' lang='lat' dir='ltr'><strong>et</strong></span> <span class='ocrx_word' id='word_1_28' title='bbox 1766 494 1849 535; x_wconf 91' lang='lat' dir='ltr'><strong>re—</strong></span> 
     </span>
    </p>
   </div>
   <div class='ocr_carea' id='block_1_6' title="bbox 252 566 1842 644">
    <p class='ocr_par' dir='ltr' id='par_1_6' title="bbox 252 566 1842 644">
     <span class='ocr_line' id='line_1_6' title="bbox 252 566 1842 644; baseline 0.002 -18"><span class='ocrx_word' id='word_1_29' title='bbox 252 570 429 642; x_wconf 90' lang='lat' dir='ltr'><strong>liquos</strong></span> <span class='ocrx_word' id='word_1_30' title='bbox 466 566 674 626; x_wconf 80' lang='lat' dir='ltr'><strong>Africae</strong></span> <span class='ocrx_word' id='word_1_31' title='bbox 712 571 999 642; x_wconf 85' lang='lat' dir='ltr'><strong>episcopos</strong></span> <span class='ocrx_word' id='word_1_32' title='bbox 1040 572 1233 644; x_wconf 86' lang='lat' dir='ltr'><strong>legitur</strong></span> <span class='ocrx_word' id='word_1_33' title='bbox 1261 587 1380 628; x_wconf 89' lang='lat' dir='ltr'><strong>esse</strong></span> <span class='ocrx_word' id='word_1_34' title='bbox 1425 575 1842 629; x_wconf 81' lang='lat' dir='ltr'><strong>transmissum.</strong></span> 
     </span>
    </p>
   </div>
   <div class='ocr_carea' id='block_1_7' title="bbox 252 664 1843 738">
    <p class='ocr_par' dir='ltr' id='par_1_7' title="bbox 252 664 1843 738">
     <span class='ocr_line' id='line_1_7' title="bbox 252 664 1843 738; baseline 0.003 -18"><span class='ocrx_word' id='word_1_35' title='bbox 252 668 375 737; x_wconf 86' lang='lat' dir='ltr'><strong>Ipsa</strong></span> <span class='ocrx_word' id='word_1_36' title='bbox 404 664 575 721; x_wconf 91' lang='lat' dir='ltr'><strong>etiam</strong></span> <span class='ocrx_word' id='word_1_37' title='bbox 596 665 886 736; x_wconf 88' lang='lat' dir='ltr'><strong>Tripartita</strong></span> <span class='ocrx_word' id='word_1_38' title='bbox 914 666 1168 735; x_wconf 83' lang='lat' dir='ltr'><strong>historia,</strong></span> <span class='ocrx_word' id='word_1_39' title='bbox 1202 683 1371 738; x_wconf 90' lang='lat' dir='ltr'><strong>quam</strong></span> <span class='ocrx_word' id='word_1_40' title='bbox 1404 668 1643 724; x_wconf 90' lang='lat' dir='ltr'><strong>nimium</strong></span> <span class='ocrx_word' id='word_1_41' title='bbox 1679 684 1843 724; x_wconf 84' lang='lat' dir='ltr'><strong>vene-</strong></span> 
     </span>
    </p>
   </div>
   <div class='ocr_carea' id='block_1_8' title="bbox 251 758 1849 835">
    <p class='ocr_par' dir='ltr' id='par_1_8' title="bbox 251 758 1849 835">
     <span class='ocr_line' id='line_1_8' title="bbox 251 758 1849 835; baseline 0.002 -19"><span class='ocrx_word' id='word_1_42' title='bbox 251 761 360 816; x_wconf 90' lang='lat' dir='ltr'><strong>rari</strong></span> <span class='ocrx_word' id='word_1_43' title='bbox 390 758 612 823; x_wconf 88' lang='lat' dir='ltr'><strong>videris,</strong></span> <span class='ocrx_word' id='word_1_44' title='bbox 641 765 710 815; x_wconf 80' lang='lat'><strong>20</strong></span> <span class='ocrx_word' id='word_1_45' title='bbox 745 760 979 832; x_wconf 87' lang='lat' dir='ltr'><strong>capitula</strong></span> <span class='ocrx_word' id='word_1_46' title='bbox 1000 762 1057 817; x_wconf 90' lang='lat' dir='ltr'><strong>in</strong></span> <span class='ocrx_word' id='word_1_47' title='bbox 1089 761 1347 832; x_wconf 74' lang='lat' dir='ltr'><strong>praedicta</strong></span> <span class='ocrx_word' id='word_1_48' title='bbox 1371 762 1585 835; x_wconf 89' lang='lat' dir='ltr'><strong>synodo</strong></span> <span class='ocrx_word' id='word_1_49' title='bbox 1610 771 1849 819; x_wconf 81' lang='lat' dir='ltr'><strong>testatur</strong></span> 
     </span>
    </p>
   </div>
   <div class='ocr_carea' id='block_1_9' title="bbox 253 853 1849 927">
    <p class='ocr_par' dir='ltr' id='par_1_9' title="bbox 253 853 1849 927">
     <span class='ocr_line' id='line_1_9' title="bbox 253 853 1849 927; baseline 0.003 -18"><span class='ocrx_word' id='word_1_50' title='bbox 253 870 378 910; x_wconf 90' lang='lat' dir='ltr'><strong>esse</strong></span> <span class='ocrx_word' id='word_1_51' title='bbox 405 853 721 910; x_wconf 88' lang='lat' dir='ltr'><strong>constituta.</strong></span> <span class='ocrx_word' id='word_1_52' title='bbox 770 856 833 909; x_wconf 92' lang='lat' dir='ltr'><strong>In</strong></span> <span class='ocrx_word' id='word_1_53' title='bbox 879 854 986 922; x_wconf 87' lang='lat' dir='ltr'><strong>his,</strong></span> <span class='ocrx_word' id='word_1_54' title='bbox 1036 856 1285 927; x_wconf 90' lang='lat' dir='ltr'><strong>inquam,</strong></span> <span class='ocrx_word' id='word_1_55' title='bbox 1328 856 1751 927; x_wconf 81' lang='lat' dir='ltr'><strong>exemplaribus,</strong></span> <span class='ocrx_word' id='word_1_56' title='bbox 1802 858 1849 913; x_wconf 90' lang='lat' dir='ltr'><strong>si</strong></span> 
     </span>
    </p>
   </div>
   <div class='ocr_carea' id='block_1_10' title="bbox 251 947 1845 1021">
    <p class='ocr_par' dir='ltr' id='par_1_10' title="bbox 251 947 1845 1021">
     <span class='ocr_line' id='line_1_10' title="bbox 251 947 1845 1021; baseline 0.002 -19"><span class='ocrx_word' id='word_1_57' title='bbox 251 948 437 1021; x_wconf 89' lang='lat' dir='ltr'><strong>legere</strong></span> <span class='ocrx_word' id='word_1_58' title='bbox 478 947 744 1020; x_wconf 83' lang='lat' dir='ltr'><strong>digneris,</strong></span> <span class='ocrx_word' id='word_1_59' title='bbox 780 948 1105 1020; x_wconf 77' lang='lat' dir='ltr'><strong>praedictum</strong></span> <span class='ocrx_word' id='word_1_60' title='bbox 1149 950 1395 1005; x_wconf 84' lang='lat' dir='ltr'><strong>invenies</strong></span> <span class='ocrx_word' id='word_1_61' title='bbox 1444 952 1742 1007; x_wconf 85' lang='lat' dir='ltr'><strong>concilium</strong></span> <span class='ocrx_word' id='word_1_62' title='bbox 1790 952 1845 1006; x_wconf 91' lang='lat' dir='ltr'><strong>in</strong></span> 
     </span>
    </p>
   </div>
   <div class='ocr_carea' id='block_1_11' title="bbox 252 1042 1845 1114">
    <p class='ocr_par' dir='ltr' id='par_1_11' title="bbox 252 1042 1845 1114">
     <span class='ocr_line' id='line_1_11' title="bbox 252 1042 1845 1114; baseline 0.002 -16"><span class='ocrx_word' id='word_1_63' title='bbox 252 1048 287 1098; x_wconf 85' lang='lat'><strong>3</strong></span> <span class='ocrx_word' id='word_1_64' title='bbox 318 1043 494 1114; x_wconf 85' lang='lat' dir='ltr'><strong>capite</strong></span> <span class='ocrx_word' id='word_1_65' title='bbox 518 1042 730 1097; x_wconf 83' lang='lat' dir='ltr'><strong>clericis</strong></span> <span class='ocrx_word' id='word_1_66' title='bbox 760 1058 875 1098; x_wconf 92' lang='lat' dir='ltr'><strong>non</strong></span> <span class='ocrx_word' id='word_1_67' title='bbox 904 1042 1073 1100; x_wconf 89' lang='lat' dir='ltr'><strong>modo</strong></span> <span class='ocrx_word' id='word_1_68' title='bbox 1098 1043 1325 1113; x_wconf 87' lang='lat' dir='ltr'><strong>coitum,</strong></span> <span class='ocrx_word' id='word_1_69' title='bbox 1358 1043 1451 1100; x_wconf 90' lang='lat' dir='ltr'><strong>sed</strong></span> <span class='ocrx_word' id='word_1_70' title='bbox 1483 1053 1535 1099; x_wconf 92' lang='lat' dir='ltr'><strong>et</strong></span> <span class='ocrx_word' id='word_1_71' title='bbox 1563 1044 1845 1101; x_wconf 83' lang='lat' dir='ltr'><strong>cohabita-</strong></span> 
     </span>
    </p>
   </div>
   <div class='ocr_carea' id='block_1_12' title="bbox 248 1136 1559 1207">
    <p class='ocr_par' dir='ltr' id='par_1_12' title="bbox 248 1136 1559 1207">
     <span class='ocr_line' id='line_1_12' title="bbox 248 1136 1559 1207; baseline -0.001 -15"><span class='ocrx_word' id='word_1_72' title='bbox 248 1137 459 1192; x_wconf 89' lang='lat' dir='ltr'><strong>tionem</strong></span> <span class='ocrx_word' id='word_1_73' title='bbox 484 1151 579 1207; x_wconf 90' lang='lat' dir='ltr'><strong>per</strong></span> <span class='ocrx_word' id='word_1_74' title='bbox 606 1136 792 1191; x_wconf 86' lang='lat' dir='ltr'><strong>omnia</strong></span> <span class='ocrx_word' id='word_1_75' title='bbox 817 1136 1136 1193; x_wconf 82' lang='lat' dir='ltr'><strong>interdicere</strong></span> <span class='ocrx_word' id='word_1_76' title='bbox 1166 1152 1292 1193; x_wconf 92' lang='lat' dir='ltr'><strong>cum</strong></span> <span class='ocrx_word' id='word_1_77' title='bbox 1324 1137 1559 1194; x_wconf 82' lang='lat' dir='ltr'><strong>feminis.</strong></span> 
     </span>
    </p>
   </div>
   <div class='ocr_carea' id='block_1_13' title="bbox 323 1229 1845 1303">
    <p class='ocr_par' dir='ltr' id='par_1_13' title="bbox 323 1229 1845 1303">
     <span class='ocr_line' id='line_1_13' title="bbox 323 1229 1845 1303; baseline 0.001 -16"><span class='ocrx_word' id='word_1_78' title='bbox 323 1234 598 1287; x_wconf 66' lang='lat' dir='ltr'><strong>Praeterea</strong></span> <span class='ocrx_word' id='word_1_79' title='bbox 637 1229 860 1286; x_wconf 92' lang='lat' dir='ltr'><strong>Siricius</strong></span> <span class='ocrx_word' id='word_1_80' title='bbox 886 1247 1025 1303; x_wconf 91' lang='lat' dir='ltr'><strong>papa</strong></span> <span class='ocrx_word' id='word_1_81' title='bbox 1053 1232 1108 1286; x_wconf 92' lang='lat' dir='ltr'><strong>in</strong></span> <span class='ocrx_word' id='word_1_82' title='bbox 1135 1231 1373 1288; x_wconf 86' lang='lat' dir='ltr'><strong>decretis</strong></span> <span class='ocrx_word' id='word_1_83' title='bbox 1397 1233 1509 1287; x_wconf 90' lang='lat' dir='ltr'><strong>suis</strong></span> <span class='ocrx_word' id='word_1_84' title='bbox 1537 1233 1697 1301; x_wconf 83' lang='lat' dir='ltr'><strong>(decr.</strong></span> <span class='ocrx_word' id='word_1_85' title='bbox 1728 1240 1759 1288; x_wconf 89' lang='lat'><strong>3</strong></span> <span class='ocrx_word' id='word_1_86' title='bbox 1789 1242 1845 1289; x_wconf 91' lang='lat' dir='ltr'><strong>et</strong></span> 
     </span>
    </p>
   </div>
   <div class='ocr_carea' id='block_1_14' title="bbox 248 1324 1843 1399">
    <p class='ocr_par' dir='ltr' id='par_1_14' title="bbox 248 1324 1843 1399">
     <span class='ocr_line' id='line_1_14' title="bbox 248 1324 1843 1399; baseline 0.002 -19"><span class='ocrx_word' id='word_1_87' title='bbox 248 1332 283 1381; x_wconf 83' lang='grc'><strong>4</strong></span> <span class='ocrx_word' id='word_1_88' title='bbox 314 1326 371 1379; x_wconf 92' lang='lat' dir='ltr'><strong>in</strong></span> <span class='ocrx_word' id='word_1_89' title='bbox 404 1324 635 1380; x_wconf 90' lang='lat' dir='ltr'><strong>concilio</strong></span> <span class='ocrx_word' id='word_1_90' title='bbox 662 1324 1010 1391; x_wconf 80' lang='lat' dir='ltr'><strong>Arelatensi),</strong></span> <span class='ocrx_word' id='word_1_91' title='bbox 1032 1327 1097 1381; x_wconf 91' lang='lat' dir='ltr'><strong>B.</strong></span> <span class='ocrx_word' id='word_1_92' title='bbox 1128 1326 1501 1398; x_wconf 85' lang='lat' dir='ltr'><strong>Hieronymus</strong></span> <span class='ocrx_word' id='word_1_93' title='bbox 1530 1327 1586 1382; x_wconf 90' lang='lat' dir='ltr'><strong>in</strong></span> <span class='ocrx_word' id='word_1_94' title='bbox 1614 1328 1843 1399; x_wconf 89' lang='lat' dir='ltr'><strong>epistola</strong></span> 
     </span>
    </p>
   </div>
   <div class='ocr_carea' id='block_1_15' title="bbox 242 1418 1843 1487">
    <p class='ocr_par' dir='ltr' id='par_1_15' title="bbox 242 1418 1843 1487">
     <span class='ocr_line' id='line_1_15' title="bbox 242 1418 1843 1487; baseline 0.002 -14"><span class='ocrx_word' id='word_1_95' title='bbox 242 1433 346 1474; x_wconf 90' lang='lat' dir='ltr'><strong>sua</strong></span> <span class='ocrx_word' id='word_1_96' title='bbox 369 1418 438 1474; x_wconf 91' lang='lat' dir='ltr'><strong>ad</strong></span> <span class='ocrx_word' id='word_1_97' title='bbox 460 1420 780 1487; x_wconf 87' lang='lat' dir='ltr'><strong>Oceanum;</strong></span> <span class='ocrx_word' id='word_1_98' title='bbox 812 1426 867 1473; x_wconf 91' lang='lat' dir='ltr'><strong>et</strong></span> <span class='ocrx_word' id='word_1_99' title='bbox 890 1418 945 1472; x_wconf 93' lang='lat' dir='ltr'><strong>in</strong></span> <span class='ocrx_word' id='word_1_100' title='bbox 973 1419 1339 1475; x_wconf 88' lang='lat' dir='ltr'><strong>ecclesiastica</strong></span> <span class='ocrx_word' id='word_1_101' title='bbox 1366 1420 1638 1476; x_wconf 88' lang='lat' dir='ltr'><strong>Eusebius</strong></span> <span class='ocrx_word' id='word_1_102' title='bbox 1666 1421 1843 1477; x_wconf 84' lang='lat' dir='ltr'><strong>Histo-</strong></span> 
     </span>
    </p>
   </div>
   <div class='ocr_carea' id='block_1_16' title="bbox 245 1504 1844 1585">
    <p class='ocr_par' dir='ltr' id='par_1_16' title="bbox 245 1504 1844 1585">
     <span class='ocr_line' id='line_1_16' title="bbox 245 1504 1844 1585; baseline 0.003 -18"><span class='ocrx_word' id='word_1_103' title='bbox 245 1512 327 1567; x_wconf 85' lang='lat' dir='ltr'><strong>ria</strong></span> <span class='ocrx_word' id='word_1_104' title='bbox 346 1513 522 1579; x_wconf 88' lang='lat'><strong>(976);</strong></span> <span class='ocrx_word' id='word_1_105' title='bbox 548 1504 773 1567; x_wconf 82' lang='lat' dir='ltr'><strong>sanctus</strong></span> <span class='ocrx_word' id='word_1_106' title='bbox 794 1511 962 1567; x_wconf 90' lang='lat' dir='ltr'><strong>etiam</strong></span> <span class='ocrx_word' id='word_1_107' title='bbox 984 1512 1280 1584; x_wconf 84' lang='lat' dir='ltr'><strong>Gregorius</strong></span> <span class='ocrx_word' id='word_1_108' title='bbox 1294 1515 1411 1580; x_wconf 86' lang='lat' dir='ltr'><strong>(lib.</strong></span> <span class='ocrx_word' id='word_1_109' title='bbox 1432 1530 1543 1583; x_wconf 84' lang='lat' dir='ltr'><strong>vn,</strong></span> <span class='ocrx_word' id='word_1_110' title='bbox 1565 1518 1723 1584; x_wconf 82' lang='lat' dir='ltr'><strong>epist.</strong></span> <span class='ocrx_word' id='word_1_111' title='bbox 1756 1519 1844 1585; x_wconf 87' lang='lat'><strong>39)</strong></span> 
     </span>
    </p>
   </div>
   <div class='ocr_carea' id='block_1_17' title="bbox 242 1604 1841 1680">
    <p class='ocr_par' dir='ltr' id='par_1_17' title="bbox 242 1604 1841 1680">
     <span class='ocr_line' id='line_1_17' title="bbox 242 1604 1841 1680; baseline 0.003 -20"><span class='ocrx_word' id='word_1_112' title='bbox 242 1607 508 1661; x_wconf 80' lang='lat' dir='ltr'><strong>Romano</strong></span> <span class='ocrx_word' id='word_1_113' title='bbox 528 1604 803 1661; x_wconf 85' lang='lat' dir='ltr'><strong>defensori</strong></span> <span class='ocrx_word' id='word_1_114' title='bbox 821 1605 1091 1673; x_wconf 83' lang='lat' dir='ltr'><strong>scribens,</strong></span> <span class='ocrx_word' id='word_1_115' title='bbox 1117 1614 1173 1662; x_wconf 90' lang='lat' dir='ltr'><strong>et</strong></span> <span class='ocrx_word' id='word_1_116' title='bbox 1200 1607 1295 1662; x_wconf 87' lang='lat' dir='ltr'><strong>alii</strong></span> <span class='ocrx_word' id='word_1_117' title='bbox 1325 1609 1677 1679; x_wconf 88' lang='lat' dir='ltr'><strong>quamplures</strong></span> <span class='ocrx_word' id='word_1_118' title='bbox 1698 1624 1841 1680; x_wconf 76' lang='lat' dir='ltr'><strong>prae-</strong></span> 
     </span>
    </p>
   </div>
   <div class='ocr_carea' id='block_1_18' title="bbox 238 1698 1845 1774">
    <p class='ocr_par' dir='ltr' id='par_1_18' title="bbox 238 1698 1845 1774">
     <span class='ocr_line' id='line_1_18' title="bbox 238 1698 1845 1774; baseline 0.002 -19"><span class='ocrx_word' id='word_1_119' title='bbox 238 1698 458 1755; x_wconf 90' lang='lat' dir='ltr'><strong>dictum</strong></span> <span class='ocrx_word' id='word_1_120' title='bbox 504 1698 806 1770; x_wconf 87' lang='lat' dir='ltr'><strong>capitulum</strong></span> <span class='ocrx_word' id='word_1_121' title='bbox 840 1699 900 1755; x_wconf 92' lang='lat' dir='ltr'><strong>in</strong></span> <span class='ocrx_word' id='word_1_122' title='bbox 945 1700 1167 1757; x_wconf 68' lang='lat' dir='ltr'><strong>Nicmna</strong></span> <span class='ocrx_word' id='word_1_123' title='bbox 1204 1699 1414 1774; x_wconf 86' lang='lat' dir='ltr'><strong>synodo</strong></span> <span class='ocrx_word' id='word_1_124' title='bbox 1459 1701 1695 1774; x_wconf 86' lang='lat' dir='ltr'><strong>probant</strong></span> <span class='ocrx_word' id='word_1_125' title='bbox 1726 1718 1845 1758; x_wconf 89' lang='lat' dir='ltr'><strong>esse</strong></span> 
     </span>
    </p>
   </div>
   <div class='ocr_carea' id='block_1_19' title="bbox 1958 478 3550 553">
    <p class='ocr_par' dir='ltr' id='par_1_19' title="bbox 1958 478 3550 553">
     <span class='ocr_line' id='line_1_19' title="bbox 1958 478 3550 553; baseline 0.004 -19"><span class='ocrx_word' id='word_1_126' title='bbox 1958 478 2102 550; x_wconf 88' lang='lat' dir='ltr'><strong>quod</strong></span> <span class='ocrx_word' id='word_1_127' title='bbox 2140 495 2240 534; x_wconf 89' lang='lat' dir='ltr'><strong>nec</strong></span> <span class='ocrx_word' id='word_1_128' title='bbox 2285 479 2433 535; x_wconf 89' lang='lat' dir='ltr'><strong>laicis</strong></span> <span class='ocrx_word' id='word_1_129' title='bbox 2461 479 2708 553; x_wconf 84' lang='lat' dir='ltr'><strong>quidem,</strong></span> <span class='ocrx_word' id='word_1_130' title='bbox 2736 478 2841 535; x_wconf 89' lang='lat' dir='ltr'><strong>nisi</strong></span> <span class='ocrx_word' id='word_1_131' title='bbox 2871 488 2996 552; x_wconf 90' lang='lat' dir='ltr'><strong>post</strong></span> <span class='ocrx_word' id='word_1_132' title='bbox 3024 479 3341 539; x_wconf 88' lang='lat' dir='ltr'><strong>triduanam</strong></span> <span class='ocrx_word' id='word_1_133' title='bbox 3370 485 3550 540; x_wconf 88' lang='lat' dir='ltr'><strong>conti-</strong></span> 
     </span>
    </p>
   </div>
   <div class='ocr_carea' id='block_1_20' title="bbox 1956 572 3551 650">
    <p class='ocr_par' dir='ltr' id='par_1_20' title="bbox 1956 572 3551 650">
     <span class='ocr_line' id='line_1_20' title="bbox 1956 572 3551 650; baseline 0.004 -22"><span class='ocrx_word' id='word_1_134' title='bbox 1956 574 2200 629; x_wconf 86' lang='lat' dir='ltr'><strong>nentiam</strong></span> <span class='ocrx_word' id='word_1_135' title='bbox 2223 572 2401 629; x_wconf 87' lang='lat' dir='ltr'><strong>divina</strong></span> <span class='ocrx_word' id='word_1_136' title='bbox 2421 573 2795 630; x_wconf 88' lang='lat' dir='ltr'><strong>concedantur</strong></span> <span class='ocrx_word' id='word_1_137' title='bbox 2810 584 3155 631; x_wconf 88' lang='lat' dir='ltr'><strong>sacramenta</strong></span> <span class='ocrx_word' id='word_1_138' title='bbox 3176 616 3190 642; x_wconf 93' lang='lat'><strong>,</strong></span> <span class='ocrx_word' id='word_1_139' title='bbox 3214 592 3339 632; x_wconf 92' lang='lat' dir='ltr'><strong>cum</strong></span> <span class='ocrx_word' id='word_1_140' title='bbox 3357 587 3411 633; x_wconf 91' lang='lat' dir='ltr'><strong>et</strong></span> <span class='ocrx_word' id='word_1_141' title='bbox 3434 579 3551 650; x_wconf 88' lang='lat' dir='ltr'><strong>ipse</strong></span> 
     </span>
    </p>
   </div>
   <div class='ocr_carea' id='block_1_21' title="bbox 1959 666 3548 744">
    <p class='ocr_par' dir='ltr' id='par_1_21' title="bbox 1959 666 3548 744">
     <span class='ocr_line' id='line_1_21' title="bbox 1959 666 3548 744; baseline 0.003 -23"><span class='ocrx_word' id='word_1_142' title='bbox 1959 666 2152 729; x_wconf 85' lang='lat' dir='ltr'><strong>David,</strong></span> <span class='ocrx_word' id='word_1_143' title='bbox 2185 682 2347 739; x_wconf 90' lang='lat' dir='ltr'><strong>quem</strong></span> <span class='ocrx_word' id='word_1_144' title='bbox 2390 668 2662 724; x_wconf 88' lang='lat' dir='ltr'><strong>Dominus</strong></span> <span class='ocrx_word' id='word_1_145' title='bbox 2690 669 2994 725; x_wconf 89' lang='lat' dir='ltr'><strong>secundum</strong></span> <span class='ocrx_word' id='word_1_146' title='bbox 3042 685 3139 725; x_wconf 91' lang='lat' dir='ltr'><strong>cor</strong></span> <span class='ocrx_word' id='word_1_147' title='bbox 3165 686 3325 726; x_wconf 91' lang='lat' dir='ltr'><strong>suum</strong></span> <span class='ocrx_word' id='word_1_148' title='bbox 3365 672 3548 744; x_wconf 82' lang='lat' dir='ltr'><strong>elegit,</strong></span> 
     </span>
    </p>
   </div>
   <div class='ocr_carea' id='block_1_22' title="bbox 1958 761 3545 836">
    <p class='ocr_par' dir='ltr' id='par_1_22' title="bbox 1958 761 3545 836">
     <span class='ocr_line' id='line_1_22' title="bbox 1958 761 3545 836; baseline 0.004 -22"><span class='ocrx_word' id='word_1_149' title='bbox 1958 774 2127 832; x_wconf 90' lang='lat' dir='ltr'><strong>panes</strong></span> <span class='ocrx_word' id='word_1_150' title='bbox 2177 761 2567 831; x_wconf 87' lang='lat' dir='ltr'><strong>propositionis</strong></span> <span class='ocrx_word' id='word_1_151' title='bbox 2614 776 2729 818; x_wconf 90' lang='lat' dir='ltr'><strong>non</strong></span> <span class='ocrx_word' id='word_1_152' title='bbox 2776 762 3099 834; x_wconf 88' lang='lat' dir='ltr'><strong>accepisset,</strong></span> <span class='ocrx_word' id='word_1_153' title='bbox 3144 765 3464 836; x_wconf 86' lang='lat' dir='ltr'><strong>priusquam</strong></span> <span class='ocrx_word' id='word_1_154' title='bbox 3516 782 3545 821; x_wconf 87' lang='lat' dir='ltr'><strong>a</strong></span> 
     </span>
    </p>
   </div>
   <div class='ocr_carea' id='block_1_23' title="bbox 1954 853 3552 932">
    <p class='ocr_par' dir='ltr' id='par_1_23' title="bbox 1954 853 3552 932">
     <span class='ocr_line' id='line_1_23' title="bbox 1954 853 3552 932; baseline 0.003 -21"><span class='ocrx_word' id='word_1_155' title='bbox 1954 853 2235 911; x_wconf 87' lang='lat' dir='ltr'><strong>sacerdote</strong></span> <span class='ocrx_word' id='word_1_156' title='bbox 2258 863 2645 926; x_wconf 89' lang='lat' dir='ltr'><strong>percunctatus</strong></span> <span class='ocrx_word' id='word_1_157' title='bbox 2664 871 2721 911; x_wconf 91' lang='lat' dir='ltr'><strong>se</strong></span> <span class='ocrx_word' id='word_1_158' title='bbox 2751 855 2942 913; x_wconf 86' lang='lat' dir='ltr'><strong>triduo</strong></span> <span class='ocrx_word' id='word_1_159' title='bbox 2966 858 3301 914; x_wconf 81' lang='lat' dir='ltr'><strong>continuisse</strong></span> <span class='ocrx_word' id='word_1_160' title='bbox 3330 874 3552 932; x_wconf 90' lang='lat' dir='ltr'><strong>respon-</strong></span> 
     </span>
    </p>
   </div>
   <div class='ocr_carea' id='block_1_24' title="bbox 1955 948 3552 1021">
    <p class='ocr_par' dir='ltr' id='par_1_24' title="bbox 1955 948 3552 1021">
     <span class='ocr_line' id='line_1_24' title="bbox 1955 948 3552 1021; baseline 0.003 -17"><span class='ocrx_word' id='word_1_161' title='bbox 1955 948 2124 1005; x_wconf 89' lang='lat' dir='ltr'><strong>disset</strong></span> <span class='ocrx_word' id='word_1_162' title='bbox 2140 951 2327 1012; x_wconf 76' lang='lat' dir='ltr'><strong>(Leuit.</strong></span> <span class='ocrx_word' id='word_1_163' title='bbox 2346 953 2457 1015; x_wconf 81' lang='grc'><strong>21).</strong></span> <span class='ocrx_word' id='word_1_164' title='bbox 2473 949 2767 1020; x_wconf 87' lang='lat' dir='ltr'><strong>Quomodo</strong></span> <span class='ocrx_word' id='word_1_165' title='bbox 2779 950 2939 1021; x_wconf 79' lang='lat' dir='ltr'><strong>igitur</strong></span> <span class='ocrx_word' id='word_1_166' title='bbox 2952 950 3425 1009; x_wconf 86' lang='lat' dir='ltr'><strong>incontinentibus</strong></span> <span class='ocrx_word' id='word_1_167' title='bbox 3441 954 3552 1010; x_wconf 90' lang='lat' dir='ltr'><strong>dia-</strong></span> 
     </span>
    </p>
   </div>
   <div class='ocr_carea' id='block_1_25' title="bbox 1953 1042 3548 1117">
    <p class='ocr_par' dir='ltr' id='par_1_25' title="bbox 1953 1042 3548 1117">
     <span class='ocr_line' id='line_1_25' title="bbox 1953 1042 3548 1117; baseline 0.002 -19"><span class='ocrx_word' id='word_1_168' title='bbox 1953 1043 2187 1099; x_wconf 90' lang='lat' dir='ltr'><strong>conibus</strong></span> <span class='ocrx_word' id='word_1_169' title='bbox 2216 1042 2591 1098; x_wconf 90' lang='lat' dir='ltr'><strong>ministerium</strong></span> <span class='ocrx_word' id='word_1_170' title='bbox 2627 1058 2793 1099; x_wconf 90' lang='lat' dir='ltr'><strong>suum</strong></span> <span class='ocrx_word' id='word_1_171' title='bbox 2832 1059 3087 1100; x_wconf 89' lang='lat' dir='ltr'><strong>exercere</strong></span> <span class='ocrx_word' id='word_1_172' title='bbox 3115 1048 3548 1117; x_wconf 88' lang='lat' dir='ltr'><strong>permitteretur,</strong></span> 
     </span>
    </p>
   </div>
   <div class='ocr_carea' id='block_1_26' title="bbox 1955 1136 3548 1212">
    <p class='ocr_par' dir='ltr' id='par_1_26' title="bbox 1955 1136 3548 1212">
     <span class='ocr_line' id='line_1_26' title="bbox 1955 1136 3548 1212; baseline 0.003 -21"><span class='ocrx_word' id='word_1_173' title='bbox 1955 1137 2070 1209; x_wconf 90' lang='lat' dir='ltr'><strong>qui,</strong></span> <span class='ocrx_word' id='word_1_174' title='bbox 2096 1137 2241 1208; x_wconf 77' lang='lat' dir='ltr'><strong>juxta</strong></span> <span class='ocrx_word' id='word_1_175' title='bbox 2269 1136 2488 1194; x_wconf 90' lang='lat' dir='ltr'><strong>decreta</strong></span> <span class='ocrx_word' id='word_1_176' title='bbox 2520 1145 2837 1194; x_wconf 87' lang='lat' dir='ltr'><strong>sanctorum</strong></span> <span class='ocrx_word' id='word_1_177' title='bbox 2872 1140 3122 1207; x_wconf 88' lang='lat' dir='ltr'><strong>Patrum,</strong></span> <span class='ocrx_word' id='word_1_178' title='bbox 3153 1155 3278 1196; x_wconf 91' lang='lat' dir='ltr'><strong>cum</strong></span> <span class='ocrx_word' id='word_1_179' title='bbox 3300 1140 3430 1212; x_wconf 92' lang='lat' dir='ltr'><strong>ipsis</strong></span> <span class='ocrx_word' id='word_1_180' title='bbox 3455 1158 3548 1196; x_wconf 89' lang='lat' dir='ltr'><strong>sa-</strong></span> 
     </span>
    </p>
   </div>
   <div class='ocr_carea' id='block_1_27' title="bbox 1954 1230 3546 1306">
    <p class='ocr_par' dir='ltr' id='par_1_27' title="bbox 1954 1230 3546 1306">
     <span class='ocr_line' id='line_1_27' title="bbox 1954 1230 3546 1306; baseline 0.001 -19"><span class='ocrx_word' id='word_1_181' title='bbox 1954 1230 2270 1287; x_wconf 89' lang='lat' dir='ltr'><strong>cerdotibus</strong></span> <span class='ocrx_word' id='word_1_182' title='bbox 2297 1231 2367 1287; x_wconf 92' lang='lat' dir='ltr'><strong>ad</strong></span> <span class='ocrx_word' id='word_1_183' title='bbox 2391 1231 2576 1289; x_wconf 82' lang='lat' dir='ltr'><strong>divina</strong></span> <span class='ocrx_word' id='word_1_184' title='bbox 2604 1242 2950 1289; x_wconf 89' lang='lat' dir='ltr'><strong>sacramenta</strong></span> <span class='ocrx_word' id='word_1_185' title='bbox 2975 1233 3338 1303; x_wconf 83' lang='lat' dir='ltr'><strong>conficienda,</strong></span> <span class='ocrx_word' id='word_1_186' title='bbox 3372 1236 3546 1306; x_wconf 87' lang='lat' dir='ltr'><strong>perci-</strong></span> 
     </span>
    </p>
   </div>
   <div class='ocr_carea' id='block_1_28' title="bbox 1952 1326 3550 1398">
    <p class='ocr_par' dir='ltr' id='par_1_28' title="bbox 1952 1326 3550 1398">
     <span class='ocr_line' id='line_1_28' title="bbox 1952 1326 3550 1398; baseline 0.002 -17"><span class='ocrx_word' id='word_1_187' title='bbox 1952 1326 2168 1398; x_wconf 90' lang='lat' dir='ltr'><strong>pienda,</strong></span> <span class='ocrx_word' id='word_1_188' title='bbox 2214 1327 2298 1381; x_wconf 89' lang='lat' dir='ltr'><strong>vel</strong></span> <span class='ocrx_word' id='word_1_189' title='bbox 2340 1327 2534 1383; x_wconf 87' lang='lat' dir='ltr'><strong>saltem</strong></span> <span class='ocrx_word' id='word_1_190' title='bbox 2587 1327 2892 1395; x_wconf 91' lang='lat' dir='ltr'><strong>tractanda,</strong></span> <span class='ocrx_word' id='word_1_191' title='bbox 2923 1343 3039 1384; x_wconf 91' lang='lat' dir='ltr'><strong>non</strong></span> <span class='ocrx_word' id='word_1_192' title='bbox 3092 1328 3405 1384; x_wconf 90' lang='lat' dir='ltr'><strong>intermisse</strong></span> <span class='ocrx_word' id='word_1_193' title='bbox 3455 1328 3550 1384; x_wconf 92' lang='lat' dir='ltr'><strong>sed</strong></span> 
     </span>
    </p>
   </div>
   <div class='ocr_carea' id='block_1_29' title="bbox 1951 1420 2807 1493">
    <p class='ocr_par' dir='ltr' id='par_1_29' title="bbox 1951 1420 2807 1493">
     <span class='ocr_line' id='line_1_29' title="bbox 1951 1420 2807 1493; baseline 0.001 -17"><span class='ocrx_word' id='word_1_194' title='bbox 1951 1420 2198 1492; x_wconf 90' lang='lat' dir='ltr'><strong>quotidie</strong></span> <span class='ocrx_word' id='word_1_195' title='bbox 2230 1420 2429 1477; x_wconf 88' lang='lat' dir='ltr'><strong>debent</strong></span> <span class='ocrx_word' id='word_1_196' title='bbox 2456 1422 2628 1493; x_wconf 90' lang='lat' dir='ltr'><strong>parati</strong></span> <span class='ocrx_word' id='word_1_197' title='bbox 2650 1425 2807 1477; x_wconf 82' lang='lat' dir='ltr'><strong>esse?</strong></span> 
     </span>
    </p>
   </div>
   <div class='ocr_carea' id='block_1_30' title="bbox 2026 1515 3550 1587">
    <p class='ocr_par' dir='ltr' id='par_1_30' title="bbox 2026 1515 3550 1587">
     <span class='ocr_line' id='line_1_30' title="bbox 2026 1515 3550 1587; baseline 0.001 -16"><span class='ocrx_word' id='word_1_198' title='bbox 2026 1517 2293 1572; x_wconf 67' lang='lat' dir='ltr'><strong>Praeterea</strong></span> <span class='ocrx_word' id='word_1_199' title='bbox 2324 1515 2453 1570; x_wconf 90' lang='lat' dir='ltr'><strong>item</strong></span> <span class='ocrx_word' id='word_1_200' title='bbox 2484 1516 2816 1587; x_wconf 88' lang='lat' dir='ltr'><strong>apostolicus</strong></span> <span class='ocrx_word' id='word_1_201' title='bbox 2845 1518 2956 1582; x_wconf 83' lang='lat' dir='ltr'><strong>(lib.</strong></span> <span class='ocrx_word' id='word_1_202' title='bbox 2989 1532 3086 1584; x_wconf 80' lang='lat' dir='ltr'><strong>ur,</strong></span> <span class='ocrx_word' id='word_1_203' title='bbox 3114 1520 3266 1587; x_wconf 89' lang='lat' dir='ltr'><strong>epist.</strong></span> <span class='ocrx_word' id='word_1_204' title='bbox 3299 1523 3387 1585; x_wconf 85' lang='lat'><strong>34)</strong></span> <span class='ocrx_word' id='word_1_205' title='bbox 3418 1518 3550 1573; x_wconf 84' lang='lat' dir='ltr'><strong>scri-</strong></span> 
     </span>
    </p>
   </div>
   <div class='ocr_carea' id='block_1_31' title="bbox 1951 1608 3545 1682">
    <p class='ocr_par' dir='ltr' id='par_1_31' title="bbox 1951 1608 3545 1682">
     <span class='ocr_line' id='line_1_31' title="bbox 1951 1608 3545 1682; baseline 0.002 -18"><span class='ocrx_word' id='word_1_206' title='bbox 1951 1608 2085 1664; x_wconf 90' lang='lat' dir='ltr'><strong>bens</strong></span> <span class='ocrx_word' id='word_1_207' title='bbox 2105 1608 2175 1665; x_wconf 89' lang='lat' dir='ltr'><strong>ad</strong></span> <span class='ocrx_word' id='word_1_208' title='bbox 2200 1610 2450 1665; x_wconf 91' lang='lat' dir='ltr'><strong>Leonem</strong></span> <span class='ocrx_word' id='word_1_209' title='bbox 2484 1610 2801 1682; x_wconf 88' lang='lat' dir='ltr'><strong>episcopum</strong></span> <span class='ocrx_word' id='word_1_210' title='bbox 2830 1611 3211 1668; x_wconf 89' lang='lat' dir='ltr'><strong>Catinensium</strong></span> <span class='ocrx_word' id='word_1_211' title='bbox 3249 1612 3545 1679; x_wconf 90' lang='lat' dir='ltr'><strong>[Catanen-</strong></span> 
     </span>
    </p>
   </div>
   <div class='ocr_carea' id='block_1_32' title="bbox 1950 1703 3546 1774">
    <p class='ocr_par' dir='ltr' id='par_1_32' title="bbox 1950 1703 3546 1774">
     <span class='ocr_line' id='line_1_32' title="bbox 1950 1703 3546 1774; baseline 0.003 -15"><span class='ocrx_word' id='word_1_212' title='bbox 1950 1704 2144 1774; x_wconf 87' lang='lat' dir='ltr'><strong>sium],</strong></span> <span class='ocrx_word' id='word_1_213' title='bbox 2182 1704 2289 1759; x_wconf 90' lang='lat' dir='ltr'><strong>hoc</strong></span> <span class='ocrx_word' id='word_1_214' title='bbox 2316 1703 2482 1759; x_wconf 91' lang='lat' dir='ltr'><strong>etiam</strong></span> <span class='ocrx_word' id='word_1_215' title='bbox 2511 1704 2939 1762; x_wconf 90' lang='lat' dir='ltr'><strong>subdiaconibus</strong></span> <span class='ocrx_word' id='word_1_216' title='bbox 2966 1721 3087 1762; x_wconf 84' lang='lat' dir='ltr'><strong>esse.</strong></span> <span class='ocrx_word' id='word_1_217' title='bbox 3113 1707 3477 1763; x_wconf 88' lang='lat' dir='ltr'><strong>constitutum</strong></span> <span class='ocrx_word' id='word_1_218' title='bbox 3515 1724 3546 1764; x_wconf 89' lang='lat' dir='ltr'><strong>a</strong></span> 
     </span>
    </p>
   </div>
   <div class='ocr_carea' id='block_1_33' title="bbox 237 1785 3547 1872">
    <p class='ocr_par' dir='ltr' id='par_1_33' title="bbox 237 1785 3547 1872">
     <span class='ocr_line' id='line_1_33' title="bbox 237 1785 3547 1872; baseline 0.002 -23"><span class='ocrx_word' id='word_1_219' title='bbox 237 1800 531 1849; x_wconf 88' lang='lat' dir='ltr'><strong>statutum.</strong></span> <span class='ocrx_word' id='word_1_220' title='bbox 582 1795 727 1864; x_wconf 81' lang='lat' dir='ltr'><strong>Ergo</strong></span> <span class='ocrx_word' id='word_1_221' title='bbox 774 1792 909 1850; x_wconf 88' lang='lat' dir='ltr'><strong>illud</strong></span> <span class='ocrx_word' id='word_1_222' title='bbox 947 1801 1133 1863; x_wconf 90' lang='lat' dir='ltr'><strong>tuum,</strong></span> <span class='ocrx_word' id='word_1_223' title='bbox 1178 1810 1306 1850; x_wconf 90' lang='lat' dir='ltr'><strong>cum</strong></span> <span class='ocrx_word' id='word_1_224' title='bbox 1348 1794 1441 1851; x_wconf 88' lang='lat' dir='ltr'><strong>isti</strong></span> <span class='ocrx_word' id='word_1_225' title='bbox 1484 1797 1722 1851; x_wconf 81' lang='lat' dir='ltr'><strong>maxime</strong></span> <span class='ocrx_word' id='word_1_226' title='bbox 1770 1797 1841 1852; x_wconf 89' lang='lat' dir='ltr'><strong>sit</strong></span> <span class='ocrx_word' id='word_1_227' title='bbox 1875 1785 1924 1848; x_wconf 90' lang='grc' dir='ltr'><strong>Β</strong></span> <span class='ocrx_word' id='word_1_228' title='bbox 1954 1797 2350 1870; x_wconf 66' lang='lat' dir='ltr'><strong>praedecessore</strong></span> <span class='ocrx_word' id='word_1_229' title='bbox 2380 1813 2479 1852; x_wconf 90' lang='lat' dir='ltr'><strong>suo</strong></span> <span class='ocrx_word' id='word_1_230' title='bbox 2504 1806 2756 1866; x_wconf 89' lang='lat' dir='ltr'><strong>testatur,</strong></span> <span class='ocrx_word' id='word_1_231' title='bbox 2784 1807 2845 1855; x_wconf 91' lang='lat' dir='ltr'><strong>ut</strong></span> <span class='ocrx_word' id='word_1_232' title='bbox 2873 1800 2966 1872; x_wconf 89' lang='lat' dir='ltr'><strong>qui</strong></span> <span class='ocrx_word' id='word_1_233' title='bbox 2990 1815 3055 1855; x_wconf 91' lang='lat' dir='ltr'><strong>eo</strong></span> <span class='ocrx_word' id='word_1_234' title='bbox 3084 1808 3337 1872; x_wconf 90' lang='lat' dir='ltr'><strong>tempore</strong></span> <span class='ocrx_word' id='word_1_235' title='bbox 3364 1809 3547 1857; x_wconf 88' lang='lat' dir='ltr'><strong>essent</strong></span> 
     </span>
    </p>
   </div>
   <div class='ocr_carea' id='block_1_34' title="bbox 236 1886 1843 1964">
    <p class='ocr_par' dir='ltr' id='par_1_34' title="bbox 236 1886 1843 1964">
     <span class='ocr_line' id='line_1_34' title="bbox 236 1886 1843 1964; baseline 0.002 -21"><span class='ocrx_word' id='word_1_236' title='bbox 236 1887 616 1955; x_wconf 89' lang='lat' dir='ltr'><strong>contrarium,</strong></span> <span class='ocrx_word' id='word_1_237' title='bbox 663 1886 964 1943; x_wconf 87' lang='lat' dir='ltr'><strong>anathema</strong></span> <span class='ocrx_word' id='word_1_238' title='bbox 1011 1889 1327 1944; x_wconf 89' lang='lat' dir='ltr'><strong>nullatenus</strong></span> <span class='ocrx_word' id='word_1_239' title='bbox 1387 1890 1585 1946; x_wconf 87' lang='lat' dir='ltr'><strong>evadet</strong></span> <span class='ocrx_word' id='word_1_240' title='bbox 1629 1892 1843 1964; x_wconf 91' lang='lat' dir='ltr'><strong>Grego-</strong></span> 
     </span>
    </p>
   </div>
   <div class='ocr_carea' id='block_1_35' title="bbox 234 1981 1840 2055">
    <p class='ocr_par' dir='ltr' id='par_1_35' title="bbox 234 1981 1840 2055">
     <span class='ocr_line' id='line_1_35' title="bbox 234 1981 1840 2055; baseline 0.002 -18"><span class='ocrx_word' id='word_1_241' title='bbox 234 1983 482 2037; x_wconf 88' lang='lat' dir='ltr'><strong>rianum.</strong></span> <span class='ocrx_word' id='word_1_242' title='bbox 530 1983 653 2052; x_wconf 88' lang='lat' dir='ltr'><strong>Ipse</strong></span> <span class='ocrx_word' id='word_1_243' title='bbox 693 1981 842 2037; x_wconf 90' lang='lat' dir='ltr'><strong>enim</strong></span> <span class='ocrx_word' id='word_1_244' title='bbox 903 1981 1099 2038; x_wconf 90' lang='lat' dir='ltr'><strong>doctor</strong></span> <span class='ocrx_word' id='word_1_245' title='bbox 1152 1983 1490 2055; x_wconf 89' lang='lat' dir='ltr'><strong>apostolicus</strong></span> <span class='ocrx_word' id='word_1_246' title='bbox 1555 1986 1667 2051; x_wconf 84' lang='lat' dir='ltr'><strong>(lib.</strong></span> <span class='ocrx_word' id='word_1_247' title='bbox 1722 2000 1840 2054; x_wconf 82' lang='lat' dir='ltr'><strong>vn,</strong></span> 
     </span>
    </p>
   </div>
   <div class='ocr_carea' id='block_1_36' title="bbox 234 2075 1843 2152">
    <p class='ocr_par' dir='ltr' id='par_1_36' title="bbox 234 2075 1843 2152">
     <span class='ocr_line' id='line_1_36' title="bbox 234 2075 1843 2152; baseline 0.001 -20"><span class='ocrx_word' id='word_1_248' title='bbox 234 2078 399 2147; x_wconf 81' lang='lat' dir='ltr'><strong>epist.</strong></span> <span class='ocrx_word' id='word_1_249' title='bbox 446 2079 566 2142; x_wconf 82' lang='lat' dir='ltr'><strong>I12)</strong></span> <span class='ocrx_word' id='word_1_250' title='bbox 594 2075 777 2130; x_wconf 90' lang='lat' dir='ltr'><strong>omnia</strong></span> <span class='ocrx_word' id='word_1_251' title='bbox 806 2075 1120 2133; x_wconf 88' lang='lat' dir='ltr'><strong>canonibus</strong></span> <span class='ocrx_word' id='word_1_252' title='bbox 1145 2076 1374 2133; x_wconf 91' lang='lat' dir='ltr'><strong>adversa</strong></span> <span class='ocrx_word' id='word_1_253' title='bbox 1421 2078 1475 2132; x_wconf 91' lang='lat' dir='ltr'><strong>in</strong></span> <span class='ocrx_word' id='word_1_254' title='bbox 1505 2078 1715 2150; x_wconf 89' lang='lat' dir='ltr'><strong>synodo</strong></span> <span class='ocrx_word' id='word_1_255' title='bbox 1746 2095 1843 2152; x_wconf 88' lang='lat' dir='ltr'><strong>ge-</strong></span> 
     </span>
    </p>
   </div>
   <div class='ocr_carea' id='block_1_37' title="bbox 228 2168 1842 2237">
    <p class='ocr_par' dir='ltr' id='par_1_37' title="bbox 228 2168 1842 2237">
     <span class='ocr_line' id='line_1_37' title="bbox 228 2168 1842 2237; baseline 0.002 -12"><span class='ocrx_word' id='word_1_256' title='bbox 228 2168 408 2225; x_wconf 88' lang='lat' dir='ltr'><strong>nerali</strong></span> <span class='ocrx_word' id='word_1_257' title='bbox 435 2169 540 2225; x_wconf 91' lang='lat' dir='ltr'><strong>sub</strong></span> <span class='ocrx_word' id='word_1_258' title='bbox 582 2169 924 2224; x_wconf 88' lang='lat' dir='ltr'><strong>anathemate</strong></span> <span class='ocrx_word' id='word_1_259' title='bbox 963 2168 1094 2226; x_wconf 87' lang='lat' dir='ltr'><strong>fecit</strong></span> <span class='ocrx_word' id='word_1_260' title='bbox 1135 2169 1413 2237; x_wconf 91' lang='lat' dir='ltr'><strong>damnari,</strong></span> <span class='ocrx_word' id='word_1_261' title='bbox 1471 2171 1544 2226; x_wconf 90' lang='lat' dir='ltr'><strong>ita</strong></span> <span class='ocrx_word' id='word_1_262' title='bbox 1596 2172 1842 2228; x_wconf 86' lang='lat' dir='ltr'><strong>scribens</strong></span> 
     </span>
    </p>
   </div>
   <div class='ocr_carea' id='block_1_38' title="bbox 233 2262 1840 2338">
    <p class='ocr_par' dir='ltr' id='par_1_38' title="bbox 233 2262 1840 2338">
     <span class='ocr_line' id='line_1_38' title="bbox 233 2262 1840 2338; baseline 0.001 -18"><span class='ocrx_word' id='word_1_263' title='bbox 233 2263 466 2336; x_wconf 83' lang='lat' dir='ltr'><strong>Syagrio</strong></span> <span class='ocrx_word' id='word_1_264' title='bbox 510 2262 993 2335; x_wconf 83' lang='lat' dir='ltr'><strong>Augustodunensi</strong></span> <span class='ocrx_word' id='word_1_265' title='bbox 1031 2264 1282 2336; x_wconf 90' lang='lat' dir='ltr'><strong>episcopo</strong></span> <span class='ocrx_word' id='word_1_266' title='bbox 1334 2283 1348 2320; x_wconf 88' lang='lat'><strong>:</strong></span> <span class='ocrx_word' id='word_1_267' title='bbox 1383 2266 1592 2330; x_wconf 87' lang='lat' dir='ltr'><strong>Omnia,</strong></span> <span class='ocrx_word' id='word_1_268' title='bbox 1641 2266 1840 2338; x_wconf 87' lang='lat' dir='ltr'><strong>inquit,</strong></span> 
     </span>
    </p>
   </div>
   <div class='ocr_carea' id='block_1_39' title="bbox 234 2359 1837 2429">
    <p class='ocr_par' dir='ltr' id='par_1_39' title="bbox 234 2359 1837 2429">
     <span class='ocr_line' id='line_1_39' title="bbox 234 2359 1837 2429; baseline 0.002 -17"><span class='ocrx_word' id='word_1_269' title='bbox 234 2374 364 2428; x_wconf 65' lang='lat' dir='ltr'><strong>quae</strong></span> <span class='ocrx_word' id='word_1_270' title='bbox 405 2360 608 2413; x_wconf 75' lang='lat' dir='ltr'><strong>sanctis</strong></span> <span class='ocrx_word' id='word_1_271' title='bbox 636 2359 949 2425; x_wconf 85' lang='lat' dir='ltr'><strong>canonibus,</strong></span> <span class='ocrx_word' id='word_1_272' title='bbox 982 2360 1122 2413; x_wconf 89' lang='lat' dir='ltr'><strong>sicut</strong></span> <span class='ocrx_word' id='word_1_273' title='bbox 1147 2360 1526 2429; x_wconf 61' lang='lat' dir='ltr'><strong>praediximus,</strong></span> <span class='ocrx_word' id='word_1_274' title='bbox 1581 2365 1711 2415; x_wconf 88' lang='lat' dir='ltr'><strong>sunt</strong></span> <span class='ocrx_word' id='word_1_275' title='bbox 1738 2361 1837 2415; x_wconf 84' lang='lat' dir='ltr'><strong>ad-</strong></span> 
     </span>
    </p>
   </div>
   <div class='ocr_carea' id='block_1_40' title="bbox 227 2454 1839 2523">
    <p class='ocr_par' dir='ltr' id='par_1_40' title="bbox 227 2454 1839 2523">
     <span class='ocr_line' id='line_1_40' title="bbox 227 2454 1839 2523; baseline 0.001 -16"><span class='ocrx_word' id='word_1_276' title='bbox 227 2469 417 2517; x_wconf 76' lang='lat' dir='ltr'><strong>versa,</strong></span> <span class='ocrx_word' id='word_1_277' title='bbox 448 2454 694 2507; x_wconf 72' lang='lat' dir='ltr'><strong>districta</strong></span> <span class='ocrx_word' id='word_1_278' title='bbox 717 2454 813 2507; x_wconf 89' lang='lat' dir='ltr'><strong>sub</strong></span> <span class='ocrx_word' id='word_1_279' title='bbox 837 2454 1200 2507; x_wconf 83' lang='lat' dir='ltr'><strong>anathematis</strong></span> <span class='ocrx_word' id='word_1_280' title='bbox 1234 2456 1640 2523; x_wconf 62' lang='lat' dir='ltr'><strong>interpositione</strong></span> <span class='ocrx_word' id='word_1_281' title='bbox 1682 2456 1839 2509; x_wconf 86' lang='lat' dir='ltr'><strong>dam-</strong></span> 
     </span>
    </p>
   </div>
   <div class='ocr_carea' id='block_1_41' title="bbox 229 2546 1841 2616">
    <p class='ocr_par' dir='ltr' id='par_1_41' title="bbox 229 2546 1841 2616">
     <span class='ocr_line' id='line_1_41' title="bbox 229 2546 1841 2616; baseline 0.002 -16"><span class='ocrx_word' id='word_1_282' title='bbox 229 2551 471 2611; x_wconf 80' lang='lat' dir='ltr'><strong>nentur;</strong></span> <span class='ocrx_word' id='word_1_283' title='bbox 498 2546 559 2600; x_wconf 84' lang='lat' dir='ltr'><strong>id</strong></span> <span class='ocrx_word' id='word_1_284' title='bbox 578 2551 657 2601; x_wconf 87' lang='lat' dir='ltr'><strong>est</strong></span> <span class='ocrx_word' id='word_1_285' title='bbox 682 2551 744 2601; x_wconf 91' lang='lat' dir='ltr'><strong>ut</strong></span> <span class='ocrx_word' id='word_1_286' title='bbox 768 2548 950 2601; x_wconf 86' lang='lat' dir='ltr'><strong>nullus</strong></span> <span class='ocrx_word' id='word_1_287' title='bbox 977 2562 1077 2616; x_wconf 74' lang='lat' dir='ltr'><strong>pro</strong></span> <span class='ocrx_word' id='word_1_288' title='bbox 1097 2547 1460 2616; x_wconf 84' lang='lat' dir='ltr'><strong>adipiscendis</strong></span> <span class='ocrx_word' id='word_1_289' title='bbox 1475 2549 1841 2604; x_wconf 80' lang='lat' dir='ltr'><strong>ecclesiasticis</strong></span> 
     </span>
    </p>
   </div>
   <div class='ocr_carea' id='block_1_42' title="bbox 226 2640 1839 2711">
    <p class='ocr_par' dir='ltr' id='par_1_42' title="bbox 226 2640 1839 2711">
     <span class='ocr_line' id='line_1_42' title="bbox 226 2640 1839 2711; baseline 0.001 -17"><span class='ocrx_word' id='word_1_290' title='bbox 226 2640 520 2694; x_wconf 84' lang='lat' dir='ltr'><strong>ordinibus</strong></span> <span class='ocrx_word' id='word_1_291' title='bbox 540 2640 669 2693; x_wconf 85' lang='lat' dir='ltr'><strong>dare</strong></span> <span class='ocrx_word' id='word_1_292' title='bbox 683 2640 913 2709; x_wconf 86' lang='lat' dir='ltr'><strong>aliquod</strong></span> <span class='ocrx_word' id='word_1_293' title='bbox 932 2640 1271 2694; x_wconf 89' lang='lat' dir='ltr'><strong>commodum</strong></span> <span class='ocrx_word' id='word_1_294' title='bbox 1291 2646 1615 2710; x_wconf 71' lang='lat' dir='ltr'><strong>praesumat,</strong></span> <span class='ocrx_word' id='word_1_295' title='bbox 1639 2643 1721 2696; x_wconf 84' lang='lat' dir='ltr'><strong>vel</strong></span> <span class='ocrx_word' id='word_1_296' title='bbox 1736 2658 1839 2711; x_wconf 84' lang='lat' dir='ltr'><strong>pro</strong></span> 
     </span>
    </p>
   </div>
   <div class='ocr_carea' id='block_1_43' title="bbox 227 2734 1839 2804">
    <p class='ocr_par' dir='ltr' id='par_1_43' title="bbox 227 2734 1839 2804">
     <span class='ocr_line' id='line_1_43' title="bbox 227 2734 1839 2804; baseline 0.001 -16"><span class='ocrx_word' id='word_1_297' title='bbox 227 2734 385 2788; x_wconf 84' lang='lat' dir='ltr'><strong>datis</strong></span> <span class='ocrx_word' id='word_1_298' title='bbox 427 2734 693 2804; x_wconf 78' lang='lat' dir='ltr'><strong>accipere;</strong></span> <span class='ocrx_word' id='word_1_299' title='bbox 724 2748 895 2803; x_wconf 85' lang='lat' dir='ltr'><strong>neque</strong></span> <span class='ocrx_word' id='word_1_300' title='bbox 922 2749 989 2787; x_wconf 72' lang='lat' dir='ltr'><strong>ea-</strong></span> <span class='ocrx_word' id='word_1_301' title='bbox 1021 2734 1155 2787; x_wconf 87' lang='lat' dir='ltr'><strong>laico</strong></span> <span class='ocrx_word' id='word_1_302' title='bbox 1200 2734 1391 2788; x_wconf 87' lang='lat' dir='ltr'><strong>habitu</strong></span> <span class='ocrx_word' id='word_1_303' title='bbox 1430 2737 1711 2804; x_wconf 84' lang='lat' dir='ltr'><strong>quisquam</strong></span> <span class='ocrx_word' id='word_1_304' title='bbox 1758 2752 1839 2789; x_wconf 84' lang='lat' dir='ltr'><strong>re-</strong></span> 
     </span>
    </p>
   </div>
   <div class='ocr_carea' id='block_1_44' title="bbox 218 2828 1827 2900">
    <p class='ocr_par' dir='ltr' id='par_1_44' title="bbox 218 2828 1827 2900">
     <span class='ocr_line' id='line_1_44' title="bbox 218 2828 1827 2900; baseline 0.001 -17"><span class='ocrx_word' id='word_1_305' title='bbox 218 2834 392 2900; x_wconf 85' lang='lat' dir='ltr'><strong>pente</strong></span> <span class='ocrx_word' id='word_1_306' title='bbox 441 2828 656 2883; x_wconf 82' lang='lat' dir='ltr'><strong>accedat</strong></span> <span class='ocrx_word' id='word_1_307' title='bbox 701 2828 776 2882; x_wconf 85' lang='lat' dir='ltr'><strong>ad</strong></span> <span class='ocrx_word' id='word_1_308' title='bbox 806 2829 975 2882; x_wconf 89' lang='lat' dir='ltr'><strong>locum</strong></span> <span class='ocrx_word' id='word_1_309' title='bbox 1018 2830 1161 2883; x_wconf 86' lang='lat' dir='ltr'><strong>sacri</strong></span> <span class='ocrx_word' id='word_1_310' title='bbox 1205 2831 1485 2897; x_wconf 78' lang='lat' dir='ltr'><strong>regiminis</strong></span> <span class='ocrx_word' id='word_1_311' title='bbox 1527 2832 1827 2899; x_wconf 81' lang='lat' dir='ltr'><strong>pervenire.</strong></span> 
     </span>
    </p>
   </div>
   <div class='ocr_carea' id='block_1_45' title="bbox 226 2922 1835 2992">
    <p class='ocr_par' dir='ltr' id='par_1_45' title="bbox 226 2922 1835 2992">
     <span class='ocr_line' id='line_1_45' title="bbox 226 2922 1835 2992; baseline 0.002 -17"><span class='ocrx_word' id='word_1_312' title='bbox 226 2926 418 2992; x_wconf 86' lang='lat' dir='ltr'><strong>Neque</strong></span> <span class='ocrx_word' id='word_1_313' title='bbox 445 2925 508 2976; x_wconf 88' lang='lat' dir='ltr'><strong>ut</strong></span> <span class='ocrx_word' id='word_1_314' title='bbox 544 2923 668 2976; x_wconf 74' lang='lat' dir='ltr'><strong>alia:</strong></span> <span class='ocrx_word' id='word_1_315' title='bbox 708 2922 963 2976; x_wconf 82' lang='lat' dir='ltr'><strong>mulieres</strong></span> <span class='ocrx_word' id='word_1_316' title='bbox 1004 2938 1127 2976; x_wconf 86' lang='lat' dir='ltr'><strong>cum</strong></span> <span class='ocrx_word' id='word_1_317' title='bbox 1169 2923 1536 2977; x_wconf 82' lang='lat' dir='ltr'><strong>sacerdotibus</strong></span> <span class='ocrx_word' id='word_1_318' title='bbox 1565 2924 1835 2987; x_wconf 82' lang='lat' dir='ltr'><strong>habitent,</strong></span> 
     </span>
    </p>
   </div>
   <div class='ocr_carea' id='block_1_46' title="bbox 224 3018 1582 3088">
    <p class='ocr_par' dir='ltr' id='par_1_46' title="bbox 224 3018 1582 3088">
     <span class='ocr_line' id='line_1_46' title="bbox 224 3018 1582 3088; baseline 0.001 -17"><span class='ocrx_word' id='word_1_319' title='bbox 224 3020 348 3072; x_wconf 82' lang='lat' dir='ltr'><strong>nisi</strong></span> <span class='ocrx_word' id='word_1_320' title='bbox 370 3018 455 3071; x_wconf 64' lang='lat' dir='ltr'><strong>his</strong></span> <span class='ocrx_word' id='word_1_321' title='bbox 479 3032 601 3085; x_wconf 69' lang='lat' dir='ltr'><strong>qua:</strong></span> <span class='ocrx_word' id='word_1_322' title='bbox 628 3019 795 3071; x_wconf 84' lang='lat' dir='ltr'><strong>sacris</strong></span> <span class='ocrx_word' id='word_1_323' title='bbox 823 3018 1111 3072; x_wconf 84' lang='lat' dir='ltr'><strong>canonibus</strong></span> <span class='ocrx_word' id='word_1_324' title='bbox 1136 3022 1266 3071; x_wconf 85' lang='lat' dir='ltr'><strong>sunt</strong></span> <span class='ocrx_word' id='word_1_325' title='bbox 1282 3020 1582 3088; x_wconf 67' lang='lat' dir='ltr'><strong>permissis.</strong></span> 
     </span>
    </p>
   </div>
   <div class='ocr_carea' id='block_1_47' title="bbox 306 3108 1837 3183">
    <p class='ocr_par' dir='ltr' id='par_1_47' title="bbox 306 3108 1837 3183">
     <span class='ocr_line' id='line_1_47' title="bbox 306 3108 1837 3183; baseline 0.001 -16"><span class='ocrx_word' id='word_1_326' title='bbox 306 3110 416 3167; x_wconf 91' lang='lat' dir='ltr'><strong>Sed</strong></span> <span class='ocrx_word' id='word_1_327' title='bbox 440 3108 673 3167; x_wconf 89' lang='lat' dir='ltr'><strong>forsitan</strong></span> <span class='ocrx_word' id='word_1_328' title='bbox 692 3110 892 3166; x_wconf 88' lang='lat' dir='ltr'><strong>asseris</strong></span> <span class='ocrx_word' id='word_1_329' title='bbox 915 3110 982 3166; x_wconf 91' lang='lat' dir='ltr'><strong>ad</strong></span> <span class='ocrx_word' id='word_1_330' title='bbox 1004 3118 1161 3167; x_wconf 90' lang='lat' dir='ltr'><strong>tuam</strong></span> <span class='ocrx_word' id='word_1_331' title='bbox 1183 3119 1399 3183; x_wconf 89' lang='lat' dir='ltr'><strong>partem</strong></span> <span class='ocrx_word' id='word_1_332' title='bbox 1426 3110 1837 3169; x_wconf 86' lang='lat' dir='ltr'><strong>defendendam</strong></span> 
     </span>
    </p>
   </div>
   <div class='ocr_carea' id='block_1_48' title="bbox 1953 1891 3542 1965">
    <p class='ocr_par' dir='ltr' id='par_1_48' title="bbox 1953 1891 3542 1965">
     <span class='ocr_line' id='line_1_48' title="bbox 1953 1891 3542 1965; baseline 0.003 -19"><span class='ocrx_word' id='word_1_333' title='bbox 1953 1892 2254 1964; x_wconf 90' lang='lat' dir='ltr'><strong>conjugati,</strong></span> <span class='ocrx_word' id='word_1_334' title='bbox 2282 1907 2455 1947; x_wconf 90' lang='lat' dir='ltr'><strong>unum</strong></span> <span class='ocrx_word' id='word_1_335' title='bbox 2485 1891 2553 1947; x_wconf 90' lang='lat' dir='ltr'><strong>de</strong></span> <span class='ocrx_word' id='word_1_336' title='bbox 2581 1891 2800 1949; x_wconf 88' lang='lat' dir='ltr'><strong>duobus</strong></span> <span class='ocrx_word' id='word_1_337' title='bbox 2837 1894 3123 1965; x_wconf 85' lang='lat' dir='ltr'><strong>eligerent,</strong></span> <span class='ocrx_word' id='word_1_338' title='bbox 3155 1894 3211 1951; x_wconf 91' lang='lat' dir='ltr'><strong>id</strong></span> <span class='ocrx_word' id='word_1_339' title='bbox 3251 1903 3336 1950; x_wconf 88' lang='lat' dir='ltr'><strong>est</strong></span> <span class='ocrx_word' id='word_1_340' title='bbox 3364 1903 3459 1951; x_wconf 89' lang='lat' dir='ltr'><strong>aut</strong></span> <span class='ocrx_word' id='word_1_341' title='bbox 3484 1911 3542 1951; x_wconf 92' lang='lat' dir='ltr'><strong>se</strong></span> 
     </span>
    </p>
   </div>
   <div class='ocr_carea' id='block_1_49' title="bbox 1951 1982 3545 2053">
    <p class='ocr_par' dir='ltr' id='par_1_49' title="bbox 1951 1982 3545 2053">
     <span class='ocr_line' id='line_1_49' title="bbox 1951 1982 3545 2053; baseline 0.002 -13"><span class='ocrx_word' id='word_1_342' title='bbox 1951 1982 2020 2040; x_wconf 87' lang='lat' dir='ltr'><strong>ab</strong></span> <span class='ocrx_word' id='word_1_343' title='bbox 2048 1984 2309 2041; x_wconf 87' lang='lat' dir='ltr'><strong>uxoribus</strong></span> <span class='ocrx_word' id='word_1_344' title='bbox 2340 1986 2698 2053; x_wconf 89' lang='lat' dir='ltr'><strong>abstinerent,</strong></span> <span class='ocrx_word' id='word_1_345' title='bbox 2730 1994 2826 2041; x_wconf 90' lang='lat' dir='ltr'><strong>aut</strong></span> <span class='ocrx_word' id='word_1_346' title='bbox 2854 1995 3001 2044; x_wconf 90' lang='lat' dir='ltr'><strong>certe</strong></span> <span class='ocrx_word' id='word_1_347' title='bbox 3040 1988 3351 2043; x_wconf 86' lang='lat' dir='ltr'><strong>nullatenus</strong></span> <span class='ocrx_word' id='word_1_348' title='bbox 3379 1989 3545 2043; x_wconf 88' lang='lat' dir='ltr'><strong>mini-</strong></span> 
     </span>
    </p>
   </div>
   <div class='ocr_carea' id='block_1_50' title="bbox 1951 2079 3540 2153">
    <p class='ocr_par' dir='ltr' id='par_1_50' title="bbox 1951 2079 3540 2153">
     <span class='ocr_line' id='line_1_50' title="bbox 1951 2079 3540 2153; baseline 0.003 -20"><span class='ocrx_word' id='word_1_349' title='bbox 1951 2087 2125 2134; x_wconf 90' lang='lat' dir='ltr'><strong>strare</strong></span> <span class='ocrx_word' id='word_1_350' title='bbox 2156 2087 2576 2150; x_wconf 60' lang='lat' dir='ltr'><strong>praesumerent.</strong></span> <span class='ocrx_word' id='word_1_351' title='bbox 2624 2079 2925 2153; x_wconf 87' lang='lat' dir='ltr'><strong>Diligenter</strong></span> <span class='ocrx_word' id='word_1_352' title='bbox 2976 2080 3141 2136; x_wconf 88' lang='lat' dir='ltr'><strong>etiam</strong></span> <span class='ocrx_word' id='word_1_353' title='bbox 3189 2082 3443 2136; x_wconf 86' lang='lat' dir='ltr'><strong>attendas</strong></span> <span class='ocrx_word' id='word_1_354' title='bbox 3482 2084 3540 2137; x_wconf 90' lang='lat' dir='ltr'><strong>S.</strong></span> 
     </span>
    </p>
   </div>
   <div class='ocr_carea' id='block_1_51' title="bbox 1949 2171 3543 2244">
    <p class='ocr_par' dir='ltr' id='par_1_51' title="bbox 1949 2171 3543 2244">
     <span class='ocr_line' id='line_1_51' title="bbox 1949 2171 3543 2244; baseline 0.001 -16"><span class='ocrx_word' id='word_1_355' title='bbox 1949 2171 2282 2244; x_wconf 88' lang='lat' dir='ltr'><strong>Gregorium</strong></span> <span class='ocrx_word' id='word_1_356' title='bbox 2314 2172 2384 2227; x_wconf 91' lang='lat' dir='ltr'><strong>ad</strong></span> <span class='ocrx_word' id='word_1_357' title='bbox 2422 2180 2645 2243; x_wconf 89' lang='lat' dir='ltr'><strong>tempus</strong></span> <span class='ocrx_word' id='word_1_358' title='bbox 2672 2181 2891 2228; x_wconf 89' lang='lat' dir='ltr'><strong>tantum</strong></span> <span class='ocrx_word' id='word_1_359' title='bbox 2931 2189 2961 2229; x_wconf 92' lang='lat' dir='ltr'><strong>a</strong></span> <span class='ocrx_word' id='word_1_360' title='bbox 2985 2172 3314 2229; x_wconf 90' lang='lat' dir='ltr'><strong>diaconibus</strong></span> <span class='ocrx_word' id='word_1_361' title='bbox 3343 2174 3543 2230; x_wconf 68' lang='lat' dir='ltr'><strong>Siciliae</strong></span> 
     </span>
    </p>
   </div>
   <div class='ocr_carea' id='block_1_52' title="bbox 1949 2266 3546 2339">
    <p class='ocr_par' dir='ltr' id='par_1_52' title="bbox 1949 2266 3546 2339">
     <span class='ocr_line' id='line_1_52' title="bbox 1949 2266 3546 2339; baseline -0.001 -17"><span class='ocrx_word' id='word_1_362' title='bbox 1949 2266 2353 2323; x_wconf 90' lang='lat' dir='ltr'><strong>continentiam</strong></span> <span class='ocrx_word' id='word_1_363' title='bbox 2383 2282 2493 2323; x_wconf 90' lang='lat' dir='ltr'><strong>non</strong></span> <span class='ocrx_word' id='word_1_364' title='bbox 2519 2266 2779 2339; x_wconf 86' lang='lat' dir='ltr'><strong>exegisse.</strong></span> <span class='ocrx_word' id='word_1_365' title='bbox 2811 2269 2949 2322; x_wconf 85' lang='lat' dir='ltr'><strong>Nam</strong></span> <span class='ocrx_word' id='word_1_366' title='bbox 2981 2266 3035 2321; x_wconf 93' lang='lat' dir='ltr'><strong>in</strong></span> <span class='ocrx_word' id='word_1_367' title='bbox 3061 2266 3251 2323; x_wconf 89' lang='lat' dir='ltr'><strong>eadem</strong></span> <span class='ocrx_word' id='word_1_368' title='bbox 3281 2266 3397 2338; x_wconf 91' lang='lat' dir='ltr'><strong>ipsa</strong></span> <span class='ocrx_word' id='word_1_369' title='bbox 3427 2268 3546 2338; x_wconf 91' lang='lat' dir='ltr'><strong>epi-</strong></span> 
     </span>
    </p>
   </div>
   <div class='ocr_carea' id='block_1_53' title="bbox 1936 2359 3545 2432">
    <p class='ocr_par' dir='ltr' id='par_1_53' title="bbox 1936 2359 3545 2432">
     <span class='ocr_line' id='line_1_53' title="bbox 1936 2359 3545 2432; baseline -0.004 -11"><span class='ocrx_word' id='word_1_370' title='bbox 1936 2361 2087 2421; x_wconf 85' lang='lat' dir='ltr'><strong>stola</strong></span> <span class='ocrx_word' id='word_1_371' title='bbox 2111 2359 2434 2417; x_wconf 89' lang='lat' dir='ltr'><strong>deliberavit</strong></span> <span class='ocrx_word' id='word_1_372' title='bbox 2461 2368 2521 2415; x_wconf 90' lang='lat' dir='ltr'><strong>ut</strong></span> <span class='ocrx_word' id='word_1_373' title='bbox 2548 2360 2737 2416; x_wconf 90' lang='lat' dir='ltr'><strong>nullus</strong></span> <span class='ocrx_word' id='word_1_374' title='bbox 2757 2361 3144 2431; x_wconf 87' lang='lat' dir='ltr'><strong>episcoporum</strong></span> <span class='ocrx_word' id='word_1_375' title='bbox 3169 2361 3431 2432; x_wconf 91' lang='lat' dir='ltr'><strong>deinceps</strong></span> <span class='ocrx_word' id='word_1_376' title='bbox 3458 2362 3545 2417; x_wconf 89' lang='lat' dir='ltr'><strong>ali-</strong></span> 
     </span>
    </p>
   </div>
   <div class='ocr_carea' id='block_1_54' title="bbox 1948 2454 3546 2528">
    <p class='ocr_par' dir='ltr' id='par_1_54' title="bbox 1948 2454 3546 2528">
     <span class='ocr_line' id='line_1_54' title="bbox 1948 2454 3546 2528; baseline 0.001 -19"><span class='ocrx_word' id='word_1_377' title='bbox 1948 2470 2113 2526; x_wconf 88' lang='lat' dir='ltr'><strong>quem</strong></span> <span class='ocrx_word' id='word_1_378' title='bbox 2144 2454 2438 2509; x_wconf 89' lang='lat' dir='ltr'><strong>diaconem</strong></span> <span class='ocrx_word' id='word_1_379' title='bbox 2468 2454 2727 2511; x_wconf 88' lang='lat' dir='ltr'><strong>ordinare</strong></span> <span class='ocrx_word' id='word_1_380' title='bbox 2770 2462 3151 2524; x_wconf 63' lang='lat' dir='ltr'><strong>praesumeret,</strong></span> <span class='ocrx_word' id='word_1_381' title='bbox 3194 2454 3301 2510; x_wconf 90' lang='lat' dir='ltr'><strong>nisi</strong></span> <span class='ocrx_word' id='word_1_382' title='bbox 3347 2455 3441 2528; x_wconf 91' lang='lat' dir='ltr'><strong>qui</strong></span> <span class='ocrx_word' id='word_1_383' title='bbox 3488 2472 3546 2512; x_wconf 89' lang='lat' dir='ltr'><strong>se</strong></span> 
     </span>
    </p>
   </div>
   <div class='ocr_carea' id='block_1_55' title="bbox 1948 2547 3545 2619">
    <p class='ocr_par' dir='ltr' id='par_1_55' title="bbox 1948 2547 3545 2619">
     <span class='ocr_line' id='line_1_55' title="bbox 1948 2547 3545 2619; baseline 0.001 -16"><span class='ocrx_word' id='word_1_384' title='bbox 1948 2556 2096 2603; x_wconf 88' lang='lat' dir='ltr'><strong>caste</strong></span> <span class='ocrx_word' id='word_1_385' title='bbox 2130 2547 2400 2602; x_wconf 88' lang='lat' dir='ltr'><strong>victurum</strong></span> <span class='ocrx_word' id='word_1_386' title='bbox 2430 2548 2793 2618; x_wconf 89' lang='lat' dir='ltr'><strong>promisisset,</strong></span> <span class='ocrx_word' id='word_1_387' title='bbox 2822 2564 2924 2602; x_wconf 89' lang='lat' dir='ltr'><strong>nec</strong></span> <span class='ocrx_word' id='word_1_388' title='bbox 2952 2549 3346 2619; x_wconf 72' lang='lat' dir='ltr'><strong>praedictorum</strong></span> <span class='ocrx_word' id='word_1_389' title='bbox 3374 2551 3545 2606; x_wconf 87' lang='lat' dir='ltr'><strong>etiam</strong></span> 
     </span>
    </p>
   </div>
   <div class='ocr_carea' id='block_1_56' title="bbox 1946 2640 3541 2714">
    <p class='ocr_par' dir='ltr' id='par_1_56' title="bbox 1946 2640 3541 2714">
     <span class='ocr_line' id='line_1_56' title="bbox 1946 2640 3541 2714; baseline 0.001 -16"><span class='ocrx_word' id='word_1_390' title='bbox 1946 2642 2311 2698; x_wconf 89' lang='lat' dir='ltr'><strong>diaconorum</strong></span> <span class='ocrx_word' id='word_1_391' title='bbox 2352 2640 2546 2712; x_wconf 91' lang='lat' dir='ltr'><strong>aliquis</strong></span> <span class='ocrx_word' id='word_1_392' title='bbox 2576 2640 2647 2696; x_wconf 90' lang='lat' dir='ltr'><strong>ad</strong></span> <span class='ocrx_word' id='word_1_393' title='bbox 2681 2656 2903 2697; x_wconf 89' lang='lat' dir='ltr'><strong>sacrum</strong></span> <span class='ocrx_word' id='word_1_394' title='bbox 2931 2641 3189 2697; x_wconf 87' lang='lat' dir='ltr'><strong>ordinem</strong></span> <span class='ocrx_word' id='word_1_395' title='bbox 3216 2645 3541 2714; x_wconf 89' lang='lat' dir='ltr'><strong>perveniret,</strong></span> 
     </span>
    </p>
   </div>
   <div class='ocr_carea' id='block_1_57' title="bbox 1947 2734 3542 2807">
    <p class='ocr_par' dir='ltr' id='par_1_57' title="bbox 1947 2734 3542 2807">
     <span class='ocr_line' id='line_1_57' title="bbox 1947 2734 3542 2807; baseline 0.001 -18"><span class='ocrx_word' id='word_1_396' title='bbox 1947 2736 2039 2807; x_wconf 91' lang='lat' dir='ltr'><strong>qui</strong></span> <span class='ocrx_word' id='word_1_397' title='bbox 2070 2750 2129 2789; x_wconf 90' lang='lat' dir='ltr'><strong>se</strong></span> <span class='ocrx_word' id='word_1_398' title='bbox 2162 2743 2289 2805; x_wconf 91' lang='lat' dir='ltr'><strong>post</strong></span> <span class='ocrx_word' id='word_1_399' title='bbox 2313 2734 2752 2806; x_wconf 88' lang='lat' dir='ltr'><strong>prohibitionem</strong></span> <span class='ocrx_word' id='word_1_400' title='bbox 2780 2743 2913 2790; x_wconf 90' lang='lat' dir='ltr'><strong>tunc</strong></span> <span class='ocrx_word' id='word_1_401' title='bbox 2949 2744 3076 2790; x_wconf 84' lang='lat' dir='ltr'><strong>ante</strong></span> <span class='ocrx_word' id='word_1_402' title='bbox 3113 2736 3421 2793; x_wconf 88' lang='lat' dir='ltr'><strong>triennium</strong></span> <span class='ocrx_word' id='word_1_403' title='bbox 3467 2736 3542 2791; x_wconf 87' lang='lat' dir='ltr'><strong>fa-</strong></span> 
     </span>
    </p>
   </div>
   <div class='ocr_carea' id='block_1_58' title="bbox 1945 2827 2956 2884">
    <p class='ocr_par' dir='ltr' id='par_1_58' title="bbox 1945 2827 2956 2884">
     <span class='ocr_line' id='line_1_58' title="bbox 1945 2827 2956 2884; baseline -0.001 -1"><span class='ocrx_word' id='word_1_404' title='bbox 1945 2838 2089 2884; x_wconf 87' lang='lat' dir='ltr'><strong>ctam</strong></span> <span class='ocrx_word' id='word_1_405' title='bbox 2120 2828 2190 2884; x_wconf 89' lang='lat' dir='ltr'><strong>ab</strong></span> <span class='ocrx_word' id='word_1_406' title='bbox 2230 2844 2403 2884; x_wconf 88' lang='lat' dir='ltr'><strong>uxore</strong></span> <span class='ocrx_word' id='word_1_407' title='bbox 2432 2843 2547 2883; x_wconf 92' lang='lat' dir='ltr'><strong>non</strong></span> <span class='ocrx_word' id='word_1_408' title='bbox 2575 2827 2956 2883; x_wconf 89' lang='lat' dir='ltr'><strong>continuisset.</strong></span> 
     </span>
    </p>
   </div>
   <div class='ocr_carea' id='block_1_59' title="bbox 2016 2920 3541 2995">
    <p class='ocr_par' dir='ltr' id='par_1_59' title="bbox 2016 2920 3541 2995">
     <span class='ocr_line' id='line_1_59' title="bbox 2016 2920 3541 2995; baseline 0.001 -18"><span class='ocrx_word' id='word_1_409' title='bbox 2016 2924 2363 2995; x_wconf 86' lang='lat' dir='ltr'><strong>Quapropter</strong></span> <span class='ocrx_word' id='word_1_410' title='bbox 2388 2920 2747 2977; x_wconf 82' lang='lat' dir='ltr'><strong>manifestum</strong></span> <span class='ocrx_word' id='word_1_411' title='bbox 2772 2929 2854 2976; x_wconf 89' lang='lat' dir='ltr'><strong>est</strong></span> <span class='ocrx_word' id='word_1_412' title='bbox 2882 2920 3145 2977; x_wconf 87' lang='lat' dir='ltr'><strong>eumdem</strong></span> <span class='ocrx_word' id='word_1_413' title='bbox 3175 2923 3541 2993; x_wconf 90' lang='lat' dir='ltr'><strong>apostolicum</strong></span> 
     </span>
    </p>
   </div>
   <div class='ocr_carea' id='block_1_60' title="bbox 1943 3015 3542 3090">
    <p class='ocr_par' dir='ltr' id='par_1_60' title="bbox 1943 3015 3542 3090">
     <span class='ocr_line' id='line_1_60' title="bbox 1943 3015 3542 3090; baseline 0.001 -19"><span class='ocrx_word' id='word_1_414' title='bbox 1943 3015 2209 3072; x_wconf 91' lang='lat' dir='ltr'><strong>diacones</strong></span> <span class='ocrx_word' id='word_1_415' title='bbox 2253 3015 2662 3090; x_wconf 89' lang='lat' dir='ltr'><strong>[subdiaconos]</strong></span> <span class='ocrx_word' id='word_1_416' title='bbox 2714 3024 2936 3071; x_wconf 91' lang='lat' dir='ltr'><strong>tantum</strong></span> <span class='ocrx_word' id='word_1_417' title='bbox 2973 3015 3119 3071; x_wconf 91' lang='lat' dir='ltr'><strong>illius</strong></span> <span class='ocrx_word' id='word_1_418' title='bbox 3174 3017 3441 3088; x_wconf 87' lang='lat' dir='ltr'><strong>temporis</strong></span> <span class='ocrx_word' id='word_1_419' title='bbox 3487 3026 3542 3074; x_wconf 91' lang='lat' dir='ltr'><strong>et</strong></span> 
     </span>
    </p>
   </div>
   <div class='ocr_carea' id='block_1_61' title="bbox 1944 3109 3538 3183">
    <p class='ocr_par' dir='ltr' id='par_1_61' title="bbox 1944 3109 3538 3183">
     <span class='ocr_line' id='line_1_61' title="bbox 1944 3109 3538 3183; baseline 0.001 -17"><span class='ocrx_word' id='word_1_420' title='bbox 1944 3111 2050 3166; x_wconf 92' lang='lat' dir='ltr'><strong>loci</strong></span> <span class='ocrx_word' id='word_1_421' title='bbox 2078 3111 2150 3167; x_wconf 90' lang='lat' dir='ltr'><strong>ad</strong></span> <span class='ocrx_word' id='word_1_422' title='bbox 2177 3110 2576 3166; x_wconf 89' lang='lat' dir='ltr'><strong>continentiam</strong></span> <span class='ocrx_word' id='word_1_423' title='bbox 2614 3125 2730 3166; x_wconf 91' lang='lat' dir='ltr'><strong>non</strong></span> <span class='ocrx_word' id='word_1_424' title='bbox 2758 3109 3121 3181; x_wconf 89' lang='lat' dir='ltr'><strong>compulisse;</strong></span> <span class='ocrx_word' id='word_1_425' title='bbox 3155 3127 3323 3183; x_wconf 91' lang='lat' dir='ltr'><strong>quam</strong></span> <span class='ocrx_word' id='word_1_426' title='bbox 3352 3118 3538 3168; x_wconf 89' lang='lat' dir='ltr'><strong>tamen</strong></span> 
     </span>
    </p>
   </div>
   <div class='ocr_carea' id='block_1_62' title="bbox 222 3183 3541 3279">
    <p class='ocr_par' dir='ltr' id='par_1_62' title="bbox 222 3183 3541 3279">
     <span class='ocr_line' id='line_1_62' title="bbox 222 3183 3541 3279; baseline 0 -17"><span class='ocrx_word' id='word_1_427' title='bbox 222 3206 524 3262; x_wconf 77' lang='lat' dir='ltr'><strong>Niceenum</strong></span> <span class='ocrx_word' id='word_1_428' title='bbox 544 3204 865 3270; x_wconf 89' lang='lat' dir='ltr'><strong>concilium,</strong></span> <span class='ocrx_word' id='word_1_429' title='bbox 888 3205 1043 3277; x_wconf 88' lang='lat' dir='ltr'><strong>juxta</strong></span> <span class='ocrx_word' id='word_1_430' title='bbox 1068 3205 1423 3261; x_wconf 90' lang='lat' dir='ltr'><strong>assertionem</strong></span> <span class='ocrx_word' id='word_1_431' title='bbox 1454 3206 1641 3279; x_wconf 90' lang='lat' dir='ltr'><strong>magni</strong></span> <span class='ocrx_word' id='word_1_432' title='bbox 1668 3206 1833 3263; x_wconf 82' lang='lat' dir='ltr'><strong>Atha-</strong></span> <span class='ocrx_word' id='word_1_433' title='bbox 1870 3183 1915 3245; x_wconf 62' lang='grc' dir='ltr'><strong>(ἶ</strong></span> <span class='ocrx_word' id='word_1_434' title='bbox 1942 3204 2221 3276; x_wconf 90' lang='lat' dir='ltr'><strong>deinceps,</strong></span> <span class='ocrx_word' id='word_1_435' title='bbox 2252 3203 2322 3259; x_wconf 90' lang='lat' dir='ltr'><strong>ab</strong></span> <span class='ocrx_word' id='word_1_436' title='bbox 2352 3204 2614 3259; x_wconf 88' lang='lat' dir='ltr'><strong>omnibus</strong></span> <span class='ocrx_word' id='word_1_437' title='bbox 2634 3204 2728 3275; x_wconf 91' lang='lat' dir='ltr'><strong>qui</strong></span> <span class='ocrx_word' id='word_1_438' title='bbox 2758 3203 3019 3261; x_wconf 90' lang='lat' dir='ltr'><strong>diacones</strong></span> <span class='ocrx_word' id='word_1_439' title='bbox 3041 3204 3245 3260; x_wconf 91' lang='lat' dir='ltr'><strong>vellent</strong></span> <span class='ocrx_word' id='word_1_440' title='bbox 3276 3205 3415 3273; x_wconf 87' lang='lat' dir='ltr'><strong>ﬁeri,</strong></span> <span class='ocrx_word' id='word_1_441' title='bbox 3442 3222 3541 3278; x_wconf 89' lang='lat' dir='ltr'><strong>per</strong></span> 
     </span>
    </p>
   </div>
   <div class='ocr_carea' id='block_1_63' title="bbox 218 3298 1833 3371">
    <p class='ocr_par' dir='ltr' id='par_1_63' title="bbox 218 3298 1833 3371">
     <span class='ocr_line' id='line_1_63' title="bbox 218 3298 1833 3371; baseline 0 -16"><span class='ocrx_word' id='word_1_442' title='bbox 218 3300 377 3356; x_wconf 88' lang='lat' dir='ltr'><strong>nasii</strong></span> <span class='ocrx_word' id='word_1_443' title='bbox 404 3298 651 3370; x_wconf 67' lang='lat' dir='ltr'><strong>praesulis</strong></span> <span class='ocrx_word' id='word_1_444' title='bbox 681 3298 1041 3354; x_wconf 80' lang='lat' dir='ltr'><strong>Alexandrini</strong></span> <span class='ocrx_word' id='word_1_445' title='bbox 1068 3307 1121 3353; x_wconf 90' lang='lat' dir='ltr'><strong>et</strong></span> <span class='ocrx_word' id='word_1_446' title='bbox 1156 3299 1329 3355; x_wconf 89' lang='lat' dir='ltr'><strong>Marci</strong></span> <span class='ocrx_word' id='word_1_447' title='bbox 1354 3315 1532 3371; x_wconf 68' lang='lat' dir='ltr'><strong>papae,</strong></span> <span class='ocrx_word' id='word_1_448' title='bbox 1575 3300 1736 3355; x_wconf 91' lang='lat' dir='ltr'><strong>etiam</strong></span> <span class='ocrx_word' id='word_1_449' title='bbox 1778 3300 1833 3355; x_wconf 90' lang='lat' dir='ltr'><strong>in</strong></span> 
     </span>
    </p>
   </div>
   <div class='ocr_carea' id='block_1_64' title="bbox 220 3392 1834 3465">
    <p class='ocr_par' dir='ltr' id='par_1_64' title="bbox 220 3392 1834 3465">
     <span class='ocr_line' id='line_1_64' title="bbox 220 3392 1834 3465; baseline -0.001 -16"><span class='ocrx_word' id='word_1_450' title='bbox 220 3400 297 3451; x_wconf 90' lang='lat'><strong>70</strong></span> <span class='ocrx_word' id='word_1_451' title='bbox 332 3393 591 3464; x_wconf 76' lang='lat' dir='ltr'><strong>capitulis</strong></span> <span class='ocrx_word' id='word_1_452' title='bbox 617 3400 891 3450; x_wconf 89' lang='lat' dir='ltr'><strong>constare.</strong></span> <span class='ocrx_word' id='word_1_453' title='bbox 938 3395 1018 3448; x_wconf 84' lang='lat' dir='ltr'><strong>Ex</strong></span> <span class='ocrx_word' id='word_1_454' title='bbox 1048 3392 1273 3463; x_wconf 89' lang='lat' dir='ltr'><strong>quibus,</strong></span> <span class='ocrx_word' id='word_1_455' title='bbox 1314 3393 1462 3465; x_wconf 91' lang='lat' dir='ltr'><strong>quod</strong></span> <span class='ocrx_word' id='word_1_456' title='bbox 1492 3409 1595 3450; x_wconf 91' lang='lat' dir='ltr'><strong>nos</strong></span> <span class='ocrx_word' id='word_1_457' title='bbox 1618 3402 1834 3450; x_wconf 88' lang='lat' dir='ltr'><strong>tantum</strong></span> 
     </span>
    </p>
   </div>
   <div class='ocr_carea' id='block_1_65' title="bbox 218 3486 1836 3558">
    <p class='ocr_par' dir='ltr' id='par_1_65' title="bbox 218 3486 1836 3558">
     <span class='ocr_line' id='line_1_65' title="bbox 218 3486 1836 3558; baseline -0.002 -13"><span class='ocrx_word' id='word_1_458' title='bbox 218 3495 294 3545; x_wconf 79' lang='lat'><strong>20</strong></span> <span class='ocrx_word' id='word_1_459' title='bbox 348 3487 406 3542; x_wconf 91' lang='lat' dir='ltr'><strong>in</strong></span> <span class='ocrx_word' id='word_1_460' title='bbox 436 3503 539 3542; x_wconf 88' lang='lat' dir='ltr'><strong>usu</strong></span> <span class='ocrx_word' id='word_1_461' title='bbox 592 3486 885 3555; x_wconf 89' lang='lat' dir='ltr'><strong>habemus,</strong></span> <span class='ocrx_word' id='word_1_462' title='bbox 920 3486 1055 3543; x_wconf 92' lang='lat' dir='ltr'><strong>illud</strong></span> <span class='ocrx_word' id='word_1_463' title='bbox 1098 3494 1259 3542; x_wconf 91' lang='lat' dir='ltr'><strong>tuum</strong></span> <span class='ocrx_word' id='word_1_464' title='bbox 1306 3486 1528 3558; x_wconf 90' lang='lat' dir='ltr'><strong>reliquis</strong></span> <span class='ocrx_word' id='word_1_465' title='bbox 1566 3487 1708 3558; x_wconf 90' lang='lat' dir='ltr'><strong>apud</strong></span> <span class='ocrx_word' id='word_1_466' title='bbox 1739 3503 1836 3542; x_wconf 88' lang='lat' dir='ltr'><strong>vos</strong></span> 
     </span>
    </p>
   </div>
   <div class='ocr_carea' id='block_1_66' title="bbox 218 3579 1835 3653">
    <p class='ocr_par' dir='ltr' id='par_1_66' title="bbox 218 3579 1835 3653">
     <span class='ocr_line' id='line_1_66' title="bbox 218 3579 1835 3653; baseline -0.001 -15"><span class='ocrx_word' id='word_1_467' title='bbox 218 3582 453 3639; x_wconf 89' lang='lat' dir='ltr'><strong>usitatis</strong></span> <span class='ocrx_word' id='word_1_468' title='bbox 470 3595 832 3636; x_wconf 88' lang='lat' dir='ltr'><strong>annumerare</strong></span> <span class='ocrx_word' id='word_1_469' title='bbox 850 3581 1089 3649; x_wconf 89' lang='lat' dir='ltr'><strong>conaris,</strong></span> <span class='ocrx_word' id='word_1_470' title='bbox 1114 3579 1209 3637; x_wconf 87' lang='lat' dir='ltr'><strong>sed</strong></span> <span class='ocrx_word' id='word_1_471' title='bbox 1236 3580 1464 3636; x_wconf 88' lang='lat' dir='ltr'><strong>frustra.</strong></span> <span class='ocrx_word' id='word_1_472' title='bbox 1496 3583 1610 3653; x_wconf 87' lang='lat' dir='ltr'><strong>Ego</strong></span> <span class='ocrx_word' id='word_1_473' title='bbox 1634 3596 1835 3652; x_wconf 91' lang='lat' dir='ltr'><strong>nempe</strong></span> 
     </span>
    </p>
   </div>
   <div class='ocr_carea' id='block_1_67' title="bbox 216 3674 1834 3746">
    <p class='ocr_par' dir='ltr' id='par_1_67' title="bbox 216 3674 1834 3746">
     <span class='ocr_line' id='line_1_67' title="bbox 216 3674 1834 3746; baseline -0.002 -13"><span class='ocrx_word' id='word_1_474' title='bbox 216 3674 596 3733; x_wconf 88' lang='lat' dir='ltr'><strong>assertionem</strong></span> <span class='ocrx_word' id='word_1_475' title='bbox 642 3675 734 3731; x_wconf 90' lang='lat' dir='ltr'><strong>SS.</strong></span> <span class='ocrx_word' id='word_1_476' title='bbox 769 3676 996 3731; x_wconf 87' lang='lat' dir='ltr'><strong>Patrum</strong></span> <span class='ocrx_word' id='word_1_477' title='bbox 1042 3674 1110 3731; x_wconf 90' lang='lat' dir='ltr'><strong>de</strong></span> <span class='ocrx_word' id='word_1_478' title='bbox 1150 3681 1221 3729; x_wconf 91' lang='lat'><strong>70</strong></span> <span class='ocrx_word' id='word_1_479' title='bbox 1262 3674 1519 3746; x_wconf 89' lang='lat' dir='ltr'><strong>capitulis</strong></span> <span class='ocrx_word' id='word_1_480' title='bbox 1565 3690 1667 3731; x_wconf 89' lang='lat' dir='ltr'><strong>nec</strong></span> <span class='ocrx_word' id='word_1_481' title='bbox 1710 3674 1834 3729; x_wconf 93' lang='lat' dir='ltr'><strong>volo</strong></span> 
     </span>
    </p>
   </div>
   <div class='ocr_carea' id='block_1_68' title="bbox 219 3768 1834 3843">
    <p class='ocr_par' dir='ltr' id='par_1_68' title="bbox 219 3768 1834 3843">
     <span class='ocr_line' id='line_1_68' title="bbox 219 3768 1834 3843; baseline -0.002 -15"><span class='ocrx_word' id='word_1_482' title='bbox 219 3788 331 3829; x_wconf 92' lang='lat' dir='ltr'><strong>nec</strong></span> <span class='ocrx_word' id='word_1_483' title='bbox 358 3786 582 3843; x_wconf 89' lang='lat' dir='ltr'><strong>possum</strong></span> <span class='ocrx_word' id='word_1_484' title='bbox 603 3785 834 3843; x_wconf 85' lang='lat' dir='ltr'><strong>negare;</strong></span> <span class='ocrx_word' id='word_1_485' title='bbox 870 3784 1161 3842; x_wconf 90' lang='lat' dir='ltr'><strong>nunquam</strong></span> <span class='ocrx_word' id='word_1_486' title='bbox 1189 3778 1377 3825; x_wconf 90' lang='lat' dir='ltr'><strong>tamen</strong></span> <span class='ocrx_word' id='word_1_487' title='bbox 1407 3768 1545 3825; x_wconf 90' lang='lat' dir='ltr'><strong>adeo</strong></span> <span class='ocrx_word' id='word_1_488' title='bbox 1576 3785 1670 3825; x_wconf 89' lang='lat' dir='ltr'><strong>ero</strong></span> <span class='ocrx_word' id='word_1_489' title='bbox 1701 3768 1834 3824; x_wconf 92' lang='lat' dir='ltr'><strong>insi-</strong></span> 
     </span>
    </p>
   </div>
   <div class='ocr_carea' id='block_1_69' title="bbox 222 3864 1833 3939">
    <p class='ocr_par' dir='ltr' id='par_1_69' title="bbox 222 3864 1833 3939">
     <span class='ocr_line' id='line_1_69' title="bbox 222 3864 1833 3939; baseline -0.004 -16"><span class='ocrx_word' id='word_1_490' title='bbox 222 3868 409 3939; x_wconf 87' lang='lat' dir='ltr'><strong>piens,</strong></span> <span class='ocrx_word' id='word_1_491' title='bbox 439 3867 556 3921; x_wconf 93' lang='lat' dir='ltr'><strong>Deo</strong></span> <span class='ocrx_word' id='word_1_492' title='bbox 579 3865 900 3934; x_wconf 89' lang='lat' dir='ltr'><strong>miserante,</strong></span> <span class='ocrx_word' id='word_1_493' title='bbox 932 3872 993 3919; x_wconf 91' lang='lat' dir='ltr'><strong>ut</strong></span> <span class='ocrx_word' id='word_1_494' title='bbox 1020 3865 1169 3935; x_wconf 89' lang='lat' dir='ltr'><strong>ipsos</strong></span> <span class='ocrx_word' id='word_1_495' title='bbox 1198 3864 1530 3920; x_wconf 88' lang='lat' dir='ltr'><strong>venerabiles</strong></span> <span class='ocrx_word' id='word_1_496' title='bbox 1551 3877 1833 3921; x_wconf 84' lang='lat' dir='ltr'><strong>cccxvm</strong></span> 
     </span>
    </p>
   </div>
   <div class='ocr_carea' id='block_1_70' title="bbox 222 3956 1834 4031">
    <p class='ocr_par' dir='ltr' id='par_1_70' title="bbox 222 3956 1834 4031">
     <span class='ocr_line' id='line_1_70' title="bbox 222 3956 1834 4031; baseline -0.002 -15"><span class='ocrx_word' id='word_1_497' title='bbox 222 3962 432 4016; x_wconf 85' lang='lat' dir='ltr'><strong>Patres</strong></span> <span class='ocrx_word' id='word_1_498' title='bbox 459 3975 702 4031; x_wconf 88' lang='lat' dir='ltr'><strong>unquam</strong></span> <span class='ocrx_word' id='word_1_499' title='bbox 727 3958 934 4031; x_wconf 89' lang='lat' dir='ltr'><strong>aliquid</strong></span> <span class='ocrx_word' id='word_1_500' title='bbox 969 3957 1071 4013; x_wconf 91' lang='lat' dir='ltr'><strong>sibi</strong></span> <span class='ocrx_word' id='word_1_501' title='bbox 1110 3959 1191 4013; x_wconf 90' lang='lat' dir='ltr'><strong>vel</strong></span> <span class='ocrx_word' id='word_1_502' title='bbox 1218 3957 1535 4029; x_wconf 58' lang='lat' dir='ltr'><strong>apostolicae.</strong></span> <span class='ocrx_word' id='word_1_503' title='bbox 1572 3956 1834 4013; x_wconf 68' lang='lat' dir='ltr'><strong>doctrinae</strong></span> 
     </span>
    </p>
   </div>
   <div class='ocr_carea' id='block_1_71' title="bbox 226 4050 1834 4125">
    <p class='ocr_par' dir='ltr' id='par_1_71' title="bbox 226 4050 1834 4125">
     <span class='ocr_line' id='line_1_71' title="bbox 226 4050 1834 4125; baseline -0.003 -14"><span class='ocrx_word' id='word_1_504' title='bbox 226 4054 585 4111; x_wconf 88' lang='lat' dir='ltr'><strong>contrarium</strong></span> <span class='ocrx_word' id='word_1_505' title='bbox 625 4053 871 4125; x_wconf 85' lang='lat' dir='ltr'><strong>suspicer</strong></span> <span class='ocrx_word' id='word_1_506' title='bbox 910 4050 1279 4108; x_wconf 87' lang='lat' dir='ltr'><strong>constituisse.</strong></span> <span class='ocrx_word' id='word_1_507' title='bbox 1326 4054 1475 4117; x_wconf 90' lang='lat' dir='ltr'><strong>Imo,</strong></span> <span class='ocrx_word' id='word_1_508' title='bbox 1504 4052 1689 4105; x_wconf 87' lang='lat' dir='ltr'><strong>omnia</strong></span> <span class='ocrx_word' id='word_1_509' title='bbox 1737 4066 1834 4106; x_wconf 81' lang='lat' dir='ltr'><strong>eo-</strong></span> 
     </span>
    </p>
   </div>
   <div class='ocr_carea' id='block_1_72' title="bbox 227 4142 1835 4220">
    <p class='ocr_par' dir='ltr' id='par_1_72' title="bbox 227 4142 1835 4220">
     <span class='ocr_line' id='line_1_72' title="bbox 227 4142 1835 4220; baseline -0.004 -17"><span class='ocrx_word' id='word_1_510' title='bbox 227 4165 368 4204; x_wconf 87' lang='lat' dir='ltr'><strong>rum</strong></span> <span class='ocrx_word' id='word_1_511' title='bbox 424 4148 507 4202; x_wconf 85' lang='lat' dir='ltr'><strong>vel</strong></span> <span class='ocrx_word' id='word_1_512' title='bbox 554 4149 929 4220; x_wconf 88' lang='lat' dir='ltr'><strong>apostolorum</strong></span> <span class='ocrx_word' id='word_1_513' title='bbox 981 4144 1264 4201; x_wconf 87' lang='lat' dir='ltr'><strong>sententiis</strong></span> <span class='ocrx_word' id='word_1_514' title='bbox 1312 4142 1668 4216; x_wconf 88' lang='lat' dir='ltr'><strong>repugnantia</strong></span> <span class='ocrx_word' id='word_1_515' title='bbox 1724 4159 1835 4198; x_wconf 93' lang='lat' dir='ltr'><strong>non</strong></span> 
     </span>
    </p>
   </div>
   <div class='ocr_carea' id='block_1_73' title="bbox 229 4236 1833 4314">
    <p class='ocr_par' dir='ltr' id='par_1_73' title="bbox 229 4236 1833 4314">
     <span class='ocr_line' id='line_1_73' title="bbox 229 4236 1833 4314; baseline -0.005 -15"><span class='ocrx_word' id='word_1_516' title='bbox 229 4241 435 4300; x_wconf 90' lang='lat' dir='ltr'><strong>dubito</strong></span> <span class='ocrx_word' id='word_1_517' title='bbox 461 4241 767 4297; x_wconf 89' lang='lat' dir='ltr'><strong>damnasse.</strong></span> <span class='ocrx_word' id='word_1_518' title='bbox 805 4241 939 4314; x_wconf 92' lang='lat' dir='ltr'><strong>Quis</strong></span> <span class='ocrx_word' id='word_1_519' title='bbox 966 4240 1114 4297; x_wconf 91' lang='lat' dir='ltr'><strong>enim</strong></span> <span class='ocrx_word' id='word_1_520' title='bbox 1153 4239 1273 4295; x_wconf 92' lang='lat' dir='ltr'><strong>sani</strong></span> <span class='ocrx_word' id='word_1_521' title='bbox 1300 4238 1494 4309; x_wconf 91' lang='lat' dir='ltr'><strong>capitis</strong></span> <span class='ocrx_word' id='word_1_522' title='bbox 1524 4236 1633 4293; x_wconf 88' lang='lat' dir='ltr'><strong>duo</strong></span> <span class='ocrx_word' id='word_1_523' title='bbox 1666 4237 1833 4292; x_wconf 90' lang='lat' dir='ltr'><strong>simul</strong></span> 
     </span>
    </p>
   </div>
   <div class='ocr_carea' id='block_1_74' title="bbox 225 4330 1834 4405">
    <p class='ocr_par' dir='ltr' id='par_1_74' title="bbox 225 4330 1834 4405">
     <span class='ocr_line' id='line_1_74' title="bbox 225 4330 1834 4405; baseline -0.004 -12"><span class='ocrx_word' id='word_1_524' title='bbox 225 4333 516 4393; x_wconf 86' lang='lat' dir='ltr'><strong>observari</strong></span> <span class='ocrx_word' id='word_1_525' title='bbox 563 4335 944 4401; x_wconf 86' lang='lat' dir='ltr'><strong>constitueret,</strong></span> <span class='ocrx_word' id='word_1_526' title='bbox 988 4350 1228 4405; x_wconf 90' lang='lat' dir='ltr'><strong>quorum</strong></span> <span class='ocrx_word' id='word_1_527' title='bbox 1277 4346 1449 4387; x_wconf 91' lang='lat' dir='ltr'><strong>unum</strong></span> <span class='ocrx_word' id='word_1_528' title='bbox 1482 4330 1834 4386; x_wconf 89' lang='lat' dir='ltr'><strong>observatum</strong></span> 
     </span>
    </p>
   </div>
   <div class='ocr_carea' id='block_1_75' title="bbox 226 4425 1835 4500">
    <p class='ocr_par' dir='ltr' id='par_1_75' title="bbox 226 4425 1835 4500">
     <span class='ocr_line' id='line_1_75' title="bbox 226 4425 1835 4500; baseline -0.005 -13"><span class='ocrx_word' id='word_1_529' title='bbox 226 4428 388 4487; x_wconf 89' lang='lat' dir='ltr'><strong>aliud</strong></span> <span class='ocrx_word' id='word_1_530' title='bbox 436 4427 716 4484; x_wconf 87' lang='lat' dir='ltr'><strong>observari</strong></span> <span class='ocrx_word' id='word_1_531' title='bbox 762 4427 1111 4500; x_wconf 78' lang='lat' dir='ltr'><strong>prohiberet?</strong></span> <span class='ocrx_word' id='word_1_532' title='bbox 1157 4427 1208 4482; x_wconf 95' lang='lat' dir='ltr'><strong>Si</strong></span> <span class='ocrx_word' id='word_1_533' title='bbox 1256 4425 1423 4493; x_wconf 90' lang='lat' dir='ltr'><strong>enim,</strong></span> <span class='ocrx_word' id='word_1_534' title='bbox 1465 4425 1624 4497; x_wconf 84' lang='lat' dir='ltr'><strong>juxta</strong></span> <span class='ocrx_word' id='word_1_535' title='bbox 1680 4433 1835 4480; x_wconf 90' lang='lat' dir='ltr'><strong>tuum</strong></span> 
     </span>
    </p>
   </div>
   <div class='ocr_carea' id='block_1_76' title="bbox 224 4519 1835 4595">
    <p class='ocr_par' dir='ltr' id='par_1_76' title="bbox 224 4519 1835 4595">
     <span class='ocr_line' id='line_1_76' title="bbox 224 4519 1835 4595; baseline -0.004 -15"><span class='ocrx_word' id='word_1_536' title='bbox 224 4532 427 4595; x_wconf 89' lang='lat' dir='ltr'><strong>caput,</strong></span> <span class='ocrx_word' id='word_1_537' title='bbox 472 4521 786 4579; x_wconf 84' lang='lat' dir='ltr'><strong>sacerdotes</strong></span> <span class='ocrx_word' id='word_1_538' title='bbox 831 4522 976 4577; x_wconf 89' lang='lat' dir='ltr'><strong>licite</strong></span> <span class='ocrx_word' id='word_1_539' title='bbox 1018 4520 1247 4593; x_wconf 86' lang='lat' dir='ltr'><strong>singulis</strong></span> <span class='ocrx_word' id='word_1_540' title='bbox 1283 4519 1535 4576; x_wconf 90' lang='lat' dir='ltr'><strong>noctibus</strong></span> <span class='ocrx_word' id='word_1_541' title='bbox 1562 4535 1690 4575; x_wconf 89' lang='lat' dir='ltr'><strong>cum</strong></span> <span class='ocrx_word' id='word_1_542' title='bbox 1720 4519 1835 4575; x_wconf 93' lang='lat' dir='ltr'><strong>suis</strong></span> 
     </span>
    </p>
   </div>
   <div class='ocr_carea' id='block_1_77' title="bbox 223 4613 1836 4687">
    <p class='ocr_par' dir='ltr' id='par_1_77' title="bbox 223 4613 1836 4687">
     <span class='ocr_line' id='line_1_77' title="bbox 223 4613 1836 4687; baseline -0.003 -15"><span class='ocrx_word' id='word_1_543' title='bbox 223 4615 505 4673; x_wconf 76' lang='lat' dir='ltr'><strong>uxoribus</strong></span> <span class='ocrx_word' id='word_1_544' title='bbox 551 4615 857 4681; x_wconf 89' lang='lat' dir='ltr'><strong>dormiunt,</strong></span> <span class='ocrx_word' id='word_1_545' title='bbox 890 4614 1168 4687; x_wconf 89' lang='lat' dir='ltr'><strong>quomodo</strong></span> <span class='ocrx_word' id='word_1_546' title='bbox 1204 4630 1272 4670; x_wconf 89' lang='lat' dir='ltr'><strong>ne</strong></span> <span class='ocrx_word' id='word_1_547' title='bbox 1301 4614 1361 4669; x_wconf 92' lang='lat' dir='ltr'><strong>in</strong></span> <span class='ocrx_word' id='word_1_548' title='bbox 1401 4629 1509 4670; x_wconf 89' lang='lat' dir='ltr'><strong>una</strong></span> <span class='ocrx_word' id='word_1_549' title='bbox 1538 4613 1706 4670; x_wconf 92' lang='lat' dir='ltr'><strong>domo</strong></span> <span class='ocrx_word' id='word_1_550' title='bbox 1738 4613 1836 4668; x_wconf 90' lang='lat' dir='ltr'><strong>ha-</strong></span> 
     </span>
    </p>
   </div>
   <div class='ocr_carea' id='block_1_78' title="bbox 227 4706 1834 4779">
    <p class='ocr_par' dir='ltr' id='par_1_78' title="bbox 227 4706 1834 4779">
     <span class='ocr_line' id='line_1_78' title="bbox 227 4706 1834 4779; baseline -0.003 -12"><span class='ocrx_word' id='word_1_551' title='bbox 227 4712 417 4767; x_wconf 87' lang='lat' dir='ltr'><strong>bitent</strong></span> <span class='ocrx_word' id='word_1_552' title='bbox 453 4708 877 4767; x_wconf 80' lang='lat' dir='ltr'><strong>observabitur?</strong></span> <span class='ocrx_word' id='word_1_553' title='bbox 914 4708 1164 4764; x_wconf 91' lang='lat' dir='ltr'><strong>videlicet</strong></span> <span class='ocrx_word' id='word_1_554' title='bbox 1192 4707 1239 4763; x_wconf 90' lang='lat' dir='ltr'><strong>si</strong></span> <span class='ocrx_word' id='word_1_555' title='bbox 1275 4706 1331 4762; x_wconf 91' lang='lat' dir='ltr'><strong>in</strong></span> <span class='ocrx_word' id='word_1_556' title='bbox 1359 4721 1473 4761; x_wconf 88' lang='lat' dir='ltr'><strong>uno</strong></span> <span class='ocrx_word' id='word_1_557' title='bbox 1523 4706 1664 4763; x_wconf 89' lang='lat' dir='ltr'><strong>lecto</strong></span> <span class='ocrx_word' id='word_1_558' title='bbox 1685 4706 1834 4779; x_wconf 87' lang='lat' dir='ltr'><strong>jace—</strong></span> 
     </span>
    </p>
   </div>
   <div class='ocr_carea' id='block_1_79' title="bbox 226 4800 1625 4876">
    <p class='ocr_par' dir='ltr' id='par_1_79' title="bbox 226 4800 1625 4876">
     <span class='ocr_line' id='line_1_79' title="bbox 226 4800 1625 4876; baseline -0.004 -15"><span class='ocrx_word' id='word_1_559' title='bbox 226 4805 398 4867; x_wconf 88' lang='lat' dir='ltr'><strong>bunt,</strong></span> <span class='ocrx_word' id='word_1_560' title='bbox 426 4803 708 4876; x_wconf 89' lang='lat' dir='ltr'><strong>quomodo</strong></span> <span class='ocrx_word' id='word_1_561' title='bbox 734 4819 834 4859; x_wconf 91' lang='lat' dir='ltr'><strong>nec</strong></span> <span class='ocrx_word' id='word_1_562' title='bbox 862 4802 918 4857; x_wconf 91' lang='lat' dir='ltr'><strong>in</strong></span> <span class='ocrx_word' id='word_1_563' title='bbox 947 4818 1053 4858; x_wconf 90' lang='lat' dir='ltr'><strong>una</strong></span> <span class='ocrx_word' id='word_1_564' title='bbox 1082 4801 1252 4858; x_wconf 91' lang='lat' dir='ltr'><strong>domo</strong></span> <span class='ocrx_word' id='word_1_565' title='bbox 1275 4800 1625 4857; x_wconf 80' lang='lat' dir='ltr'><strong>manebunt?</strong></span> 
     </span>
    </p>
   </div>
   <div class='ocr_carea' id='block_1_80' title="bbox 303 4894 1836 4969">
    <p class='ocr_par' dir='ltr' id='par_1_80' title="bbox 303 4894 1836 4969">
     <span class='ocr_line' id='line_1_80' title="bbox 303 4894 1836 4969; baseline -0.005 -14"><span class='ocrx_word' id='word_1_566' title='bbox 303 4897 418 4955; x_wconf 93' lang='lat' dir='ltr'><strong>Sed</strong></span> <span class='ocrx_word' id='word_1_567' title='bbox 445 4914 548 4954; x_wconf 90' lang='lat' dir='ltr'><strong>nec</strong></span> <span class='ocrx_word' id='word_1_568' title='bbox 572 4897 675 4953; x_wconf 87' lang='lat' dir='ltr'><strong>hoc</strong></span> <span class='ocrx_word' id='word_1_569' title='bbox 701 4897 950 4953; x_wconf 88' lang='lat' dir='ltr'><strong>transibo</strong></span> <span class='ocrx_word' id='word_1_570' title='bbox 976 4896 1124 4969; x_wconf 90' lang='lat' dir='ltr'><strong>quod</strong></span> <span class='ocrx_word' id='word_1_571' title='bbox 1149 4903 1261 4952; x_wconf 71' lang='lat' dir='ltr'><strong>tua:</strong></span> <span class='ocrx_word' id='word_1_572' title='bbox 1296 4896 1436 4966; x_wconf 90' lang='lat' dir='ltr'><strong>parti</strong></span> <span class='ocrx_word' id='word_1_573' title='bbox 1463 4894 1704 4949; x_wconf 86' lang='lat' dir='ltr'><strong>maxime</strong></span> <span class='ocrx_word' id='word_1_574' title='bbox 1734 4910 1836 4965; x_wconf 91' lang='lat' dir='ltr'><strong>pu-</strong></span> 
     </span>
    </p>
   </div>
   <div class='ocr_carea' id='block_1_81' title="bbox 224 4986 1830 5064">
    <p class='ocr_par' dir='ltr' id='par_1_81' title="bbox 224 4986 1830 5064">
     <span class='ocr_line' id='line_1_81' title="bbox 224 4986 1830 5064; baseline -0.005 -15"><span class='ocrx_word' id='word_1_575' title='bbox 224 5002 320 5050; x_wconf 85' lang='lat' dir='ltr'><strong>tas</strong></span> <span class='ocrx_word' id='word_1_576' title='bbox 368 4989 681 5064; x_wconf 80' lang='lat' dir='ltr'><strong>suffragari,</strong></span> <span class='ocrx_word' id='word_1_577' title='bbox 742 4991 940 5064; x_wconf 88' lang='lat' dir='ltr'><strong>quippe</strong></span> <span class='ocrx_word' id='word_1_578' title='bbox 981 4989 1132 5062; x_wconf 89' lang='lat' dir='ltr'><strong>quod</strong></span> <span class='ocrx_word' id='word_1_579' title='bbox 1173 4990 1372 5061; x_wconf 89' lang='lat' dir='ltr'><strong>legitur</strong></span> <span class='ocrx_word' id='word_1_580' title='bbox 1400 4989 1459 5043; x_wconf 90' lang='lat' dir='ltr'><strong>in</strong></span> <span class='ocrx_word' id='word_1_581' title='bbox 1507 4986 1733 5060; x_wconf 91' lang='lat' dir='ltr'><strong>epistola</strong></span> <span class='ocrx_word' id='word_1_582' title='bbox 1776 4988 1830 5043; x_wconf 91' lang='lat' dir='ltr'><strong>S.</strong></span> 
     </span>
    </p>
   </div>
   <div class='ocr_carea' id='block_1_82' title="bbox 223 5081 1834 5158">
    <p class='ocr_par' dir='ltr' id='par_1_82' title="bbox 223 5081 1834 5158">
     <span class='ocr_line' id='line_1_82' title="bbox 223 5081 1834 5158; baseline -0.007 -13"><span class='ocrx_word' id='word_1_583' title='bbox 223 5085 516 5158; x_wconf 88' lang='lat' dir='ltr'><strong>Gregorii,</strong></span> <span class='ocrx_word' id='word_1_584' title='bbox 545 5084 693 5156; x_wconf 88' lang='lat' dir='ltr'><strong>quod</strong></span> <span class='ocrx_word' id='word_1_585' title='bbox 725 5085 838 5157; x_wconf 88' lang='lat' dir='ltr'><strong>ipse</strong></span> <span class='ocrx_word' id='word_1_586' title='bbox 862 5084 1129 5141; x_wconf 90' lang='lat' dir='ltr'><strong>diaconos</strong></span> <span class='ocrx_word' id='word_1_587' title='bbox 1157 5086 1302 5150; x_wconf 88' lang='lat'><strong>(977)</strong></span> <span class='ocrx_word' id='word_1_588' title='bbox 1325 5081 1518 5138; x_wconf 65' lang='lat' dir='ltr'><strong>Sicilia:</strong></span> <span class='ocrx_word' id='word_1_589' title='bbox 1550 5081 1619 5137; x_wconf 90' lang='lat' dir='ltr'><strong>ad</strong></span> <span class='ocrx_word' id='word_1_590' title='bbox 1656 5081 1834 5136; x_wconf 87' lang='lat' dir='ltr'><strong>conti-</strong></span> 
     </span>
    </p>
   </div>
   <div class='ocr_carea' id='block_1_83' title="bbox 226 5176 1836 5251">
    <p class='ocr_par' dir='ltr' id='par_1_83' title="bbox 226 5176 1836 5251">
     <span class='ocr_line' id='line_1_83' title="bbox 226 5176 1836 5251; baseline -0.004 -15"><span class='ocrx_word' id='word_1_591' title='bbox 226 5178 493 5236; x_wconf 88' lang='lat' dir='ltr'><strong>nentiam</strong></span> <span class='ocrx_word' id='word_1_592' title='bbox 519 5194 632 5234; x_wconf 90' lang='lat' dir='ltr'><strong>non</strong></span> <span class='ocrx_word' id='word_1_593' title='bbox 659 5179 944 5251; x_wconf 88' lang='lat' dir='ltr'><strong>coegisset,</strong></span> <span class='ocrx_word' id='word_1_594' title='bbox 978 5177 1118 5246; x_wconf 88' lang='lat' dir='ltr'><strong>illos,</strong></span> <span class='ocrx_word' id='word_1_595' title='bbox 1152 5176 1395 5247; x_wconf 90' lang='lat' dir='ltr'><strong>inquam,</strong></span> <span class='ocrx_word' id='word_1_596' title='bbox 1428 5178 1667 5241; x_wconf 88' lang='lat' dir='ltr'><strong>tantum,</strong></span> <span class='ocrx_word' id='word_1_597' title='bbox 1697 5190 1836 5245; x_wconf 90' lang='lat' dir='ltr'><strong>quos</strong></span> 
     </span>
    </p>
   </div>
   <div class='ocr_carea' id='block_1_84' title="bbox 216 5267 1836 5346">
    <p class='ocr_par' dir='ltr' id='par_1_84' title="bbox 216 5267 1836 5346">
     <span class='ocr_line' id='line_1_84' title="bbox 216 5267 1836 5346; baseline -0.003 -17"><span class='ocrx_word' id='word_1_598' title='bbox 216 5275 349 5346; x_wconf 88' lang='lat' dir='ltr'><strong>jam</strong></span> <span class='ocrx_word' id='word_1_599' title='bbox 395 5281 523 5330; x_wconf 88' lang='lat' dir='ltr'><strong>ante</strong></span> <span class='ocrx_word' id='word_1_600' title='bbox 566 5272 868 5329; x_wconf 89' lang='lat' dir='ltr'><strong>triennium</strong></span> <span class='ocrx_word' id='word_1_601' title='bbox 912 5286 1049 5327; x_wconf 90' lang='lat' dir='ltr'><strong>nova</strong></span> <span class='ocrx_word' id='word_1_602' title='bbox 1081 5269 1381 5343; x_wconf 88' lang='lat' dir='ltr'><strong>prohibitio</strong></span> <span class='ocrx_word' id='word_1_603' title='bbox 1426 5267 1836 5325; x_wconf 67' lang='lat' dir='ltr'><strong>incontinentiae</strong></span> 
     </span>
    </p>
   </div>
   <div class='ocr_carea' id='block_1_85' title="bbox 224 5362 1833 5439">
    <p class='ocr_par' dir='ltr' id='par_1_85' title="bbox 224 5362 1833 5439">
     <span class='ocr_line' id='line_1_85' title="bbox 224 5362 1833 5439; baseline -0.004 -16"><span class='ocrx_word' id='word_1_604' title='bbox 224 5366 573 5439; x_wconf 85' lang='lat' dir='ltr'><strong>conjugatos</strong></span> <span class='ocrx_word' id='word_1_605' title='bbox 613 5366 841 5422; x_wconf 89' lang='lat' dir='ltr'><strong>invenit.</strong></span> <span class='ocrx_word' id='word_1_606' title='bbox 879 5365 1142 5437; x_wconf 86' lang='lat' dir='ltr'><strong>Nunquid</strong></span> <span class='ocrx_word' id='word_1_607' title='bbox 1191 5371 1381 5419; x_wconf 87' lang='lat' dir='ltr'><strong>tamen</strong></span> <span class='ocrx_word' id='word_1_608' title='bbox 1432 5363 1490 5419; x_wconf 92' lang='lat' dir='ltr'><strong>S.</strong></span> <span class='ocrx_word' id='word_1_609' title='bbox 1537 5362 1833 5435; x_wconf 88' lang='lat' dir='ltr'><strong>Gregorius</strong></span> 
     </span>
    </p>
   </div>
   <div class='ocr_carea' id='block_1_86' title="bbox 224 5454 1834 5531">
    <p class='ocr_par' dir='ltr' id='par_1_86' title="bbox 224 5454 1834 5531">
     <span class='ocr_line' id='line_1_86' title="bbox 224 5454 1834 5531; baseline -0.004 -14"><span class='ocrx_word' id='word_1_610' title='bbox 224 5458 441 5517; x_wconf 87' lang='lat' dir='ltr'><strong>alicubi</strong></span> <span class='ocrx_word' id='word_1_611' title='bbox 472 5459 526 5513; x_wconf 90' lang='lat' dir='ltr'><strong>in</strong></span> <span class='ocrx_word' id='word_1_612' title='bbox 557 5459 753 5515; x_wconf 89' lang='lat' dir='ltr'><strong>eadem</strong></span> <span class='ocrx_word' id='word_1_613' title='bbox 777 5459 1006 5531; x_wconf 88' lang='lat' dir='ltr'><strong>epistola</strong></span> <span class='ocrx_word' id='word_1_614' title='bbox 1037 5456 1312 5530; x_wconf 75' lang='lat' dir='ltr'><strong>praedictis</strong></span> <span class='ocrx_word' id='word_1_615' title='bbox 1354 5456 1625 5512; x_wconf 90' lang='lat' dir='ltr'><strong>concessit</strong></span> <span class='ocrx_word' id='word_1_616' title='bbox 1650 5454 1834 5511; x_wconf 91' lang='lat' dir='ltr'><strong>diaco-</strong></span> 
     </span>
    </p>
   </div>
   <div class='ocr_carea' id='block_1_87' title="bbox 222 5549 1834 5621">
    <p class='ocr_par' dir='ltr' id='par_1_87' title="bbox 222 5549 1834 5621">
     <span class='ocr_line' id='line_1_87' title="bbox 222 5549 1834 5621; baseline -0.002 -13"><span class='ocrx_word' id='word_1_617' title='bbox 222 5552 404 5608; x_wconf 87' lang='lat' dir='ltr'><strong>nibus</strong></span> <span class='ocrx_word' id='word_1_618' title='bbox 424 5560 489 5607; x_wconf 90' lang='lat' dir='ltr'><strong>ut</strong></span> <span class='ocrx_word' id='word_1_619' title='bbox 507 5550 752 5609; x_wconf 83' lang='lat' dir='ltr'><strong>ofﬁcium</strong></span> <span class='ocrx_word' id='word_1_620' title='bbox 772 5568 931 5609; x_wconf 88' lang='lat' dir='ltr'><strong>suum</strong></span> <span class='ocrx_word' id='word_1_621' title='bbox 952 5557 1284 5618; x_wconf 86' lang='lat' dir='ltr'><strong>exercerent,</strong></span> <span class='ocrx_word' id='word_1_622' title='bbox 1315 5549 1363 5607; x_wconf 91' lang='lat' dir='ltr'><strong>si</strong></span> <span class='ocrx_word' id='word_1_623' title='bbox 1385 5564 1464 5616; x_wconf 90' lang='lat' dir='ltr'><strong>se,</strong></span> <span class='ocrx_word' id='word_1_624' title='bbox 1488 5550 1644 5621; x_wconf 83' lang='lat' dir='ltr'><strong>juxta</strong></span> <span class='ocrx_word' id='word_1_625' title='bbox 1674 5556 1834 5605; x_wconf 88' lang='lat' dir='ltr'><strong>tuum</strong></span> 
     </span>
    </p>
   </div>
   <div class='ocr_carea' id='block_1_88' title="bbox 312 5688 1831 5763">
    <p class='ocr_par' dir='ltr' id='par_1_88' title="bbox 312 5688 1831 5763">
     <span class='ocr_line' id='line_1_88' title="bbox 312 5688 1831 5763; baseline -0.002 -17"><span class='ocrx_word' id='word_1_626' title='bbox 312 5695 461 5756; x_wconf 83' lang='lat'><strong>(976)</strong></span> <span class='ocrx_word' id='word_1_627' title='bbox 492 5690 711 5747; x_wconf 82' lang='lat' dir='ltr'><strong>Rufﬁni</strong></span> <span class='ocrx_word' id='word_1_628' title='bbox 736 5691 802 5748; x_wconf 90' lang='lat' dir='ltr'><strong>ad</strong></span> <span class='ocrx_word' id='word_1_629' title='bbox 847 5692 1145 5763; x_wconf 82' lang='lat' dir='ltr'><strong>Eusebium</strong></span> <span class='ocrx_word' id='word_1_630' title='bbox 1176 5689 1534 5763; x_wconf 82' lang='lat' dir='ltr'><strong>appendicem</strong></span> <span class='ocrx_word' id='word_1_631' title='bbox 1562 5688 1831 5763; x_wconf 90' lang='lat' dir='ltr'><strong>intelligit.</strong></span> 
     </span>
    </p>
   </div>
   <div class='ocr_carea' id='block_1_89' title="bbox 317 5761 1834 5837">
    <p class='ocr_par' dir='ltr' id='par_1_89' title="bbox 317 5761 1834 5837">
     <span class='ocr_line' id='line_1_89' title="bbox 317 5761 1834 5837; baseline 0 -22"><span class='ocrx_word' id='word_1_632' title='bbox 317 5766 470 5837; x_wconf 82' lang='lat'><strong>(977)_</strong></span> <span class='ocrx_word' id='word_1_633' title='bbox 492 5765 552 5837; x_wconf 73' lang='lat' dir='ltr'><strong>in</strong></span> <span class='ocrx_word' id='word_1_634' title='bbox 578 5764 902 5837; x_wconf 87' lang='lat' dir='ltr'><strong>marg._cod.</strong></span> <span class='ocrx_word' id='word_1_635' title='bbox 932 5762 1063 5837; x_wconf 64' lang='lat' dir='ltr'><strong>haec</strong></span> <span class='ocrx_word' id='word_1_636' title='bbox 1084 5761 1265 5837; x_wconf 68' lang='lat' dir='ltr'><strong>verba</strong></span> <span class='ocrx_word' id='word_1_637' title='bbox 1282 5761 1489 5837; x_wconf 80' lang='lat' dir='ltr'><strong>adjecta</strong></span> <span class='ocrx_word' id='word_1_638' title='bbox 1519 5767 1648 5837; x_wconf 74' lang='lat' dir='ltr'><strong>sunt</strong></span> <span class='ocrx_word' id='word_1_639' title='bbox 1681 5777 1695 5814; x_wconf 91' lang='lat'>:</span> <span class='ocrx_word' id='word_1_640' title='bbox 1728 5761 1834 5815; x_wconf 86' lang='lat' dir='ltr'><strong>No-</strong></span> 
     </span>
    </p>
   </div>
   <div class='ocr_carea' id='block_1_90' title="bbox 222 5832 1829 5907">
    <p class='ocr_par' dir='ltr' id='par_1_90' title="bbox 222 5832 1829 5907">
     <span class='ocr_line' id='line_1_90' title="bbox 222 5832 1829 5907; baseline 0 -20"><span class='ocrx_word' id='word_1_641' title='bbox 222 5839 290 5887; x_wconf 83' lang='lat' dir='ltr'><strong>ta</strong></span> <span class='ocrx_word' id='word_1_642' title='bbox 328 5833 555 5903; x_wconf 90' lang='lat' dir='ltr'><strong>quodin</strong></span> <span class='ocrx_word' id='word_1_643' title='bbox 582 5832 1001 5894; x_wconf 70' lang='lat' dir='ltr'><strong>emendatiorib.</strong></span> <span class='ocrx_word' id='word_1_644' title='bbox 1034 5832 1386 5907; x_wconf 81' lang='lat' dir='ltr'><strong>exemplarib.</strong></span> <span class='ocrx_word' id='word_1_645' title='bbox 1419 5848 1532 5890; x_wconf 91' lang='lat' dir='ltr'><strong>non</strong></span> <span class='ocrx_word' id='word_1_646' title='bbox 1557 5833 1829 5896; x_wconf 84' lang='lat' dir='ltr'><strong>diaconos,</strong></span> 
     </span>
    </p>
   </div>
   <div class='ocr_carea' id='block_1_91' title="bbox 1944 3297 3540 3369">
    <p class='ocr_par' dir='ltr' id='par_1_91' title="bbox 1944 3297 3540 3369">
     <span class='ocr_line' id='line_1_91' title="bbox 1944 3297 3540 3369; baseline 0.002 -16"><span class='ocrx_word' id='word_1_647' title='bbox 1944 3297 2347 3369; x_wconf 88' lang='lat' dir='ltr'><strong>professionem</strong></span> <span class='ocrx_word' id='word_1_648' title='bbox 2376 3298 2571 3353; x_wconf 90' lang='lat' dir='ltr'><strong>statuit</strong></span> <span class='ocrx_word' id='word_1_649' title='bbox 2590 3297 2747 3369; x_wconf 87' lang='lat' dir='ltr'><strong>exigi.</strong></span> <span class='ocrx_word' id='word_1_650' title='bbox 2779 3300 3058 3367; x_wconf 88' lang='lat' dir='ltr'><strong>Quantum</strong></span> <span class='ocrx_word' id='word_1_651' title='bbox 3080 3307 3264 3354; x_wconf 91' lang='lat' dir='ltr'><strong>autem</strong></span> <span class='ocrx_word' id='word_1_652' title='bbox 3296 3299 3401 3355; x_wconf 90' lang='lat' dir='ltr'><strong>hoc</strong></span> <span class='ocrx_word' id='word_1_653' title='bbox 3432 3308 3540 3357; x_wconf 71' lang='lat' dir='ltr'><strong>tua:</strong></span> 
     </span>
    </p>
   </div>
   <div class='ocr_carea' id='block_1_92' title="bbox 1944 3390 3540 3464">
    <p class='ocr_par' dir='ltr' id='par_1_92' title="bbox 1944 3390 3540 3464">
     <span class='ocr_line' id='line_1_92' title="bbox 1944 3390 3540 3464; baseline 0.001 -17"><span class='ocrx_word' id='word_1_654' title='bbox 1944 3392 2081 3464; x_wconf 90' lang='lat' dir='ltr'><strong>parti</strong></span> <span class='ocrx_word' id='word_1_655' title='bbox 2129 3390 2468 3458; x_wconf 87' lang='lat' dir='ltr'><strong>adversetur,</strong></span> <span class='ocrx_word' id='word_1_656' title='bbox 2522 3406 2737 3446; x_wconf 93' lang='lat' dir='ltr'><strong>mecum</strong></span> <span class='ocrx_word' id='word_1_657' title='bbox 2768 3399 2865 3447; x_wconf 91' lang='lat' dir='ltr'><strong>tua</strong></span> <span class='ocrx_word' id='word_1_658' title='bbox 2906 3391 3146 3447; x_wconf 90' lang='lat' dir='ltr'><strong>charitas</strong></span> <span class='ocrx_word' id='word_1_659' title='bbox 3192 3392 3540 3449; x_wconf 87' lang='lat' dir='ltr'><strong>considerare</strong></span> 
     </span>
    </p>
   </div>
   <div class='ocr_carea' id='block_1_93' title="bbox 1943 3484 3539 3557">
    <p class='ocr_par' dir='ltr' id='par_1_93' title="bbox 1943 3484 3539 3557">
     <span class='ocr_line' id='line_1_93' title="bbox 1943 3484 3539 3557; baseline 0.001 -16"><span class='ocrx_word' id='word_1_660' title='bbox 1943 3501 2059 3541; x_wconf 93' lang='lat' dir='ltr'><strong>non</strong></span> <span class='ocrx_word' id='word_1_661' title='bbox 2087 3493 2361 3557; x_wconf 88' lang='lat' dir='ltr'><strong>gravetur.</strong></span> <span class='ocrx_word' id='word_1_662' title='bbox 2403 3486 2581 3539; x_wconf 91' lang='lat' dir='ltr'><strong>Tuum</strong></span> <span class='ocrx_word' id='word_1_663' title='bbox 2629 3484 2774 3540; x_wconf 91' lang='lat' dir='ltr'><strong>enim</strong></span> <span class='ocrx_word' id='word_1_664' title='bbox 2819 3494 2984 3556; x_wconf 89' lang='lat' dir='ltr'><strong>caput</strong></span> <span class='ocrx_word' id='word_1_665' title='bbox 3028 3486 3319 3554; x_wconf 91' lang='lat' dir='ltr'><strong>omnibus,</strong></span> <span class='ocrx_word' id='word_1_666' title='bbox 3369 3488 3539 3542; x_wconf 91' lang='lat' dir='ltr'><strong>etiam</strong></span> 
     </span>
    </p>
   </div>
   <div class='ocr_carea' id='block_1_94' title="bbox 1943 3578 3537 3653">
    <p class='ocr_par' dir='ltr' id='par_1_94' title="bbox 1943 3578 3537 3653">
     <span class='ocr_line' id='line_1_94' title="bbox 1943 3578 3537 3653; baseline 0.001 -19"><span class='ocrx_word' id='word_1_667' title='bbox 1943 3580 2233 3653; x_wconf 86' lang='lat' dir='ltr'><strong>episcopis,</strong></span> <span class='ocrx_word' id='word_1_668' title='bbox 2284 3578 2551 3650; x_wconf 88' lang='lat' dir='ltr'><strong>cujusque</strong></span> <span class='ocrx_word' id='word_1_669' title='bbox 2598 3578 2870 3649; x_wconf 89' lang='lat' dir='ltr'><strong>temporis</strong></span> <span class='ocrx_word' id='word_1_670' title='bbox 2913 3578 3197 3652; x_wconf 89' lang='lat' dir='ltr'><strong>conjugale</strong></span> <span class='ocrx_word' id='word_1_671' title='bbox 3241 3596 3379 3652; x_wconf 83' lang='lat' dir='ltr'><strong>Opus</strong></span> <span class='ocrx_word' id='word_1_672' title='bbox 3421 3580 3537 3636; x_wconf 88' lang='lat' dir='ltr'><strong>fre-</strong></span> 
     </span>
    </p>
   </div>
   <div class='ocr_carea' id='block_1_95' title="bbox 1943 3671 3537 3746">
    <p class='ocr_par' dir='ltr' id='par_1_95' title="bbox 1943 3671 3537 3746">
     <span class='ocr_line' id='line_1_95' title="bbox 1943 3671 3537 3746; baseline 0.001 -18"><span class='ocrx_word' id='word_1_673' title='bbox 1943 3681 2204 3745; x_wconf 90' lang='lat' dir='ltr'><strong>quentare</strong></span> <span class='ocrx_word' id='word_1_674' title='bbox 2233 3672 2526 3743; x_wconf 90' lang='lat' dir='ltr'><strong>permittit,</strong></span> <span class='ocrx_word' id='word_1_675' title='bbox 2557 3671 2708 3743; x_wconf 90' lang='lat' dir='ltr'><strong>quod</strong></span> <span class='ocrx_word' id='word_1_676' title='bbox 2740 3673 2795 3728; x_wconf 93' lang='lat' dir='ltr'><strong>S.</strong></span> <span class='ocrx_word' id='word_1_677' title='bbox 2830 3673 3137 3745; x_wconf 89' lang='lat' dir='ltr'><strong>Gregorius</strong></span> <span class='ocrx_word' id='word_1_678' title='bbox 3180 3675 3263 3728; x_wconf 83' lang='lat' dir='ltr'><strong>vix</strong></span> <span class='ocrx_word' id='word_1_679' title='bbox 3314 3675 3371 3728; x_wconf 90' lang='lat' dir='ltr'><strong>in</strong></span> <span class='ocrx_word' id='word_1_680' title='bbox 3415 3674 3537 3746; x_wconf 89' lang='lat' dir='ltr'><strong>qui-</strong></span> 
     </span>
    </p>
   </div>
   <div class='ocr_carea' id='block_1_96' title="bbox 1944 3765 3538 3838">
    <p class='ocr_par' dir='ltr' id='par_1_96' title="bbox 1944 3765 3538 3838">
     <span class='ocr_line' id='line_1_96' title="bbox 1944 3765 3538 3838; baseline 0 -15"><span class='ocrx_word' id='word_1_681' title='bbox 1944 3767 2179 3823; x_wconf 89' lang='lat' dir='ltr'><strong>busdam</strong></span> <span class='ocrx_word' id='word_1_682' title='bbox 2209 3766 2526 3821; x_wconf 87' lang='lat' dir='ltr'><strong>diacouibus</strong></span> <span class='ocrx_word' id='word_1_683' title='bbox 2554 3765 2624 3822; x_wconf 91' lang='lat' dir='ltr'><strong>ad</strong></span> <span class='ocrx_word' id='word_1_684' title='bbox 2653 3773 2871 3838; x_wconf 90' lang='lat' dir='ltr'><strong>tempus</strong></span> <span class='ocrx_word' id='word_1_685' title='bbox 2897 3767 3170 3835; x_wconf 88' lang='lat' dir='ltr'><strong>toleravit,</strong></span> <span class='ocrx_word' id='word_1_686' title='bbox 3202 3783 3304 3822; x_wconf 90' lang='lat' dir='ltr'><strong>nec</strong></span> <span class='ocrx_word' id='word_1_687' title='bbox 3350 3776 3538 3823; x_wconf 85' lang='lat' dir='ltr'><strong>tamen</strong></span> 
     </span>
    </p>
   </div>
   <div class='ocr_carea' id='block_1_97' title="bbox 1942 3860 3540 3933">
    <p class='ocr_par' dir='ltr' id='par_1_97' title="bbox 1942 3860 3540 3933">
     <span class='ocr_line' id='line_1_97' title="bbox 1942 3860 3540 3933; baseline -0.001 -17"><span class='ocrx_word' id='word_1_688' title='bbox 1942 3862 2059 3917; x_wconf 89' lang='lat' dir='ltr'><strong>sine</strong></span> <span class='ocrx_word' id='word_1_689' title='bbox 2083 3876 2274 3933; x_wconf 89' lang='lat' dir='ltr'><strong>poena;</strong></span> <span class='ocrx_word' id='word_1_690' title='bbox 2315 3877 2450 3917; x_wconf 90' lang='lat' dir='ltr'><strong>nam</strong></span> <span class='ocrx_word' id='word_1_691' title='bbox 2476 3875 2632 3932; x_wconf 91' lang='lat' dir='ltr'><strong>spem</strong></span> <span class='ocrx_word' id='word_1_692' title='bbox 2676 3861 3049 3932; x_wconf 88' lang='lat' dir='ltr'><strong>promotionis</strong></span> <span class='ocrx_word' id='word_1_693' title='bbox 3078 3861 3298 3931; x_wconf 87' lang='lat' dir='ltr'><strong>penitus</strong></span> <span class='ocrx_word' id='word_1_694' title='bbox 3332 3860 3540 3917; x_wconf 89' lang='lat' dir='ltr'><strong>ademit</strong></span> 
     </span>
    </p>
   </div>
   <div class='ocr_carea' id='block_1_98' title="bbox 1942 3952 3537 4025">
    <p class='ocr_par' dir='ltr' id='par_1_98' title="bbox 1942 3952 3537 4025">
     <span class='ocr_line' id='line_1_98' title="bbox 1942 3952 3537 4025; baseline -0.001 -15"><span class='ocrx_word' id='word_1_695' title='bbox 1942 3953 2169 4011; x_wconf 90' lang='lat' dir='ltr'><strong>eisdem.</strong></span> <span class='ocrx_word' id='word_1_696' title='bbox 2202 3953 2675 4010; x_wconf 89' lang='lat' dir='ltr'><strong>lncontinentiam</strong></span> <span class='ocrx_word' id='word_1_697' title='bbox 2717 3952 2958 4025; x_wconf 90' lang='lat' dir='ltr'><strong>denique</strong></span> <span class='ocrx_word' id='word_1_698' title='bbox 2999 3954 3251 4010; x_wconf 85' lang='lat' dir='ltr'><strong>concedis</strong></span> <span class='ocrx_word' id='word_1_699' title='bbox 3281 3954 3537 4009; x_wconf 88' lang='lat' dir='ltr'><strong>sacerdo-</strong></span> 
     </span>
    </p>
   </div>
   <div class='ocr_carea' id='block_1_99' title="bbox 1942 4046 3536 4120">
    <p class='ocr_par' dir='ltr' id='par_1_99' title="bbox 1942 4046 3536 4120">
     <span class='ocr_line' id='line_1_99' title="bbox 1942 4046 3536 4120; baseline -0.004 -12"><span class='ocrx_word' id='word_1_700' title='bbox 1942 4049 2112 4117; x_wconf 85' lang='lat' dir='ltr'><strong>tibus,</strong></span> <span class='ocrx_word' id='word_1_701' title='bbox 2144 4048 2258 4104; x_wconf 92' lang='lat' dir='ltr'><strong>imo</strong></span> <span class='ocrx_word' id='word_1_702' title='bbox 2289 4048 2576 4120; x_wconf 88' lang='lat' dir='ltr'><strong>episcopis,</strong></span> <span class='ocrx_word' id='word_1_703' title='bbox 2624 4057 2850 4120; x_wconf 90' lang='lat' dir='ltr'><strong>propter</strong></span> <span class='ocrx_word' id='word_1_704' title='bbox 2895 4064 3062 4120; x_wconf 92' lang='lat' dir='ltr'><strong>quam</strong></span> <span class='ocrx_word' id='word_1_705' title='bbox 3113 4046 3406 4118; x_wconf 83' lang='lat' dir='ltr'><strong>praedictus</strong></span> <span class='ocrx_word' id='word_1_706' title='bbox 3435 4048 3536 4103; x_wconf 92' lang='lat' dir='ltr'><strong>do-</strong></span> 
     </span>
    </p>
   </div>
   <div class='ocr_carea' id='block_1_100' title="bbox 1940 4140 3533 4213">
    <p class='ocr_par' dir='ltr' id='par_1_100' title="bbox 1940 4140 3533 4213">
     <span class='ocr_line' id='line_1_100' title="bbox 1940 4140 3533 4213; baseline -0.001 -16"><span class='ocrx_word' id='word_1_707' title='bbox 1940 4150 2058 4198; x_wconf 89' lang='lat' dir='ltr'><strong>ctor</strong></span> <span class='ocrx_word' id='word_1_708' title='bbox 2094 4158 2245 4213; x_wconf 90' lang='lat' dir='ltr'><strong>spem</strong></span> <span class='ocrx_word' id='word_1_709' title='bbox 2276 4143 2571 4213; x_wconf 89' lang='lat' dir='ltr'><strong>superioris</strong></span> <span class='ocrx_word' id='word_1_710' title='bbox 2608 4141 2809 4213; x_wconf 90' lang='lat' dir='ltr'><strong>gradus</strong></span> <span class='ocrx_word' id='word_1_711' title='bbox 2848 4141 3166 4197; x_wconf 88' lang='lat' dir='ltr'><strong>intercludit</strong></span> <span class='ocrx_word' id='word_1_712' title='bbox 3191 4140 3533 4196; x_wconf 88' lang='lat' dir='ltr'><strong>diaconibus.</strong></span> 
     </span>
    </p>
   </div>
   <div class='ocr_carea' id='block_1_101' title="bbox 1940 4234 3538 4305">
    <p class='ocr_par' dir='ltr' id='par_1_101' title="bbox 1940 4234 3538 4305">
     <span class='ocr_line' id='line_1_101' title="bbox 1940 4234 3538 4305; baseline -0.001 -15"><span class='ocrx_word' id='word_1_713' title='bbox 1940 4234 2207 4290; x_wconf 82' lang='lat' dir='ltr'><strong>Videlicet</strong></span> <span class='ocrx_word' id='word_1_714' title='bbox 2233 4235 2493 4305; x_wconf 89' lang='lat' dir='ltr'><strong>episcopi,</strong></span> <span class='ocrx_word' id='word_1_715' title='bbox 2519 4235 2675 4305; x_wconf 83' lang='lat' dir='ltr'><strong>juxta</strong></span> <span class='ocrx_word' id='word_1_716' title='bbox 2706 4245 2869 4291; x_wconf 89' lang='lat' dir='ltr'><strong>tuum</strong></span> <span class='ocrx_word' id='word_1_717' title='bbox 2892 4244 3077 4305; x_wconf 89' lang='lat' dir='ltr'><strong>caput,</strong></span> <span class='ocrx_word' id='word_1_718' title='bbox 3108 4251 3237 4290; x_wconf 91' lang='lat' dir='ltr'><strong>cum</strong></span> <span class='ocrx_word' id='word_1_719' title='bbox 3275 4234 3538 4290; x_wconf 82' lang='lat' dir='ltr'><strong>uxoribus</strong></span> 
     </span>
    </p>
   </div>
   <div class='ocr_carea' id='block_1_102' title="bbox 1940 4325 3535 4399">
    <p class='ocr_par' dir='ltr' id='par_1_102' title="bbox 1940 4325 3535 4399">
     <span class='ocr_line' id='line_1_102' title="bbox 1940 4325 3535 4399; baseline -0.001 -16"><span class='ocrx_word' id='word_1_720' title='bbox 1940 4329 2053 4383; x_wconf 89' lang='lat' dir='ltr'><strong>suis</strong></span> <span class='ocrx_word' id='word_1_721' title='bbox 2081 4325 2419 4383; x_wconf 88' lang='lat' dir='ltr'><strong>dormientes</strong></span> <span class='ocrx_word' id='word_1_722' title='bbox 2448 4327 2911 4382; x_wconf 89' lang='lat' dir='ltr'><strong>abrenuntiabunt</strong></span> <span class='ocrx_word' id='word_1_723' title='bbox 2938 4329 3196 4396; x_wconf 88' lang='lat' dir='ltr'><strong>castitati,</strong></span> <span class='ocrx_word' id='word_1_724' title='bbox 3221 4344 3389 4399; x_wconf 90' lang='lat' dir='ltr'><strong>quam</strong></span> <span class='ocrx_word' id='word_1_725' title='bbox 3421 4328 3535 4397; x_wconf 90' lang='lat' dir='ltr'><strong>ipse</strong></span> 
     </span>
    </p>
   </div>
   <div class='ocr_carea' id='block_1_103' title="bbox 1941 4420 3535 4491">
    <p class='ocr_par' dir='ltr' id='par_1_103' title="bbox 1941 4420 3535 4491">
     <span class='ocr_line' id='line_1_103' title="bbox 1941 4420 3535 4491; baseline -0.001 -15"><span class='ocrx_word' id='word_1_726' title='bbox 1941 4422 2231 4488; x_wconf 89' lang='lat' dir='ltr'><strong>etiam,.ab</strong></span> <span class='ocrx_word' id='word_1_727' title='bbox 2269 4420 2527 4476; x_wconf 91' lang='lat' dir='ltr'><strong>omnibus</strong></span> <span class='ocrx_word' id='word_1_728' title='bbox 2556 4420 2650 4491; x_wconf 91' lang='lat' dir='ltr'><strong>qui</strong></span> <span class='ocrx_word' id='word_1_729' title='bbox 2682 4420 2939 4490; x_wconf 90' lang='lat' dir='ltr'><strong>deinceps</strong></span> <span class='ocrx_word' id='word_1_730' title='bbox 2973 4420 3173 4475; x_wconf 90' lang='lat' dir='ltr'><strong>vellent</strong></span> <span class='ocrx_word' id='word_1_731' title='bbox 3200 4420 3318 4474; x_wconf 85' lang='lat' dir='ltr'><strong>ﬁeri</strong></span> <span class='ocrx_word' id='word_1_732' title='bbox 3350 4420 3535 4474; x_wconf 80' lang='lat' dir='ltr'><strong>diaco-</strong></span> 
     </span>
    </p>
   </div>
   <div class='ocr_carea' id='block_1_104' title="bbox 1945 4512 3537 4587">
    <p class='ocr_par' dir='ltr' id='par_1_104' title="bbox 1945 4512 3537 4587">
     <span class='ocr_line' id='line_1_104' title="bbox 1945 4512 3537 4587; baseline -0.004 -15"><span class='ocrx_word' id='word_1_733' title='bbox 1945 4531 2068 4581; x_wconf 92' lang='lat' dir='ltr'><strong>nes,</strong></span> <span class='ocrx_word' id='word_1_734' title='bbox 2100 4531 2198 4587; x_wconf 90' lang='lat' dir='ltr'><strong>per</strong></span> <span class='ocrx_word' id='word_1_735' title='bbox 2222 4513 2618 4587; x_wconf 85' lang='lat' dir='ltr'><strong>professionem</strong></span> <span class='ocrx_word' id='word_1_736' title='bbox 2647 4513 2907 4585; x_wconf 67' lang='lat' dir='ltr'><strong>praecepit</strong></span> <span class='ocrx_word' id='word_1_737' title='bbox 2944 4512 3113 4583; x_wconf 87' lang='lat' dir='ltr'><strong>exigi!</strong></span> <span class='ocrx_word' id='word_1_738' title='bbox 3144 4514 3283 4569; x_wconf 91' lang='lat' dir='ltr'><strong>Cum</strong></span> <span class='ocrx_word' id='word_1_739' title='bbox 3315 4512 3371 4566; x_wconf 91' lang='lat' dir='ltr'><strong>in</strong></span> <span class='ocrx_word' id='word_1_740' title='bbox 3412 4520 3537 4567; x_wconf 88' lang='lat' dir='ltr'><strong>tan-</strong></span> 
     </span>
    </p>
   </div>
   <div class='ocr_carea' id='block_1_105' title="bbox 1949 4604 3537 4681">
    <p class='ocr_par' dir='ltr' id='par_1_105' title="bbox 1949 4604 3537 4681">
     <span class='ocr_line' id='line_1_105' title="bbox 1949 4604 3537 4681; baseline -0.003 -17"><span class='ocrx_word' id='word_1_741' title='bbox 1949 4617 2071 4666; x_wconf 92' lang='lat' dir='ltr'><strong>tum</strong></span> <span class='ocrx_word' id='word_1_742' title='bbox 2089 4624 2221 4681; x_wconf 90' lang='lat' dir='ltr'><strong>ergo</strong></span> <span class='ocrx_word' id='word_1_743' title='bbox 2233 4609 2288 4665; x_wconf 91' lang='lat' dir='ltr'><strong>S.</strong></span> <span class='ocrx_word' id='word_1_744' title='bbox 2312 4606 2609 4681; x_wconf 89' lang='lat' dir='ltr'><strong>Gregorius</strong></span> <span class='ocrx_word' id='word_1_745' title='bbox 2625 4615 2724 4663; x_wconf 91' lang='lat' dir='ltr'><strong>tuo</strong></span> <span class='ocrx_word' id='word_1_746' title='bbox 2745 4604 3072 4662; x_wconf 88' lang='lat' dir='ltr'><strong>adversetur</strong></span> <span class='ocrx_word' id='word_1_747' title='bbox 3092 4605 3356 4676; x_wconf 87' lang='lat' dir='ltr'><strong>capitulo,</strong></span> <span class='ocrx_word' id='word_1_748' title='bbox 3375 4605 3537 4661; x_wconf 91' lang='lat' dir='ltr'><strong>etiam</strong></span> 
     </span>
    </p>
   </div>
   <div class='ocr_carea' id='block_1_106' title="bbox 1946 4699 3537 4770">
    <p class='ocr_par' dir='ltr' id='par_1_106' title="bbox 1946 4699 3537 4770">
     <span class='ocr_line' id='line_1_106' title="bbox 1946 4699 3537 4770; baseline -0.003 -12"><span class='ocrx_word' id='word_1_749' title='bbox 1946 4704 2005 4758; x_wconf 91' lang='lat' dir='ltr'><strong>in</strong></span> <span class='ocrx_word' id='word_1_750' title='bbox 2050 4701 2156 4758; x_wconf 89' lang='lat' dir='ltr'><strong>hac</strong></span> <span class='ocrx_word' id='word_1_751' title='bbox 2202 4715 2366 4757; x_wconf 78' lang='lat' dir='ltr'><strong>causa</strong></span> <span class='ocrx_word' id='word_1_752' title='bbox 2418 4700 2509 4755; x_wconf 92' lang='lat' dir='ltr'><strong>ubi</strong></span> <span class='ocrx_word' id='word_1_753' title='bbox 2565 4714 2679 4754; x_wconf 90' lang='lat' dir='ltr'><strong>non</strong></span> <span class='ocrx_word' id='word_1_754' title='bbox 2728 4714 2925 4770; x_wconf 84' lang='lat' dir='ltr'><strong>parum</strong></span> <span class='ocrx_word' id='word_1_755' title='bbox 2972 4699 3211 4770; x_wconf 87' lang='lat' dir='ltr'><strong>rigorem</strong></span> <span class='ocrx_word' id='word_1_756' title='bbox 3260 4713 3537 4754; x_wconf 89' lang='lat' dir='ltr'><strong>canonum</strong></span> 
     </span>
    </p>
   </div>
   <div class='ocr_carea' id='block_1_107' title="bbox 1948 4792 3536 4867">
    <p class='ocr_par' dir='ltr' id='par_1_107' title="bbox 1948 4792 3536 4867">
     <span class='ocr_line' id='line_1_107' title="bbox 1948 4792 3536 4867; baseline -0.002 -17"><span class='ocrx_word' id='word_1_757' title='bbox 1948 4795 2243 4867; x_wconf 90' lang='lat' dir='ltr'><strong>mitigavit,</strong></span> <span class='ocrx_word' id='word_1_758' title='bbox 2276 4801 2332 4849; x_wconf 89' lang='lat' dir='ltr'><strong>et</strong></span> <span class='ocrx_word' id='word_1_759' title='bbox 2361 4792 2451 4848; x_wconf 89' lang='lat' dir='ltr'><strong>ubi</strong></span> <span class='ocrx_word' id='word_1_760' title='bbox 2480 4792 2735 4865; x_wconf 59' lang='lat' dir='ltr'><strong>quaedam</strong></span> <span class='ocrx_word' id='word_1_761' title='bbox 2762 4800 2981 4849; x_wconf 90' lang='lat' dir='ltr'><strong>tantum</strong></span> <span class='ocrx_word' id='word_1_762' title='bbox 3012 4808 3077 4848; x_wconf 92' lang='lat' dir='ltr'><strong>eo</strong></span> <span class='ocrx_word' id='word_1_763' title='bbox 3120 4800 3372 4865; x_wconf 88' lang='lat' dir='ltr'><strong>tempore</strong></span> <span class='ocrx_word' id='word_1_764' title='bbox 3399 4792 3536 4848; x_wconf 84' lang='lat' dir='ltr'><strong>tole-</strong></span> 
     </span>
    </p>
   </div>
   <div class='ocr_carea' id='block_1_108' title="bbox 1945 4885 3531 4959">
    <p class='ocr_par' dir='ltr' id='par_1_108' title="bbox 1945 4885 3531 4959">
     <span class='ocr_line' id='line_1_108' title="bbox 1945 4885 3531 4959; baseline -0.003 -14"><span class='ocrx_word' id='word_1_765' title='bbox 1945 4888 2123 4945; x_wconf 90' lang='lat' dir='ltr'><strong>randa</strong></span> <span class='ocrx_word' id='word_1_766' title='bbox 2152 4886 2537 4955; x_wconf 90' lang='lat' dir='ltr'><strong>dissimulavit,</strong></span> <span class='ocrx_word' id='word_1_767' title='bbox 2577 4895 2727 4958; x_wconf 90' lang='lat' dir='ltr'><strong>patet</strong></span> <span class='ocrx_word' id='word_1_768' title='bbox 2755 4887 2921 4942; x_wconf 89' lang='lat' dir='ltr'><strong>etiam</strong></span> <span class='ocrx_word' id='word_1_769' title='bbox 2955 4885 3145 4943; x_wconf 91' lang='lat' dir='ltr'><strong>idiotis</strong></span> <span class='ocrx_word' id='word_1_770' title='bbox 3175 4887 3232 4941; x_wconf 94' lang='lat' dir='ltr'><strong>in</strong></span> <span class='ocrx_word' id='word_1_771' title='bbox 3262 4894 3531 4959; x_wconf 90' lang='lat' dir='ltr'><strong>quantum</strong></span> 
     </span>
    </p>
   </div>
   <div class='ocr_carea' id='block_1_109' title="bbox 1947 4980 3538 5054">
    <p class='ocr_par' dir='ltr' id='par_1_109' title="bbox 1947 4980 3538 5054">
     <span class='ocr_line' id='line_1_109' title="bbox 1947 4980 3538 5054; baseline -0.004 -14"><span class='ocrx_word' id='word_1_772' title='bbox 1947 4992 2041 5040; x_wconf 90' lang='lat' dir='ltr'><strong>tua</strong></span> <span class='ocrx_word' id='word_1_773' title='bbox 2080 4997 2202 5054; x_wconf 90' lang='lat' dir='ltr'><strong>pars</strong></span> <span class='ocrx_word' id='word_1_774' title='bbox 2242 4982 2598 5054; x_wconf 88' lang='lat' dir='ltr'><strong>impugnetur</strong></span> <span class='ocrx_word' id='word_1_775' title='bbox 2636 4981 2751 5037; x_wconf 92' lang='lat' dir='ltr'><strong>imo</strong></span> <span class='ocrx_word' id='word_1_776' title='bbox 2789 4980 3090 5037; x_wconf 90' lang='lat' dir='ltr'><strong>damnetur</strong></span> <span class='ocrx_word' id='word_1_777' title='bbox 3117 4996 3147 5036; x_wconf 90' lang='lat' dir='ltr'><strong>a</strong></span> <span class='ocrx_word' id='word_1_778' title='bbox 3189 4980 3538 5054; x_wconf 90' lang='lat' dir='ltr'><strong>generalibus</strong></span> 
     </span>
    </p>
   </div>
   <div class='ocr_carea' id='block_1_110' title="bbox 1946 5073 3536 5149">
    <p class='ocr_par' dir='ltr' id='par_1_110' title="bbox 1946 5073 3536 5149">
     <span class='ocr_line' id='line_1_110' title="bbox 1946 5073 3536 5149; baseline -0.003 -17"><span class='ocrx_word' id='word_1_779' title='bbox 1946 5076 2164 5133; x_wconf 90' lang='lat' dir='ltr'><strong>statutis</strong></span> <span class='ocrx_word' id='word_1_780' title='bbox 2188 5074 2435 5149; x_wconf 91' lang='lat' dir='ltr'><strong>ejusdem</strong></span> <span class='ocrx_word' id='word_1_781' title='bbox 2456 5075 2651 5143; x_wconf 88' lang='lat' dir='ltr'><strong>Patris,</strong></span> <span class='ocrx_word' id='word_1_782' title='bbox 2670 5090 2791 5147; x_wconf 66' lang='lat' dir='ltr'><strong>quae</strong></span> <span class='ocrx_word' id='word_1_783' title='bbox 2814 5075 2948 5147; x_wconf 89' lang='lat' dir='ltr'><strong>ipse,</strong></span> <span class='ocrx_word' id='word_1_784' title='bbox 2966 5075 3123 5148; x_wconf 88' lang='lat' dir='ltr'><strong>juxta</strong></span> <span class='ocrx_word' id='word_1_785' title='bbox 3145 5073 3536 5130; x_wconf 89' lang='lat' dir='ltr'><strong>districtionem</strong></span> 
     </span>
    </p>
   </div>
   <div class='ocr_carea' id='block_1_111' title="bbox 1946 5167 3539 5249">
    <p class='ocr_par' dir='ltr' id='par_1_111' title="bbox 1946 5167 3539 5249">
     <span class='ocr_line' id='line_1_111' title="bbox 1946 5167 3539 5249; baseline -0.003 -22"><span class='ocrx_word' id='word_1_786' title='bbox 1946 5186 2248 5239; x_wconf 90' lang='lat' dir='ltr'><strong>canonum,</strong></span> <span class='ocrx_word' id='word_1_787' title='bbox 2300 5186 2410 5225; x_wconf 91' lang='lat' dir='ltr'><strong>non</strong></span> <span class='ocrx_word' id='word_1_788' title='bbox 2438 5176 2661 5225; x_wconf 90' lang='lat' dir='ltr'><strong>tantum</strong></span> <span class='ocrx_word' id='word_1_789' title='bbox 2707 5168 2776 5225; x_wconf 88' lang='lat' dir='ltr'><strong>ad</strong></span> <span class='ocrx_word' id='word_1_790' title='bbox 2818 5178 3033 5241; x_wconf 91' lang='lat' dir='ltr'><strong>tempus</strong></span> <span class='ocrx_word' id='word_1_791' title='bbox 3079 5167 3177 5224; x_wconf 89' lang='lat' dir='ltr'><strong>sed</strong></span> <span class='ocrx_word' id='word_1_792' title='bbox 3208 5169 3539 5249; x_wconf 83' lang='lat' dir='ltr'><strong>omnitem-</strong></span> 
     </span>
    </p>
   </div>
   <div class='ocr_carea' id='block_1_112' title="bbox 1948 5246 3538 5337">
    <p class='ocr_par' dir='ltr' id='par_1_112' title="bbox 1948 5246 3538 5337">
     <span class='ocr_line' id='line_1_112' title="bbox 1948 5246 3538 5337; baseline -0.004 -16"><span class='ocrx_word' id='word_1_793' title='bbox 1948 5281 2078 5337; x_wconf 91' lang='lat' dir='ltr'><strong>pore</strong></span> <span class='ocrx_word' id='word_1_794' title='bbox 2118 5264 2377 5336; x_wconf 87' lang='lat' dir='ltr'><strong>deinceps</strong></span> <span class='ocrx_word' id='word_1_795' title='bbox 2414 5261 2756 5319; x_wconf 89' lang='lat' dir='ltr'><strong>observanda</strong></span> <span class='ocrx_word' id='word_1_796' title='bbox 2808 5260 3189 5335; x_wconf 87' lang='lat' dir='ltr'><strong>promulgavit,</strong></span> <span class='ocrx_word' id='word_1_797' title='bbox 3226 5246 3289 5313; x_wconf 83' lang='lat' dir='ltr'><strong>in</strong></span> <span class='ocrx_word' id='word_1_798' title='bbox 3339 5246 3538 5330; x_wconf 85' lang='lat' dir='ltr'><strong>quibus</strong></span> 
     </span>
    </p>
   </div>
   <div class='ocr_carea' id='block_1_113' title="bbox 1946 5351 3537 5435">
    <p class='ocr_par' dir='ltr' id='par_1_113' title="bbox 1946 5351 3537 5435">
     <span class='ocr_line' id='line_1_113' title="bbox 1946 5351 3537 5435; baseline -0.006 -20"><span class='ocrx_word' id='word_1_799' title='bbox 1946 5360 2115 5415; x_wconf 86' lang='lat' dir='ltr'><strong>etiam</strong></span> <span class='ocrx_word' id='word_1_800' title='bbox 2142 5357 2607 5415; x_wconf 88' lang='lat' dir='ltr'><strong>cohabitationem</strong></span> <span class='ocrx_word' id='word_1_801' title='bbox 2631 5373 2758 5416; x_wconf 88' lang='lat' dir='ltr'><strong>cum</strong></span> <span class='ocrx_word' id='word_1_802' title='bbox 2788 5355 3006 5435; x_wconf 87' lang='lat' dir='ltr'><strong>feminis</strong></span> <span class='ocrx_word' id='word_1_803' title='bbox 3029 5354 3131 5409; x_wconf 92' lang='lat' dir='ltr'><strong>sub</strong></span> <span class='ocrx_word' id='word_1_804' title='bbox 3169 5351 3537 5409; x_wconf 88' lang='lat' dir='ltr'><strong>anathematis</strong></span> 
     </span>
    </p>
   </div>
   <div class='ocr_carea' id='block_1_114' title="bbox 1945 5446 3532 5525">
    <p class='ocr_par' dir='ltr' id='par_1_114' title="bbox 1945 5446 3532 5525">
     <span class='ocr_line' id='line_1_114' title="bbox 1945 5446 3532 5525; baseline -0.006 -16"><span class='ocrx_word' id='word_1_805' title='bbox 1945 5452 2323 5525; x_wconf 91' lang='lat' dir='ltr'><strong>impositione,</strong></span> <span class='ocrx_word' id='word_1_806' title='bbox 2347 5460 2409 5508; x_wconf 92' lang='lat' dir='ltr'><strong>ut</strong></span> <span class='ocrx_word' id='word_1_807' title='bbox 2426 5451 2673 5524; x_wconf 67' lang='lat' dir='ltr'><strong>praedixi,</strong></span> <span class='ocrx_word' id='word_1_808' title='bbox 2693 5448 3072 5508; x_wconf 88' lang='lat' dir='ltr'><strong>sacerdotibus</strong></span> <span class='ocrx_word' id='word_1_809' title='bbox 3087 5446 3211 5503; x_wconf 89' lang='lat' dir='ltr'><strong>fecit</strong></span> <span class='ocrx_word' id='word_1_810' title='bbox 3230 5447 3532 5519; x_wconf 89' lang='lat' dir='ltr'><strong>prohiberi.</strong></span> 
     </span>
    </p>
   </div>
   <div class='ocr_carea' id='block_1_115' title="bbox 2015 5540 3532 5615">
    <p class='ocr_par' dir='ltr' id='par_1_115' title="bbox 2015 5540 3532 5615">
     <span class='ocr_line' id='line_1_115' title="bbox 2015 5540 3532 5615; baseline -0.006 -13"><span class='ocrx_word' id='word_1_811' title='bbox 2015 5546 2118 5603; x_wconf 90' lang='lat' dir='ltr'><strong>Sed</strong></span> <span class='ocrx_word' id='word_1_812' title='bbox 2166 5544 2351 5603; x_wconf 89' lang='lat' dir='ltr'><strong>adhuc</strong></span> <span class='ocrx_word' id='word_1_813' title='bbox 2395 5545 2647 5615; x_wconf 87' lang='lat' dir='ltr'><strong>forsitan,</strong></span> <span class='ocrx_word' id='word_1_814' title='bbox 2701 5554 2762 5602; x_wconf 89' lang='lat' dir='ltr'><strong>ut</strong></span> <span class='ocrx_word' id='word_1_815' title='bbox 2803 5540 3201 5615; x_wconf 88' lang='lat' dir='ltr'><strong>aliquantulum</strong></span> <span class='ocrx_word' id='word_1_816' title='bbox 3240 5549 3350 5598; x_wconf 64' lang='lat' dir='ltr'><strong>tum</strong></span> <span class='ocrx_word' id='word_1_817' title='bbox 3394 5540 3532 5613; x_wconf 88' lang='lat' dir='ltr'><strong>parti</strong></span> 
     </span>
    </p>
   </div>
   <div class='ocr_carea' id='block_1_116' title="bbox 1944 5678 3534 5758">
    <p class='ocr_par' dir='ltr' id='par_1_116' title="bbox 1944 5678 3534 5758">
     <span class='ocr_line' id='line_1_116' title="bbox 1944 5678 3534 5758; baseline -0.009 -15"><span class='ocrx_word' id='word_1_818' title='bbox 1944 5686 2039 5758; x_wconf 88' lang='lat' dir='ltr'><strong>sed</strong></span> <span class='ocrx_word' id='word_1_819' title='bbox 2064 5684 2423 5758; x_wconf 79' lang='lat' dir='ltr'><strong>subdiaconos</strong></span> <span class='ocrx_word' id='word_1_820' title='bbox 2444 5686 2721 5758; x_wconf 63' lang='lat' dir='ltr'><strong>leguntur.</strong></span> <span class='ocrx_word' id='word_1_821' title='bbox 2746 5687 2815 5758; x_wconf 86' lang='lat' dir='ltr'><strong>Et</strong></span> <span class='ocrx_word' id='word_1_822' title='bbox 2834 5683 2913 5738; x_wconf 90' lang='lat' dir='ltr'><strong>sic</strong></span> <span class='ocrx_word' id='word_1_823' title='bbox 2937 5679 3247 5758; x_wconf 68' lang='lat' dir='ltr'><strong>legendum.</strong></span> <span class='ocrx_word' id='word_1_824' title='bbox 3280 5681 3369 5735; x_wconf 90' lang='lat' dir='ltr'><strong>Sic</strong></span> <span class='ocrx_word' id='word_1_825' title='bbox 3390 5678 3534 5758; x_wconf 63' lang='lat' dir='ltr'><strong>enim</strong></span> 
     </span>
    </p>
   </div>
   <div class='ocr_carea' id='block_1_117' title="bbox 1947 5748 3532 5830">
    <p class='ocr_par' dir='ltr' id='par_1_117' title="bbox 1947 5748 3532 5830">
     <span class='ocr_line' id='line_1_117' title="bbox 1947 5748 3532 5830; baseline -0.004 -17"><span class='ocrx_word' id='word_1_826' title='bbox 1947 5757 2200 5826; x_wconf 89' lang='lat' dir='ltr'><strong>habetur,</strong></span> <span class='ocrx_word' id='word_1_827' title='bbox 2233 5754 2324 5815; x_wconf 91' lang='lat' dir='ltr'><strong>lib.</strong></span> <span class='ocrx_word' id='word_1_828' title='bbox 2362 5773 2406 5827; x_wconf 82' lang='grc' dir='ltr'><strong>ι,</strong></span> <span class='ocrx_word' id='word_1_829' title='bbox 2431 5748 2527 5830; x_wconf 44' lang='lat' dir='ltr'><strong>ep.“</strong></span> <span class='ocrx_word' id='word_1_830' title='bbox 2560 5762 2629 5813; x_wconf 82' lang='lat'><strong>42</strong></span> <span class='ocrx_word' id='word_1_831' title='bbox 2655 5755 2725 5812; x_wconf 90' lang='lat' dir='ltr'><strong>ad</strong></span> <span class='ocrx_word' id='word_1_832' title='bbox 2766 5748 3421 5810; x_wconf 59' lang='lat' dir='ltr'><strong>Petrum&#39;subdiaconum</strong></span> <span class='ocrx_word' id='word_1_833' title='bbox 3448 5748 3532 5807; x_wconf 77' lang='lat' dir='ltr'><strong>Si-</strong></span> 
     </span>
    </p>
   </div>
   <div class='ocr_carea' id='block_1_118' title="bbox 1942 5830 2105 5888">
    <p class='ocr_par' dir='ltr' id='par_1_118' title="bbox 1942 5830 2105 5888">
     <span class='ocr_line' id='line_1_118' title="bbox 1942 5830 2105 5888; baseline 0.018 -2"><span class='ocrx_word' id='word_1_834' title='bbox 1942 5830 2105 5888; x_wconf 65' lang='lat' dir='ltr'><strong>ciliis.</strong></span> 
     </span>
    </p>
   </div>
  </div>
