4052 6180
587 235 723 289 1083

1589 229 1680 284 ΑΙ)
1719 227 1948 284 OPERA
1985 227 2040 282 S.
2083 226 2405 282 GREGORII
2442 223 2879 282 APPENDICES.
3683 235 3783 289 l08i

585 357 822 416 videaris
853 355 1166 428 Suffragari,
1197 353 1361 412 etiam
1401 354 1457 410 in
1487 353 1650 427 hujus
1683 354 1951 424 temporis
1980 352 2172 409 diaco-
2201 355 2249 420 Α
2284 360 2398 408 tem
2436 351 2656 406 mireris
2692 351 2864 420 ipsius
2894 349 3193 405 Historiam
3228 349 3284 405 in
3321 350 3569 424 aliquibus
3602 369 3696 410 esse
3722 373 3784 412 re-

583 454 768 520 nibus,
815 460 875 507 ut
929 451 980 504 in
1030 448 1334 520 praedictis,
1383 449 1846 504 incontinentiam
1888 447 2178 504 contendis

586 563 702 605 esse
739 543 1107 610 tolerandam;
1149 543 1244 598 sed
1287 542 1509 598 frustra.
1556 545 2000 614 Consequeretur
2028 542 2180 597 enim

591 649 648 694 ut
676 637 991 708 coniugium
1020 636 1072 691 in
1099 645 1291 708 quarta
1323 637 1680 708 generatione
1710 637 1880 692 etiam
1902 634 2071 691 modo
2094 644 2177 690 to-

587 733 892 796 lerarctur;
939 730 1088 802 quod
1128 730 1275 786 idem
1318 731 1512 788 doctor
1549 731 1885 801 apostolicus
1919 731 2032 796 (lib.
2072 745 2179 796 xu,

586 828 852 896 responsio
889 825 964 880 ad
1003 841 1068 881 vr
1109 828 1582 896 interrogationem
1623 827 1950 894 Augustini)
1999 824 2184 896 Anglis

588 919 796 974 uoviter
825 921 1104 976 conversis
1147 920 1214 977 ad
1251 928 1467 991 tempus
1502 936 1559 975 se
1585 919 1918 974 concessisse
1955 918 2180 988 proﬁte-

587 1022 694 1069 tur.
736 1013 792 1068 Si
833 1014 980 1068 enim
1018 1014 1120 1069 hoc
1158 1022 1406 1086 tempore
1439 1014 1766 1068 alterutrum
1808 1011 2006 1067 horum
2041 1021 2186 1067 esset

589 1109 900 1176 tolerabile,
930 1110 1115 1180 potius
1145 1110 1250 1164 tale
1279 1109 1600 1180 conjugium
1631 1108 1798 1164 modo
1833 1116 1974 1163 esset
2011 1106 2182 1162 suffe-

589 1204 821 1260 rendum
853 1202 1000 1275 quod
1028 1203 1223 1259 saltem
1253 1203 1544 1274 aliquando
1572 1203 1798 1258 licenter
1823 1202 2022 1274 legitur
2048 1217 2182 1255 con-

583 1314 831 1363 cessum,
853 1314 1021 1370 quam
1051 1298 1444 1353 incontinentia
1484 1297 1876 1364 diaconorum,
1903 1311 2026 1368 qum
2053 1311 2182 1351 nus-

585 1408 751 1464 quam
797 1393 868 1446 ibi
909 1408 1190 1459 concessa,
1224 1391 1325 1446 sed
1366 1392 1450 1448 vix
1484 1392 1539 1447 in
1571 1392 1776 1462 paucis,
1821 1391 1890 1446 ad
1939 1399 2181 1460 tempus,

589 1505 704 1544 non
730 1497 921 1544 tamen
951 1489 1073 1544 sine
1117 1488 1485 1558 subsequente
1534 1486 1790 1554 vindicta,
1827 1495 1889 1541 ut
1933 1486 2182 1557 praedixi,

591 1584 791 1653 legitur
819 1599 936 1639 esse
978 1583 1342 1639 dissimulata.
1392 1586 1534 1654 Ergo
1563 1598 1692 1637 cum
1724 1582 1833 1637 tale
1862 1581 2184 1651 conjugium

590 1678 758 1733 modo
802 1679 1113 1735 nullatenus
1156 1677 1212 1732 in
1240 1677 1451 1749 aliquo,
1494 1676 1848 1748 quantumvis
1888 1675 1955 1731 ad
2004 1675 2184 1730 conti-

591 1772 832 1827 nentiam
865 1772 1102 1839 infirmo,
1143 1772 1215 1827 sit
1253 1769 1620 1836 tolerandum,
1652 1770 1832 1826 multo
1876 1770 2058 1824 minus
2083 1768 2188 1823 hoc

591 1872 838 1936 tempore
862 1865 1228 1922 diaconorum
1248 1864 1648 1921 incontinentia
1678 1863 1878 1918 alicubi
1908 1871 1989 1918 est
2013 1861 2187 1918 suffe—

593 1963 783 2015 renda.

665 2055 748 2106 Ex
782 2051 864 2106 his
895 2067 1025 2122 ergo
1069 2051 1380 2106 rationibus
1407 2058 1465 2105 tu
1518 2050 1637 2120 ipse
1683 2049 1907 2120 colligas
1950 2048 2083 2120 quid
2119 2047 2189 2102 de

594 2142 920 2200 sacerdotali
966 2143 1184 2214 fastigio
1227 2157 1451 2198 censere
1495 2141 1721 2197 debeas.
1771 2141 1878 2198 Sed
1919 2157 2034 2196 non
2078 2142 2189 2212 iam

595 2237 803 2292 diutius
854 2237 908 2291 in
957 2235 1309 2306 exquirendis
1353 2236 1655 2291 rationibus
1684 2234 2036 2301 demorabor,
2067 2250 2193 2290 cum

596 2331 856 2402 quaelibet
898 2347 1004 2386 una
1033 2331 1424 2401 praedictarum
1454 2330 1584 2385 satis
1626 2329 1999 2386 indubitanter
2033 2339 2193 2385 tuum

595 2424 843 2480 destruat
861 2423 1195 2494 capitulum;
1230 2422 1380 2493 quod
1411 2439 1528 2478 non
1553 2439 1618 2478 ex
1648 2424 1830 2493 aliquo
1851 2423 1988 2479 libro
2015 2441 2046 2479 a
2076 2440 2196 2478 san-

599 2518 702 2574 ctis
741 2517 994 2573 Patribus
1030 2517 1382 2584 canonizato,
1425 2516 1524 2571 sed
1555 2533 1618 2572 ex
1656 2517 1951 2586 Tripartita
1990 2532 2198 2572 assum-

601 2620 758 2681 ptum
795 2619 879 2666 est
910 2611 1188 2678 Historia;
1217 2626 1341 2681 quae
1377 2610 1629 2682 quamvis
1659 2610 1819 2665 nobis
1855 2626 1969 2665 non
1999 2626 2196 2681 parum

601 2704 670 2759 ad
708 2705 962 2759 notitiam
1009 2719 1197 2759 rerum
1238 2712 1516 2775 gestarum
1562 2702 1632 2758 sit
1687 2703 1854 2771 utilis,
1909 2720 2196 2775 nunquam

597 2801 782 2851 tamen
807 2796 1010 2852 efficiet
1033 2804 1095 2851 ut
1125 2796 1327 2867 aliquid
1355 2796 1403 2851 ei
1433 2795 1655 2853 credam
1682 2797 1832 2869 quod
1856 2813 2030 2853 sacrae
2054 2798 2194 2853 Scri-

599 2899 775 2962 ptura:
805 2885 1133 2962 statutisque
1163 2900 1482 2947 sanctorum
1524 2894 1768 2956 Patrum,
1817 2892 1931 2946 imo
1975 2892 2196 2962 Spiritui

598 2993 818 3054 sancto,
873 2984 1071 3040 horum
1129 2985 1365 3052 auctori,
1420 2984 1836 3054 deprehendam
1894 2983 2192 3040 adversari.

2289 448 2617 520 spuendam,
2647 461 2774 502 cum
2797 446 3034 502 Historia
3055 445 3292 513 Eusebii,
3323 463 3479 518 quam
3504 451 3551 504 S.
3580 450 3787 523 Hierony-

2291 560 2416 599 mus
2455 546 2581 612 (imo
2611 540 2889 607 Rufﬁnus)
2920 541 2987 596 de
3027 543 3220 598 Graeco
3257 542 3309 596 in
3345 543 3580 597 Latinum
3610 560 3785 601 conver-

2291 640 2376 707 tit,
2411 639 2497 693 vix
2535 638 2589 692 in
2619 635 2886 709 praedictis
2933 635 3164 692 decretis
3210 635 3402 691 Gelasii
3441 653 3580 707 papa:
3604 638 3787 694 obtineat

2290 749 2360 788 ne
2389 733 2618 787 omnino
2667 739 2953 792 renuatur,
3001 730 3126 785 licet
3167 730 3396 785 multum
3427 731 3647 786 utilitatis
3669 732 3712 786 in
3743 749 3786 788 ea

2291 828 2611 899 reperiatur.
2665 827 2851 882 Sancti
2885 824 3135 880 videlicet
3190 824 3284 878 viri
3325 826 3484 879 multa
3512 824 3573 878 ad
3600 834 3787 881 nostram

2292 920 2662 978 eruditionem
2704 919 2860 974 utilia
2905 935 3019 975 non
3069 917 3244 973 solum
3299 919 3678 985 transtulerunt,
3722 920 3790 974 sed

2291 1016 2458 1071 etiam
2504 1031 2569 1070 ex
2612 1029 2805 1070 eorum
2857 1013 3078 1084 propria
3123 1027 3351 1083 persona
3399 1012 3787 1082 conscripserunt,

2294 1126 2529 1182 quorum
2560 1109 2741 1178 aliqua
2782 1117 2836 1162 et
2863 1108 2960 1178 ipsi
2996 1105 3344 1178 postmodum
3364 1104 3698 1176 judicaverunt
3732 1121 3790 1160 re-

2292 1204 2551 1275 spuenda.
2588 1202 2761 1274 Hujus
2780 1203 2854 1256 rei
2882 1201 3009 1256 satis
3037 1201 3258 1256 evidens
3281 1199 3630 1255 testimonium
3648 1201 3693 1254 S.
3717 1202 3792 1253 Au-

2295 1299 2547 1371 gustinus
2576 1295 2740 1352 affert
2780 1296 2941 1351 nobis
2970 1295 3025 1349 in
3067 1294 3208 1349 libro
3251 1294 3701 1357 Retractationum,
3724 1291 3790 1345 ubi

2297 1409 2431 1465 pene
2475 1408 2538 1448 ex
2580 1390 2807 1462 singulis
2848 1389 3001 1444 libris
3054 1404 3194 1460 quos
3240 1388 3353 1458 ipse
3394 1387 3680 1456 composuit,
3717 1401 3794 1438 non

2297 1503 2464 1558 pauca
2490 1486 2722 1556 ipsemet
2751 1482 3028 1538 renuenda
3056 1482 3293 1537 censuit.
3334 1483 3450 1536 Hoc
3476 1481 3603 1535 enim
3641 1479 3794 1535 donum

2297 1581 2515 1652 proprie
2544 1577 2885 1650 sapientibus
2913 1577 3049 1632 adeo
3094 1585 3178 1632 est
3205 1575 3551 1641 attributum,
3579 1582 3629 1627 ut
3662 1588 3736 1627 nec
3757 1572 3793 1625 in

2296 1675 2429 1740 suis,
2474 1673 2676 1739 nedum
2708 1671 2764 1726 in
2819 1671 3056 1726 aliorum
3085 1670 3240 1726 libris
3277 1667 3552 1726 defendere
3600 1666 3729 1722 velint
3766 1665 3794 1719 si

2295 1768 2429 1840 quid
2466 1768 2522 1822 in
2549 1768 2624 1822 eis
2643 1765 2928 1821 catholicae
2953 1763 3166 1819 veritati
3194 1765 3526 1818 contrarium
3554 1758 3793 1815 invenerint.

2297 1861 2450 1917 Idem
2474 1861 2640 1916 etiam
2662 1859 3022 1932 Augustinus,
3044 1857 3290 1913 scribens
3313 1856 3381 1912 ad
3409 1858 3457 1912 S.
3489 1855 3796 1924 Hieronymum

2299 1959 2473 2026 (epist.
2508 1959 2584 2021 9),
2626 1970 2684 2010 se
2713 1953 2887 2024 ipsius
2915 1961 2971 2008 et
2999 1951 3374 2022 quorumlibet
3406 1959 3679 2005 sanctorum
3704 1945 3795 2000 scri-

2299 2058 2387 2120 pta
2417 2049 2493 2104 ita
2533 2049 2706 2119 legere
2728 2056 2982 2114 testatur,
3011 2054 3069 2100 ut
3097 2054 3288 2101 tamen
3315 2044 3611 2101 nullatenus
3634 2037 3795 2108 recipiat

2299 2144 2345 2197 si
2366 2141 2497 2214 quid
2531 2142 2603 2196 ibi
2629 2150 2833 2212 apertae
2862 2140 3077 2195 veritati
3111 2139 3453 2194 contrarium
3483 2136 3692 2208 reperiat.
3718 2134 3796 2185 Hac

2298 2236 2464 2310 igitur
2488 2235 2924 2292 consideratione
2955 2234 3191 2289 Historia
3215 2231 3520 2289 Cassiodori
3547 2238 3616 2286 est
3635 2223 3796 2299 legenda

2301 2335 2472 2398 (979),
2489 2345 2655 2401 quam
2676 2340 2785 2384 nOn
2803 2337 3020 2383 tantum
3041 2343 3106 2384 ex
3137 2344 3237 2383 sua
3263 2342 3485 2398 persona
3510 2325 3642 2396 [non,
3660 2322 3723 2375 ed.
3745 2316 3798 2383 P.l,

2299 2424 2632 2495 composuit,
2659 2423 2752 2478 sed
2769 2423 2884 2494 jam
2905 2421 3118 2478 dudum
3141 2437 3171 2476 a
3191 2421 3370 2476 tribus
3391 2417 3581 2476 Graecis
3597 2431 3689 2470 non
3705 2410 3800 2466 adeo

2303 2519 2450 2574 notis
2477 2517 2840 2588 compositam
2859 2515 3155 2583 ordinavit,
3181 2523 3235 2570 et
3265 2514 3477 2570 cuilibet
3498 2513 3662 2567 horum
3681 2509 3802 2561 trium

2303 2612 2586 2684 proprium
2611 2627 2748 2682 opus
2777 2609 3089 2683 assignavit.
3126 2608 3297 2665 Unde
3321 2623 3429 2663 non
3458 2615 3560 2662 tam
3582 2602 3661 2658 sibi
3684 2613 3804 2671 quam

2305 2706 2623 2761 auctoribus
2653 2705 2898 2778 ejusdem
2934 2703 3192 2759 Historia:
3221 2711 3311 2759 est
3336 2698 3679 2772 imputandum
3699 2688 3805 2765 quod

2308 2800 2358 2854 in
2418 2816 2486 2855 ea
2542 2799 2814 2854 invenitur
2863 2797 3316 2869 reprobandum;
3369 2804 3462 2852 aut
3502 2793 3660 2849 forsan
3712 2783 3804 2855 Epi-

2310 2893 2547 2964 phanius
2577 2892 2764 2947 nescio
2796 2893 2920 2964 quis
2947 2891 3331 2958 scholasticus,
3377 2904 3496 2945 cum
3539 2882 3743 2942 eamdem
3761 2876 3808 2932 de

2308 2988 2501 3043 Graeco
2527 2986 2580 3040 in
2607 2986 2871 3042 Latinum
2897 2993 3156 3050 verteret,
3187 3001 3305 3040 non
3331 2983 3547 3038 fideliter
3563 2974 3732 3033 Latinis
3749 2971 3809 3024 lit-

598 3080 803 3133 Beatus
849 3093 1050 3148 nempe
1093 3078 1340 3134 Gelasius
1392 3093 1532 3148 papa
1575 3083 1746 3144 (978),
1791 3078 2194 3149 scripturarum
2231 3067 2274 3128 C
2303 3081 2432 3136 teris
2461 3080 2866 3135 commendavit
2891 3079 3043 3151 quod
3071 3088 3268 3134 tamen
3298 3075 3620 3150 probabiliter
3643 3071 3685 3124 in
3707 3067 3808 3122 Gm

601 3170 890 3243 indagator
930 3171 1344 3238 solertissimus,
1391 3171 1447 3225 in
1490 3170 1724 3226 decretis
1752 3171 1885 3239 suis,
1934 3171 2030 3227 ubi
2069 3188 2197 3227 cum

601 3264 984 3321 eruditissimis
1032 3281 1146 3321 Lxx
1196 3264 1462 3335 episcopis
1519 3264 1859 3320 diversorum
1907 3274 2196 3321 auctorum

601 3369 718 3415 tam
747 3360 1076 3416 Graecorum
1103 3374 1274 3430 quam
1301 3358 1626 3413 Latinorum
1657 3359 1822 3414 libros
1841 3360 2194 3428 examinavit,

603 3461 661 3508 et
700 3452 988 3524 diligenter
1030 3452 1124 3523 qui
1161 3468 1354 3508 eorum
1402 3461 1589 3507 essent
1631 3451 1933 3523 recipiendi
1984 3453 2065 3508 vel
2110 3469 2195 3508 re-

602 3547 808 3603 nuendi
853 3545 1199 3612 deliberavit,
1257 3561 1529 3616 nusquam
1581 3545 1836 3602 eamdem
1888 3547 2195 3602 Historiam

596 3638 930 3710 jamdudum
954 3655 986 3694 a
1010 3640 1182 3694 tribus
1210 3639 1418 3695 Graecis
1451 3640 1836 3708 compositam,
1877 3640 2198 3712 recipiendis

606 3731 989 3787 adnumeravit
1009 3733 1323 3803 Scripturis,
1353 3730 1448 3786 sed
1483 3734 1660 3802 ipsam
1695 3733 1751 3788 in
1783 3733 1888 3790 hoc
1920 3741 2018 3790 tuo
2047 3735 2197 3805 capi—

607 3827 725 3882 tulo
757 3826 1117 3896 respuendam
1153 3843 1272 3882 esse
1309 3827 1657 3893 monstravit,
1689 3827 1887 3899 quippe
1914 3829 2197 3885 venerabi-

610 3921 732 3976 liter
768 3918 1116 3991 suscipiendo
1146 3927 1466 3974 sanctorum
1507 3923 1732 3975 Patrum
1770 3919 1992 3976 decreta
2020 3921 2199 3978 eidem

607 4014 794 4086 capiti,
824 4021 884 4069 ut
910 4013 1171 4082 diximus,
1198 4013 1415 4086 penitus
1439 4013 1736 4069 contraria.

679 4110 946 4165 Fortassis
970 4116 1156 4164 autem
1189 4107 1475 4164 contendis
1509 4108 1780 4180 praedictae
1806 4107 2057 4166 Historia
2081 4110 2201 4166 ideo

613 4218 710 4273 per
759 4202 947 4258 omnia
989 4201 1328 4257 credendum
1370 4217 1509 4270 esse,
1555 4203 1704 4273 quod
1745 4203 2099 4261 Cassiodorus
2137 4221 2203 4261 ex

610 4304 866 4352 senatore
884 4295 1218 4362 monachus,
1239 4295 1324 4350 vir
1347 4296 1406 4352 in
1427 4296 1628 4353 divinis
1649 4305 1705 4351 et
1727 4297 1987 4353 humanis
2008 4299 2202 4356 litteris

2303 3190 2370 3230 co
2389 3175 2658 3244 scriptum
2679 3173 2891 3228 invenit
2911 3179 3083 3239 (980).
3101 3175 3312 3228 Utrum
3333 3179 3509 3226 autem
3525 3183 3582 3223 ex
3599 3165 3683 3219 hac
3701 3174 3754 3214 an
3765 3171 3810 3211 εἰ

2305 3268 2408 3323 alia
2430 3267 2674 3338 qualibet
2705 3282 2864 3322 causa
2885 3267 3072 3323 eadem
3105 3266 3362 3322 Historia
3386 3262 3635 3321 canonica
3653 3249 3810 3309 veritati

2305 3377 2417 3417 non
2458 3377 2656 3432 parum
2688 3361 2998 3416 inveniatur
3028 3360 3319 3432 refragari,
3365 3368 3456 3414 tuo
3483 3353 3660 3428 judicio
3691 3346 3809 3420 relin-

2305 3454 2582 3528 quendum
2617 3456 2859 3511 aestimo.

2376 3551 2518 3605 Cum
2547 3549 2713 3621 igitur
2741 3547 3065 3619 praedictum
3093 3555 3262 3604 tuum
3303 3553 3480 3618 caput,
3510 3537 3714 3597 omnium
3746 3544 3809 3584 δυ’

2307 3643 2562 3698 ctoritate
2589 3642 2940 3708 destitutum,
2971 3641 3206 3697 decretis
3253 3649 3556 3696 sanctorum
3582 3636 3757 3688 Patrum
3776 3628 3813 3675 et

2309 3736 2633 3808 evangelicis
2674 3724 2838 3806 atque
2877 3734 3186 3806 apostolicis
3232 3732 3540 3804 Scripturis,
3567 3728 3661 3782 imo
3691 3714 3810 3788 δρίτί·

2310 3831 2387 3886 tui
2412 3839 2624 3896 sancto,
2655 3830 2813 3902 cujus
2852 3830 3113 3886 instinctu
3143 3829 3267 3885 haec
3297 3827 3475 3884 omnia
3506 3818 3662 3895 procul
3697 3809 3811 3870 dubio

2312 3933 2441 3979 sunt
2459 3923 2807 3995 deprompta,
2835 3922 3133 3979 certissime
3159 3924 3449 3995 probatum
3475 3919 3539 3974 sit
3557 3917 3811 3994 repugnare;

2312 4017 2446 4090 quid
2477 4018 2627 4073 aliud
2670 4025 2862 4083 restat,
2905 4017 3010 4072 nisi
3049 4024 3110 4071 ut
3152 4016 3498 4089 Gregoriano
3544 4003 3813 4064 anathemate

2311 4110 2542 4168 feriatur
2581 4112 2888 4183 quicunque
2917 4109 3050 4165 illud
3083 4109 3342 4181 deinceps
3383 4114 3562 4164 contra
3598 4092 3814 4155 canonin

2314 4207 2621 4262 sanctiones
2649 4203 2950 4261 defendere
2978 4209 3248 4260 conatur?
3293 4206 3477 4260 Cesset
3499 4199 3653 4267 itaque
3678 4189 3813 4284 irate:

2314 4299 2461 4356 nitas
2490 4307 2580 4354 tua
2608 4297 2739 4353 illud
2769 4299 2993 4368 posthac
3035 4297 3420 4353 sacratissimis
3447 4288 3634 4349 Nicani
3662 4275 3813 4368 concilii

610 4390 1039 4458 eruditissimus,
1094 4390 1364 4446 ordinavit
1417 4391 1692 4445 eamdem.
1743 4390 1851 4445 Sed
1899 4390 2060 4464 hujus
2109 4393 2207 4448 viri
2234 4406 2284 4466 Ι)
2318 4392 2564 4464 capitulis
2591 4407 2980 4459 annumerare,
3030 4392 3112 4447 vel
3149 4392 3319 4446 etiam
3357 4387 3574 4457 alicujus
3614 4375 3816 4466 momenti

610 4501 874 4558 persona,
899 4484 1251 4556 quantumvis
1279 4483 1622 4549 veneranda,
1645 4499 1755 4538 non
1783 4486 1981 4554 poterit
2007 4486 2200 4541 annul-

613 4580 725 4634 lare
768 4579 1062 4634 canonicas
1106 4579 1202 4633 SS.
1253 4579 1481 4633 Patrum
1527 4577 1919 4644 institutiones,
1949 4595 2108 4650 quas,
2142 4588 2202 4633 ut

615 4671 875 4743 praedixi,
911 4671 1221 4727 nullatenus
1259 4671 1548 4727 observare
1578 4671 1848 4740 valemus,
1877 4671 1923 4727 si
1961 4689 2058 4744 pro
2087 4672 2203 4744 ejus

615 4766 912 4820 reverentia
941 4766 1124 4836 ipsum
1151 4773 1308 4821 tuum
1345 4773 1508 4837 caput
1533 4765 1919 4838 adimplemus.
1951 4769 2075 4822 Non
2108 4781 2204 4822 au-

2308 4486 2610 4552 erstimare;
2671 4502 2772 4552 ne,
2827 4486 2873 4540 si
2923 4485 3053 4541 illud
3101 4501 3201 4556 pro
3243 4481 3550 4539 authentico
3592 4476 3817 4556 recepi“?t

2310 4579 2531 4650 Spiritui
2579 4587 2787 4645 sancto,
2841 4587 2902 4634 ut
2928 4553 3245 4650 pradictum
3276 4585 3377 4645 est,
3419 4553 3818 4645 repugnafeludi'

2310 4675 2474 4744 ceris,
2534 4674 2680 4746 quod
2723 4683 3002 4746 peccatum
3040 4689 3138 4729 nec
3197 4673 3285 4729 hic
3320 4687 3422 4727 nec
3475 4669 3528 4722 in
3571 4663 3725 4719 futuro
3751 4661 3820 4704 εε-

2312 4768 2433 4822 culo
2465 4783 2580 4824 esse
2603 4767 2997 4824 dimittendum
3024 4774 3243 4823 constat
3273 4763 3480 4831 (Matth.
3514 4761 3633 4820 xu).

627 4855 3819 4899 ___________________________________...

985 4945 1624 5008 CONTUMELIOSA
1674 4947 2171 5010 RESCRIPTIO
2211 4946 2373 5007 PRO
2415 4948 2866 5010 SUPERIORI
2913 4946 3329 5009 CAPITULO
3361 4940 3537 5022 (98l).

683 5129 1010 5188 BBBNALDO
1038 5134 1232 5184 contra
1263 5126 1465 5182 librum
1484 5128 1826 5198 superiorem
1856 5126 2064 5184 molam
2089 5129 2208 5187 abs-

615 5236 722 5293 que
749 5221 1013 5279 infcriore
1046 5218 1312 5278 feneranti
1344 5222 1410 5287 [Γ.
1444 5221 1698 5288 versanti]
1730 5222 2065 5277 Annomns.

691 5362 839 5425 (978)
883 5362 1117 5430 Decreto
1161 5355 1232 5411 de
1273 5356 1595 5430 apocryphis
1634 5357 1960 5428 Scripturis;
2002 5359 2207 5430 episto-

617 5429 794 5483 larum
818 5429 1099 5505 decretal.,
1131 5428 1623 5484 Rom.'edit.’tom.
1661 5432 1704 5497 Ι,
1736 5445 1858 5501 pag.
1883 5437 1990 5487 416
2013 5428 2067 5487 et
2090 5448 2204 5505 seq.

575 5509 578 5511 λ
619 5507 676 5556 et
703 5500 845 5569 apud
879 5502 1036 5554 Grat.

689 5575 838 5638 (979)
878 5571 1016 5629 Vide
1059 5569 1440 5644 praefationem
1488 5571 1795 5629 Cassiodori
1841 5573 1896 5629 in
1941 5575 2211 5647 Triparti-

622 5650 759 5699 tam.

695 5713 1158 5789 (980)Ἐὶ‹1ε1ἱῑθι·
1207 5716 1373 5775 vertit
1416 5713 1800 5789 Epiphanius.
1869 5716 2096 5789 Fabula:
2147 5717 2214 5774 de

620 5786 933 5859 Paphnutio
984 5797 1234 5846 auctores
1279 5795 1412 5846 sunt
1451 5786 1812 5859 Soiomenus,
1865 5787 1958 5844 lib.
2001 5805 2045 5860 ι,
2089 5805 2209 5861 cap.

2386 5133 2511 5187 Non
2539 5130 2944 5188 ambidextrum
2990 5127 3116 5186 Aod
3145 5127 3413 5196 (Jud.1n)
3450 5131 3557 5179 tam
3593 5099 3828 5182 improvis0

2319 5225 2472 5296 quasi
2519 5225 2662 5280 inter
2700 5223 3001 5280 oscitantes
3043 5239 3203 5296 posse
3233 5216 3465 5293 opprimi
3517 5207 3690 5280 (981‘).
3724 5199 3828 5252 ἰοῖετ

2320 5367 2421 5428 22ς
2476 5370 2531 5416 ει
2574 5363 2850 5448 segetes
2881 5361 2983 5448 lib:
3013 5339 3828 5448 1’..C?P'__§L(193.333.33.331:

2319 5413 2554 5505 quarum
2575 5413 3020 5520 dictisﬂHistoria
3044 5413 3382 5520 ’ΤξςὶιῖξιξιὶίῖιξΔ
3397 5413 3826 5520 cogfgfffﬁaﬁfuff;

2393 5511 2508 5570 (981
2521 5486 2664 5592 L95
2685 5486 2943 5592 Ᾱῑδρίῖιάν
2991 5486 3828 5592 6αέ¹δέ.ξίυεητρἓιέίέκὶίξὶὲῗνξῗιξπὲὀ

2322 5561 2640 5647 ἱιι’ρτεέἰελῑ.
2692 5576 2761 5632 ad
2806 5561 3242 5647 haec'opuscula.
3280 5569 3498 5628 Calebat
3536 5561 3826 5689 nimirglgli‘rjg

2391 5722 2508 5784 (98!
2560 5715 2599 5785 ')
2629 5717 2933 5774 Exordium
2983 5716 3316 5776 mendosum
3357 5717 3412 5768 et
3445 5701 3746 5765 intricatum,
3779 5694 3809 5733 ει

2323 5789 2452 5847 mile
2479 5790 2580 5847 toti
2617 5791 2878 5864 epistolae.
