4052 6180
458 226 595 279 1087

1473 214 1564 270 ΑΙ)
1600 211 1827 270 ΟΡΕΒΑ
1865 213 1919 267 8.
1961 209 2283 266 GREGORII
2326 211 2760 267 APPENDICES.

3616 218 3636 267 1
3647 216 3749 269 088

456 349 668 420 pientes
730 343 1098 404 sacratissimo
1174 341 1369 398 canoni
1444 339 1825 407 adversantur,
1886 352 2055 408 quem
2084 340 2138 403 Α
2169 335 2442 392 ascribant
2462 351 2553 392 eas
2583 351 2848 407 personas
2874 310 3199 392 indubitata
3224 335 3546 403 sanctitatis,
3572 344 3631 391 ut
3655 336 3755 393 sub

458 443 649 500 beatus
693 457 829 513 papa
884 438 1127 506 Siricius,
1193 444 1411 491 sanctus
1458 449 1677 506 quoque
1723 433 2050 504 Gregorius,

459 537 647 593 beatus
696 533 859 588 etiam
911 531 1318 601 Hieronymus,
1375 535 1429 583 et
1477 527 1568 583 alii
1622 524 2053 582 innumerabiles

458 628 631 685 sancti
686 626 922 698 probant
977 624 1031 679 in
1092 622 1550 679 excellentissimo
1607 629 1872 676 statutum
1936 635 2053 676 esse

458 720 717 786 concilio,
766 734 921 790 aque
966 727 1028 772 ut
1076 717 1437 790 Evangelium
1485 714 1816 771 venerando.
1858 712 2056 768 Videat

456 815 617 887 igitur
672 813 911 869 cbaritas
969 820 1064 867 tua
1123 827 1291 883 quam
1348 809 1656 882 periculoso
1707 806 2056 863 anathemate

456 909 759 981 plectantur
801 906 1111 978 quicunque
1155 905 1449 961 Sozomeni
1493 903 1736 974 capitulo
1778 901 2056 973 astipulari

457 1011 745 1059 conantur.
818 1004 901 1057 De
958 1002 1060 1055 hoc
1121 998 1304 1070 itaque
1357 997 1595 1069 periculo
1650 994 2056 1051 fraternitatem

459 1105 611 1153 tuam
641 1095 935 1168 diligenter
963 1107 1308 1166 pramonere
1337 1091 1556 1157 curavi,
1586 1105 1687 1160 pro
1717 1104 1826 1161 quo
1853 1097 1909 1144 te
1945 1105 2057 1143 non

461 1189 767 1256 offendere,
799 1187 895 1245 sed
925 1188 1128 1260 magis,
1159 1187 1203 1242 si
1232 1184 1477 1242 offensus
1506 1199 1680 1251 esses,
1712 1183 1924 1255 placare
1954 1199 2058 1254 pu-

461 1284 594 1340 tavi.

533 1376 662 1444 Sed,
687 1376 820 1431 heu!
854 1375 984 1431 heu!
1018 1390 1125 1441 res,
1147 1382 1209 1431 ut
1231 1373 1445 1445 opinor,
1475 1372 1529 1427 in
1549 1372 1891 1427 contrarium
1908 1370 2060 1427 deve-

463 1472 546 1527 nit
565 1513 575 1524 .
592 1471 817 1526 Littera
839 1470 991 1526 enim
1007 1479 1139 1534 tua,
1170 1470 1215 1523 si
1231 1476 1420 1524 tamen
1446 1476 1556 1523 tua
1573 1474 1751 1533 erant,
1773 1475 1888 1521 tam
1915 1466 2060 1521 male

461 1574 695 1622 tornata
724 1572 778 1619 te
806 1571 859 1619 et
879 1563 1112 1619 amicam
1139 1562 1576 1618 admonitionem
1607 1561 1874 1632 sprevisse
1897 1569 1953 1616 et
1976 1562 2058 1615 in-

461 1673 626 1731 super
671 1657 1069 1714 contumeliosa
1112 1656 1457 1728 respondisse
1507 1656 1789 1721 denotant,
1841 1670 1944 1710 nec
1972 1663 2061 1709 ta-

463 1768 592 1809 men
619 1752 829 1824 aliquid
872 1767 963 1808 me
1009 1750 1107 1806 tibi
1148 1750 1429 1822 scripsisse
1458 1748 1693 1821 dignum
1721 1748 2055 1804 contumelia
2084 1784 2132 1846 Β

461 1847 805 1918 aliquatenus
834 1845 1087 1918 probant.
1122 1846 1245 1916 Qua
1275 1844 1342 1900 de
1371 1860 1430 1898 re
1456 1842 1709 1899 nondum
1731 1842 1917 1899 censui
1946 1858 2060 1898 cre-

463 1940 708 1997 dendum
758 1955 876 1995 esse
920 1948 1004 2006 te,
1052 1954 1237 1994 meum
1290 1937 1537 1993 videlicet
1589 1937 1858 2004 amicum,
1908 1952 2063 1992 sacra

464 2035 751 2104 Scriptura
777 2041 893 2087 tam
913 2031 1209 2097 eruditum,
1238 2046 1487 2100 unquam
1514 2029 1653 2085 mihi
1678 2030 1850 2084 talem
1877 2029 2067 2085 rescri-

468 2127 642 2198 psisse
664 2125 978 2197 epistolam,
1010 2140 1133 2195 qua
1157 2133 1215 2180 et
1237 2139 1348 2189 me,
1380 2124 1510 2178 licet
1534 2123 1682 2177 nulla
1710 2123 1924 2178 ratione
1944 2138 2067 2179 con-

468 2219 702 2285 victum,
733 2217 1159 2289 blasphemaret,
1192 2232 1293 2272 nec
1316 2225 1504 2271 tamen
1533 2225 1687 2272 tuam
1720 2224 1929 2286 partem
1952 2216 2067 2272 sal-

469 2319 583 2367 tem
610 2312 791 2382 aliquo
820 2311 989 2366 modo
1012 2311 1251 2381 juvaret.
1289 2313 1466 2378 Quam
1496 2309 1625 2365 satis
1655 2308 1932 2368 evidenter
1962 2325 2068 2382 qua

470 2404 778 2461 invectione
821 2403 987 2475 digna
1028 2411 1171 2459 esset
1223 2411 1611 2467 monstrarem,
1650 2404 1698 2457 si
1730 2419 1837 2459 non
1888 2418 2013 2459 eam
2040 2419 2071 2459 a

469 2498 564 2555 tali
593 2499 773 2553 amico
796 2496 930 2552 mihi
952 2497 1333 2551 transmissam
1364 2497 1714 2567 accepissem.
1750 2496 1887 2565 Quis
1914 2497 2067 2551 enim

472 2592 659 2647 videre
682 2608 797 2647 non
824 2592 999 2645 valeat
1027 2606 1193 2662 quam
1229 2589 1566 2662 negligenter
1594 2589 1721 2661 ipsa
1739 2598 1849 2645 tua
1874 2590 2066 2645 volun-

471 2686 573 2741 tati
619 2701 748 2740 cum
801 2684 914 2739 suis
961 2684 1212 2739 obscuris
1265 2683 1586 2755 ambagibus
1613 2682 1906 2762 deserviat,
1937 2700 2068 2740 cum

473 2779 664 2834 eadem
680 2786 836 2833 tuam
854 2778 1219 2833 intentionem
1236 2792 1350 2832 non
1369 2776 1719 2833 solummodo
1741 2776 1877 2832 nihil
1891 2776 2067 2847 juvet,

452 2871 569 2927 sed
598 2872 769 2927 etiam
792 2886 1017 2942 prorsus
1045 2870 1367 2942 impugnet?
1395 2869 1615 2925 Iudicat
1642 2870 1789 2925 enim
1810 2878 1863 2925 te
1890 2870 2068 2926 nulla-

473 2972 637 3021 tenus
682 2973 1002 3021 sauctorum
1040 2966 1268 3020 Patrum
1313 2964 1530 3019 decreta
1559 2963 1864 3035 respuisse;
1894 2962 2068 3026 imde,

475 3074 604 3115 cum
638 3059 855 3114 Veritas
874 3057 1115 3113 afﬁrmet
1138 3077 1150 3111 :
1182 3059 1289 3124 Qui
1304 3074 1408 3113 non
1428 3062 1505 3112 est
1527 3073 1730 3112 mecum
1768 3062 1954 3112 contra
1992 3074 2075 3113 me

2157 446 2344 486 earum
2381 429 2675 486 sanctitate
2705 446 2898 485 eorum
2928 429 3261 502 recipiantur
3285 429 3513 496 naenia;
3548 433 3641 485 sed
3666 431 3754 485 in-

2161 540 2394 581 cassum.
2424 526 2649 594 Quanto
2675 524 2822 580 enim
2864 524 3049 579 minus
3074 523 3143 579 de
3180 539 3368 579 earum
3402 539 3757 594 personarum

2162 618 2446 675 sanctitate
2497 619 2836 684 dubitamus,
2885 626 3038 674 tanto
3086 618 3260 690 magis
3302 619 3509 673 nanias
3568 617 3759 674 iisdem

2162 714 2421 785 ascriptas
2442 713 2717 769 canonicis
2762 712 3198 769 institutionibus
3234 713 3541 768 contrarias
3581 711 3763 767 credi-

2165 824 2287 863 mus
2312 823 2430 863 esse
2452 807 2631 863 falsas.
2671 809 2910 863 Transeo
2952 815 3140 862 autem
3164 806 3334 877 ipsius
3358 806 3600 877 epistola
3628 822 3764 861 con-

2156 902 2419 973 jecturas,
2465 902 2522 956 in
2550 902 2748 974 quibus
2775 917 2881 973 qua
2911 902 3197 957 occasione
3241 899 3561 971 praedictum
3604 908 3769 971 caput

2165 996 2236 1051 sit
2279 995 2575 1051 conﬁctum
2624 996 2756 1052 satis
2796 1003 2953 1051 caute
2998 993 3297 1061 dubitatur,
3334 995 3585 1064 quamvis
3622 993 3768 1049 nihil

2167 1090 2385 1146 intersit
2436 1089 2705 1146 invenisse
2755 1105 2854 1144 cur
2895 1090 2970 1144 sit
3014 1088 3407 1157 conscriptum,
3452 1103 3582 1142 cum
3619 1086 3770 1142 idem

2168 1183 2348 1254 ipsum
2415 1199 2583 1241 sacra
2648 1183 2934 1255 Scriptura
3004 1181 3281 1238 adversari
3345 1180 3645 1237 certissime
3707 1182 3775 1235 sit

2169 1278 2484 1350 probatum.

2241 1373 2523 1441 Quantum
2574 1387 2701 1427 vero
2730 1371 2845 1443 ipsa
2894 1370 3127 1443 epistola
3175 1369 3356 1427 deviet
3384 1386 3413 1424 a
3442 1369 3674 1424 veritate
3721 1369 3775 1424 in

2169 1465 2488 1522 diaconibus
2529 1465 2745 1532 Sicilia,
2770 1481 2841 1520 ex
2872 1465 3093 1536 scriptis
3117 1464 3263 1519 beati
3287 1463 3534 1535 Gregorii
3568 1463 3780 1534 poteris

2171 1560 2425 1631 colligere
2450 1578 2465 1627 ;
2490 1575 2521 1614 a
2541 1559 2742 1629 quibus
2768 1575 2858 1614 me
2886 1560 2942 1613 in
2970 1558 3277 1614 rationibus
3300 1558 3440 1613 meis
3460 1557 3779 1613 nullatenus

2174 1652 2422 1709 deviasse
2480 1651 2749 1724 judicabit
2809 1651 3118 1724 quicunque
3179 1651 3401 1708 easdem
3464 1658 3521 1707 et
3576 1650 3781 1722 scripta

2172 1748 2314 1804 beati
2357 1747 2610 1819 Gregorii
2640 1746 2876 1803 ﬁdeliter
2919 1745 3322 1813 considerabit;
3373 1761 3473 1801 nec
3511 1744 3655 1801 dicet
3691 1762 3782 1800 me

2172 1842 2369 1898 dixisse
2397 1840 2543 1913 quod
2573 1849 2795 1895 sanctus
2815 1840 3116 1913 Gregorius
3159 1839 3613 1894 incontinentiam
3656 1838 3781 1893 dia-

2171 1951 2440 1992 conorum
2487 1935 2687 1991 Sicilia
2725 1949 2823 2006 per
2853 1934 3275 2005 suspensionem
3310 1931 3498 2000 ofﬁcii,
3542 1932 3643 1989 sed
3689 1949 3783 2004 per

2171 2028 2591 2100 prohibitionem
2640 2027 2936 2098 superioris
2996 2026 3199 2099 gradus
3259 2026 3621 2092 vindicasset;
3683 2042 3783 2081 nec

2170 2122 2317 2179 dicet
2333 2124 2389 2179 S.
2410 2122 2745 2191 Gregorium
2769 2120 2845 2177 ibi
2869 2121 3078 2178 eisdem
3098 2121 3417 2177 diaconibus
3438 2122 3785 2176 concessisse

2175 2224 2238 2271 ut
2281 2215 2439 2271 altari
2468 2215 2783 2271 ministrare
2811 2215 3073 2271 deberent
3112 2215 3156 2270 si
3182 2230 3239 2270 se
3269 2230 3379 2270 non
3414 2214 3782 2269 continerent.

2174 2310 2327 2365 Idem
2348 2309 2512 2365 etiam
2534 2308 2719 2365 videre
2738 2309 2954 2381 poterit,
2982 2311 3038 2364 S.
3067 2309 3399 2379 Gregorium
3434 2308 3788 2363 continentes

2174 2403 2377 2460 Sicilia
2396 2403 2657 2460 diacones
2668 2420 2767 2475 pro
2787 2403 3146 2469 continentia,
3181 2419 3291 2457 non
3333 2418 3430 2474 pro
3446 2400 3787 2458 feminarum

2174 2496 2594 2566 cohabitatione,
2625 2496 2928 2553 laudandos
2952 2496 3347 2568 pronuntiasse.

2249 2592 2410 2664 Quod
2437 2601 2623 2648 autem
2651 2590 2912 2663 deinceps
2936 2591 3134 2647 littera
3154 2607 3183 2645 a
3211 2599 3265 2645 te
3289 2589 3422 2645 mihi
3443 2589 3794 2645 transmissa

2177 2685 2245 2743 de
2269 2686 2567 2758 Tripartita
2598 2685 2814 2758 ﬁngunt
2833 2685 3086 2752 historia,
3116 2700 3217 2740 nec
3242 2684 3375 2756 ipsa
3406 2684 3671 2739 videntur
3702 2699 3791 2738 ex-

2178 2780 2438 2851 plicasse;
2462 2779 2517 2833 in
2545 2795 2653 2849 qua
2682 2779 2990 2834 nullatenus
3010 2777 3210 2850 aliquid
3233 2776 3647 2849 repudiandum
3677 2792 3794 2833 esse

2179 2873 2387 2941 censui,
2403 2873 2510 2927 nisi
2540 2873 2689 2944 quod
2712 2888 2740 2927 a
2766 2872 2963 2929 sanctis
2984 2872 3235 2928 Patribus
3256 2871 3791 2927 anathematizatum

2180 2967 2425 3038 recipere
2456 2982 2572 3022 non
2604 2966 2955 3038 praesumpsi.
2990 2969 3184 3022 Postea
3213 2981 3340 3020 vero
3369 2964 3505 3037 ipsa
3547 2981 3665 3019 non
3694 2964 3792 3019 ali-

2180 3076 2289 3132 qua
2327 3060 2541 3115 ratione
2589 3060 2842 3131 probant,
2889 3060 2986 3116 sed
3036 3069 3248 3115 tantum
3294 3058 3632 3114 verbotenus
3660 3073 3795 3129 pro-

477 3158 556 3209 est
584 3153 805 3221 (Matth.
833 3167 953 3218 x11;
988 3154 1116 3206 Luc.
1152 3155 1262 3221 χι),
1296 3159 1351 3205 et
1369 3160 1423 3207 te
1452 3149 1649 3207 eadem
1676 3151 1968 3222 recepisse,
2018 3157 2074 3204 et
2106 3156 2149 3219 ρ
2178 3154 2436 3209 nuntiant
2463 3168 2551 3207 me
2576 3153 2761 3209 nescio
2784 3153 2917 3225 quid
2939 3162 3131 3209 contra
3157 3152 3505 3209 sacerdotum
3529 3152 3797 3207 ordinem

479 3262 575 3319 per
602 3246 796 3303 eadem
844 3254 900 3301 te
935 3246 1228 3302 Sozomeni
1273 3253 1438 3317 caput
1468 3244 1721 3316 probavit
1758 3243 2078 3300 anathema—

479 3341 691 3396 tizasse.

550 3437 823 3491 Praterea
856 3432 1247 3506 multiplicibus
1275 3432 1450 3489 verbis
1478 3432 1769 3489 conﬁrmat
1818 3430 1931 3503 ipsa
1962 3446 2080 3486 rem

478 3528 735 3585 nondum
766 3528 881 3600 lege
913 3528 1248 3600 prohibitam
1295 3527 1611 3583 austeritate
1658 3526 1792 3598 legis
1818 3540 1935 3581 esse
1963 3526 2082 3580 vin-

481 3621 788 3689 dicandam,
817 3636 943 3676 cum
987 3623 1169 3691 potius
1215 3629 1326 3676 tua
1355 3620 1492 3690 parti
1531 3620 1897 3685 convenisset,
1931 3619 1974 3674 si
2025 3619 2080 3673 in

480 3713 734 3770 nondum
766 3715 882 3784 lege
925 3713 1216 3784 prohibitis
1243 3727 1353 3767 non
1380 3713 1756 3768 austeritatem
1804 3712 1958 3783 legis,
1989 3711 2084 3767 sed

483 3807 765 3863 lenitatem
809 3806 1163 3863 exercendam
1212 3805 1459 3861 dixisset.
1502 3806 1664 3874 Quod
1702 3806 1899 3863 saltem
1928 3814 2083 3860 tuam

482 3908 693 3971 partem
732 3914 844 3955 non
872 3897 1011 3954 adeo
1043 3899 1411 3970 impugnaret,
1445 3898 1571 3953 licet
1600 3914 1722 3953 eam
1752 3898 1886 3953 nihil
1929 3898 2086 3969 peni-

480 4003 569 4049 tus
605 3992 763 4064 adjici
812 3992 973 4058 valet,
1025 4007 1151 4047 cum
1198 3992 1367 4047 resin
1417 4007 1523 4064 qua
1575 3990 1900 4063 pradictum
1924 3999 2087 4063 caput

484 4089 663 4161 legem
710 4103 822 4143 non
850 4086 974 4143 dico
1003 4084 1273 4158 mitigare,
1301 4086 1398 4142 sed
1428 4101 1653 4157 prorsus
1684 4085 1967 4141 annullare
1988 4100 2087 4140 co-

484 4189 669 4250 natur,
699 4180 866 4236 etiam
896 4188 1019 4235 ante
1044 4194 1117 4236 cc
1147 4195 1321 4236 annos
1348 4187 1405 4236 et
1444 4195 1509 4235 eo
1536 4178 1791 4252 amplius,
1833 4180 1892 4235 in
1920 4194 2086 4251 gene-

485 4275 581 4349 rali
646 4274 856 4345 synodo
914 4274 1156 4346 legaliter
1218 4273 1324 4330 sub
1378 4272 1725 4331 anathemate
1793 4273 2087 4330 interdicta

484 4369 715 4442 legatur.

2185 3246 2500 3318 protulisse;
2522 3262 2648 3302 cum
2669 3262 2771 3302 nec
2788 3246 2997 3303 eadem
3020 3247 3217 3302 saltem
3229 3254 3421 3302 contra
3435 3254 3514 3312 te,
3536 3244 3608 3300 ad
3622 3261 3798 3317 quem

2185 3340 2489 3412 specialiter
2511 3340 2724 3413 scripsi,
2749 3356 2839 3396 me
2887 3339 3113 3413 aliquod
3139 3340 3550 3412 reprobandum
3589 3340 3677 3394 vel
3702 3348 3796 3394 tua

2186 3433 2493 3491 offensione
2516 3435 2747 3507 dignum
2768 3434 3116 3506 aliquatenus
3138 3434 3375 3505 probent
3391 3433 3617 3490 dixisse.
3652 3435 3798 3490 Nun-

2187 3528 2321 3601 quid
2351 3529 2498 3585 enim
2543 3528 2742 3584 merito
2794 3537 2845 3584 te
2895 3529 2976 3584 vel
3018 3528 3139 3584 illos
3170 3527 3423 3594 offendit,
3450 3528 3497 3583 si
3528 3543 3633 3599 ego
3688 3544 3801 3583 non

2192 3639 2341 3679 meas
2361 3622 2456 3679 sed
2475 3626 2699 3679 Patrum
2727 3622 2983 3691 rationes,
3005 3631 3169 3695 caput
3186 3622 3475 3679 Sozomeni
3499 3620 3805 3678 destruen-

2188 3724 2270 3772 tes
2318 3725 2373 3772 et
2404 3716 2509 3772 sub
2552 3716 2904 3772 anathemate
2931 3716 3278 3785 damnantes,
3317 3716 3549 3771 ﬁdeliter
3574 3716 3800 3788 collegi,

2192 3819 2371 3883 teque,
2400 3818 2463 3864 ut
2503 3810 2762 3876 amicum,
2801 3810 2868 3866 de
2892 3809 3135 3866 cavendo
3166 3809 3521 3869 anathemate
3548 3824 3801 3880 pramo-

2190 3904 2317 3959 nui?
2347 3903 2490 3973 Quid
2511 3920 2710 3975 nempe
2738 3912 2929 3959 contra
2952 3913 3007 3959 te
3038 3903 3135 3959 feci
3159 3903 3390 3973 dignum
3415 3902 3799 3974 blasphemia,

2191 3998 2235 4052 si
2262 3997 2635 4053 testimonium
2665 4005 2985 4053 sanctorum
3016 4000 3241 4053 Patrum
3274 3997 3618 4068 Hieronymi,
3659 3999 3800 4054 Gre-

2192 4092 2352 4163 gorii,
2377 4092 2549 4147 Siricii
2583 4100 2638 4146 et
2666 4090 3006 4161 reliquorum
3046 4089 3117 4146 de
3143 4090 3389 4162 capitulis
3418 4090 3627 4146 Nicani
3663 4107 3799 4146 con-

2191 4185 2299 4240 cilii
2346 4186 2529 4256 potius
2569 4184 2903 4241 credendum
2932 4200 3051 4241 esse
3074 4185 3302 4252 asserui,
3338 4199 3504 4256 quam
3531 4183 3804 4242 Historia

2194 4278 2383 4335 nescio
2426 4279 2582 4352 cujus
2610 4278 2937 4336 Sozomeni?

2260 4372 2366 4428 Sed
2393 4388 2492 4427 cur
2539 4372 2859 4429 earumdem
2889 4372 3191 4428 litterarum
3237 4371 3419 4429 denuo
3450 4370 3639 4427 incudi
3679 4371 3804 4427 red-

553 4465 676 4533 lpsa
704 4461 872 4517 etiam
914 4460 1145 4533 epistola
1172 4470 1424 4519 sanctum
1455 4459 1586 4516 mibi
1616 4459 1803 4517 laudat
1828 4459 2081 4531 Paphnu-
2108 4483 2160 4545 ι)
2189 4464 2493 4521 dendarum
2541 4465 2797 4538 ambages
2843 4482 3143 4538 prosequar
3185 4466 3431 4533 ulterius,
3477 4482 3606 4520 cum
3666 4467 3807 4538 ipsa

483 4556 649 4624 cium,
697 4563 761 4609 ut
787 4555 891 4611 sub
919 4571 1151 4626 persona
1193 4555 1328 4611 tanti
1376 4554 1474 4609 viri
1524 4554 1734 4626 aliquid
1762 4554 2082 4625 persuadeat

481 4648 628 4721 quod
658 4664 689 4705 a
710 4649 938 4705 veritate
956 4650 1260 4719 dissentiat,
1292 4648 1388 4705 sed
1406 4646 1632 4704 frustra.
1662 4650 1850 4720 Ipsum
1878 4663 2078 4720 nempe

483 4752 537 4798 et
577 4758 679 4814 ego
726 4742 912 4810 laudo,
960 4759 1124 4814 quem
1155 4743 1408 4816 stigmata
1435 4745 1593 4799 Jesus
1632 4743 1689 4798 in
1716 4758 1946 4814 corpore
1976 4759 2076 4799 suo

479 4845 723 4908 portasse
770 4836 997 4894 libenter
1044 4838 1242 4907 credo;
1274 4853 1567 4911 nunquam
1596 4845 1788 4894 tamen
1817 4837 1954 4894 adeo
1979 4837 2078 4893 de-

483 4930 676 5002 sipiam
703 4938 769 4987 ut
807 4933 957 5003 prius
986 4930 1285 4988 reverentia
1310 4947 1560 5004 personae
1586 4914 1797 5003 aliquid.
1815 4932 2079 5003 recipiam

481 5025 629 5095 quod
655 5040 828 5081 sacra
866 5026 1183 5096 Scriptura,
1209 5025 1324 5081 imo
1355 5025 1581 5095 Spiritui
1613 5033 1809 5080 sancto
1847 5026 1917 5079 sit
1942 5041 2080 5080 con-

480 5118 737 5186 trarium,
764 5126 825 5173 ut
849 5118 915 5174 de
938 5117 1232 5175 Sozomeni
1258 5118 1499 5189 capitulo
1529 5116 1979 5189 irrefragabiliter
1999 5125 2083 5173 est

482 5210 799 5283 probatum,
829 5210 975 5284 quod
1005 5210 1187 5282 ipsum
1214 5211 1589 5267 Sozomenum
1614 5209 1681 5266 de
1707 5209 1870 5265 beato
1903 5209 2082 5281 Paph-

482 5305 643 5359 nucio
692 5306 811 5377 jam
860 5303 1070 5361 dudum
1098 5301 1356 5360 defuncto
1412 5303 1594 5373 potius
1642 5301 1808 5359 credo
1837 5303 2079 5374 ﬁnxisse,

482 5412 650 5469 quam
672 5397 728 5452 in
756 5396 1168 5469 derogationem
1195 5396 1504 5452 sanctitatis
1532 5396 1770 5468 pradicti
1801 5397 2083 5455 confesso-

484 5491 561 5547 ris
629 5490 897 5562 suspicari
962 5506 1294 5562 prasumam
1342 5490 1516 5562 ipsum
1570 5491 1735 5549 talem
1796 5493 2084 5564 protulisse

486 5584 906 5659 blasphemiam.
944 5587 1065 5641 Hoc
1092 5594 1174 5643 est
1216 5585 1365 5643 enim
1408 5585 1537 5641 satis
1570 5585 1793 5658 vulgare
1835 5587 1891 5643 in
1931 5587 2082 5644 libris

489 5674 775 5753 nunquam
805 5680 1162 5751 canonizatis,
1184 5689 1265 5750 ut,
1287 5696 1417 5737 cum
1442 5680 1653 5738 nanias
1672 5696 1799 5737 suas
1823 5681 2081 5739 omnibus

491 5773 836 5833 incredibiles
879 5774 1097 5833 efﬁcere
1145 5776 1316 5832 velint
1365 5776 1560 5834 saltem
1612 5774 1953 5845 verisimiles,
1998 5776 2078 5834 eis

2189 4567 2354 4631 caput
2385 4559 2696 4629 Sozomeni,
2743 4559 2897 4633 quod
2926 4577 3035 4616 non
3078 4568 3382 4631 potuerunt
3403 4559 3635 4626 ratione,
3682 4561 3805 4632 jam

2193 4652 2445 4710 conviciis
2470 4654 2712 4710 nitantur
2737 4653 3066 4710 defendere?
3088 4657 3244 4723 Qua,
3275 4654 3517 4723 inquam,
3544 4654 3807 4708 convicia

2190 4763 2301 4802 non
2354 4746 2488 4803 mihi
2529 4764 2746 4817 nocere,
2800 4747 2894 4803 sed
2936 4748 3117 4819 potius
3165 4746 3220 4801 in
3261 4755 3428 4817 caput
3454 4747 3621 4818 ipsius
3656 4748 3801 4801 scri-

2185 4841 2354 4913 ptoris
2379 4840 2686 4898 redundare
2714 4840 2900 4897 leviter
2925 4841 3264 4913 probassem,
3308 4840 3352 4895 si
3401 4856 3512 4895 non
3543 4855 3643 4911 pro
3680 4839 3808 4895 talis

2188 4936 2347 4990 amici
2399 4934 2694 4991 reverentia
2725 4934 3072 4990 dimisissem.
3130 4938 3245 5006 Ego
3297 4932 3517 5004 quidem
3570 4935 3805 4989 Patrem

2186 5029 2303 5085 Noe
2323 5044 2540 5101 semper
2558 5029 2757 5085 habere
2779 5026 3050 5096 desidero,
3073 5027 3230 5099 cujus
3251 5025 3503 5098 pudenda
3528 5042 3659 5081 cum
3679 5027 3806 5099 jam

2187 5121 2401 5178 dudum
2443 5138 2539 5194 per
2592 5121 2979 5193 paenitentiam
3032 5122 3141 5176 sint
3182 5120 3482 5187 annullata,
3513 5118 3809 5175 denudare

2190 5232 2293 5270 nec
2322 5218 2445 5271 volo
2474 5231 2573 5270 nec
2614 5215 2786 5271 valeo.
2819 5214 3140 5284 Quicunque
3164 5212 3317 5269 enim
3342 5212 3431 5268 illa
3462 5221 3588 5285 post
3614 5214 3807 5283 paeni-

2186 5309 2414 5364 tentiam
2458 5308 2781 5364 remansisse
2828 5316 3080 5374 testatur,
3136 5322 3250 5363 non
3280 5306 3647 5373 Christianus,
3700 5306 3805 5363 sed

2190 5401 2525 5458 Novatianus
2566 5417 2682 5458 esse
2705 5398 3006 5474 judicatur,
3058 5416 3185 5456 cum
3224 5400 3341 5471 ipse
3384 5400 3654 5455 Dominus
3700 5415 3805 5471 per

2190 5494 2531 5551 Ezechielem
2575 5495 2897 5567 prophetam
2948 5494 3090 5551 dicat
3140 5512 3152 5549 :
3205 5494 3459 5564 Impietas
3502 5494 3659 5563 impii
3686 5508 3802 5547 non

2188 5590 2395 5645 nocebit
2416 5592 2482 5650 ei,
2504 5591 2564 5644 in
2586 5604 2899 5660 quacunque
2920 5589 3005 5644 die
3028 5602 3302 5644 conversus
3322 5587 3499 5654 fuerit
3514 5586 3581 5641 ab
3604 5587 3804 5655 impie-

2190 5688 2299 5738 tate
2320 5699 2439 5739 sua.
2465 5685 2676 5753 (Ezech.
2692 5687 2943 5750 xum).
2970 5681 3226 5741 Pudenda
3247 5680 3504 5737 videlicet
3519 5695 3631 5736 non
3646 5681 3796 5745 Noe,

2187 5775 2287 5834 sed
2315 5777 2546 5849 Nicolai,
2570 5776 2726 5836 Pauli
2755 5776 3124 5844 Samosateni,
3151 5774 3393 5849 episcopi
3436 5768 3796 5838 Antiocheni,
