4052 6180
277 271 412 324 1089

1175 276 1461 331 APPEND.
1504 276 1591 330 ιιι.
1629 238 2153 333 -ἰιιοΝιιιιΕΝτΑ
2190 279 2652 339 GREGORIANA.

3428 288 3565 342 1090

272 401 325 446 et
383 393 723 464 reliquorum
790 396 1107 469 hujusmodi
1171 402 1390 456 Patrum
1435 399 1728 467 denudavi,
1774 400 1864 472 qui
1893 406 1942 467 Α
1976 412 2257 474 peccatum
2288 407 2661 478 nominantes,
2695 418 2752 466 et
2776 425 2873 467 eos
2899 424 3025 465 vere
3070 424 3257 466 servos
3290 424 3416 466 esse
3434 426 3563 483 pec-

272 501 467 541 omnes
492 489 823 546 unanimiter
864 502 1258 549 consenserunt
1283 494 1739 549 anathematizato
1764 496 1862 550 So-

273 581 496 635 zomeni
518 582 777 653 capitulo.
800 585 1011 658 Quippe
1033 586 1311 655 Nicolaus,
1330 587 1387 642 in
1408 588 1738 661 Apocalypsi
1757 588 1869 646 hm-

271 675 573 733 resiarches
596 677 912 747 denatotus,
938 682 1051 739 suis
1069 682 1499 740 condiaconibus
1522 684 1689 739 etiam
1709 700 1864 743 com-

271 787 470 829 munes
520 776 794 831 concessit
845 778 1265 849 uxores(Apoc.
1325 782 1430 842 11-).
1485 780 1684 835 Paulus
1737 797 1863 838 vero

271 867 661 925 Samosatenus
689 886 757 925 ne
802 869 920 942 ipse
971 888 1002 926 a
1043 872 1253 927 clericis
1300 873 1415 928 suis
1443 872 1511 928 de
1533 870 1864 930 feminarum

270 958 648 1018 familiaritate
688 974 1053 1035 accusaretur,
1084 967 1292 1023 eisdem
1336 965 1667 1023 feminarum
1696 967 1863 1025 coha-

273 1054 593 1112 bitationem
623 1058 951 1115 concessisse
982 1060 1037 1115 in
1068 1060 1424 1116 ecclesiastica
1456 1061 1704 1117 Historia
1740 1079 1862 1134 per-

273 1150 491 1207 hibetur
511 1154 1020 1216 (EUSBB.Hist01‘i£B
1036 1157 1212 1210 eccles.
1243 1154 1334 1210 lib.
1349 1168 1463 1223 vn,
1485 1172 1533 1211 c.
1552 1162 1640 1221 25,
1663 1158 1861 1227 interp.

268 1247 538 1315 Bufﬁno).
582 1246 746 1303 Unde
774 1256 830 1304 et
858 1248 958 1318 ipsi
988 1264 1099 1319 praa
1126 1250 1244 1304 aliis
1286 1251 1399 1305 suis
1424 1249 1721 1307 baeresibus
1765 1266 1865 1323 pro

271 1337 373 1393 hac
428 1340 543 1407 ipsa
582 1356 773 1396 eorum
821 1343 1193 1414 usurpatione,
1229 1344 1331 1399 sub
1369 1352 1576 1400 aeterno
1621 1344 1869 1401 damnati

270 1441 399 1487 sunt
422 1434 794 1490 anathemate.
816 1438 1058 1504 Horum,
1082 1436 1337 1509 inquam,
1364 1437 1638 1509 pudenda,
1670 1446 1726 1495 et
1757 1456 1787 1496 a
1815 1446 1869 1496 te

271 1535 325 1582 et
340 1527 409 1582 ab
431 1528 691 1584 omnibus
705 1530 886 1586 zelum
912 1531 1012 1586 Dei
1043 1530 1369 1587 habentibus
1387 1540 1516 1588 sunt
1536 1532 1862 1605 detegenda,

270 1639 337 1677 ne
364 1621 619 1680 fraternae
649 1624 849 1680 mortis
874 1626 1087 1681 crimen
1115 1626 1429 1697 incurratis,
1457 1626 1502 1682 si
1537 1627 1719 1684 idiota;
1746 1644 1866 1699 per-

268 1728 395 1775 eant
417 1718 658 1790 ipsorum
686 1720 1144 1791 perniciosissima
1170 1721 1508 1795 deceptione,
1538 1723 1632 1795 qui
1654 1732 1711 1779 et
1734 1724 1866 1779 alio-

1974 499 2080 554 cati
2129 512 2518 571 monstrantes,
2564 520 2650 559 me
2700 506 2854 576 quasi
2911 504 3199 561 dominum
3246 506 3564 561 earumdem

1974 593 2175 650 habere
2204 590 2423 652 vellent.
2457 600 2724 655 Praeterea
2755 607 2811 655 et
2848 614 2967 671 ego,
3013 598 3057 653 si
3107 614 3204 670 pro
3239 607 3333 654 tua
3379 598 3565 656 chari-

1975 696 2091 744 tate
2123 705 2233 744 non
2262 690 2687 760 dissimularem,
2713 693 2921 749 veracia
2953 692 3121 749 etiam
3151 692 3374 749 nomina
3402 702 3568 765 caput

1974 782 2265 838 Sozomeni
2303 784 2762 856 amplectentibus
2788 801 2901 843 non
2930 785 3053 843 dico
3084 786 3448 859 imponerem,
3475 787 3569 843 sed

1974 875 2279 947 antiquitus
2319 877 2574 949 imposita
2621 878 2867 951 proferre
2922 896 3138 936 nossem
3174 898 3186 935 :
3230 880 3285 936 in
3332 896 3566 953 quorum

1975 970 2286 1043 prolatione
2312 987 2423 1027 non
2450 988 2573 1045 ego,
2607 982 2825 1045 propter
2848 975 3220 1042 mendacium,
3241 984 3296 1032 et
3324 976 3568 1032 animam

1976 1080 2159 1120 meam
2190 1064 2496 1121 occiderem
2542 1073 2597 1120 et
2622 1066 2805 1121 locum
2845 1066 2900 1121 in
2928 1074 3120 1139 stagno
3165 1067 3305 1138 ignis
3332 1068 3568 1123 ardentis

1976 1159 2418 1232 promeruissem,
2471 1158 2569 1215 sed
2610 1159 2756 1231 ipsos
2788 1176 2888 1231 pro
2930 1159 3136 1216 eisdem
3174 1160 3490 1218 nominibus
3516 1170 3572 1217 et

1976 1270 2127 1310 nunc
2155 1253 2673 1323 anathematizatos,
2703 1262 2758 1309 et
2801 1254 3156 1325 postmodum
3186 1263 3390 1311 aeterno
3426 1255 3565 1327 igni,
3648 1330 3653 1337 Ι

1978 1350 2089 1405 nisi
2117 1349 2517 1419 resipiscerent,
2548 1347 2757 1420 liquido
2784 1347 3072 1420 probarem
3099 1364 3215 1404 esse
3248 1348 3571 1419 mancipann

1977 1443 2098 1499 dos.
2131 1446 2256 1498 Non
2292 1452 2473 1498 autem
2515 1442 2747 1497 nimium
2800 1442 3009 1498 eisdem
3057 1442 3254 1498 litteris
3296 1442 3573 1513 indignari

1982 1538 2128 1606 volo,
2159 1551 2317 1608 quas,
2348 1537 2404 1591 in
2434 1537 2829 1593 contumeliam
2878 1537 3059 1608 potius
3102 1552 3327 1603 suarum
3358 1539 3573 1604 [suam]

1973 1646 2142 1702 quam
2173 1646 2383 1699 meam,
2406 1628 2543 1686 falso
2571 1646 2662 1687 me
2685 1636 2963 1701 peccatum
2981 1630 3301 1686 nominasse
3329 1646 3427 1701 pro
3456 1630 3572 1701 ipsa

1974 1724 2218 1781 Veritate
2248 1724 2509 1795 percipio,
2537 1740 2679 1796 quae,
2702 1724 2860 1796 juxta
2886 1724 3238 1796 Apostolum,
3269 1723 3434 1780 etiam
3473 1739 3575 1794 pro

267 1830 395 1870 rum
418 1788 667 1885 pudenda
687 1788 792 1887 per
811 1815 1145 1871 obstinatam
1164 1788 1866 1874 defensionemeffecerunt
1899 1788 1947 1850 Β
1978 1818 2160 1889 impiis
2188 1788 2331 1874 facta
2359 1788 2441 1873 est
2485 1788 2766 1890 peccat-tim
2793 1788 2956 1884 (Gal:
2974 1823 3105 1886 ιιι).
3144 1788 3265 1890 Ipsa
3289 1788 3489 1889 quippe
3519 1817 3573 1872 in

266 1908 377 1964 sibi
406 1908 644 1980 propria.

340 2002 552 2058 Deinde
581 2002 858 2074 pradictm
891 2005 1084 2061 littera:
1112 2004 1439 2061 catholicam
1466 2005 1750 2062 veritatem
1775 2021 1863 2063 se-

265 2105 419 2152 ctam
474 2097 814 2154 nominando
862 2098 1259 2170 blasphemant,
1314 2099 1530 2171 ﬁlioque
1588 2100 1864 2172 baptizata

269 2192 437 2261 patris
495 2200 802 2261 peccatum,
864 2193 981 2264 jam
1045 2193 1254 2248 dudum
1303 2201 1358 2247 et
1404 2194 1462 2247 in
1528 2194 1649 2264 ipso
1715 2202 1867 2265 patre

268 2300 368 2355 per
400 2285 786 2354 paenitentiam
817 2287 1209 2353 annibilatum,
1238 2286 1550 2359 Pelagiana:
1569 2286 1763 2344 haeresi
1790 2287 1870 2343 fa-

270 2378 456 2433 vendo
481 2379 773 2450 imputant.
807 2380 966 2449 Quod
993 2396 1158 2452 quam
1181 2380 1435 2451 impium,
1458 2397 1622 2452 quam
1651 2380 1867 2437 haereti-

270 2452 439 2539 cu’m,
506 2488 676 2544 quam
723 2473 1109 2529 detestandum
1156 2482 1303 2529 esset
1360 2474 1661 2539 aestimare,
1713 2474 1869 2531 facile

268 2573 668 2633 monstrarem,
695 2566 738 2621 si
768 2583 882 2622 non
919 2584 1014 2638 pro
1043 2576 1293 2639 respectu
1323 2575 1434 2623 tuae
1462 2568 1746 2624 charitatis
1764 2568 1871 2624 dis-

274 2660 652 2715 simulandum
685 2660 867 2731 potius
895 2677 1063 2731 quam
1088 2659 1468 2716 ventilandum
1500 2676 1616 2716 esse
1651 2661 1869 2733 judica—

271 2770 411 2809 rem.
461 2756 583 2824 Ipse
625 2753 775 2809 enim
840 2754 1078 2826 Spiritus
1124 2764 1346 2809 sanctus
1394 2769 1491 2825 per
1532 2754 1869 2810 Ezechielem

274 2846 602 2917 prophetam
634 2855 863 2901 testatur
891 2848 1081 2903 dicens
1114 2868 1125 2902 :
1152 2850 1322 2902 Filius
1367 2864 1473 2903 non
1492 2849 1735 2918 portabit
1764 2851 1871 2903 ini-

273 2944 533 3010 quitatem
558 2944 737 2995 Patris
761 2942 979 3009 (Ezech.
1006 2947 1211 3009 XVIII),
1243 2942 1334 3013 qui
1376 2950 1431 2996 et
1454 2941 1556 2997 sub
1584 2941 1870 2998 tremenda

271 3034 645 3090 obtestatione
674 3034 929 3106 prohibet
975 3050 1045 3090 ne
1084 3035 1205 3107 quis
1244 3036 1436 3091 dentes
1466 3034 1707 3091 ﬁliorum
1741 3052 1868 3108 per-

1972 1912 2268 1984 Evangelio
2297 1912 2456 1967 nobis
2484 1910 2621 1967 dicit
2654 1930 2668 1967 :
2710 1914 2868 1967 Beati
2911 1915 3069 1976 estis,
3110 1928 3231 1966 cum
3276 1911 3577 1966 maledice-

1974 2008 2089 2061 rint
2112 2007 2258 2060 vobis
2283 2007 2547 2073 homines,
2575 2012 2625 2061 et
2663 2008 2937 2076 persecuti
2960 2022 3051 2060 vos
3080 2008 3287 2073 ﬁterint
3336 2010 3385 2059 et
3413 2005 3572 2059 dime-

1979 2102 2094 2154 rint
2140 2115 2291 2154 omne
2332 2100 2533 2153 malum
2575 2101 2829 2155 adversus
2874 2114 2967 2154 vos
3015 2103 3326 2155 mentientes
3355 2106 3579 2168 propter

1978 2211 2083 2257 me,
2112 2202 2218 2249 etc.
2248 2194 2470 2265 (Matth.
2498 2198 2577 2259 v).
2614 2197 2761 2263 Ergo
2792 2201 2847 2248 et
2874 2208 2976 2264 ego
3000 2208 3103 2248 nec
3130 2208 3321 2249 verum
3351 2191 3579 2248 dicendo

1977 2286 2269 2358 praedictas
2298 2288 2529 2353 litteras,
2561 2295 2623 2342 ut
2650 2295 2994 2353 meruerunt,
3025 2285 3402 2358 blasphemare
3433 2285 3577 2341 volo.

1980 2382 2117 2438 Novi
2147 2382 2293 2438 enim
2341 2396 2503 2453 quam
2535 2380 2854 2436 terribiliter
2881 2379 3061 2436 Judas
3097 2380 3379 2452 apostolus
3415 2379 3579 2436 silen-

1977 2476 2119 2531 tium
2148 2476 2397 2547 imponat
2432 2474 2970 2546 blasphemantibus,
3014 2489 3265 2530 asserens
3289 2472 3437 2545 quod
3483 2489 3584 2530 nec

1979 2568 2209 2624 Michael
2262 2568 2628 2639 archangelus
2673 2584 2862 2624 secum
2905 2567 3256 2623 altercantem
3302 2567 3584 2623 diabolum

1979 2661 2360 2732 blasphemare
2399 2660 2569 2716 fuerit
2613 2677 2799 2717 ausus.
2850 2664 3032 2731 Ipsum
3084 2676 3304 2731 quoque
3337 2676 3431 2716 vas
3476 2661 3582 2715 ele~

1979 2756 2178 2811 clionis
2206 2764 2438 2810 testatur
2484 2758 2744 2825 quoniam
2788 2754 3043 2809 maledici
3082 2770 3311 2823 regnum
3336 2756 3438 2807 Dei
3480 2770 3585 2809 non

1973 2851 2326 2923 possidebunt
2352 2853 2407 2915 (Ι
2437 2852 2553 2906 Cor.
2585 2854 2697 2912 γι).
2732 2847 2907 2903 David
2936 2848 3100 2903 etiam
3132 2848 3189 2903 in
3216 2864 3317 2903 sua
3350 2863 3583 2919 persona

1979 2945 2112 2999 satis
2157 2942 2453 2998 terribilem
2518 2940 2779 2997 omnibus
2842 2941 3105 3012 proponit
3160 2940 3584 2997 conditionem:

1980 3040 2043 3095 Si
2067 3037 2306 3099 reddidi,
2338 3036 2539 3108 inquit,
2589 3036 3001 3091 retribuentibus
3045 3037 3180 3089 mihi
3227 3035 3395 3101 mala,
3441 3034 3584 3088 deci-

271 3128 468 3183 acerba
504 3143 605 3183 uva
634 3143 664 3181 a
695 3128 939 3199 patribus
966 3137 1209 3184 comesta
1244 3129 1440 3200 (ibid.)
1482 3128 1868 3201 obstupescere
1899 3139 1943 3201 ί]
1972 3137 2098 3192 dam
2118 3134 2306 3187 merito
2330 3131 2399 3185 ab
2430 3131 2662 3184 inimicis
2681 3131 2811 3184 meis
2831 3130 3014 3184 inanis
3039 3130 3214 3197 (Psal.
3235 3131 3383 3195 vn),
3414 3135 3589 3183 eteae.

270 3221 627 3293 dogmatizet.
669 3224 794 3277 Non
838 3238 969 3292 ergo
1003 3223 1203 3293 quippe
1232 3222 1497 3295 dedignor
1548 3238 1676 3279 cum
1722 3222 1869 3295 ipso,

273 3331 443 3387 quem
472 3316 749 3371 Dominus
780 3315 1087 3371 secundum
1112 3332 1209 3372 cor
1236 3332 1405 3372 suum
1432 3316 1617 3387 elegit,
1648 3316 1829 3372 dicere
1854 3335 1867 3370 :

273 3410 411 3462 Ecce
432 3412 572 3463 enim
604 3412 661 3463 in
702 3410 1089 3479 iniquitatibus
1119 3414 1392 3480 conceptus
1418 3425 1559 3473 sum,
1591 3414 1642 3463 et
1669 3412 1728 3463 in
1750 3426 1877 3479 pec-

273 3508 412 3557 catis
442 3506 673 3573 concepit
700 3520 785 3558 me
804 3509 979 3558 mater
1007 3520 1124 3558 mea
1154 3505 1328 3572 (Psal.
1360 3510 1444 3569 1.).
1477 3506 1772 3573 Nunquam
1790 3511 1878 3558 ta-

276 3613 413 3651 men
437 3596 573 3652 adeo
604 3613 692 3652 me
712 3598 914 3669 ipsum,
934 3600 1052 3653 Deo
1084 3598 1409 3664 miserante,
1432 3596 1791 3668 impugnabo,
1818 3604 1880 3652 ut

273 3690 344 3745 de
366 3690 523 3761 plena
553 3690 875 3746 remissione
906 3700 1268 3763 peccatorum
1295 3692 1350 3746 in
1383 3690 1655 3761 baptismo
1685 3699 1878 3747 contra

280 3783 450 3838 ﬁdem
493 3785 821 3840 catholicam
878 3801 1006 3841 cum
1046 3784 1267 3857 Pelagio
1306 3785 1578 3842 difﬁdant.
1629 3786 1879 3841 Nimium

278 3886 429 3933 certe
477 3878 647 3935 alium
694 3878 1073 3950 blasphemare
1132 3887 1382 3947 conatur,
1445 3880 1539 3951 qui
1584 3880 1641 3935 in
1686 3877 1879 3935 eadem

279 3970 397 4042 ipsa
428 3971 763 4043 blasphemia
810 3972 1133 4028 catholicam
1181 3972 1347 4029 fidem
1397 3974 1721 4045 impugnare
1750 3988 1881 4044 pro-

285 4065 468 4120 batur.

357 4160 563 4213 Parum
590 4159 759 4215 etiam
791 4160 999 4216 eaedem
1042 4158 1235 4216 litterae
1278 4168 1435 4215 tuam
1469 4168 1682 4231 partem
1720 4160 1884 4232 juve-

286 4260 437 4320 runt,
468 4268 594 4307 cum
641 4261 835 4310 contra
872 4254 1094 4310 Domini
1127 4262 1465 4325 praeceptum
1496 4269 1587 4309 me
1616 4269 1713 4325 per
1742 4254 1883 4309 blas-

286 4344 567 4415 phemiam
592 4353 876 4417 peccatum
908 4348 1366 4415 nominaverunt;
1386 4362 1507 4419 quae
1528 4364 1641 4403 non
1663 4347 1786 4403 dico
1808 4355 1884 4415 te,

1978 3240 2096 3287 tera
2138 3225 2477 3299 hujusmodi.
2520 3225 2577 3281 Si
2606 3225 2771 3297 igitur
2810 3225 2934 3280 talis
2966 3239 3126 3296 pmna
3157 3222 3390 3279 debetur
3419 3220 3587 3275 etiam

1980 3322 2057 3377 illi
2113 3321 2206 3393 qui
2249 3336 2348 3391 pro
2422 3318 2566 3375 bona
2621 3317 2831 3373 malum
2873 3316 3125 3373 reddenti
3168 3314 3377 3370 malum
3425 3312 3588 3369 retri-

1984 3415 2141 3483 buit,
2192 3412 2321 3485 quid
2382 3412 2451 3469 de
2502 3411 2592 3466 illo
2638 3410 2997 3482 judicabitur,
3066 3409 3159 3479 qui
3209 3409 3418 3463 malum
3473 3405 3589 3462 fra-

1985 3509 2055 3564 tri
2085 3523 2186 3563 suo
2214 3507 2287 3561 nil
2338 3505 2441 3561 nisi
2479 3504 2692 3560 malum
2747 3502 3080 3574 promerenti
3121 3500 3426 3557 reddidisse
3452 3515 3588 3556 con-

1985 3602 2261 3657 vincitur?

2058 3700 2334 3753 Incassum
2363 3708 2491 3764 ergo
2518 3689 2940 3748 eaedemlitterm
2967 3688 3105 3745 mihi
3138 3696 3424 3760 Opponunt
3458 3686 3590 3743 illud

1988 3788 2338 3847 Salomonis:
2371 3789 2625 3841 Juvenem
2670 3786 2831 3839 nimis
2877 3784 3001 3837 alta
3043 3786 3312 3852 petentem
3361 3796 3469 3836 esse
3506 3796 3590 3835 re-

1989 3882 2342 3946 trahendum,
2371 3896 2499 3936 cum
2528 3878 2632 3934 hoc
2670 3894 2784 3933 non
2822 3877 2980 3945 mihi,
3029 3877 3123 3932 sed
3151 3876 3257 3931 illis
3293 3874 3368 3930 sit
3394 3873 3590 3930 dicen—

1987 3976 2124 4033 dum
2153 3975 2271 4047 qui,
2318 3971 2651 4030 conculcatis
2678 3971 2846 4044 ipsius
2884 3970 3060 4027 sancti
3101 3968 3333 4041 Spiritus
3386 3982 3589 4039 prace-

1990 4070 2114 4141 ptis,
2146 4084 2205 4125 se
2247 4069 2388 4125 altos
2436 4067 2736 4133 aestimant,
2787 4064 3065 4137 sequendo
3117 4065 3325 4130 inanes,
3364 4062 3475 4117 imo
3522 4060 3589 4116 ﬁ-

1990 4173 2108 4219 ctas
2139 4162 2430 4218 hominum
2476 4160 2822 4216 traditiones.
2862 4159 3056 4215 Videat
3084 4158 3251 4229 igitur
3280 4155 3591 4223 fraternitas

1990 4264 2085 4313 tua
2104 4271 2269 4326 quam
2300 4270 2515 4327 parum,
2542 4255 2630 4309 vel
2662 4254 2842 4325 potius
2870 4269 3039 4325 quam
3080 4251 3210 4306 nihil
3245 4251 3337 4307 illa
3367 4238 3589 4320 epistola

1992 4359 2084 4406 tua
2115 4348 2408 4420 providerit
2438 4346 2654 4417 honori,
2684 4362 2807 4417 quae
2834 4355 2886 4401 et
2912 4354 3068 4401 tuam
3099 4354 3337 4416 partem,
3372 4351 3433 4398 ut
3457 4358 3590 4415 pro-

285 4438 383 4493 sed
411 4454 635 4495 omnem
675 4449 839 4511 caput
859 4442 1148 4497 Sozomeni
1178 4442 1587 4513 suscipientem,
1618 4457 1742 4497 vere
1765 4456 1883 4496 ser-
1913 4460 1971 4528 ι)
1998 4444 2190 4499 batum
2215 4450 2314 4505 est,
2337 4440 2700 4512 impugnavit,
2727 4447 2800 4507 et,
2828 4437 2977 4509 quod
3007 4438 3157 4508 pejus
3186 4446 3288 4504 est,
3315 4445 3369 4491 te
3398 4445 3591 4491 contra

288 4549 421 4589 vum
452 4548 569 4589 esse
611 4535 837 4605 peccati,
868 4552 979 4590 non
1008 4535 1229 4607 quidem
1265 4545 1483 4607 sponte,
1510 4535 1605 4592 sed
1634 4544 1772 4591 nutu
1797 4535 1885 4591 di-

291 4627 415 4681 vino
452 4635 659 4683 coactae
708 4627 1094 4698 probaverunt.
1136 4631 1301 4685 Juxta
1331 4630 1685 4702 Evangelium
1713 4629 1886 4696 enim,

288 4720 608 4791 quicunque
639 4729 843 4791 peccat,
867 4737 1057 4777 servus
1085 4722 1293 4793 peccati
1312 4732 1489 4778 exstat
1517 4726 1600 4787 (II
1632 4728 1777 4778 Petr.
1803 4738 1882 4790 11;

290 4816 448 4868 Rom.
485 4818 566 4881 6).
596 4813 876 4871 Prmdictae
908 4823 1093 4871 autem
1137 4814 1338 4871 littera:
1379 4831 1525 4884 cum,
1568 4825 1887 4871 sanctorum

294 4909 518 4962 Palmm
547 4908 766 4963 statutis
810 4908 1222 4976 consentiendo,
1264 4924 1358 4965 eos
1404 4909 1494 4980 qui
1524 4917 1688 4979 caput
1714 4912 1885 4965 Sozo-

291 5002 437 5055 meni
492 5000 768 5073 recipiunt
830 5000 1331 5069 anathematizent,
1381 5002 1609 5058 eosdem
1670 5002 1887 5059 mortali

292 5101 513 5162 peccato
541 5094 813 5167 obligatos
853 5111 969 5151 esse
998 5096 1202 5151 docent
1231 5117 1243 5153 :
1278 5111 1408 5168 ergo
1437 5103 1492 5151 et
1518 5094 1739 5152 eosdem
1765 5112 1889 5153 vere

293 5201 481 5243 servos
509 5203 627 5244 esse
658 5189 864 5261 peccati
909 5188 1260 5246 conﬁrmant.

362 5284 601 5341 Videsne
643 5285 810 5358 igitur
872 5302 1037 5358 quam
1072 5303 1266 5358 parum
1300 5287 1431 5359 ipsa:
1474 5284 1763 5363 pradictos
1810 5284 1889 5339 vi-

293 5375 552 5450 deantur,
592 5378 917 5449 bonorasse,
979 5396 1104 5435 cum
1156 5379 1365 5436 eaedem
1408 5395 1517 5448 me,
1561 5380 1690 5435 licet
1735 5376 1890 5446 falso,

1997 4536 2329 4593 sacerdotale
2354 4533 2598 4591 ofﬁcium
2628 4541 2754 4589 tuos
2778 4531 2985 4587 amicos
3025 4531 3162 4586 nihil
3190 4546 3220 4585 a
3249 4538 3305 4585 te
3335 4528 3444 4585 nisi
3472 4530 3588 4597 ,ho-

1996 4647 2131 4687 num
2152 4629 2505 4701 promeritos,
2527 4626 2665 4683 falso
2688 4625 3094 4697 blasphemasse
3115 4622 3378 4679 indicavit
3403 4640 3417 4677 :
3441 4638 3590 4690 cum,

1988 4725 2145 4797 juxta
2177 4724 2394 4779 Domini
2423 4728 2786 4794 praeceptum,
2807 4734 2907 4774 nec
2930 4717 3150 4774 inimico
3175 4719 3245 4773 sit
3270 4715 3593 4774 maledicen-

1996 4818 2129 4874 dum
2169 4818 2394 4884 (Matth.
2440 4820 2527 4882 v).
2578 4816 2921 4887 Quapropter
2958 4811 3274 4869 charitative
3317 4810 3591 4868 admoneo

1996 4920 2052 4967 te
2079 4926 2147 4965 ne
2189 4925 2436 4981 unquam
2473 4909 2526 4964 in
2573 4916 2683 4965 tua:
2734 4907 3012 4979 religionis
3040 4917 3096 4963 et
3139 4906 3457 4964 eruditionis
3493 4903 3589 4960 de-

1995 5002 2337 5077 rogationem
2386 5002 2546 5059 alicui
2578 5012 2691 5058 tam
2742 5000 3084 5067 maledicam,
3136 5009 3257 5057 tam
3302 5000 3593 5055 illimatam

1996 5096 2342 5153 transmittas
2386 5097 2697 5168 epistolam,
2741 5110 2833 5163 ne,
2885 5094 2928 5150 si
2967 5094 3187 5167 aliquis,
3233 5093 3325 5165 qui
3363 5092 3594 5149 libenter

2001 5192 2132 5247 velit
2176 5190 2508 5247 contendere
2554 5200 2760 5262 tuoque
2809 5188 3003 5246 honori
3050 5204 3248 5261 parum
3277 5185 3592 5259 providere,

2000 5284 2179 5355 ipsam
2207 5284 2516 5356 perspiciat,
2537 5299 2729 5342 omnes
2748 5283 2867 5357 ejus
2892 5281 3257 5356 blaSphemias
3276 5280 3335 5335 in
3356 5278 3591 5351 teipsum

1999 5386 2336 5451 retorqueat.
