4002 6168
577 234 708 288 1091

1575 227 1667 281 AD
1707 224 1934 281 OPERA
1971 225 2027 283 S.
2068 223 2390 282 GREGORII
2427 222 2859 281 APPENDICES.
3194 214 3201 217 ’
3668 231 3749 286 um

2131 507 2318 571 ITEM

1358 693 2297 789 CONTUMELIOSA
2365 690 3085 785 RESCRIPTIO

1827 887 1956 948 Pro
1994 889 2287 966 superiori
2323 887 2612 965 capitulo.

647 1212 843 1282 Fratri,
863 1210 1000 1268 heu!
1020 1212 1079 1267 in
1096 1209 2165 1284 tothydraacapitatumentiBsnuxnno
2191 1214 2246 1276 Α
2277 1207 2718 1281 compassionem
2764 1204 2950 1277 magni
3000 1202 3331 1275 Paphnucii,
3389 1199 3761 1275 quemadmodum

576 1312 906 1372 Annonws,
928 1322 987 1361 se
1010 1305 1319 1362 nullatenus
1337 1304 1495 1362 etscis
1513 1303 1759 1361 cerastaai
1779 1305 1967 1360 veneni
1993 1304 2172 1361 corni-

578 1400 679 1456 bus
710 1400 1022 1471 periclitari.

647 1493 703 1549 Si
732 1510 843 1550 non
869 1494 970 1551 sub
1023 1508 1186 1549 suave
1228 1492 1434 1550 Christi
1472 1492 1671 1566 jugum
1699 1492 1839 1549 colla
1866 1490 2171 1549 submissus

566 1589 691 1660 jam
721 1588 931 1645 dudum
961 1596 1294 1645 testamento
1337 1586 1490 1660 pacis
1516 1586 1787 1659 respirare
1830 1594 2167 1658 appeterem,

576 1683 682 1739 tuis
724 1683 1002 1739 maledicis
1050 1682 1327 1755 rescriptis
1369 1680 1601 1754 dignum
1629 1681 1889 1737 talionem
1940 1680 2170 1736 reddere

576 1792 687 1833 non
722 1776 1166 1834 succumberem.
1206 1775 1314 1833 Sed
1344 1791 1440 1848 per
1466 1791 1611 1833 nunc
1639 1775 1903 1847 temporis
1941 1773 1996 1830 id
2017 1789 2047 1829 a
2076 1788 2170 1829 me

574 1870 713 1938 ﬁeri,
746 1871 862 1944 ipsa
910 1871 1118 1927 ratione
1154 1870 1435 1943 magistra,
1465 1878 1682 1926 constat
1728 1868 2029 1941 prohiberi,
2085 1884 2171 1924 ra-

574 1964 723 2020 tione
752 1965 1005 2036 inquam,
1056 1981 1125 2021 ne
1168 1964 1324 2019 alicui
1368 1964 1577 2019 malum
1604 1979 1704 2034 pro
1734 1964 1882 2018 malo
1935 1962 2169 2022 reddam

574 2061 755 2121 (Rom.
785 2058 934 2127 xu).
974 2061 1057 2112 Ac
1103 2073 1211 2125 me,
1238 2056 1323 2113 uti
1362 2057 1474 2112 tuis
1519 2056 1712 2112 litteris
1755 2054 1957 2126 liquido
1987 2062 2165 2126 patet,

573 2150 743 2205 scisso
773 2150 935 2221 peplo
974 2148 1227 2215 Palladis,
1270 2148 1426 2220 quasi
1472 2148 1696 2220 injurias
1724 2148 2025 2205 concitasse
2053 2148 2168 2220 pri-

575 2257 746 2312 orem,
778 2241 822 2298 si
866 2242 1033 2298 modo
1057 2242 1238 2313 aliqua
1272 2257 1401 2297 cura
1431 2250 1595 2307 esset,
1640 2242 1852 2299 facilius
1891 2241 2038 2299 dicto
2067 2258 2169 2298 ex-

574 2350 811 2413 purgare
837 2334 1163 2406 potuissem.
1190 2334 1276 2390 Nil
1300 2342 1487 2389 autem
1516 2335 1653 2390 item
1670 2334 1880 2391 dictum
1903 2351 2021 2391 esse
2040 2351 2170 2392 con-

573 2428 952 2496 tumeliosum,
984 2428 1179 2501 cuique
1208 2427 1438 2495 litteras,
1470 2429 1572 2485 etsi
1602 2430 1746 2485 male
1774 2437 2038 2498 tornatas,
2078 2438 2165 2485 ta-

575 2539 705 2578 men
746 2538 898 2578 meas
935 2523 1156 2594 legenti,
1187 2522 1307 2578 luce
1342 2523 1544 2578 clarius
1570 2522 1636 2579 ﬁt
1679 2532 1984 2595 expertum.
2018 2524 2165 2593 Quid

574 2616 635 2671 in
683 2616 790 2672 hoc
839 2594 987 2672 male
1018 2615 1127 2672 feci
1174 2616 1256 2672 vel
1303 2615 1434 2687 quid
1471 2617 1776 2689 promerui,
1820 2617 1985 2689 siego
2029 2634 2060 2673 a
2109 2627 2164 2674 te

572 2709 727 2782 quasi
756 2708 989 2765 fideliter
1005 2710 1384 2780 praemonitus,
1418 2711 1604 2779 etiam,
1632 2726 1789 2767 versa
1818 2711 1950 2780 vice,
1978 2719 2035 2768 te
2062 2727 2163 2783 pro

572 2807 757 2879 aliquo
786 2821 1124 2877 praemonere
1147 2807 1369 2863 curavi?
1399 2808 1504 2863 Sed
1534 2816 1619 2876 ut,
1651 2823 1776 2863 meo
1805 2806 2004 2863 honori
2032 2824 2163 2879 pro-

572 2900 829 2967 videndo,
860 2900 1003 2970 aliis,
1035 2916 1152 2957 non
1177 2900 1273 2956 tibi
1304 2916 1392 2956 me
1419 2900 1485 2956 de
1515 2901 1619 2957 hac
1642 2900 1874 2957 infamia
1914 2902 2160 2958 securio-

572 3008 691 3049 rem
729 2993 981 3061 reddam,
1014 2994 1143 3050 libet
1188 2994 1267 3050 uti
1295 3010 1592 3066 parumper
1636 2995 1831 3067 pedem
1878 2995 2164 3052 retrahens

570 3088 746 3143 nostri
773 3088 982 3159 negocii
1023 3089 1325 3159 primordia
1356 3089 1425 3145 ad
1471 3088 1721 3145 medium
1754 3089 1979 3146 ducam.
2024 3092 2162 3147 Cum

571 3197 662 3238 me
720 3196 849 3237 vero
901 3183 1009 3237 tuis
1067 3182 1437 3239 curatioribus
1480 3185 1642 3251 (fort.
1697 3184 2158 3256 accuratioribus]

570 3274 809 3346 scriptis,
841 3275 1279 3348 coacervatisque
1315 3284 1636 3333 sanctorum
1678 3276 2034 3346 testimoniis,
2060 3294 2161 3334 ceu

570 3368 804 3425 ﬁdeliter
832 3370 1245 3439 praemonendo,
1273 3385 1305 3425 a
1333 3372 1603 3427 canonica
1622 3371 1809 3444 regula
1833 3371 2073 3427 deviasse
2094 3388 2159 3427 ex

569 3462 791 3534 obliquo
818 3465 1044 3529 notasti,
1083 3466 1273 3536 quales
1301 3474 1483 3537 grates
1527 3466 1609 3521 vel
1629 3465 1759 3537 quid
1786 3464 1917 3521 boni
1942 3481 2159 3537 prome-

568 3557 773 3612 ruisses
800 3574 912 3612 non
954 3559 1088 3613 satis
1117 3557 1275 3614 facile
1305 3558 1545 3614 invenire
1574 3560 1729 3630 potui
1762 3577 1774 3614 :
1825 3558 1975 3630 quod
2016 3560 2160 3615 ami-

568 3664 699 3703 cum
746 3649 864 3703 sine
901 3666 1063 3705 causa
1105 3650 1428 3718 admonere,
1478 3651 1612 3722 quid
1657 3661 1740 3708 est
1768 3652 1873 3707 nisi
1916 3652 2161 3710 infamia:

568 3740 785 3796 macula
836 3741 893 3796 in
933 3742 1089 3796 illum
1146 3742 1267 3812 plus
1310 3746 1602 3815 spargere?
1647 3747 1788 3799 Nam
1840 3745 1933 3800 ubi
1980 3763 2160 3819 neque

564 3849 654 3890 res
673 3848 851 3903 neque
867 3850 1004 3904 opus
1024 3833 1354 3890 admonendi
1380 3837 1549 3891 instat
1563 3879 1577 3904 ,
1604 3838 1716 3905 ubi,
1749 3839 1901 3907 quid,
1922 3840 2155 3909 quando,

2283 1302 2563 1375 quoddam
2593 1300 3001 1372 Gregorianum
3029 1298 3300 1370 recepisse
3328 1312 3411 1352 me
3436 1296 3611 1367 absque
3627 1295 3760 1351 rubore

2282 1395 2493 1453 fateor:
2523 1403 2744 1468 propter
2760 1408 2928 1467 quam
2953 1408 3073 1449 rem
3098 1392 3184 1447 vel
3214 1408 3244 1447 a
3269 1400 3343 1458 te,
3369 1389 3445 1446 vel
3472 1389 3531 1446 ab
3547 1389 3684 1459 aliquo
3703 1404 3759 1443 me

2279 1490 2455 1547 notari
2476 1506 2589 1546 non
2613 1503 2823 1557 vereor,
2843 1488 3010 1560 quod,
3041 1487 3187 1543 sicut
3214 1488 3267 1543 S.
3300 1484 3545 1557 Gregorio
3562 1483 3757 1539 Siciliane;

2280 1585 2538 1641 diaconos
2598 1583 2667 1639 ab
2722 1582 2989 1639 uxoribus
3030 1597 3147 1637 non
3200 1580 3260 1636 in
3294 1588 3521 1651 tempore
3563 1575 3758 1649 prohibitis

2280 1679 2545 1734 violenter
2573 1686 2629 1733 et
2657 1677 2968 1734 inordinate
3006 1675 3273 1747 separari,
3315 1670 3605 1729 deteriorem
3637 1684 3755 1725 casum

2278 1772 2515 1841 timenti,
2549 1772 2732 1827 minus
2758 1770 2983 1843 placuit;
3028 1770 3114 1824 uti
3145 1768 3481 1841 Paphuucius
3500 1772 3608 1820 ante
3631 1777 3754 1820 conse-

2278 1867 2575 1923 crationem
2616 1864 2856 1937 legitime
2897 1863 3081 1920 ductis
3111 1862 3395 1931 uxoribus,
3431 1858 3636 1916 similiter
3661 1870 3754 1912 octa-

2276 1961 2485 2017 sionem
2511 1958 2890 2015 fornicationis
2906 1956 3237 2025 abhorrens,
3256 1954 3535 2012 sacerdotes
3560 1967 3645 2008 non
3661 1964 3753 2005 com-

2276 2054 2492 2110 misceri
2520 2052 2884 2120 contradixit;
2923 2052 2999 2107 sic
3027 2051 3207 2108 etiam
3246 2050 3375 2106 mihi
3401 2046 3752 2109 bomunculo,ve

2276 2150 2371 2205 luti
2396 2165 2527 2204 cum
2554 2156 2669 2203 tam
2697 2145 2901 2203 sanctis
2927 2145 3060 2201 viris
3114 2145 3177 2200 in
3206 2144 3354 2201 idem
3376 2135 3681 2205 consentienti,
3701 2135 3754 2190 ni-

2276 2244 2383 2299 mis
2411 2259 2475 2298 ac
2500 2240 2663 2297 nimis
2680 2242 2683 2243 ⁷
2700 2241 2993 2297 temeraria
3023 2240 3207 2296 nostri
3256 2236 3503 2309 temporis
3524 2229 3751 2306 prohibitio,

2274 2353 2387 2393 non
2419 2352 2484 2393 ex
2511 2336 2665 2392 omni
2696 2343 2848 2407 parte
2874 2334 3030 2390 beata
3067 2333 3239 2391 videri
3266 2334 3449 2404 potuit.
3476 2326 3605 2385 Verbi
3622 2322 3748 2398 gratia.

2280 2430 2426 2503 quod
2440 2445 2724 2501 nunquam
2741 2428 3102 2502 acquisiturn,
3118 2428 3298 2483 multo
3309 2424 3502 2482 facilius
3514 2422 3748 2491 denegatur.

2276 2541 2441 2597 quam
2469 2524 2760 2596 aliquando
2802 2531 3118 2594 acceptum,
3163 2521 3208 2578 si
3253 2522 3438 2592 placet,
3472 2508 3749 2573 auferatur.Si

2276 2625 2499 2690 propter
2526 2618 2671 2675 hanc
2694 2633 2811 2673 rem
2837 2616 3190 2673 anathemati
3217 2615 3474 2687 subjacere
3494 2609 3644 2673 debeo,
3663 2606 3745 2659 Gre-

2269 2713 2488 2784 gorium
2517 2721 2683 2784 atque
2705 2709 3090 2783 Paphuucium
3118 2724 3332 2766 mecum
3351 2709 3404 2763 in
3421 2718 3557 2762 causa
3576 2714 3660 2757 esse
3678 2710 3747 2750 non

2270 2822 2466 2878 parum
2497 2806 2724 2879 gaudeo.
2751 2804 2858 2862 Sed
2883 2813 3081 2861 autem
3111 2820 3303 2861 vereor
3328 2819 3391 2859 ne
3418 2800 3493 2856 ille
3516 2795 3647 2867 magis
3665 2804 3746 2846 ana-

2268 2899 2711 2957 thematizandus
2768 2898 3038 2955 subsistat
3114 2900 3211 2971 qui
3270 2896 3423 2952 tantis
3464 2891 3582 2957 viris.
3621 2895 3746 2955 ειρθτδ

2268 2994 2635 3063 discretionis,
2688 3001 2981 3066 repugnat;
3048 2992 3148 3049 ille
3197 2992 3361 3049 etiam
3400 2988 3552 3045 adhuc
3591 2978 3744 3036 anathe-

2269 3090 2405 3145 mati
2437 3087 2697 3144 deteriori
2749 3086 3085 3143 succumbat
3112 3088 3227 3160 qui,
3257 3092 3438 3141 contra
3468 3079 3633 3136 decreta
3652 3070 3744 3142 eju5°

2268 3183 2397 3239 dem
2442 3182 2715 3253 Gregorii,
2762 3179 3043 3236 Eleutheri
3102 3196 3375 3254 paparum,
3413 3170 3613 3263 Anacleti,
3641 3168 3745 3263 Pon-

2267 3274 2423 3343 tiani,
2468 3274 2708 3344 Eusebii,
2749 3273 3067 3330 sacerdotes
3120 3292 3154 3331 a
3194 3270 3515 3331 saecularibus

2267 3368 2528 3439 accusari,
2583 3368 2779 3439 arceri,
2824 3368 3053 3440 despici,
3132 3365 3427 3432 contemni,
3482 3360 3537 3418 ab
3578 3351 3742 3411 εοειεείὶδ

2266 3464 2470 3536 absque
2498 3463 2751 3536 synodali
2771 3461 2973 3536 judicio
2997 3461 3273 3518 eliminari
3298 3455 3548 3533 approbat.

2341 3556 2667 3630 Quicunque
2696 3567 2965 3630 aegrotum
3004 3557 3201 3613 solerti
3225 3572 3350 3612 cura
3377 3563 3539 3609 sanare
3573 3537 3741 3599 studeat.

2268 3652 2663 3724 circumposita
2708 3650 2977 3720 membra,
3031 3652 3357 3723 priusquam
3400 3647 3555 3734 ipsum;
3588 3634 3741 3734 νυιιξυεν

2270 3748 2489 3818 palpare
2517 3745 2818 3817 provideat.
2859 3745 2913 3802 Si
2957 3745 3141 3816 ipsum
3175 3745 3367 3799 vulnus
3392 3733 3611 3796 incautius
3628 3733 3742 3797 primo

2271 3840 2423 3896 aditu
2481 3847 2700 3907 tractat,
2744 3838 3003 3895 omnibus
3062 3838 3246 3895 modis
3286 3835 3511 3893 infirmus
3547 3820 3737 3881 reclamat

566 3929 674 3991 cui,
719 3926 834 3982 imo
880 3942 1114 3998 quaeque
1159 3927 1572 3984 circumstantia
1601 3939 1786 3997 vacat;
1831 3946 1997 4002 ergo,
2033 3933 2159 3987 abs-
2193 3935 2237 3998 C
2266 3936 2383 3989 Hac
2409 3934 2561 3990 enim
2583 3932 2887 3989 intentione
2914 3932 3030 4005 ipse
3050 3931 3400 3990 secretarium
3429 3925 3565 4000 [fort
3587 3917 3741 4005 secrete-

563 4036 667 4091 que
698 4018 804 4084 his,
852 4020 985 4095 quid
1030 4020 1259 4092 alicujus
1286 4021 1582 4079 admonere
1610 4022 1757 4079 aliud
1803 4024 2005 4093 valeat,
2048 4024 2155 4080 nisi

563 4122 803 4182 tantum,
835 4123 897 4171 ut
927 4122 1109 4187 poeta,

671 4250 834 4306 Omne
859 4265 1249 4320 supervacuum
1267 4251 1426 4320 pleno
1452 4251 1522 4306 de
1536 4257 1752 4322 pectore
1773 4258 1999 4310 manat?

563 4400 651 4454 Me
681 4413 809 4455 vero
840 4398 1126 4471 inrecepto
1152 4399 1453 4456 Sozomeni
1481 4399 1686 4471 capite,
1708 4400 1777 4456 de
1810 4416 1921 4472 quo
1969 4401 2153 4459 adhuc

560 4492 661 4547 sub
681 4492 868 4564 judice
911 4493 975 4549 Iis
1003 4501 1107 4562 est,
1149 4492 1226 4548 nil
1259 4509 1503 4565 unquam
1531 4510 1561 4548 a
1597 4510 1731 4550 sana
1777 4495 2027 4552 doctrina
2056 4497 2150 4553 de-

566 4586 767 4651 viasse,
796 4590 994 4657 cuique
1032 4587 1167 4642 scire
1212 4587 1417 4643 volenti
1446 4595 1598 4658 patet
1645 4589 1868 4660 gemina
1910 4590 2148 4659 ratione,

561 4695 667 4734 una
696 4679 907 4735 scilicet
932 4680 1080 4751 quod
1100 4679 1175 4735 nil
1205 4680 1261 4735 in
1292 4682 1509 4749 eodem,
1540 4690 1692 4738 certo
1720 4681 1863 4751 loco,
1899 4691 2153 4755 tempore

561 4771 908 4844 probatisque
936 4775 1185 4844 personis
1232 4777 1486 4845 recitato,
1538 4777 1765 4848 scripto,
1816 4778 2083 4835 translato
2134 4798 2148 4835 :

561 4865 671 4921 nisi
738 4865 1117 4922 authenticum
1166 4876 1220 4923 et
1280 4869 1560 4940 probabile
1629 4870 1928 4942 perspicio;
1982 4873 2152 4930 altera

560 4957 732 5027 enim,
763 4958 805 5014 si
846 4974 962 5014 non
1004 4959 1271 5031 probabili
1318 4962 1608 5018 meliorem
1660 4963 2001 5022 intellectum
2049 4967 2150 5023 ad-

558 5051 752 5109 hibens
805 5054 969 5121 [fort.
1058 5053 1362 5125 adhibeat],
1434 5056 1568 5112 nihil
1637 5058 1738 5113 sub
1796 5048 1912 5130 ejus
1990 5075 2151 5119 occa-

556 5145 712 5202 sione
785 5146 1029 5218 perversi
1114 5148 1450 5221 dogmatizo,
1509 5166 1685 5224 neque
1760 5153 1841 5209 tui
1892 5152 2152 5210 admoni-

554 5241 701 5298 tione
741 5256 881 5315 opus
914 5240 1112 5311 habeo,
1142 5258 1247 5299 nec
1287 5243 1626 5317 Gregoriano
1656 5244 1994 5303 anathemati
2022 5246 2152 5304 sub-

549 5348 731 5406 Jaceo.
1844 5362 1847 5365 <

625 5429 767 5484 Nam
801 5444 978 5500 neque
1019 5437 1078 5488 tu
1107 5446 1286 5507 neque
1324 5431 1523 5506 aliquis
1563 5448 1708 5492 sanae
1754 5433 1970 5504 frontis,
2000 5435 2145 5492 salva

556 5521 807 5589 veritate,
824 5521 883 5575 in
904 5521 1102 5581 faciem
1121 5526 1375 5583 conﬁteri
1398 5537 1577 5599 potest
1596 5528 1744 5600 quod
1771 5545 1861 5586 me
1881 5546 2143 5603 unquam,

553 5614 655 5670 sub
678 5614 841 5689 hujus
866 5618 1088 5688 capituli
1132 5622 1439 5692 occasione,
1479 5622 1565 5678 vel
1595 5638 1724 5679 cum
1752 5623 2035 5679 Nicolaitis
2062 5624 2148 5680 vel

575 5724 679 5765 :um
712 5709 1060 5768 Paulianistis
1096 5716 1346 5785 proprias
1388 5732 1585 5773 uxores
1615 5716 1992 5773 sacerdotibus
2021 5734 2148 5774 con-

567 5803 781 5861 :essisse
799 5806 1045 5877 audiret;
1059 5806 1157 5864 sed
1172 5807 1227 5866 id
1240 5810 1632 5869 tantummodo
1649 5821 1871 5884 propter
1889 5826 2151 5884 magnam

2264 4026 2408 4100 rius]
2440 4027 2640 4084 Christi
2672 4028 2870 4097 Moses,
2905 3999 3014 4098 quo
3046 4034 3234 4101 pejora
3264 4020 3610 4093 compesceret,
3639 3999 3739 4060 libd'

2262 4122 2376 4177 lum
2427 4121 2637 4193 repudii
2681 4120 3148 4193 asportarijubet.
3181 4119 3293 4177 Sub
3338 4117 3434 4171 hac
3468 4106 3739 4193 etenimotca'

2264 4215 2419 4271 sione
2437 4191 2625 4288 justus
2669 4191 2830 4284 Loth,
2874 4223 2934 4271 ut
2969 4191 3047 4270 ita
3087 4214 3290 4281 dicam,
3342 4210 3409 4265 ob
3446 4204 3570 4277 pejus
3604 4191 3736 4249 malum

2262 4308 2675 4377 declinandum,
2714 4309 2860 4381 ipsas
2901 4307 3041 4363 filias
3088 4304 3379 4364 Sodomitis
3420 4291 3659 4357 concedere
3683 4293 3742 4335 vo-

2264 4403 2362 4458 luit
2377 4402 2717 4458 abutendum
2738 4405 2898 4473 (Gen.
2927 4417 3088 4459 xvm
3106 4408 3142 4468 ).
3159 4403 3353 4457 Nonne
3366 4394 3515 4452 etiam
3532 4390 3620 4458 ipse
3642 4387 3741 4473 50"”

2264 4513 2387 4552 mus
2421 4496 2694 4568 Pontifex,
2719 4498 2809 4568 qui
2848 4498 3015 4553 caelos
3045 4494 3360 4568 penetravit,
3389 4504 3488 4545 non
3508 4487 3655 4539 omnes

2263 4590 2489 4647 verbum
2518 4591 2782 4647 castitatis
2812 4607 3005 4663 capere
3033 4590 3261 4659 (Matth.
3293 4589 3442 4649 xxx),
3470 4587 3611 4646 neque
3632 4570 3742 4664 etiam

2262 4700 2477 4741 novum
2522 4693 2771 4741 mustum
2820 4686 2875 4740 in
2907 4692 3117 4741 veteres
3166 4692 3316 4738 utres
3352 4673 3491 4733 fundi
3531 4664 3743 4768 convenire

2265 4778 2491 4851 (Μαίτνιι
2523 4784 2621 4848 ΙΧ)
2651 4779 2872 4851 insuper
2898 4778 3060 4835 rudes
3104 4773 3415 4847 discipulos,
3442 4758 3637 4839 quandiu
3657 4758 3741 4804 cum

2262 4874 2367 4929 illis
2394 4875 2639 4947 Sponsus
2659 4883 2762 4943 est,
2793 4890 2906 4930 nou
2930 4873 3181 4945 jejunare
3213 4868 3482 4943 proﬁtetur
3505 4852 3740 4947 (Μανθίξξξ

2261 4934 2463 5025 ΜαΐΐΙί.
2506 4973 2624 5036 1x),
2691 4934 3101 5023 infirmitatibus
3168 4934 3367 5020 nostris
3416 4934 3743 5036 misericorditer

2261 5061 2503 5134 compati
2553 5025 2664 5117 non
2724 5061 3083 5133 dedignatur?
3139 5058 3327 5113 Nonne
3364 5047 3539 5108 Paulus
3570 5025 3740 5134 Veia]:

2261 5124 2476 5221 ctionis,
2505 5154 2616 5228 qui,
2661 5170 2832 5227 usque
2852 5124 2940 5211 vad
2970 5154 3117 5209 tertii
3146 5151 3267 5208 caeli
3308 5152 3485 5217 raptus
3505 5124 3740 5228 Ρπδδξωῗ

2266 5250 2354 5319 (II
2380 5216 2500 5304 Cor.
2521 5216 2668 5316 in),
2699 5216 2775 5304 uti
2806 5263 2908 5303 nos
2936 5248 3005 5303 ad
3035 5241 3454 5318 compassionem
3476 5216 3740 5319 Ρτοξηυιεδῖθ

2174 5378 2225 5441 D
2254 5309 2636 5414 [provocare]?
2661 5340 2909 5409 studeat,
2960 5357 3059 5397 nos
3103 5309 3349 5395 homines
3374 5340 3478 5387 esse
3517 5309 3736 5441 3:13:23;

2255 5399 2394 5492 sicut
2411 5399 2687 5506 seipsum?
2706 5434 2800 5491 Ille
2831 5399 2976 5492 idem
3008 5435 3154 5492 enim
3190 5445 3334 5497 vero,
3366 5399 3732 5506 quemadmodlfl“

2256 5498 2633 5601 Paphuucius,
2667 5545 2778 5585 non
2810 5530 2991 5585 solum
3021 5534 3240 5602 propter
3266 5516 3452 5578 sobolis
3481 5498 3733 5603 ρτοιξεεῗξξξξ

2256 5590 2421 5691 nem,
2457 5622 2553 5678 sed
2597 5590 2668 5679 ob
2712 5590 3052 5680 devitandam
3088 5590 3479 5678 fornicationem
3520 5590 3727 5691 unicuiqff

2257 5681 2525 5775 concessit
2565 5732 2723 5773 suam
2774 5732 3003 5773 uxorem
3046 5717 3106 5784 (Ι
3138 5713 3251 5769 Cor.
3298 5707 3428 5769 vn).
3474 5681 3726 5784 ΩιιδΡΓξῖΡξῗτ

2260 5772 2552 5871 Sozomeni
2600 5819 2764 5885 caput
2790 5811 3016 5870 anobis
3050 5772 3167 5867 tam
3203 5816 3339 5876 sape
3375 5794 3539 5853 tritum
3561 5772 3722 5834 nulla”
