4052 6180
241 281 375 335 1093

1148 282 1432 337 APPEND.
1476 284 1561 337 lll.
1602 313 1674 324 -—
1708 282 2128 344 MONUMENTA
2165 289 2622 347 GREGORIANA.

3322 291 3324 294 ’
3397 297 3533 352 1094

234 419 339 461 nus
366 403 580 460 videtur
630 411 745 460 tam
792 411 999 462 temere
1025 406 1619 477 anathematizandum,
1652 408 1817 480 quod,
1851 413 1904 475 Α
2012 414 2160 484 Quid
2190 417 2344 487 plura
2364 418 2385 471 Ρ
2409 431 2550 486 vere,
2584 416 2630 472 si
2662 415 3033 487 Paphnucius,
3056 417 3136 473 uti
3161 426 3221 473 tu
3247 420 3534 492 peregrino

232 506 293 553 ut
335 498 408 553 ait
453 500 509 553 S.
540 500 883 570 Augustinus
923 499 979 554 in
1008 516 1109 556 suo
1153 503 1404 572 Speculo,
1459 504 1735 573 quidquid
1768 507 1826 558 in

233 593 430 646 divin-is
486 593 782 662 Scripturis
812 595 997 662 aliquo
1042 596 1196 649 modo
1245 598 1519 665 probabile
1585 597 1820 660 videtur,

231 687 542 741 nullatenus
573 687 641 740 ab
689 689 869 756 aliquo
910 689 1072 754 facile
1117 691 1523 760 prtejudicetur.
1554 693 1692 746 Haec
1721 691 1827 746 ha-

237 788 451 836 etenus.

305 877 380 930 At
407 889 506 947 ego
536 873 580 928 si
623 889 735 929 non
765 890 989 930 omnem
1016 874 1184 945 diem,
1215 876 1314 932 sed
1339 876 1484 933 diem
1507 879 1653 934 inter
1677 859 1855 935 diem,

231 969 412 1039 sapio,
460 967 795 1024 anathemati
850 968 1133 1041 subjacere
1190 970 1400 1026 debeo?
1457 971 1623 1028 absit!
1681 973 1828 1044 quod

229 1062 346 1133 ipse
384 1077 637 1118 summus
668 1061 918 1118 Medicus
952 1078 1134 1135 neque
1164 1073 1478 1135 peccatores
1505 1082 1690 1122 mensa
1716 1067 1830 1139 ejus

232 1156 465 1225 privavit
492 1156 708 1220 (Matth.
767 1161 872 1220 1x),
907 1173 1007 1212 nec
1062 1158 1419 1228 peccatricem
1468 1176 1498 1214 a
1541 1168 1689 1216 tactu
1733 1176 1828 1231 pe-

230 1248 366 1303 dum
411 1248 676 1318 separavit
722 1248 866 1319 (Luc.
914 1255 1042 1315 vn).
1090 1252 1211 1322 Ipse
1239 1254 1410 1308 etiam
1463 1269 1591 1308 cum
1623 1255 1829 1325 princi-

226 1358 358 1412 pem
389 1342 814 1398 Publicanorum
852 1344 930 1399 sui
957 1343 1158 1400 faciem
1184 1345 1489 1402 desiderare
1523 1348 1826 1416 conspexit,

227 1451 571 1507 nequaquam
602 1437 686 1491 sui
732 1439 1045 1508 praesentia,
1076 1439 1191 1494 imo
1217 1440 1387 1494 etiam
1430 1441 1510 1496 sui
1541 1441 1826 1496 cohabita-

225 1529 377 1584 tione
407 1528 752 1585 defraudavit
781 1532 928 1601 (Luc.
957 1537 1111 1597 xrx).
1140 1531 1244 1588 Sed
1275 1541 1356 1598 tu,
1382 1533 1570 1600 credo,
1600 1536 1831 1604 opponis

227 1623 350 1678 illos
399 1623 730 1692 pmnituisse.
781 1630 875 1691 At,
920 1641 1074 1696 rogo,
1126 1625 1272 1681 unde
1303 1627 1495 1682 credas
1540 1627 1646 1682 illis
1674 1643 1826 1683 com-

228 1717 542 1788 punctionis
561 1727 744 1773 motus
772 1718 826 1772 in
856 1727 1103 1774 mentem
1133 1719 1431 1775 cecidisse?
1461 1720 1710 1776 Profecto
1733 1723 1823 1776 Fi-

1933 507 2210 565 intellectu
2279 510 2558 566 arbitraris
2626 511 2709 565 vel
2784 511 3036 567 ultroneo
3109 515 3532 584 argumentaris,

1933 603 2191 659 omnibus
2234 605 2604 662 sacerdotibus
2634 605 2912 660 licentiam
2939 605 3179 661 nubendi
3208 611 3536 678 generaliter

1933 696 2276 763 concederet,
2329 714 2441 754 non
2493 699 2569 754 ita
2630 699 2972 770 singulariter
3025 709 3080 756 et
3129 701 3410 758 evidenter
3467 704 3534 760 de

1932 799 2057 846 ante
2102 793 2570 849 consecrationem
2622 794 2897 865 usurpatis
2943 809 3101 866 agere
3140 796 3404 853 studeret.
3445 795 3533 854 Ad

1935 884 2040 940 hoc
2079 885 2264 953 etiam,
2292 885 2335 940 si
2380 887 2433 941 in
2460 887 2644 958 aliquo
2673 902 2820 944 sana
2849 887 3118 944 doctrina:
3144 889 3418 946 adversari
3449 893 3532 946 in-

1934 980 2188 1049 spiceret,
2233 979 2542 1035 nullatenus
2594 980 2646 1036 id
2699 982 2878 1050 ipsum
2933 991 3096 1053 caput
3159 984 3531 1053 Cassiodorus,

1935 1073 2017 1127 vir
2065 1072 2203 1129 divae
2260 1073 2563 1140 memoriae,
2615 1089 2935 1145 magnaeque
2995 1077 3423 1133 conversationis
3479 1095 3508 1134 e

1936 1166 2257 1238 prudentiae,
2279 1174 2392 1222 tam
2417 1167 2660 1222 officiose
2686 1167 2753 1222 de
2779 1171 2974 1224 Graeco
2992 1169 3049 1223 in
3067 1171 3330 1226 Latinum
3353 1180 3536 1227 trans-

1937 1261 2078 1316 ferre
2125 1261 2418 1316 laboraret.
2475 1263 2733 1326 Putasne,
2783 1261 2827 1316 si
2883 1262 3076 1334 aliquis
3126 1266 3340 1320 scenica
3398 1273 3535 1334 arte,

1938 1363 1999 1409 ut
2049 1363 2108 1410 tu
2151 1355 2321 1422 dicis,
2364 1371 2521 1410 suam
2563 1354 2815 1410 haeresim
2863 1356 2965 1410 sub
3018 1372 3246 1427 persona
3276 1358 3535 1428 Paphncii

1938 1457 2118 1520 tegere
2157 1448 2402 1515 auderet,
2452 1447 2829 1514 Cassiodorus,
2866 1457 2985 1505 tam
3018 1451 3267 1523 egregius
3295 1452 3399 1519 vir,
3432 1452 3536 1508 sibi

1937 1541 2308 1598 transferendo
2347 1541 2526 1598 favere
2566 1547 2814 1598 curaret?
2858 1546 2984 1600 Non
3033 1560 3177 1611 vere,
3213 1545 3343 1616 quia
3375 1561 3538 1602 omne

1937 1652 2098 1691 suum
2143 1652 2280 1706 opus
2321 1637 2431 1692 late
2479 1652 2574 1707 per
2606 1637 2872 1693 Ecclesias
2911 1637 3123 1694 redolet
3153 1640 3534 1696 authenticum

1936 1738 1990 1785 et
2018 1729 2319 1786 laudabile:
2351 1747 2479 1786 cum
2524 1732 2697 1787 multa
2741 1733 2959 1804 scripta,
2994 1742 3074 1802 ut,
3107 1733 3164 1788 in
3197 1733 3402 1801 Veteri,
3431 1738 3538 1790 To-

227 1811 332 1866 lius
357 1811 612 1876 hominis,
641 1811 736 1883 qui
764 1811 834 1866 de
865 1813 1003 1867 coelo
1044 1812 1346 1882 descendit,
1375 1813 1604 1869 Zachaeo
1630 1815 1710 1870 sui
1737 1831 1827 1870 oc-
1864 1823 1908 1884 Β
1944 1822 2046 1878 hia:
2074 1832 2313 1892 auctore,
2345 1833 2398 1880 et
2427 1825 2482 1879 in
2508 1828 2688 1894 Novo,
2720 1835 2782 1881 ut
2808 1827 3164 1898 Apocalypsis
3193 1828 3536 1895 translatore,

224 1904 374 1959 culta
429 1905 786 1975 inspiratione
848 1905 1221 1961 ascensionem
1271 1906 1481 1962 arboris
1539 1909 1824 1978 persuasit.

224 1997 314 2053 Sic
367 1998 534 2053 etiam
569 2015 736 2067 nunc,
778 1998 881 2054 nisi
929 1999 1016 2054 ille
1046 2000 1233 2054 omnia
1265 1999 1484 2055 trahens
1512 2001 1580 2057 ad
1629 2017 1686 2056 se
1737 2018 1826 2057 oc»

224 2092 376 2147 culto
424 2108 536 2147 suae
583 2092 771 2164 gratim
819 2101 954 2148 nutu
984 2109 1086 2148 nos
1133 2093 1366 2148 miseros
1404 2093 1606 2163 trahat,
1639 2097 1824 2165 procul

222 2185 394 2240 dubio
445 2187 618 2240 nostri
663 2200 816 2257 papae
853 2187 1150 2242 auctoritas
1181 2188 1415 2254 vacillat,
1447 2192 1670 2260 Agnum
1699 2206 1824 2245 cum

223 2279 356 2349 lupo
421 2279 562 2335 vesci
608 2282 738 2346 (Isa.
789 2286 876 2344 x1)
927 2280 1225 2336 conﬁtetur
1305 2283 1534 2338 dextera
1597 2283 1828 2339 Excelsi.

220 2373 460 2428 Proinde
499 2389 770 2444 quemque
801 2375 1014 2445 piorum
1059 2377 1230 2446 magis
1281 2375 1499 2431 deceret
1530 2393 1626 2447 pro
1676 2377 1830 2432 inﬁr-

225 2468 334 2522 mis
375 2483 550 2534 orare,
580 2483 746 2538 quam
800 2467 856 2522 in
887 2468 1002 2522 istis
1048 2469 1210 2523 malis
1236 2468 1434 2524 diebus
1461 2478 1544 2524 tot
1573 2486 1827 2539 persecu-

220 2570 413 2617 torum
445 2577 614 2631 super
635 2577 730 2617 eos
751 2561 950 2633 jugum
974 2561 1192 2617 ducere.
1227 2565 1306 2618 Ex
1344 2579 1454 2634 quo
1483 2571 1671 2634 gentes
1707 2580 1826 2620 esse

221 2664 538 2726 cmperunt,
566 2656 704 2711 nulli
731 2657 984 2727 priorum
1007 2666 1122 2711 tam
1147 2673 1308 2728 grave
1339 2665 1557 2728 tempus
1595 2658 1828 2729 inspexe-

221 2759 376 2805 runt.
406 2750 681 2806 Omnibus
709 2750 911 2806 divinis
938 2751 1146 2820 legibus
1177 2751 1509 2821 postpositis,
1540 2767 1640 2821 pro
1666 2751 1826 2806 libitu

222 2861 330 2898 nos
356 2844 642 2910 devorant,
669 2847 809 2900 sicut
835 2862 1003 2900 escam
1018 2848 1179 2914 panis
1211 2847 1374 2911 (Psal.
1408 2855 1565 2908 xm).
1597 2847 1718 2916 lpse
1747 2845 1828 2900 Si-

219 2939 396 2993 ricius
437 2955 575 3009 papa
604 2954 715 2992 non
746 2947 963 3009 pr0pter
991 2939 1444 2994 incontinentiam
1475 2953 1700 3009 poenam
1730 2954 1828 2992 ex-

222 3032 494 3103 pulsionis
523 3032 727 3100 intulit,
751 3047 929 3102 neque
951 3032 1407 3088 communionem
1437 3032 1624 3104 populi
1654 3032 1830 3087 abstu-

219 3126 308 3195 lit,
338 3124 441 3180 sed
470 3133 685 3180 tantum
716 3125 938 3195 majoris
981 3124 1186 3181 ordinis
1218 3127 1624 3197 promotionem
1650 3126 1826 3182 distu-

219 3219 305 3274 lit.
381 3221 558 3288 Quam
614 3218 846 3274 discrete
898 3235 1128 3290 quamve
1201 3220 1663 3288 mesericorditer,
1699 3220 1834 3275 inter
1863 3207 1906 3270 C

217 3314 521 3386 praesentia
569 3324 622 3369 et
671 3312 859 3369 futura
912 3315 1188 3383 medians,
1222 3316 1482 3372 dominus
1513 3332 1672 3388 papa,
1712 3325 1828 3372 tum

223 3409 425 3480 gracis
474 3418 593 3462 tum
667 3408 852 3462 latinis
917 3409 1107 3463 litteris
1155 3409 1576 3478 eruditissimus,
1611 3413 1724 3465 Leo
1764 3410 1831 3465 de

218 3502 395 3573 hujus
447 3502 520 3555 rei
550 3502 791 3572 negotio,
839 3510 978 3573 agat,
1013 3511 1103 3557 tua
1133 3503 1422 3557 curiositas
1451 3503 1652 3574 absque
1682 3503 1829 3557 omni

219 3611 390 3652 mora
421 3595 482 3649 in
521 3596 849 3652 memoriam
891 3596 1138 3652 reducat.
1170 3595 1316 3665 Quid
1346 3612 1482 3667 opus
1512 3604 1594 3652 est
1621 3596 1829 3652 verbis?

213 3707 332 3745 non
366 3698 452 3744 est
498 3688 655 3744 dolor
707 3699 896 3744 nostro
928 3690 1154 3744 similis.

289 3786 510 3842 Vellem
536 3796 610 3855 te,
637 3787 715 3841 mi
743 3787 933 3852 frater,
967 3795 1159 3842 notare
1191 3787 1525 3857 Gregorium
1550 3793 1711 3858 atque
1740 3787 1827 3842 Si-

218 3881 426 3936 ricium
477 3881 872 3952 aliquantulum
921 3879 974 3934 in
1019 3880 1114 3935 ista
1163 3897 1242 3948 re,
1292 3881 1372 3935 uti
1419 3881 1557 3936 mihi
1594 3881 1829 3943 videtur,

216 3975 462 4029 invicem
493 3974 796 4029 dissonare.
847 3973 1262 4029 Promotionem
1294 3990 1442 4039 vero,
1493 3991 1658 4046 quam
1698 3975 1828 4030 Siri-

217 4069 345 4124 cius
377 4067 594 4138 penitus
623 4068 681 4122 in
726 4065 974 4124 futurum
1003 4076 1234 4134 resecat,
1267 4068 1566 4139 Gregorius
1588 4069 1827 4124 diaconi-

216 4162 328 4217 bus
379 4170 604 4232 propter
647 4161 844 4232 prioris
874 4162 1048 4232 culpae
1097 4162 1396 4228 maculam,
1446 4163 1489 4215 si
1535 4162 1729 4215 vellent
1777 4163 1829 4215 in

219 4257 589 4327 postmodum
619 4256 918 4318 continere,
959 4272 1069 4311 non
1119 4254 1373 4325 denegat.
1429 4255 1657 4310 Siricius
1702 4271 1830 4309 vero

217 4351 523 4417 diaconos,
567 4365 703 4420 quos
748 4349 847 4404 nisi
897 4349 1176 4421 proposito
1222 4349 1422 4404 mentis
1449 4357 1569 4420 post
1613 4356 1832 4419 tempus

217 4445 290 4500 ad
318 4443 636 4499 castitatem
665 4443 915 4514 compelli
945 4461 1059 4499 non
1090 4445 1148 4498 in
1178 4451 1393 4499 tantum
1416 4442 1682 4514 probavit,
1709 4459 1830 4498 eos-

217 4538 381 4604 dem,
413 4539 497 4593 uti
523 4554 742 4593 mecum
774 4539 965 4604 sentis,
993 4538 1047 4592 in
1079 4547 1323 4608 tempore
1365 4538 1418 4592 in
1443 4537 1681 4608 idipsum
1707 4553 1830 4609 pro-

219 4634 397 4704 positi
429 4642 554 4688 ante
581 4632 832 4686 ordinem
856 4648 1076 4702 cogens,
1101 4632 1169 4686 ab
1200 4632 1493 4702 episcopis,
1521 4632 1624 4686 nisi
1653 4631 1833 4686 conti-

214 4736 450 4793 nerent,
510 4726 816 4796 promoveri
867 4725 1160 4796 prohibuit.
1245 4725 1450 4780 Idcirco
1508 4741 1644 4795 pene
1702 4725 1834 4780 nihil

218 4821 405 4877 distat
457 4821 582 4890 quin
635 4820 754 4891 ejus
809 4828 861 4873 et
907 4819 1211 4888 Paphnucii
1258 4818 1529 4874 sententia
1560 4818 1616 4872 in
1664 4834 1836 4873 unum

215 4915 502 4971 conﬂuat.
536 4917 644 4968 lste
673 4913 739 4968 de
768 4912 1074 4968 inordinate
1105 4920 1229 4982 post
1255 4911 1505 4968 ordinem
1532 4911 1836 4983 prohibitis,

213 5009 318 5064 ille
351 5015 562 5075 autem,
611 5007 679 5062 de
709 5016 834 5061 ante
864 5006 1330 5062 consecrationem
1378 5006 1494 5076 agit
1537 5006 1832 5077 usurpatis.

212 5103 340 5159 Iste
365 5101 440 5156 de
468 5101 887 5168 commistione;
921 5101 1010 5156 ille
1035 5117 1184 5167 vero,
1211 5108 1274 5154 ut
1302 5100 1375 5154 ita
1395 5100 1593 5166 dicam,
1625 5099 1692 5154 de
1717 5116 1840 5154 con-

209 5196 594 5252 dor-mitione.
619 5199 730 5250 Nec
756 5204 974 5266 propter
997 5194 1103 5250 hoc
1130 5204 1324 5249 neuter
1344 5209 1559 5259 eorum,
1595 5193 1674 5248 uti
1698 5192 1836 5248 mihi

209 5290 474 5354 videtur,
506 5289 562 5344 in
582 5289 762 5360 aliquo
792 5289 1067 5344 canonicis
1113 5287 1348 5343 decretis
1399 5287 1654 5344 reluctari
1686 5287 1839 5343 vide-

203 5391 356 5447 tur;
392 5383 543 5454 quod
584 5383 675 5439 ubi
706 5383 952 5438 nondum
1007 5397 1100 5452 per
1127 5381 1308 5453 legem
1356 5382 1592 5453 cognitio
1631 5381 1835 5453 peccati

204 5477 566 5544 inculcatur,
622 5478 800 5548 potius
829 5476 1076 5533 suasoria
1106 5475 1408 5532 admonitio
1450 5492 1622 5548 quam
1654 5477 1837 5547 legalis

200 5571 506 5628 districtio
535 5580 871 5639 exerceatur,
917 5579 1013 5625 aut
1065 5571 1119 5625 in
1164 5579 1413 5641 tempore
1460 5570 1722 5641 injustum
1752 5571 1834 5625 in-

203 5663 556 5726 terdicatur.
591 5672 687 5719 aut
728 5665 770 5718 si
801 5663 904 5718 hoc
939 5665 1083 5718 male
1121 5664 1430 5735 negligitur,
1462 5664 1836 5720 circumvolu-

199 5759 293 5814 tis
331 5771 465 5812 cum
497 5756 906 5812 linteaminibus
951 5756 1206 5814 funiculis
1244 5757 1511 5829 propheta
1539 5768 1699 5830 puteo
1738 5774 1835 5816 ex-

203 5850 486 5909 trahitur
511 5852 689 5916 (Hier.
719 5853 1012 5918 xxxvut).

1938 1918 2177 1972 carentia
2207 1918 2558 1986 recipiamus,
2611 1936 2708 1975 cur
2755 1936 2868 1976 non
2915 1920 3060 1976 istud
3093 1920 3263 1992 magis
3302 1931 3536 1994 utroque

1938 2011 2230 2082 probatum
2256 2010 2592 2083 diligamus?

2006 2107 2182 2174 Super
2230 2105 2348 2160 haec
2396 2107 2584 2172 etiam,
2636 2123 2766 2161 cum
2816 2107 3000 2177 ipsum
3052 2118 3306 2164 nostrum
3337 2111 3535 2182 Pangi-

1937 2198 2079 2253 rium
2135 2201 2318 2268 [forte,
2373 2199 2785 2272 panegyricum]
2838 2199 3261 2272 Hieronymum,
3318 2209 3535 2258 tantum

1937 2294 2213 2359 resecatis,
2232 2294 2392 2366 juxta
2423 2294 2620 2365 legem,
2652 2293 2970 2366 alienigena:
2992 2295 3233 2351 crinibus
3261 2303 3316 2350 et
3346 2297 3536 2366 ungui-

1936 2386 2038 2441 bus
2079 2391 2255 2453 (Deut.
2282 2393 2429 2457 xxr),
2459 2388 2516 2443 id
2546 2397 2648 2454 est,
2676 2388 2970 2458 superfluis
3010 2398 3066 2443 et
3104 2405 3253 2444 sana:
3297 2388 3422 2445 fidei
3451 2405 3536 2445 re-

1935 2483 2303 2553 pugnantibus
2348 2482 2646 2553 Scripturae
2705 2482 2859 2550 locis,
2901 2483 3030 2553 ipsis
3061 2483 3386 2554 apocryphis
3436 2483 3539 2538 ali-

1935 2576 2152 2645 quando
2196 2575 2514 2630 renuntiare
2555 2575 2701 2631 nolle
2739 2592 2856 2630 non
2899 2576 3184 2647 ignorem;
3225 2593 3332 2648 qua
3362 2576 3540 2633 fronte

1937 2668 2260 2739 przedictum
2299 2677 2461 2740 caput
2485 2678 2601 2724 tam
2647 2669 3028 2724 authenticum
3060 2669 3341 2739 probabile
3382 2688 3542 2740 super

1936 2778 2136 2815 aurum
2148 2766 2198 2816 et
2221 2764 2504 2830 topazium
2533 2764 2698 2831 (Psal.
2724 2766 2964 2826 cxvm),
2989 2761 3042 2814 in
3067 2762 3184 2816 istis
3202 2764 3540 2834 temporibus

1935 2854 2274 2920 delectabile,
2311 2855 2464 2908 nihili
2499 2855 2701 2910 habere
2727 2858 3154 2925 praesumerem?
3187 2857 3537 2923 Nullatenus;

1935 2949 2061 3019 quia
2091 2957 2232 3004 esset
2272 2957 2460 3002 contra
2492 2947 2571 3002 fas
2619 2955 2672 3001 et
2693 2946 2804 3018 jus.
2839 2949 2898 3002 In
2948 2962 3012 3001 eo
3043 2955 3231 3002 autem
3262 2947 3318 3003 id
3361 2948 3537 3019 ipsum

1935 3042 2004 3098 de
2033 3042 2321 3113 episcopis,
2368 3041 2514 3112 quod
2558 3050 2614 3096 et
2644 3039 2713 3095 de
2749 3040 2872 3095 aliis
2918 3039 3204 3096 ordinibus
3251 3041 3368 3112 agi;
3397 3041 3542 3096 unde

1936 3145 1993 3192 tu
2025 3136 2098 3190 ita
2130 3136 2446 3191 summatim
2466 3134 2755 3190 mussitare
2790 3133 3006 3206 videris,
3039 3135 3196 3206 quasi
3224 3135 3276 3189 in
3307 3135 3412 3189 hoc
3440 3134 3544 3190 sub

1938 3245 2092 3301 aequa
2119 3229 2432 3285 conditione
2464 3229 2670 3299 positos
2704 3245 2820 3284 esse
2845 3245 2956 3284 non
2981 3229 3221 3284 mireris.
3250 3231 3393 3284 Nam
3423 3230 3539 3300 epi-

1940 3339 2138 3394 scOpus
2167 3339 2294 3378 cum
2321 3322 2650 3393 presbyteris
2680 3323 2917 3377 chrisma
2961 3331 3269 3390 consecrat,
3314 3322 3539 3395 presby-

1939 3425 2022 3471 ter
2050 3432 2179 3471 cum
2223 3415 2494 3487 episcopis
2533 3432 2730 3486 corpus
2756 3415 2982 3471 Domini
3008 3415 3244 3487 conﬁcit,
3274 3415 3540 3472 diaconus

1937 3525 2099 3580 super
2126 3509 2296 3564 altare
2343 3508 2648 3564 ministeria
2675 3509 2913 3576 ordinat,
2947 3509 3188 3580 ipsisque
3221 3509 3371 3581 prior
3410 3509 3540 3564 cali-

1938 3618 2058 3657 cem
2089 3601 2337 3674 porrigit,
2369 3618 2526 3673 aeque
2568 3602 2961 3657 communicat.
3015 3601 3154 3672 Quid
3190 3602 3540 3673 Paphnucius

1939 3696 1997 3751 in
2026 3696 2106 3750 eis
2150 3712 2262 3750 non
2288 3695 2505 3751 invenio
2536 3697 2851 3750 discernere
2881 3696 3078 3751 valeat.

2009 3792 2120 3844 Ista
2149 3788 2332 3843 omnia
2361 3804 2472 3844 non
2520 3788 2618 3843 tibi
2664 3787 2760 3843 sed
2790 3788 2951 3843 alicui
2997 3787 3265 3842 infatuato
3294 3786 3393 3841 sali
3423 3793 3542 3856 tam

1937 3883 2263 3937 enucleatim
2289 3881 2490 3938 debent
2515 3882 2798 3937 inculcari.
2832 3880 3046 3936 Sufficit
3077 3880 3143 3936 de
3164 3880 3286 3935 hoc.
3316 3882 3364 3936 Ο
3391 3896 3542 3935 mare

1937 3975 2208 4046 Neptuni!
2236 3978 2283 4032 Ο
2327 3978 2510 4031 sacra!
2547 3975 2693 4030 Proh
2720 3975 2920 4030 scelus!
2972 3989 3058 4029 me
3101 3982 3214 4028 tam
3243 3973 3542 4029 inclemen-

1937 4077 2020 4124 ter
2066 4069 2121 4124 in
2170 4085 2231 4125 os
2282 4069 2584 4140 increpari;
2632 4069 2859 4140 insuper
2907 4068 2962 4122 in
2994 4068 3282 4139 pistrinum
3315 4067 3539 4131 retrudi,

1937 4163 2084 4233 quod
2113 4180 2180 4218 ne
2208 4162 2398 4218 funem
2424 4163 2739 4235 tibimetipsi
2772 4162 2842 4216 ad
2871 4177 3090 4217 crucem
3125 4169 3390 4232 portares,
3417 4160 3543 4215 fide-

1940 4257 2061 4311 liter
2085 4257 2414 4327 przemonui.
2443 4257 2706 4325 Quamvis
2735 4256 2878 4326 apud
2907 4259 3082 4311 Deum
3117 4271 3226 4309 non
3259 4255 3331 4309 sit
3357 4269 3543 4326 perso-

1939 4366 2138 4406 narum
2179 4351 2442 4420 acceptio,
2498 4351 2716 4420 insuper
2777 4349 3057 4419 originalis
3106 4349 3160 4402 in
3223 4349 3544 4418 baptismate

1941 4444 2150 4515 peccati
2193 4445 2347 4515 plena
2388 4442 2660 4508 remissio,
2712 4442 2968 4513 quodque
3015 4458 3104 4495 me
3150 4441 3353 4495 mutire
3395 4441 3546 4496 nefas

1942 4527 2041 4606 est,
2072 4539 2130 4592 in
2170 4534 2361 4594 scrobe
2398 4546 2517 4592 tum
2556 4536 2780 4602 infodio,
2819 4550 3166 4605 nequaquam
3207 4535 3324 4589 sine
3367 4534 3544 4606 legiti-

1946 4634 2052 4687 mis
2075 4633 2282 4703 nuptiis
2309 4648 2373 4687 ex
2399 4631 2547 4686 omni
2575 4639 2724 4702 parte
2754 4629 2988 4700 legitima
3027 4628 3274 4698 procedit
3298 4644 3545 4700 procrea-
3631 4651 3642 4662 κ

1943 4727 2040 4782 tio.
2089 4727 2339 4795 Qualiter
2363 4735 2546 4781 autem
2578 4724 2682 4779 hoc
2732 4723 2826 4790 sit,
2859 4721 2947 4776 fac
2987 4722 3294 4793 periculum
3349 4722 3415 4778 de
3465 4732 3542 4778 te-

1947 4821 2196 4892 metipso,
2239 4818 2387 4891 quod
2436 4817 2749 4889 hujusmodi
2796 4824 3022 4888 propter
3067 4832 3221 4873 meos
3262 4833 3545 4874 consacer-

1947 4914 2102 4968 dotes
2140 4912 2542 4968 dissimulatum
2593 4910 2657 4965 iri
2687 4910 2960 4967 desidero.
3007 4911 3117 4968 Sed
3161 4921 3362 4981 autem,
3394 4928 3464 4968 ne
3493 4921 3545 4968 te

1943 5006 2262 5064 defraudare
2307 5004 2490 5061 videar
2534 5021 2597 5061 ex
2644 5013 2788 5073 toto,
2838 5021 2964 5061 cave
2996 5023 3064 5061 ne
3096 5007 3289 5061 saltem
3316 5006 3544 5076 capiaris

1945 5101 2000 5156 in
2044 5117 2176 5157 uno.
2222 5098 2498 5172 Quidquid
2535 5099 2683 5156 enim
2712 5099 2968 5156 convenit
2998 5101 3156 5172 parti,
3190 5099 3444 5156 convenit
3492 5109 3544 5154 et

1943 5195 2066 5250 toti.

2016 5291 2097 5343 De
2121 5287 2227 5344 hoc
2269 5287 2417 5361 quod
2458 5287 2592 5344 mihi
2620 5288 2942 5362 rescripsisti
2987 5304 3135 5344 meas
3177 5287 3382 5343 litteras
3403 5287 3544 5342 male

1943 5389 2186 5438 tomatas
2221 5398 2360 5450 esse,
2387 5382 2696 5451 reticerem,
2727 5384 2772 5439 si
2803 5399 2916 5439 non
2943 5396 3128 5438 coram
3156 5380 3296 5434 meis
3320 5394 3540 5450 compa-

1941 5476 2142 5543 triotis,
2183 5477 2369 5532 nescio
2399 5493 2506 5547 qua
2536 5493 2717 5541 causa,
2751 5494 2840 5534 me
2881 5486 2994 5532 tam
3023 5473 3260 5544 turpiter
3309 5473 3543 5530 dehone-

1941 5570 2071 5626 stari
2127 5585 2274 5643 aegre
2315 5571 2583 5626 tulissem.
2646 5571 2765 5640 Qua
2795 5570 2862 5625 de
2897 5585 2976 5634 re,
3023 5568 3146 5622 licet
3177 5569 3350 5640 magis
3378 5567 3544 5638 ipsius

1943 5679 2132 5719 sensus
2173 5664 2465 5720 intentioni
2505 5681 2670 5737 quam
2723 5660 3050 5734 pompatica:
3092 5662 3378 5733 positionis
3420 5675 3544 5730 pro-

1941 5758 2155 5830 prietati
2196 5757 2252 5813 in
2293 5758 2418 5824 illis,
2460 5757 2931 5830 quemadmodum
2975 5756 3035 5810 in
3081 5755 3220 5824 istis,
3251 5754 3539 5818 inhiarem,

1942 5861 2128 5908 tamen
2155 5853 2202 5910 si
2229 5853 2608 5909 universaliter
2644 5865 2756 5906 non
2782 5848 3152 5921 reprehensas,
3176 5847 3272 5906 sed
3306 5845 3547 5917 particu-
