4052 6180
528 250 665 302 1095

1532 241 1623 296 ΑΙ)
1662 240 1889 297 OPERA
1928 238 1983 296 S.
2023 239 2348 296 GREGORII
2383 237 2823 295 APPENDICES.

3679 238 3816 291 1096

523 372 708 429 lariter
743 368 810 429 ad
839 384 990 427 meas
1035 382 1231 424 manus
1254 336 1517 423 redirent
1545 375 1748 438 puncto
1778 366 2113 439 proscripta,
2144 368 2199 434 Α
2224 363 2426 422 sentire
2486 379 2551 419 ex
2616 378 2818 436 magna
2872 368 3026 434 parte
3071 359 3478 433 compellerem,
3526 357 3573 415 si
3630 373 3821 416 earum

523 476 620 522 aut
661 483 760 538 pro
805 480 963 535 posse
1001 461 1251 517 defensas
1296 460 1377 516 vel
1404 460 1717 517 emendatas
1746 461 1843 517 tibi
1873 460 2120 518 remitte-

526 577 672 626 rem;
705 560 784 614 sin
813 566 1020 625 autem,
1045 554 1295 612 dexteras
1315 554 1503 611 dando
1530 562 1643 610 tua
1661 554 1988 611 cavillationi
2006 570 2121 611 mo-

526 668 641 709 rem
691 666 959 723 gererem.
1014 651 1063 706 Ο
1114 649 1359 721 lepidum
1390 653 1579 720 caput!
1613 665 1779 721 quam
1819 649 2118 721 eleganter,

526 747 679 817 quasi
709 743 1003 817 providens
1032 760 1154 801 meo
1205 744 1421 812 honori,
1451 744 1497 798 si
1522 758 1661 799 mea
1688 752 1892 811 essent,
1923 743 1991 799 ad
2020 760 2123 798 cu-

528 838 849 894 mulandum
897 854 1083 894 meum
1110 837 1365 906 dedecus,
1414 837 1792 908 percuntando
1834 836 2119 893 dubitasti.

525 932 668 989 Vah!
708 932 967 988 callidum
1012 932 1322 1000 consilium,
1354 939 1513 988 tuum
1562 930 1803 988 amicum
1836 931 1916 987 sic
1944 939 2119 987 retra-

524 1026 655 1082 here
680 1026 734 1081 in
763 1025 1154 1098 pracipitium!
1180 1026 1233 1081 Si
1266 1034 1451 1082 autem
1479 1032 1531 1081 te
1556 1041 1623 1081 ex
1645 1040 1803 1096 aquo
1836 1024 2123 1081 convenis-

523 1136 663 1189 sem,
692 1128 815 1176 tuas
844 1118 1083 1176 carbone
1127 1120 1304 1176 notari
1332 1118 1549 1191 dignas,
1579 1127 1635 1176 te
1666 1119 1721 1175 in
1750 1118 1805 1176 id
1830 1119 1963 1175 mihi
1992 1135 2124 1175 con-

2223 459 2421 526 thesin,
2465 458 2897 524 distinctionem,
2942 454 3474 521 subdistinctionem,
3516 451 3699 509 media
3740 453 3823 509 vel

2226 552 2471 626 periodo,
2519 551 2639 608 colo
2682 560 2737 607 et
2776 558 3069 617 commate,
3105 547 3252 620 quod
3291 547 3462 603 absit!
3494 562 3677 603 carere
3706 562 3826 619 per-

2226 648 2510 719 Spicerem,
2554 646 2654 702 nisi
2722 646 2777 701 in
2822 652 3038 700 tantum
3097 640 3457 714 opprobrium
3503 640 3666 697 mala
3711 648 3827 697 tor-

2227 740 2467 797 nationis
2531 754 2731 811 rugosa
2791 737 2971 794 fronte
3034 737 3499 807 obstupescerem.
3566 736 3625 791 Si
3681 734 3829 790 enim

2229 849 2355 891 vero
2396 835 2455 890 in
2503 834 2609 890 tuis
2654 833 2845 889 litteris
2871 831 3285 903 macrologiam,
3315 845 3485 901 quam
3517 844 3663 901 sape
3686 829 3830 885 sole-

2229 944 2381 985 scere
2426 933 2568 995 (982)
2621 930 2808 999 [quam
2850 942 2996 998 sape
3039 925 3182 983 soles
3233 924 3617 998 frequentare],
3667 938 3829 979 cave-

2230 1040 2340 1093 res,
2384 1039 2495 1079 non
2540 1038 2630 1079 me
2671 1024 2827 1096 quasi
2870 1022 3201 1079 silicernium
3242 1020 3296 1076 in
3333 1018 3529 1076 faciem
3566 1016 3830 1075 caderes.

2232 1117 2411 1175 Habe.

980 1472 1695 1565 SUPERIORIS
1763 1471 2383 1563 EPISTOLIE
2456 1466 3375 1580 RETRACTATUS,

1776 1678 1848 1718 ΒΤ
1897 1678 2063 1718 ελΕΡΒ
2100 1677 2270 1719 ΤΒΙΤῙ
2308 1675 2589 1717 (ΞΛΡῙΤΠῙιΙ

1459 1810 2107 1872 IRBEFRAGABILIS
2168 1807 2909 1871 ANATHEMATISMUS.

1980 1992 2376 2005 ...ι-ι*-

601 2144 846 2201 Domino
877 2148 1174 2212 Annomo,
1210 2145 1265 2199 in
1299 2144 1508 2215 templo
1541 2143 1767 2200 Domini
1796 2160 1909 2199 non
1936 2142 2129 2201 idonee
2161 2149 2210 2211 Β
2236 2160 2332 2215 per
2359 2142 2732 2199 charitativam
2757 2139 3190 2197 admonitionem
3230 2137 3519 2194 voluerunt
3541 2151 3831 2193 revocare.

527 2253 722 2293 nemus
743 2238 1388 2309 plantantiBanALnus
1407 2256 1420 2293 :
1436 2254 1547 2293 non
1560 2237 1807 2294 fabulosa
1829 2238 2125 2294 verborum

531 2331 680 2398 folia,
728 2330 822 2387 sed
874 2332 1171 2386 sententias
1214 2330 1556 2386 indubitabili
1593 2332 1820 2387 veritate
1846 2332 2120 2388 subnixas.

602 2425 853 2495 Acceptis
882 2424 1078 2480 litteris
1108 2441 1139 2479 a
1175 2431 1268 2479 tua
1301 2423 1639 2480 fraternitate
1667 2424 1803 2480 mihi
1833 2426 2127 2481 transmis-

530 2518 628 2585 sis,
671 2517 873 2590 aliquid
916 2517 973 2573 in
1002 2518 1081 2573 eis
1128 2518 1363 2589 reperire
1406 2517 1701 2574 desideravi
1744 2518 1891 2590 quod
1930 2526 1984 2574 et
2011 2520 2127 2574 ani-

533 2626 688 2667 mum
734 2626 920 2667 meum
972 2612 1042 2667 ob
1092 2610 1353 2683 injuriam
1405 2611 1599 2683 prioris
1639 2611 1883 2683 epistola
1930 2613 2126 2669 merito

532 2713 877 2760 commotum
923 2704 1216 2776 mitigaret,
1246 2713 1407 2777 teque
1453 2705 1651 2761 saltem
1700 2706 1885 2778 aliquo
1932 2706 2127 2762 defen-

531 2798 700 2853 sionis
744 2798 930 2853 colore
957 2799 1024 2853 de
1049 2806 1162 2853 tam
1188 2799 1487 2870 perniciosa
1530 2798 1861 2871 blasphemia
1904 2816 2126 2873 quoquo

531 2889 701 2946 modo
728 2899 1070 2963 expurgaret.
1104 2891 1209 2948 Sed
1240 2890 1407 2948 eheu!
1431 2891 1562 2947 nihil
1589 2892 1752 2964 hujus
1767 2892 1915 2949 modi
1946 2893 2005 2949 in
2025 2894 2125 2950 eis-

527 2984 656 3041 dem
682 2985 877 3041 litteris
900 2986 1142 3041 invenire
1175 2986 1346 3058 potui,
1376 2985 1575 3058 quippe
1599 3002 1723 3058 qua
1748 2986 1817 3043 ad
1836 2989 2126 3043 cumulum

528 3078 722 3150 prioris
749 3079 959 3151 injuria
988 3095 1140 3135 meas
1180 3080 1408 3147 litteras,
1437 3079 1583 3135 nulla
1606 3080 1821 3136 ratione
1863 3080 2124 3149 adhibita,

526 3173 719 3229 dicunt
760 3172 1079 3238 maledicas,
1137 3188 1335 3245 meque
1386 3172 1623 3245 priorem
1666 3172 1887 3245 injurias
1935 3174 2121 3230 conci-

526 3273 691 3334 tasse,
722 3275 882 3338 teque
912 3265 993 3321 nil
1016 3266 1473 3323 contumeliosum
1507 3267 1642 3324 mihi
1684 3267 1879 3324 dixisse
1906 3276 2127 3343 tantum

528 3360 899 3431 pronuntiant,
949 3377 1063 3416 non
1104 3361 1283 3433 aliqua
1311 3361 1509 3418 saltem
1535 3361 1841 3419 ratiuncula
1869 3361 2123 3434 probant.

529 3434 811 3522 Quantum
857 3462 1049 3511 autem
1094 3454 1195 3511 hac
1237 3471 1427 3513 earum
1464 3456 1839 3529 pronuntiatio
1884 3455 2067 3513 deviet
2093 3472 2126 3512 a

2306 2238 2431 2293 Non
2458 2245 2641 2292 autem
2672 2234 2840 2291 modo
2869 2242 2952 2290 est
2973 2232 3340 2289 necessarium
3372 2239 3432 2288 ut
3466 2231 3637 2286 etiam
3675 2229 3841 2301 hujus

2235 2331 2477 2403 epistola
2518 2329 2755 2403 singulas
2774 2344 2888 2384 non
2933 2327 3059 2384 dico
3085 2326 3328 2383 rationes
3371 2324 3469 2381 sed
3511 2324 3840 2397 pronuntia-

2236 2427 2415 2481 tiones
2452 2439 2781 2497 expugnem,
2828 2437 2963 2495 quas
3002 2422 3056 2476 in
3101 2420 3373 2494 prioribus
3418 2418 3553 2475 meis
3597 2418 3844 2489 epistolis

2235 2518 2606 2575 indubitanter
2642 2517 2952 2585 annullavi;
2989 2516 3045 2571 in
3072 2514 3269 2587 quibus
3300 2529 3476 2570 meam
3504 2513 3844 2570 admonitio-

2234 2630 2363 2669 nem
2408 2611 2789 2668 rationabilem
2821 2618 2876 2666 et
2921 2609 3180 2675 amicam,
3212 2617 3476 2680 tuamque
3511 2606 3844 2678 rescriptio-

2234 2724 2363 2763 nem
2412 2706 2513 2761 tibi
2554 2704 2922 2778 perniciosam
2949 2703 3197 2776 mihique
3223 2701 3693 2759 contumeliosam
3728 2702 3846 2757 evi-

2235 2801 2567 2857 dentissimis
2602 2800 2907 2856 rationibus
2937 2798 3180 2870 probavi,
3220 2812 3455 2871 quarum
3481 2805 3543 2852 tu
3570 2811 3675 2852 nec
3708 2795 3846 2851 ulti-

2236 2911 2386 2951 mam
2416 2896 2473 2950 in
2502 2894 2603 2950 hac
2638 2893 2861 2967 epistola
2890 2891 3227 2949 destruxisti.
3256 2938 3259 2939 ν

2305 2989 2407 3045 His
2456 2989 2625 3061 igitur
2677 2986 3122 3060 irrefragabiliter
3150 2985 3420 3057 probatis,
3462 2983 3691 3039 ultimus
3742 2982 3848 3039 tibi

2232 3082 2568 3154 respondere
2614 3081 2813 3137 merito
2865 3080 3247 3150 detrectarem,
3278 3079 3326 3151 si
3378 3094 3487 3134 non
3518 3086 3626 3134 tua
3654 3076 3848 3132 chari-

2232 3175 2333 3231 tati
2365 3183 2419 3230 et
2447 3174 2547 3230 hac
2572 3176 2687 3230 vice
2716 3190 2933 3230 morem
2955 3189 3144 3247 gerere
3164 3172 3524 3233 destinarem,
3550 3172 3758 3243 quippe
3787 3178 3851 3226 ut

2233 3277 2287 3325 et
2316 3269 2371 3323 in
2397 3268 2498 3324 hac
2526 3267 2753 3339 epistola
2776 3276 2891 3336 tua,
2920 3266 3051 3340 quid
3080 3276 3235 3323 tuam
3260 3266 3619 3323 eruditionem
3653 3272 3851 3319 tuam-

2233 3378 2337 3434 que
2366 3362 2693 3434 religionem
2720 3361 3001 3432 dedeceat,
3051 3376 3143 3418 me
3168 3360 3268 3417 tibi
3309 3359 3542 3417 ﬁdeliter
3571 3356 3843 3414 indicare

2233 3472 2346 3513 non
2373 3455 2591 3512 tadeat.

528 3562 676 3616 vero,
720 3549 850 3605 nulli
880 3550 1043 3605 etiam
1088 3550 1276 3607 idiota
1318 3526 1535 3618 latebit,
1570 3550 1665 3623 qui
1705 3550 1985 3623 utriusque
2026 3564 2125 3607 no-
2151 3526 2197 3591 (ἶ
2304 3553 2367 3606 In
2422 3551 2616 3623 primis
2666 3550 2852 3623 itaque
2910 3549 3035 3607 volo
3097 3556 3153 3606 te
3196 3549 3336 3606 scire
3385 3546 3848 3603 circumstantias

527 3649 703 3697 strum
736 3642 997 3714 epistolas
1020 3643 1310 3715 diligenter
1337 3644 1695 3715 perspexerit.

598 3734 779 3789 Prima
838 3734 990 3789 enim
1044 3736 1272 3806 epistola
1316 3752 1482 3807 quam
1528 3736 1627 3793 tibi
1676 3735 1745 3793 de
1786 3735 1888 3793 hac
1937 3747 2125 3794 nostra

528 3827 833 3898 quastione
860 3829 1165 3896 transmisi,
1209 3838 1262 3885 te
1290 3837 1506 3885 tantum
1533 3846 1628 3902 per
1656 3831 1976 3886 testimonia
2002 3848 2128 3887 san-

502 3926 710 3976 etorum
755 3923 985 3976 Patrum
1019 3921 1249 3977 ﬁdeliter
1295 3931 1352 3977 et
1379 3923 1553 3979 amice
1581 3923 1912 3995 pramonuit
1941 3924 2009 3980 de
2036 3941 2125 3981 oa-

528 4013 705 4070 vendo
751 4014 1123 4082 anathemate,
1152 4023 1216 4069 ut
1251 4030 1351 4070 nec
1379 4023 1439 4070 tu
1470 4016 1585 4085 ipse
1629 4016 1835 4087 aliquid
1860 4017 1918 4072 in
1948 4033 2011 4073 ea
2042 4034 2127 4075 re-

528 4108 779 4179 perisses,
811 4108 961 4180 quod
984 4116 1095 4163 tua
1126 4108 1319 4164 littera
1340 4109 1535 4165 saltem
1560 4109 1789 4181 alicujus
1810 4108 2125 4169 offensione

526 4201 752 4272 dignum
782 4202 920 4257 mihi
948 4210 1169 4273 possent
1197 4204 1449 4274 probare.
1480 4206 1632 4276 Quot
1656 4212 1842 4260 autem
1869 4204 2123 4277 blasphe-

528 4296 687 4362 mias,
734 4312 903 4368 quam
948 4295 1286 4367 inhonestas,
1318 4313 1485 4370 quam
1522 4298 1861 4369 perniciosas
1890 4316 1987 4371 pro
2017 4299 2123 4356 hac

524 4388 899 4446 benevolentia
949 4389 1083 4445 mihi
1114 4390 1505 4462 rescripsisses,
1548 4390 1752 4448 referre
1778 4391 1965 4464 pudet,
1994 4409 2122 4449 cum

525 4481 659 4537 adeo
701 4481 927 4551 feteant,
973 4492 1033 4539 ut
1071 4483 1150 4539 vel
1195 4483 1414 4541 inimico
1457 4483 1594 4540 tales
1631 4484 1832 4541 inferre
1874 4503 1984 4542 non
2026 4487 2121 4543 de-

525 4585 663 4632 ceat.

594 4671 841 4727 Secunda
891 4687 1019 4727 vero
1062 4688 1184 4728 mea
1226 4670 1475 4744 epistola,
1517 4678 1707 4727 contra
1754 4671 1973 4727 easdem
2002 4671 2121 4728 bla-

522 4765 801 4835 spliemias
844 4765 940 4820 tibi
959 4765 1189 4832 directa,
1235 4782 1349 4821 non
1372 4765 1808 4822 remaledicendo
1834 4764 1928 4821 tibi
1955 4767 2122 4822 talio-

524 4873 654 4913 nem
678 4856 939 4925 reddidit,
969 4858 1067 4913 sed
1094 4866 1146 4914 te
1174 4866 1408 4929 tantum,
1439 4867 1500 4915 ut
1523 4860 1784 4928 amicum,
1814 4876 1845 4916 a
1869 4859 2117 4933 blasphe-
2145 4898 2195 4961 Β

526 4949 650 5005 miis
725 4965 837 5005 non
910 4950 1045 5005 mihi
1108 4951 1204 5007 sed
1260 4953 1581 5025 tibimetipsi
1636 4954 2118 5025 perniciosissimis

524 5058 870 5116 compescere
914 5042 1145 5099 studuit.
1176 5045 1369 5101 Procul
1416 5044 1583 5101 dubio
1625 5047 1776 5102 enim
1802 5048 1929 5103 novi
1971 5047 2120 5119 quod

525 5138 701 5209 ipsum
762 5152 858 5193 vas
912 5136 1191 5193 electionis
1242 5140 1463 5206 Paulus,
1523 5154 1618 5211 per
1668 5156 1835 5210 quem
1878 5140 2120 5212 loquitur

523 5231 637 5302 ipse
666 5230 934 5297 Christus,
987 5230 1282 5286 maledicos
1328 5231 1611 5287 tradiderit
1657 5234 1891 5301 Satana,
1925 5237 1987 5289 ut
2030 5234 2113 5290 di-

520 5332 738 5381 scerent
786 5340 899 5381 non
942 5322 1323 5396 blasphemare
1362 5328 1411 5391 (Ι
1462 5329 1596 5381 Tim.
1625 5332 1689 5393 1).
1750 5328 1909 5383 Patet
1957 5327 2120 5399 igitur

522 5418 654 5472 satis
682 5417 958 5474 evidenter
986 5418 1105 5490 quis
1149 5426 1330 5490 caput,
1383 5419 1499 5473 imo
1528 5419 1667 5491 'quis
1711 5434 1925 5477 summa
1951 5420 2121 5478 fuerit

522 5509 684 5581 hujus
713 5510 946 5583 injuria,
987 5518 1041 5567 et
1067 5527 1237 5584 quam
1279 5511 1513 5568 indebite
1542 5529 1665 5568 mea
1708 5513 1908 5586 scripta
1948 5532 1982 5571 a
2010 5516 2119 5572 tuis

524 5612 785 5660 vocentur
826 5604 1110 5675 maledica,
1147 5621 1269 5678 qua
1306 5614 1358 5663 te
1388 5624 1419 5663 a
1457 5607 1824 5665 conviciorum
1867 5610 2119 5682 voragine

594 5794 740 5859 (982)
770 5792 973 5859 Locus,
1002 5798 1063 5847 ut
1081 5791 1311 5860 videtur,
1337 5791 1652 5851 mendosus.

2232 3643 2515 3700 rhetorum
2571 3644 2700 3700 huic
2746 3652 2938 3700 nostro
2988 3643 3211 3717 negotio
3242 3658 3356 3699 non
3401 3650 3739 3713 competere,
3777 3657 3845 3695 ex

2233 3738 2434 3812 quibus
2488 3747 2730 3794 oratores
2777 3737 2987 3811 ﬁngunt
3026 3753 3151 3793 suas
3179 3737 3547 3809 conjecturas,
3575 3750 3688 3790 non
3719 3742 3845 3789 tam

2232 3832 2302 3887 de
2329 3832 2558 3889 veritate
2584 3848 2752 3904 quam
2795 3832 2862 3888 de
2888 3829 3365 3888 verisimilitudine
3389 3836 3668 3885 curantes.
3694 3830 3847 3883 Hac

2233 3925 2376 3981 enim
2417 3935 2604 3982 nostra
2630 3941 2792 3981 causa
2821 3925 3003 3997 potius
3032 3925 3101 3981 ad
3143 3924 3318 3980 thesin
3343 3939 3508 3996 quam
3555 3921 3623 3977 ad
3652 3922 3843 3992 hypo-

2230 4019 2408 4076 thesin
2451 4021 2718 4091 pertinere
2744 4027 3020 4087 censetur,
3049 4034 3149 4074 nec
3189 4016 3469 4074 tractanda
3502 4024 3584 4072 est
3613 4031 3706 4085 per
3738 4032 3844 4071 ve-

2230 4114 2514 4170 risimilem
2560 4122 2840 4170 oratorum
2886 4112 3187 4179 suadelam,
3233 4111 3327 4167 sed
3356 4126 3451 4183 per
3480 4107 3844 4180 irrelragabi-

2232 4208 2339 4264 lem
2369 4208 2823 4281 philosophorum
2868 4205 3421 4264 demonstrationem.
3466 4202 3619 4258 Dicis
3663 4203 3847 4273 igitur

2232 4302 2289 4355 in
2318 4302 2544 4373 epistola
2573 4310 2667 4357 tua
2709 4301 3003 4357 Sozomeni
3032 4299 3334 4371 capitulum
3362 4296 3565 4353 idcirco
3592 4295 3698 4351 tibi
3731 4312 3843 4351 an-

2230 4394 2537 4451 thenticum
2564 4394 2733 4450 videri
2762 4394 2910 4465 quod
2953 4402 3102 4449 certo
3131 4392 3253 4448 loco
3281 4400 3333 4447 et
3358 4399 3608 4462 tempore
3636 4404 3667 4444 a
3694 4405 3842 4461 pro-

2230 4488 2368 4543 batis
2403 4488 2651 4558 personis
2676 4488 2751 4543 sit
2772 4488 3079 4554 recitatum,
3105 4487 3373 4558 scriptum
3410 4496 3569 4556 atque
3592 4484 3836 4540 transla-

2228 4589 2377 4647 tum;
2422 4580 2519 4637 sed
2561 4580 2763 4636 falleris
2794 4582 2853 4636 in
2896 4582 2999 4637 hac
3043 4580 3453 4652 consequentia.
3490 4580 3633 4634 Num
3681 4579 3845 4633 enim

2229 4675 2527 4748 Categoria
2582 4674 2840 4746 pracipui
2891 4674 3132 4731 doctoris
3183 4672 3493 4745 Augustini,
3546 4672 3845 4742 ipsiusque

2229 4770 2497 4841 scriptum
2542 4773 2623 4825 De
2663 4769 2927 4825 electione
2955 4768 3128 4824 Jacob
3170 4776 3227 4823 et
3265 4766 3653 4839 reprobatione
3684 4768 3845 4822 Esau

2229 4864 2495 4935 exemplis
2552 4864 2703 4919 Pauli
2754 4865 2924 4931 (983),
2970 4861 3038 4917 ab
3066 4862 3248 4933 aliquo
3301 4860 3420 4917 sani
3466 4859 3661 4930 capitis
3688 4860 3841 4914 reci-

2229 4957 2453 5029 piuntur
2503 4973 2600 5029 pro
2646 4956 3014 5013 authenticis?
3056 4970 3182 5028 qua
3226 4963 3410 5011 tamen
3441 4961 3590 5009 certo
3624 4954 3747 5007 loco
3786 4962 3847 5008 et

2227 5058 2477 5123 tempore
2526 5066 2599 5106 ex
2655 5066 2885 5122 persona
2937 5048 3319 5121 probatissima
3367 5064 3477 5103 non
3504 5045 3847 5103 dubitantur

2225 5144 2524 5216 descripta;
2571 5159 2636 5199 ex
2676 5144 2877 5215 quibus
2906 5143 3227 5215 Categorias
3254 5142 3438 5197 nullus
3478 5139 3620 5195 bene
3666 5154 3846 5196 sanus

2226 5236 2552 5293 authenticis
2596 5236 2999 5304 annumerabit,
3057 5236 3295 5291 alterum
3342 5240 3527 5289 autem
3558 5233 3841 5303 scriptum

2225 5330 2369 5387 idem
2399 5329 2592 5385 doctor
2628 5330 2685 5383 in
2711 5329 2853 5385 libro
2897 5329 3369 5386 Retractationum
3396 5326 3688 5399 repudiare
3718 5342 3843 5383 non

2226 5422 2459 5479 erubuit.
2494 5424 2649 5491 Hac,
2676 5422 2924 5494 inquam,
2952 5431 3007 5479 et
3030 5422 3131 5479 alia
3158 5419 3475 5494 hujusmodi
3505 5420 3839 5491 pradictam

2226 5516 2520 5573 destruunt
2545 5518 3025 5589 consequentiam.
3056 5515 3219 5574 Unde
3243 5530 3375 5572 cum
3404 5514 3705 5571 Sozomeni
3733 5530 3839 5568 ca-

2227 5620 2326 5682 put
2370 5609 2617 5667 nondum
2659 5626 2778 5669 esse
2819 5610 3194 5668 authenticum
3240 5609 3554 5681 probasses,
3602 5622 3708 5663 nec
3738 5621 3837 5678 per

2300 5784 2447 5862 (983)
2480 5795 2710 5853 Videtur
2737 5795 2940 5868 aliquid
2968 5794 3175 5853 deesse.
