4052 6180
242 246 358 299 1097

1122 245 1409 301 APPEND.
1450 247 1536 301 III.
1575 277 1643 287 —
1680 246 2097 306 MONUMENTA
2134 252 2593 311 GREGORIANA.

3367 264 3504 317 1098

236 368 324 424 hoc
364 367 597 439 probare
622 368 866 440 potuisti,
894 377 959 426 ut
981 383 1047 427 eo
1074 378 1294 443 recepto
1322 370 1459 427 nihil
1489 386 1519 427 a
1544 384 1677 428 sana
1705 372 1806 430 do-
1837 378 1889 441 Α
1916 376 2251 435 cohabitatio
2278 380 2629 437 sacerdotum
2648 396 2776 440 cum
2821 381 3061 451 feminis,
3100 392 3155 441 et
3176 386 3363 455 omnia
3382 402 3504 459 quae

236 462 388 519 ctrina
429 462 724 520 deviasses.

295 557 766 614 Absurdissimum
796 567 979 615 autem
1023 559 1239 616 videtur
1280 560 1431 633 quod
1484 561 1722 635 denegas
1748 571 1803 620 te

233 653 417 725 aliquid
460 654 695 725 perversi
745 654 846 710 sub
887 654 1081 711 eodem
1108 655 1344 728 capitulo
1380 656 1802 730 dogmatizasse,

233 763 343 803 cum
362 746 693 819 jamdudum
714 763 853 804 mem
882 748 1079 806 litterae
1108 749 1250 805 idem
1277 750 1456 822 ipsum
1498 762 1664 825 caput
1692 761 1804 808 tam

234 841 661 914 irrefragabiliter
680 842 1025 914 probaverint
1043 860 1387 916 perversum,
1409 847 1609 919 quippe
1635 850 1806 904 Evan-

232 936 419 1010 gelicis,
450 945 505 993 et
534 937 846 1009 apostolicis
874 938 1093 1011 scriptis
1113 947 1273 1013 atque
1308 942 1405 997 SS.
1436 942 1661 998 Patrum
1691 951 1807 999 sta-

230 1031 349 1087 tutis
390 1030 704 1088 adversum.
733 1033 955 1088 Frustra
988 1048 1118 1105 ergo
1148 1035 1462 1105 protestaris
1492 1036 1639 1106 quod
1682 1035 1806 1091 nul-

228 1126 306 1182 lus
332 1134 381 1182 te
414 1124 791 1183 sacerdotibus
820 1142 1017 1184 uxores
1057 1126 1362 1185 concedere
1406 1144 1653 1203 unquam
1706 1146 1806 1186 au-

228 1219 404 1277 disset.
453 1223 593 1277 Nam
626 1228 683 1276 et
710 1237 833 1294 ego,
851 1229 906 1278 et
932 1221 1111 1293 plures
1138 1222 1229 1278 alii
1253 1223 1358 1279 hoc
1371 1231 1428 1280 te
1451 1223 1647 1296 saepius
1672 1240 1807 1280 cou-

226 1314 407 1371 cedere
442 1314 773 1385 audivimus,
797 1316 1095 1373 cumidem
1125 1325 1289 1389 caput
1324 1333 1438 1374 non
1467 1326 1682 1374 tantum
1710 1335 1808 1391 pro

230 1426 369 1481 vero,
392 1411 483 1467 sed
506 1411 671 1468 etiam
704 1428 804 1483 pro
825 1412 1146 1469 authentico
1172 1413 1470 1486 praedicare
1499 1430 1600 1470 nec
1631 1413 1811 1470 adhuc

227 1506 588 1578 pertimescas.
614 1507 802 1577 Ipsum
833 1508 980 1563 enim
1006 1517 1170 1580 caput
1210 1508 1423 1566 asserit.
1472 1509 1525 1564 S.
1549 1506 1812 1580 Paphnu-

225 1601 361 1656 cium
389 1600 444 1655 in
489 1599 710 1656 Nicaena
745 1601 958 1673 synodo
1013 1602 1335 1670 surrexisse,
1361 1610 1416 1657 et
1439 1602 1810 1659 sacerdotibus

225 1704 283 1751 ut
328 1693 632 1751 dormirent
676 1711 805 1751 cum
841 1694 1104 1752 uxoribus
1151 1696 1267 1753 suis
1304 1696 1580 1753 licentiam
1628 1696 1803 1768 impe-

224 1794 407 1845 trasse.
437 1789 756 1861 Quicunque
795 1790 965 1862 igitur
996 1790 1101 1847 hoc
1124 1807 1240 1847 non
1269 1800 1487 1847 tantum
1517 1808 1618 1864 pro
1650 1808 1802 1861 vero,

222 1882 313 1939 sed
340 1891 394 1938 et
436 1899 535 1955 pro
559 1882 877 1940 authentico
905 1885 1273 1956 recipiendum
1301 1894 1359 1942 et
1400 1886 1807 1944 observandum

221 1977 491 2049 praedicat,
517 1978 827 2034 nullatenus
855 1976 1120 2049 denegare
1144 1980 1290 2037 valet
1336 1980 1471 2052 quin
1512 1979 1811 2038 sacerdoti-

223 2071 321 2128 bus
344 2087 541 2128 uxores
561 2072 846 2129 concedat.

291 2169 573 2223 Incassum
621 2183 840 2241 quoque
869 2167 1149 2240 subjungis
1200 2182 1305 2239 qua
1335 2167 1625 2225 occasione
1673 2167 1810 2225 illud

223 2276 318 2333 pro
369 2260 683 2317 authentico
745 2262 1037 2334 receperis,
1093 2278 1220 2317 cum
1292 2262 1473 2334 ipsum
1529 2279 1559 2318 a
1601 2270 1658 2319 te
1709 2262 1811 2318 sub

220 2355 522 2427 inevitabilij
548 2356 897 2412 anathemate
944 2355 1190 2412 relictum
1232 2356 1377 2413 nulla
1421 2357 1635 2414 ratione
1685 2373 1810 2429 pro-

221 2450 430 2507 baveris
482 2449 877 2508 authenticum.
916 2449 1063 2506 Nihil
1105 2449 1254 2505 enim
1292 2450 1520 2507 interest
1569 2451 1811 2522 qualibet

221 2544 504 2601 occasione
540 2544 673 2602 illud
708 2561 807 2616 pro
829 2543 1146 2600 authentico
1190 2543 1438 2616 recipias,
1468 2543 1615 2615 quod
1644 2560 1711 2601 ne
1736 2544 1807 2601 ita

218 2639 510 2711 recipiatur
536 2638 642 2696 sub
670 2638 1021 2695 anathemate
1051 2637 1386 2710 prohibitum
1425 2638 1675 2694 nondum
1704 2638 1809 2694 du—

219 2733 442 2790 bitatur.
490 2735 635 2788 Nam
680 2748 900 2805 semper
924 2732 1026 2789 sub
1061 2731 1257 2788 eodem
1307 2731 1653 2788 anathemate
1705 2732 1810 2788 erit

221 2828 529 2899 quicunque
577 2827 711 2883 illud
757 2827 1106 2898 aliquatenus
1162 2841 1263 2896 pro
1311 2826 1624 2882 authentico
1665 2842 1811 2882 rece-

219 2923 372 2994 perit.
417 2925 616 2978 Beatus
653 2936 870 2993 quoque
936 2919 1282 2993 Paphnucius
1324 2918 1426 2975 hac
1474 2919 1812 2992 blasphemia

176 3034 179 3037 ·
222 3032 333 3073 non
390 3024 473 3072 est
529 3012 993 3083 dehonestandus,
1041 3014 1154 3074 imo
1210 3015 1576 3082 Sozomenus,
1614 3014 1703 3071 cui
1757 3011 1817 3069 id

221 3117 386 3183 caput
409 3108 703 3183 assignavit
728 3107 1107 3166 Cassiodorus.
1153 3109 1603 3181 Quantiscunque
1630 3116 1816 3164 autem

221 3204 402 3261 verbis
428 3219 519 3261 res
554 3203 658 3260 sibi
692 3204 827 3276 ipsis
851 3202 1207 3260 adversantes
1252 3202 1608 3260 reconciliare
1649 3217 1817 3259 cone-

218 3300 320 3368 ris,
345 3314 629 3372 nunquam
653 3306 839 3354 tamen
868 3298 1003 3355 adeo
1027 3296 1315 3369 desipiam,
1348 3306 1409 3353 ut
1451 3298 1822 3364 Sozomenum

221 3394 385 3450 beato
450 3393 721 3465 Gregorio
782 3392 839 3447 in
889 3391 1152 3464 praedicto
1221 3391 1403 3463 capite
1484 3391 1825 3448 consensisse

218 3503 496 3545 censeam.
548 3489 670 3559 Ipse
711 3486 862 3542 enim
894 3487 1229 3542 Sozomenus
1267 3484 1423 3557 ﬁngit
1478 3485 1539 3539 in
1595 3485 1823 3541 Niczena

216 3582 432 3656 synodo
456 3580 799 3654 coniugalem
829 3579 1284 3637 incontinentiam
1306 3577 1686 3635 sacerdotibus
1710 3594 1825 3635 non

218 3691 341 3734 esse
362 3675 718 3746 prohibitam,
749 3673 845 3731 sed
866 3674 1050 3745 potius
1078 3689 1177 3746 pro
1207 3673 1460 3729 castitate
1487 3679 1821 3745 reputatam,

214 3786 390 3842 quam
410 3771 465 3826 S.
495 3767 794 3840 Gregorius
824 3783 927 3823 nec
947 3767 1271 3823 diaconibus
1293 3766 1489 3823 Siciliae
1512 3766 1569 3822 in
1595 3766 1822 3839 epistola

217 3880 323 3920 sua
372 3864 667 3931 concessit;
706 3861 805 3918 sed
831 3861 890 3917 in
926 3860 1259 3933 quibusdam
1285 3877 1481 3918 eorum
1512 3861 1578 3918 ad
1603 3869 1825 3932 tempus

219 3966 447 4015 tantum
492 3955 912 4021 dissimulando,
954 3970 1067 4011 non
1106 3955 1313 4011 licitam
1363 3954 1681 4023 asserenda,
1712 3970 1824 4011 non

215 4068 354 4110 cum
417 4052 652 4108 diaconii
711 4050 1209 4117 administratione,
1282 4049 1378 4106 sed
1445 4050 1548 4106 sub
1620 4050 1829 4106 altioris

214 4146 432 4219 gradus
476 4146 845 4217 prohibitione
877 4145 1071 4217 legitur
1097 4145 1376 4200 tolerasse.

290 4240 550 4311 Denique
580 4238 718 4294 nihil
746 4238 884 4295 adeo
907 4238 1064 4294 alicui
1096 4239 1369 4309 reperitur
1394 4235 1656 4293 dissimile
1684 4236 1830 4308 quod

215 4351 334 4391 non
362 4350 493 4391 cum
538 4333 735 4391 eodem
772 4332 1011 4404 aliquem
1039 4330 1418 4387 similitudinis
1458 4330 1659 4385 habeat
1678 4330 1826 4387 colo-

210 4444 370 4497 rem,
426 4443 557 4485 cum
610 4435 668 4483 et
709 4427 824 4498 ipse
878 4425 1127 4482 diabolus
1170 4440 1229 4480 se
1278 4426 1335 4480 in
1376 4425 1636 4497 angelum
1688 4423 1827 4480 lucis

1914 472 2080 528 sacris
2124 474 2427 532 canonibus
2469 475 2830 534 adversantur
2872 476 2973 534 sub
3016 480 3242 536 terribili
3284 481 3505 538 anathe-

1914 575 2060 622 mate
2107 566 2459 625 damnantur.

1984 663 2117 717 Haec
2140 663 2308 735 igitur
2336 664 2380 720 si
2412 673 2468 720 tu
2498 665 2735 722 fideliter
2761 666 3104 734 attendisses,
3134 684 3417 740 nunquam
3451 670 3504 724 in

1912 755 1995 810 tui
2032 756 2335 827 periculum
2365 757 2575 815 domini
2597 761 2885 832 apostolici
2916 763 3242 818 sententiam
3271 762 3505 818 nimium

1913 850 2201 907 temerarie
2249 867 2494 909 vocasses
2518 855 2890 923 temerariam,
2922 871 3044 929 quae
3073 865 3290 913 tantum
3319 857 3503 913 Simo-

1915 944 2101 1000 niacos
2152 952 2207 1000 et
2248 945 2653 1004 incontinentes
2718 950 3061 1021 presbyteros
3111 967 3141 1006 a
3200 950 3503 1022 pernicioso

1914 1038 2017 1093 sibi
2057 1037 2241 1095 ofﬁcio
2270 1039 2570 1097 clementer
2593 1052 2890 1115 separaret,
2921 1059 3063 1116 quos
3105 1046 3161 1099 S.
3207 1046 3505 1117 Gregorius

1915 1148 2042 1189 cum
2086 1132 2307 1206 reliquis
2345 1150 2622 1191 canonum
2647 1135 2967 1192 adversariis
3004 1137 3166 1192 simul
3212 1154 3320 1193 uno
3369 1146 3508 1194 tem-

1916 1242 2048 1297 pore
2074 1227 2177 1283 sub
2222 1229 2565 1286 severissimo
2608 1230 2959 1286 anathemate
2984 1229 3292 1286 damnarat.
3326 1232 3510 1288 Nulla-

1917 1328 2080 1378 tenus
2151 1322 2267 1394 ipse
2324 1338 2382 1379 se
2441 1323 2539 1379 hac
2594 1325 2946 1381 damnatione
3010 1324 3293 1397 obligavit,
3376 1324 3507 1380 licet

1918 1416 2283 1473 Siciliensium
2337 1417 2699 1475 diaconorum
2742 1418 3193 1476 incontinentiam
3243 1418 3507 1475 dissimu-

1919 1508 2102 1578 lando,
2146 1526 2255 1566 non
2292 1512 2449 1582 quasi
2516 1512 2741 1581 licitam,
2800 1514 3134 1570 toleraverit.
3204 1514 3314 1584 Ipsi
3361 1514 3510 1568 enim

1918 1602 2124 1660 Nicaeni
2148 1608 2337 1661 Patres
2356 1606 2670 1663 nullatenus
2709 1608 3021 1680 apostolicae
3044 1607 3161 1663 sedi
3186 1607 3508 1679 primatum,

1916 1697 2030 1753 sive
2056 1698 2403 1772 privilegium
2433 1700 2705 1769 adimunt,
2751 1718 2879 1758 cum
2909 1702 3159 1758 omnium
3182 1702 3347 1757 etiam
3379 1717 3510 1772 pro-
3610 1710 3613 1711 '

1916 1791 2219 1849 vinciarum
2246 1794 2534 1864 antistites,
2558 1795 2717 1868 juxta
2759 1812 2972 1853 morem
3027 1796 3266 1853 Romani
3324 1795 3513 1867 ponti-

1920 1886 2058 1957 ﬁcis,
2109 1889 2326 1960 propria
2395 1889 2630 1961 jubeant
2682 1888 2971 1947 observare
3024 1890 3329 1963 privilegia.
3412 1892 3513 1945 Est

1920 1990 2113 2037 autem
2152 1982 2493 2054 privilegium
2530 1985 2767 2040 Romani
2795 1984 3084 2055 pontiﬁcis,
3128 1985 3287 2054 juxta
3340 1999 3513 2041 asser-

1919 2075 2130 2131 tionem
2179 2077 2235 2131 S.
2269 2076 2798 2157 Sylvestri,jGelasii,
2827 2087 2881 2134 et
2908 2078 3243 2148 reliquorum
3263 2079 3511 2147 Patrum,
3567 2146 3577 2169 ι

1919 2177 1981 2225 ut
2019 2168 2133 2240 ipse
2183 2168 2251 2226 de
2293 2169 2552 2226 omnibus
2596 2171 2847 2227 Ecclesiis
2888 2171 3134 2242 judicare
3183 2171 3379 2237 valeat,
3415 2187 3518 2227 nec

1917 2263 2145 2337 alicujus
2176 2264 2381 2336 judicio
2409 2265 2716 2337 subjaccat;
2745 2274 2799 2321 et
2841 2275 2904 2321 ut
2931 2267 3185 2337 ipsorum
3209 2281 3515 2333 canonum,

1917 2367 1972 2414 et
2017 2358 2363 2415 decretorum
2392 2359 2733 2415 severitatem
2764 2375 2863 2431 pro
2882 2359 3146 2432 temporis
3196 2359 3520 2416 necessitate

1918 2455 2113 2520 valeat,
2141 2455 2261 2509 imo
2289 2453 2482 2510 debeat
2508 2454 2761 2527 mitigare
2809 2455 2923 2525 (ubi
2957 2455 3163 2525 supra).
3191 2454 3373 2527 Hujus
3414 2454 3521 2527 pri-

1918 2547 2095 2618 vilegii
2148 2548 2472 2603 auctoritate
2522 2565 2639 2604 non
2670 2548 3047 2619 impugnando
3094 2563 3362 2618 canones,
3428 2549 3522 2605 sed

1917 2639 2276 2710 observando,
2341 2641 2661 2697 diaconibus
2714 2641 2915 2696 Siciliae
2970 2641 3380 2713 aliquantulum
3453 2642 3521 2698 ad

1918 2744 2137 2806 tempus
2159 2736 2429 2806 pepercit;
2454 2751 2566 2791 non
2585 2735 2687 2801 eis,
2717 2749 2846 2791 cum
2875 2735 3216 2803 Sozomeno,
3263 2736 3521 2805 peccandi

1920 2826 2194 2885 licentiam
2222 2827 2390 2883 dedit.
2422 2827 2586 2883 Unde
2616 2842 2717 2882 nec
2761 2827 3001 2898 seipsum
3040 2843 3169 2883 cum
3199 2827 3524 2883 adversariis

1922 2923 2143 2995 proprio
2168 2920 2514 2978 anathemate
2544 2920 2824 2993 obligavit,
2843 2920 2961 2988 sed,
2976 2920 3135 2992 juxta
3165 2928 3317 2976 tuam
3356 2921 3524 2992 ipsius

1924 3016 2300 3085 assertionem,
2344 3024 2398 3071 te
2425 3015 2632 3085 solum,
2675 3031 2789 3071 non
2835 3013 2961 3070 dico
3012 3030 3137 3069 cum
3181 3014 3521 3085 Paphnucio,

1928 3112 2024 3168 sed
2042 3111 2211 3168 etiam
2235 3126 2366 3167 cum
2402 3111 2661 3165 omnibus
2684 3108 2971 3165 Sozomeni
3014 3108 3394 3176 sectatoribus,
3420 3107 3523 3163 sub

1932 3204 2130 3263 eodem
2157 3204 2505 3261 anathemate
2551 3204 2791 3276 reliquit.
2820 3202 2927 3275 Ipsi
2958 3203 3104 3259 enim
3150 3203 3246 3259 SS.
3296 3205 3525 3259 Patrum

1930 3308 2133 3356 statuta
2165 3300 2336 3355 etiam
2365 3298 2647 3354 annullare
2666 3304 3028 3369 praesumunt,
3057 3297 3182 3353 licet
3203 3297 3285 3353 eis
3312 3297 3525 3353 nullum

1933 3393 2276 3466 privilegium
2323 3407 2566 3448 canones
2615 3390 3012 3457 concesserint,
3067 3398 3129 3446 ut
3191 3390 3401 3463 aliquid
3458 3406 3525 3446 ex

1931 3486 2238 3560 apostolicis
2266 3485 2482 3542 statutis
2508 3484 2699 3541 saltem
2725 3485 2979 3556 mitigare
3009 3483 3238 3555 possint.

2003 3581 2316 3637 Anathema
2345 3580 2514 3636 etiam
2536 3579 2687 3651 quod
2707 3578 2991 3651 subjungis
3008 3578 3249 3633 maxime
3280 3578 3531 3633 convenit

1931 3675 2290 3732 sectatoribus
2316 3674 2631 3741 Sozomeni,
2665 3681 2739 3740 et,
2767 3681 2829 3729 ut
2856 3671 3299 3744 compendiosius
3327 3670 3527 3739 dicam,

1932 3768 2342 3837 Sozomenistis,
2391 3768 2482 3839 qui
2512 3783 2622 3823 non
2646 3767 2768 3823 dico
2794 3766 3123 3839 approbant,
3154 3766 3269 3822 imo
3289 3780 3450 3822 causa
3475 3774 3531 3821 et

1932 3871 2095 3935 caput
2137 3871 2265 3919 sunt
2297 3871 2362 3918 ut
2406 3862 2694 3918 saeculares
2746 3861 3037 3918 incitentur
3089 3868 3281 3916 contra
3352 3873 3549 3923 sacer-.

1930 3958 2103 4014 dotes.
2132 3957 2244 4028 Ipsi
2268 3956 2416 4013 enim
2447 3972 2545 4012 sua
2573 3954 2966 4012 nefandissima
3008 3955 3371 4026 persuasione
3398 3955 3526 4011 sim-

1934 4052 2185 4124 pliciores
2206 4051 2554 4124 presbyteros
2582 4049 2651 4106 ad
2670 4047 3102 4107 contemnendos
3119 4063 3358 4105 canones
3389 4047 3530 4104 adeo

1933 4144 2270 4214 confortant,
2298 4154 2364 4201 ut
2389 4153 2630 4201 rectores
2658 4144 3025 4200 Ecclesiarum
3046 4143 3355 4199 necessario
3386 4142 3531 4198 Gre-

1932 4241 2188 4312 gorianas
2234 4238 2534 4294 sententias
2585 4237 2653 4292 ad
2699 4238 2989 4293 saeculares
3049 4236 3348 4308 proferant.
3407 4240 3530 4308 Ipse

1934 4334 2088 4389 enim
2133 4331 2330 4387 doctor
2379 4329 2710 4402 apostolicus
2735 4330 2992 4385 Jennasio
3037 4330 3259 4401 patricio
3293 4332 3368 4385 ita
3392 4331 3531 4385 scri-

1935 4427 2057 4482 bit:
2106 4428 2247 4484 Scito
2297 4429 2497 4488 autem,
2552 4425 2636 4494 ﬁli
2677 4421 3129 4492 excellentissime,
3177 4426 3227 4477 si
3278 4425 3531 4478 victorias

212 4524 403 4580 soleat
426 4521 820 4578 transformare
863 4520 941 4590 (II
967 4521 1086 4575 Cor.
1120 4526 1204 4586 ιι).
1231 4518 1373 4587 Quid
1400 4518 1566 4591 igitur
1592 4518 1820 4586 mirum,
1856 4527 1907 4591 D
1936 4524 2201 4592 qua-ritis,
2249 4521 2300 4575 si
2355 4520 2590 4575 comissce
2630 4518 2777 4572 vobis
2841 4517 3132 4588 provincia:
3192 4518 3530 4571 securitatem

210 4620 265 4676 si
312 4629 378 4675 tu
429 4619 631 4689 scripta
675 4615 923 4689 Gregorii
960 4615 1240 4687 ﬁgmentis
1269 4616 1565 4672 Sozomeni
1607 4629 1830 4687 quoquo

209 4713 403 4771 modo
448 4713 791 4778 assimilasti,
831 4726 959 4767 cum
1010 4718 1198 4766 tamen
1224 4710 1362 4767 adeo
1392 4710 1724 4766 dissentiant
1768 4716 1832 4765 ut

205 4808 396 4880 hujus
440 4806 703 4878 ﬁgmenta
729 4804 1039 4861 nullatenus
1085 4805 1482 4876 Gregorianum
1539 4804 1830 4859 anathema

207 4898 608 4972 subterfugere
633 4900 887 4955 valeant?
918 4897 1227 4954 Justissime
1275 4904 1461 4953 autem
1518 4910 1634 4951 non
1690 4895 1831 4950 hanc

204 4994 596 5067 temporalem
633 5001 692 5050 et
743 4993 1205 5065 dispensatoriam
1253 4992 1310 5047 S.
1335 4989 1587 5062 Gregorii
1633 4988 1832 5044 tolera-

206 5090 465 5159 tionem,
490 5087 587 5144 sed
624 5087 896 5159 generalia
920 5086 1090 5159 ipsius
1114 5094 1169 5141 et
1214 5085 1550 5157 reliquorum
1603 5085 1829 5137 Patrum

203 5184 451 5241 decreta
481 5182 805 5255 generaliter
820 5182 928 5237 hoc
952 5189 1202 5253 tempore
1225 5180 1485 5253 jubemur
1508 5179 1828 5246 observare;

202 5293 357 5335 cum
400 5276 596 5334 beatus
642 5291 781 5350 papa
829 5278 974 5346 Leo,
1013 5283 1124 5331 tuae
1171 5275 1346 5346 partis
1393 5281 1716 5341 assentator,
1770 5278 1833 5326 ut

202 5373 498 5441 mstimas,
552 5370 626 5428 ad
656 5371 944 5442 episcopos
981 5368 1325 5425 Mauritaniae
1349 5369 1486 5424 hanc
1523 5366 1831 5440 generalem

198 5465 476 5538 proferat
524 5464 874 5520 sententiam.
915 5466 1041 5519 Non
1089 5476 1218 5536 ergo
1244 5464 1299 5519 in
1343 5463 1668 5535 cujusquam
1706 5476 1833 5533 per-

198 5572 367 5614 sona
418 5565 504 5614 est
548 5557 1088 5630 praetermittendum
1157 5557 1305 5630 quod
1359 5558 1417 5612 in
1485 5557 1835 5630 generalibus

1939 4618 2203 4677 tractatis,
2246 4615 2387 4671 niliil
2438 4614 2597 4668 aliud
2624 4613 2768 4667 vobis
2793 4613 2970 4684 magis
2995 4610 3070 4665 ad
3115 4610 3209 4666 hoc
3251 4613 3525 4683 proﬁcere,

1938 4727 2104 4780 quam
2132 4711 2301 4764 zelari
2313 4709 2650 4764 sacerdotum
2669 4709 2857 4769 vitam,
2883 4710 2935 4761 et
2970 4707 3232 4760 intestina
3265 4706 3526 4760 Ecclesiae

1936 4820 2079 4866 rum,
2118 4805 2178 4857 in
2226 4806 2487 4872 quantum
2516 4799 2770 4871 possibile
2831 4804 2929 4867 est,
2995 4800 3131 4855 bella
3182 4814 3527 4871 compescere.

1938 4897 2094 4959 Idem
2144 4894 2309 4950 etiam
2338 4909 2492 4966 reges
2521 4892 2936 4949 Francorumin
2967 4892 3304 4966 adjutorium
3334 4893 3436 4949 sibi
3460 4892 3529 4948 ad

1938 4989 2335 5047 correctionem
2401 4987 2753 5044 sacerdotum
2810 4986 2909 5042 hac
2971 4987 3199 5043 terribili
3264 4987 3528 5044 sententia

1937 5082 2191 5141 incitavit
2218 5090 2529 5139 contestans
2557 5102 2569 5137 :
2599 5082 2768 5150 Quod,
2799 5080 3002 5154 inquit,
3041 5082 3229 5152 procul
3252 5082 3411 5136 dubio
3439 5083 3527 5149 Γαι

1938 5181 2125 5234 cith
2173 5179 2385 5248 culpam
2449 5176 2629 5243 habet,
2685 5177 2786 5245 qui
2830 5176 2974 5246 quod
3015 5179 3192 5246 potest
3250 5176 3525 5243 corrigere,

1939 5273 2169 5342 negligit
2190 5270 2491 5326 emendare.
2512 5271 2629 5325 Nec
2657 5276 2845 5324 tamen
2866 5268 3013 5324 idem
3071 5264 3399 5339 apostolicus
3433 5276 3530 5335 per

1939 5364 2045 5421 hoc
2087 5362 2289 5436 aliquid
2307 5362 2592 5419 commisit
2623 5362 2676 5417 in
2705 5364 2799 5419 SS.
2844 5364 3073 5418 Patrum
3103 5365 3328 5425 statuta,
3358 5373 3531 5414 sacera

1941 5459 2097 5516 dotes
2135 5474 2165 5513 a
2211 5457 2563 5514 saecularibus
2616 5454 2975 5512 defendentia.
3025 5453 3189 5509 Novit
3225 5452 3373 5509 enim
3409 5465 3531 5509 cer-

1942 5554 2157 5610 tissime
2180 5552 2297 5608 haec
2330 5550 2523 5607 eadem
2578 5552 2791 5607 nullum
2835 5544 3174 5604 sacerdotem
3227 5564 3259 5603 a
3305 5548 3533 5605 smculaa

192 5652 458 5712 statutis
472 5652 801 5709 continetur.
832 5652 1003 5726 Atqui
1026 5652 1084 5708 in
1111 5651 1459 5724 generalibus
1483 5652 1708 5709 statutis
1735 5662 1833 5724 per
1941 5648 2094 5706 ribus
2141 5645 2454 5703 defendisse
2507 5645 2601 5719 qui
2661 5642 2824 5700 sacris
2882 5641 3186 5698 canonibus
3258 5641 3531 5696 obstinato

190 5746 617 5805 auctoritatem
641 5744 697 5804 S.
728 5747 978 5821 Gregorii
1008 5747 1066 5805 in
1089 5745 1301 5821 synodo
1328 5746 1569 5819 generali
1591 5747 1834 5819 promul-
1943 5743 2132 5801 animo
2179 5740 2486 5807 resisteret,
2524 5739 2637 5794 imo
2658 5736 2749 5808 qui
2778 5734 2846 5789 ab
2871 5733 3064 5792 iisdem
3101 5735 3395 5793 damnatus
3411 5733 3531 5805 jam

190 5843 396 5917 gatis,
441 5841 556 5912 ipsa
596 5856 706 5896 non
748 5849 967 5898 tantum
1031 5840 1417 5909 condormitio,
1493 5839 1593 5897 sed
1660 5842 1831 5899 etiam
1941 5839 2076 5896 dum
2107 5852 2138 5893 a
2163 5834 2488 5902 sacerdotio,
2523 5830 2667 5903 apud
2706 5832 2889 5887 Deum
2937 5829 3251 5974 decidissset.

518 5932 745 5974 Pyram“
787 5925 1044 5974 CXLVIII-
3143 5923 3171 5972 5

518 5932 747 5988 Paeon.
787 5925 1046 5988 CXLVIII.
3108 5923 3171 5974 35
