4052 6180
614 271 750 325 1099

1614 269 1704 322 Αἰ)
1744 268 1971 323 OPERA
2008 268 2066 324 S.
2105 268 2423 325 GREGORII
2458 262 2895 324 APPENDICES.

3684 275 3780 326 “00

683 395 915 453 Videsne
938 396 1104 468 igitur
1131 408 1298 466 quam
1331 392 1638 465 justissime
1663 393 1927 464 prmdicto
1974 393 2200 450 anathe-
2232 401 2283 462 Α
2313 394 2445 463 dus,
2478 393 2604 466 quia
2645 391 2795 447 nullo
2833 387 3002 445 modo
3048 388 3165 444 sine
3201 402 3292 443 sua
3320 389 3529 459 pernicie
3562 392 3653 448 suis
3684 394 3785 451 favet

612 490 750 545 mati
802 488 1113 559 subjaceant
1137 488 1553 553 Sozomenista,
1593 489 1681 558 qui
1713 486 1987 559 quoslibet
2018 504 2201 544 sacer-

610 583 767 639 dotes
800 582 932 637 adeo
953 597 1191 637 canones
1218 590 1594 649 contemnere,
1624 581 1759 637 adeo
1788 598 1945 639 suam
1976 582 2204 639 damna-

608 676 814 730 tionem
834 690 1090 746 spernere
1112 676 1330 743 docent,
1354 684 1415 730 ut
1444 675 1649 747 praelati
1676 691 1869 732 eorum
1895 679 2200 733 necessario

605 769 705 824 sibi
746 769 803 823 in
853 769 1186 841 adjutorium
1234 771 1522 827 saeculares
1568 787 1664 841 pro
1711 770 1839 842 ipsis
1892 788 1925 827 a
1966 771 2199 827 damna-

607 864 756 918 tione
800 862 1123 920 revocandis
1162 864 1482 933 implorent.

683 959 890 1014 Parum
937 967 1145 1023 autem,
1182 957 1300 1013 imo
1329 957 1470 1013 nihil
1515 964 1625 1013 tuae
1652 957 1947 1013 intentioni
1978 958 2204 1030 prodest

608 1051 759 1123 quod
801 1060 887 1107 tot
921 1052 1373 1123 compassionum
1404 1051 1655 1121 exempla
1707 1067 2022 1119 enumeras,
2065 1052 2199 1108 dum

609 1145 713 1200 hoc
736 1144 957 1201 cuilibet
983 1143 1199 1200 erudito
1228 1144 1302 1199 sit
1320 1143 1677 1199 manifestum
1705 1145 1851 1216 quod
1872 1146 2199 1213 nullatenus,

608 1254 708 1308 pro
740 1238 972 1310 alicujus
1013 1237 1352 1307 inﬁrmitate,
1387 1254 1445 1293 se
1484 1238 1677 1309 aliquis
1701 1237 1896 1293 debeat
1925 1255 1955 1294 a
1981 1239 2201 1295 Christo

606 1346 891 1402 separare;
921 1331 1069 1403 quod
1098 1347 1289 1395 omnes
1318 1331 1554 1401 faciunt,
1608 1332 1916 1403 quicunque
1942 1333 2064 1388 aliis
2087 1342 2200 1389 tam

608 1425 884 1482 obstinato
931 1424 1120 1482 animo
1150 1422 1340 1482 centra
1386 1427 1785 1483 sacratissimos
1837 1444 2075 1484 canones
2102 1429 2199 1485 ad-

494 1584 511 1587 _
609 1520 918 1575 miniculari
979 1528 1267 1587 conantur,
1299 1529 1444 1577 utet
1476 1521 1575 1592 ipsi
1606 1521 1722 1591 iure
1764 1538 1890 1577 cum
1936 1523 2039 1577 illis
2097 1523 2198 1577 sub

610 1629 718 1669 uno
768 1614 1114 1669 anathemate
1156 1615 1377 1669 multari
1431 1622 1763 1670 mereantur.
1832 1617 1996 1684 Nam,
2043 1616 2197 1687 juxta

609 1708 952 1777 Apostolum,
980 1709 1136 1777 digni
1154 1714 1285 1763 sunt
1328 1714 1494 1763 morte
1542 1726 1645 1763 non
1701 1711 1872 1764 solum
1918 1713 2014 1779 qui
2063 1713 2198 1765 talia

2313 488 2681 552 auditoribus,
2722 484 2868 556 quod
2921 482 3050 538 fecit
3112 482 3225 556 ipse
3252 481 3615 551 Christus;nec
3636 486 3782 542 domini

2312 581 2597 653 apostolici
2651 578 2947 635 auctoritas
3014 576 3308 643 minuetur,
3352 578 3562 633 “etiamsi
3622 580 3784 650 quilibet

2313 676 2484 747 magis
2530 674 2736 745 perire,
2768 688 2938 745 quam
2965 671 3268 742 apostolicis
3307 670 3681 727 institutionibus
3701 674 3788 728 obe-

2311 769 2429 826 dire
2482 776 2732 836 conetur,
2782 782 2879 838 pro
2931 781 3041 838 quo
3086 764 3248 820 etiam
3287 780 3431 819 orare
3473 764 3682 836 prohibet
3710 768 3789 837 ipse

2312 863 2702 920 dilectissimus
2767 859 2987 916 Domini
3033 880 3044 916 :
3092 862 3213 927 Est,
3267 858 3449 929 inquit,
3484 865 3707 929 peccatum
3744 861 3791 914 ad

2310 962 2554 1019 mortem,
2584 972 2689 1011 non
2735 954 2856 1009 dico
2894 959 2958 1009 ut
3002 955 3123 1023 quis
3166 956 3281 1007 oret
3320 967 3415 1021 pro
3440 968 3489 1006 eo
3530 952 3571 1022 (I
3605 954 3790 1022 Jecur).

2312 1052 2421 1122 Ipsi
2466 1048 2713 1105 videlicet
2741 1048 2878 1104 tales
2916 1047 2986 1103 ad
3033 1062 3131 1103 cor
3147 1052 3466 1102 revertentes
3490 1045 3642 1117 potius
3665 1060 3794 1115 prose

2312 1152 2365 1200 et
2394 1160 2494 1215 pro
2524 1145 2645 1199 aliis
2668 1143 2866 1199 debent
2897 1156 3075 1209 orare,
3126 1141 3201 1195 ita
3232 1138 3497 1195 dicentes:
3527 1140 3686 1195 Omnia
3714 1154 3795 1209 qua

2310 1241 2492 1306 fecisti
2516 1239 2689 1307 nobis,
2736 1238 2975 1304 Domine,
3022 1236 3085 1290 in
3123 1235 3451 1304 verojadicio
3499 1235 3665 1300 fecisti,
3709 1235 3797 1301 quia

2304 1336 2638 1403 peccavimus
2668 1332 2783 1394 tibi,
2828 1335 2877 1385 et
2914 1330 3192 1385 mandatis
3242 1330 3347 1383 tuis
3389 1343 3486 1382 non
3525 1327 3794 1381 obedivimus.

2311 1430 2468 1493 (Dan.
2501 1426 2619 1495 III).

2379 1519 2515 1575 Volo
2565 1519 2733 1574 etiam
2780 1525 2841 1572 ut
2888 1518 3177 1588 diligenter
3218 1515 3480 1588 inspicias,
3534 1513 3747 1585 quoslibet
3776 1526 3798 1565 a

2306 1615 2507 1684 populo
2544 1611 2791 1668 vitandos
2832 1627 2951 1667 esse
3016 1626 3129 1666 non
3172 1619 3285 1667 tam
3342 1617 3543 1681 propter
3580 1607 3798 1662 humanam

2305 1706 2782 1771 incontinentiam,
2834 1721 3001 1777 quam
3067 1712 3293 1775 propter
3347 1702 3639 1758 diabolicam
3671 1698 3798 1754 inobe-

607 1804 839 1867 facizmt,
870 1803 963 1857 sed
990 1807 1040 1856 et
1068 1804 1164 1872 qui
1205 1804 1527 1871 facientibus
1555 1806 1896 1859 consentiunt
1923 1804 2093 1872 (Rom.
2128 1809 2198 1872 ι).
2229 1779 2276 1841 Β
2309 1801 2595 1866 dientiam,
2641 1808 2699 1855 ut
2724 1799 2956 1870 Spiritus
3006 1808 3231 1853 sanctus
3265 1812 3358 1869 per
3401 1794 3799 1851 Samuelemtesta

607 1896 664 1949 Si
688 1912 816 1950 vero
846 1896 1009 1968 digna
1039 1896 1205 1952 rebus
1229 1898 1453 1952 nomina
1481 1898 1765 1968 imponere
1788 1899 2064 1966 volumus,
2087 1915 2200 1954 non

608 1989 712 2043 hoc
746 1990 1063 2045 misericors
1108 1991 1436 2061 compassio,
1486 1990 1580 2045 sed
1635 1992 1816 2061 potius
1876 1991 2200 2047 miserabilis

606 2082 991 2137 condemnatio
1030 2084 1457 2153 nuncupabitur,
1487 2100 1617 2139 cum
1663 2086 1857 2155 aliquis
1893 2101 2005 2139 non
2034 2084 2200 2141 modo

607 2191 791 2240 suum,
818 2174 915 2230 sed
945 2184 999 2230 et
1026 2175 1247 2231 alterius
1278 2184 1560 2246 peccatam
1599 2176 1734 2232 adeo
1776 2176 2066 2233 defendere
2091 2194 2201 2233 non

609 2267 838 2335 dubitat,
874 2276 933 2322 ut
962 2284 990 2323 a
1042 2267 1193 2323 fonte
1222 2270 1473 2325 omnium
1502 2270 1773 2326 bonorum
1799 2271 2036 2342 seipsum
2066 2272 2201 2327 alie-

606 2377 741 2417 nare
781 2376 892 2416 non
944 2362 1155 2417 timeat.
1203 2364 1327 2418 Non
1390 2372 1475 2418 est
1516 2363 1681 2418 modo
1728 2365 2095 2421 necessarium
2141 2375 2201 2422 ut

610 2454 858 2525 exempla
918 2455 1383 2525 compassionum,
1425 2470 1548 2526 qua:
1604 2454 1808 2511 frustra
1849 2457 2195 2529 multiplicas,

602 2550 773 2604 etiam
817 2548 1100 2619 sigillatim
1126 2547 1439 2613 discutiam,
1481 2564 1609 2604 cum
1647 2549 1847 2605 eadem
1877 2551 2200 2622 generaliter

600 2642 734 2698 nihil
782 2650 892 2698 tum
942 2641 1084 2712 parti
1148 2640 1406 2711 prodesse
1443 2642 1565 2713 jam
1604 2653 2023 2710 monstrassem,
2074 2660 2198 2716 quae

599 2736 763 2790 etiam
791 2734 851 2791 in
877 2733 1157 2805 epistolari
1198 2735 1462 2791 brevitate
1501 2736 1821 2807 singulatim
1865 2746 2197 2808 pertractare

599 2828 766 2884 nimis
812 2828 1039 2900 longum
1062 2829 1304 2885 aestimo.
2114 2812 2135 2834 ‘

672 2921 812 2978 Volo
866 2930 1053 2978 tamen
1119 2921 1224 2978 hoc
1264 2929 1375 2978 tua:
1422 2921 1750 2980 fraternitati
1782 2924 2017 2982 ﬁdeliter
2066 2926 2192 2982 inti-

598 3031 752 3073 mare
802 3015 959 3088 quod
1023 3015 1174 3072 illud-
1213 3016 1524 3087 exemplum
1598 3017 1748 3088 quod
1806 3018 2022 3091 justum
2084 3022 2193 3075 Lot

597 3110 740 3166 ﬁlias
789 3124 916 3166 suas
963 3125 1063 3181 pro
1116 3109 1428 3180 hospitibus
1500 3111 1830 3182 stuprandas
1873 3111 2189 3169 exhibuisse

2309 1904 2402 1951 tur
2435 1897 2654 1951 :Melior
2699 1898 2777 1948 est
2797 1894 3098 1947 obedientia
3136 1908 3303 1962 quam
3329 1893 3559 1957 victima,
3586 1894 3628 1943 et
3652 1885 3800 1940 auset!-

2310 1994 2429 2044 tare
2456 1990 2626 2057 magis
2649 2004 2820 2057 quam
2844 1987 3036 2056 offerre
3056 1987 3280 2055 adipem
3303 1988 3542 2045 arietum,
3569 1984 3676 2052 quia
3695 1980 3805 2048 quasi

2302 2087 2577 2152 peccatum
2626 2082 2902 2136 ariolandi
2952 2085 3028 2134 est
3078 2094 3403 2149 repugnare,
3456 2083 3511 2153 et
3532 2078 3669 2146 quasi
3690 2073 3801 2127 scalis

2310 2172 2633 2233 idolOlatrice
2649 2177 2788 2230 nolle
2825 2177 3159 2244 acquiescere
3186 2176 3239 2244 (Ι
3252 2178 3378 2241 Reg.
3405 2175 3520 2241 xv).
3544 2170 3661 2224 Hinc
3675 2166 3805 2235 etipse

2310 2268 2562 2341 princeps
2636 2268 3034 2339 apostolorum,
3092 2276 3151 2322 ut
3214 2268 3274 2322 Β.
3366 2261 3643 2321 Alexander
3698 2271 3804 2331 papa,

2310 2363 2478 2434 capit.
2521 2368 2583 2429 6,
2623 2370 2859 2418 testatur
2899 2362 2955 2417 in
2981 2360 3332 2416 ordinatione
3358 2361 3423 2414 B.
3467 2353 3725 2418 Clementis,
3745 2350 3809 2405 fir-

2308 2457 2550 2513 missime
2592 2456 2875 2519 deliberat,
2924 2454 2985 2510 nt
3014 2454 3256 2526 populus
3298 2470 3401 2509 nec
3436 2452 3609 2507 saltem
3648 2443 3807 2518 loquiei

2308 2550 2528 2619 audeat,
2599 2565 2762 2621 quem
2827 2548 3114 2620 praeceptis
3155 2547 3472 2619 apostolica
3513 2544 3640 2601 sedis
3681 2538 3814 2596 inobe

2308 2644 2547 2700 dientem
2606 2644 2823 2699 sentiat.
2890 2644 3122 2713 Propter
3166 2641 3584 2698 inobedientiam
3624 2632 3815 2689 videlicet

2307 2738 2419 2810 ipse
2448 2737 2644 2793 Paulus
2696 2739 3116 2803 Samosatenus,
3166 2736 3334 2808 cujus
3378 2747 3601 2790 errorem
3636 2728 3680 2783 in
3715 2736 3818 2795 sape

2306 2832 2437 2887 trito
2478 2831 2718 2903 capitqu
2748 2830 3078 2887 restauravit
3104 2831 3459 2886 Sozomenus
3483 2826 3544 2882 ab
3581 2823 3815 2894 episcopatu

2302 2924 2517 2997 publica
2564 2940 2733 2980 manu
2778 2924 3017 2995 turpiter
3058 2933 3144 2979 est
3170 2923 3457 2995 expulsus,
3489 2928 3544 2976 ut
3584 2918 3680 2989 ipsa
3703 2923 3820 2985 quam

2298 3018 2541 3075 nimium
2566 3018 2849 3074 veneraris
2892 3017 3141 3074 Historia
3168 3016 3398 3074 fatetur.
3441 3013 3637 3072 Siricius
3659 3017 3818 3079 quoque

2298 3128 2438 3184 papa
2503 3111 2899 3168 sacerdotalem
2975 3110 3437 3168 incontinentiam
3495 3098 3823 3163 defendentibus

595 3205 745 3271 (Gen.
772 3178 982 3273 xvm),
1010 3178 1244 3259 testatur
1272 3219 1302 3259 a
1326 3204 1389 3259 B.
1434 3178 1744 3276 Augustino
1792 3205 1933 3262 inter
1967 3206 2187 3263 vitanda
2225 3178 2270 3244 δ
2298 3178 2414 3261 non
2441 3205 2852 3276 promotionem
2875 3214 3096 3261 tantum
3114 3205 3354 3277 ademit,
3379 3202 3472 3259 sed
3498 3212 3687 3256 omnem
3705 3192 3822 3249 etiam

594 3299 779 3369 potius
805 3314 975 3369 quam
1026 3296 1298 3353 imitanda
1353 3312 1522 3354 sacrae
1573 3299 1876 3371 Scriptura
1926 3300 2195 3373 exempla,

594 3392 737 3448 sicut
763 3401 821 3448 et
850 3391 1197 3447 mendacium
1254 3391 1451 3447 Rahab
1488 3401 1799 3464 reputatur.
1832 3393 1990 3451 Idem
2046 3394 2197 3451 enim

597 3487 942 3557 Augustinus
990 3485 1409 3543 evidentissimis
1444 3487 1752 3544 rationibus
1801 3488 1999 3559 probat
2036 3487 2199 3562 quod

591 3580 908 3636 nullatenus
945 3578 1188 3650 aliquem
1222 3595 1320 3650 pro
1348 3579 1523 3636 aliena
1550 3580 1869 3637 inﬁrmitate
1921 3590 2201 3652 peccatum

596 3674 944 3727 committere
987 3673 1167 3740 liceat,
1201 3688 1299 3743 pro
1329 3688 1438 3743 quo
1484 3674 1798 3742 devitanda,
1827 3691 1929 3732 nec
1970 3677 2204 3748 propria:

596 3764 902 3819 inﬁrmitati
971 3780 1197 3834 parcere
1244 3764 1491 3831 debeata

676 3857 818 3913 Illud
846 3865 1029 3913 autem
1071 3857 1321 3927 Apostoli
1356 3876 1369 3912 :
1407 3860 1779 3929 Unusquisque
1816 3876 1971 3917 suam
2011 3864 2203 3918 habeat

604 3967 824 4006 umorem
876 3952 925 4014 (Ι
952 3952 1069 4007 Cor.
1101 3953 1238 4018 vn),
1271 3966 1398 4005 cum
1422 3966 1522 4006 nec
1569 3952 1883 4009 inﬁrmitati
1901 3955 2201 4013 monacho-

595 4062 745 4113 rum,
794 4060 897 4100 nec
935 4042 1217 4114 fragilitati
1245 4044 1611 4114 quarumlibet
1654 4046 1954 4103 velatarum
1994 4049 2203 4121 aliqua-

594 4148 754 4195 tenus
801 4137 1231 4205 condescendat,
1316 4137 1490 4193 multo
1548 4138 1737 4196 minus
1816 4142 2201 4200 condescendit

591 4232 982 4296 sacerdotibus,
1062 4229 1311 4286 videlicet
1368 4231 1459 4302 qui
1517 4248 1629 4288 non
1696 4233 1925 4304 simplici
1980 4244 2192 4294 tantum

591 4326 971 4381 benedictione
1016 4324 1086 4380 ad
1116 4325 1511 4381 continentiam
1544 4334 1671 4382 sunt
1718 4326 1902 4397 dicati,
1949 4329 2045 4386 sed
2095 4347 2194 4403 per

593 4419 957 4476 venerandam
1000 4434 1197 4475 manus
1236 4418 1671 4489 impositionem,
1704 4428 1758 4476 et
1811 4439 1906 4494 per
1934 4426 2191 4481 sacratis-

2304 3300 2521 3356 aditum
2550 3299 2899 3371 indulgentia
2914 3298 3035 3370 jam
3063 3308 3208 3355 tunc
3259 3300 3341 3356 eis
3370 3296 3569 3371 penitus
3598 3283 3825 3347 obseravit.

2311 3397 2538 3449 Decreta
2574 3395 2780 3449 Leonis
2807 3408 2982 3465 papae,
3020 3409 3142 3465 quae
3165 3400 3293 3450 tuae
3312 3391 3449 3465 parti
3473 3390 3631 3445 favere
3658 3376 3823 3454 putasti.

2312 3488 2718 3544 SozomeniStas
2776 3503 3000 3558 prorsus
3053 3488 3457 3554 condemnant,
3494 3496 3607 3557 quae
3639 3472 3829 3534 omnibus

2312 3582 2608 3653 apostolica
2658 3590 2929 3654 praecepta
2963 3581 3459 3639 contemnentibus
3486 3576 3679 3634 veniam
3716 3568 3828 3625 dene-

2311 3676 2430 3747 gari
2468 3675 2723 3731 indicant.

2385 3771 2621 3825 Multum
2650 3778 2837 3824 autem
2871 3778 2981 3825 tua:
3004 3770 3314 3827 eruditioni
3341 3769 3564 3839 derogas
3585 3762 3633 3819 in
3650 3775 3702 3815 90
3725 3748 3827 3826 (ιιιοά

2311 3863 2654 3936 generalibus
2676 3864 2893 3920 statutis
2913 3865 2975 3918 B.
3009 3864 3186 3921 Siricii
3210 3858 3650 3937 dispensatoriam
3673 3857 3718 3909 S.
3739 3849 3831 3905 Gte'

2312 3957 2448 4030 gorii
2476 3958 2884 4024 tolerationem,
2924 3958 3127 4030 quippe
3166 3959 3405 4015 localcm
3437 3965 3491 4013 et
3528 3944 3829 4021 temporalem:

2310 4051 2525 4107 miraris
2554 4052 2855 4108 dissonare.
2898 4052 3092 4107 Nullus
3122 4052 3283 4108 enim
3310 4048 3638 4124 apostolicus
3677 4045 3832 4134 sum:cr

2309 4160 2494 4201 sorem
2533 4162 2695 4201 suum
2724 4145 3003 4218 privilegio
3029 4145 3177 4202 sedis
3211 4145 3533 4218 apostolica:
3556 4138 3833 4218 primum"?

2306 4255 2406 4310 pro
2432 4239 2513 4295 sui
2542 4239 2809 4311 temporis
2832 4240 3157 4295 necessitate
3184 4256 3304 4295 non
3328 4240 3509 4295 solum
3538 4214 3837 4291 canones»sed

2300 4332 2467 4387 etiam
2511 4333 2593 4388 sui
2636 4334 2995 4389 antecesseris
3041 4334 3373 4389 sanctiones
3420 4330 3587 4385 valeat
3614 4321 3832 4389 mitigare,

2299 4441 2400 4481 nec
2422 4433 2609 4481 tamen
2638 4427 2695 4481 in
2717 4426 2822 4482 hoc
2844 4444 2944 4483 suo
2975 4426 3373 4497 praedecessori
3410 4425 3692 4496 repugnai.
3716 4419 3833 4484 φιεω

589 4514 717 4569 simi
757 4512 1074 4569 chrismatis
1114 4512 1433 4569 unctionem
1484 4513 1710 4585 reliquis
1760 4516 2185 4586 continentibus,
2219 4538 2268 4602 ι)
2302 4527 2354 4573 et
2384 4520 2602 4589 propria
2628 4527 2835 4576 statuta
2864 4520 3155 4592 aliquando
3188 4520 3477 4591 mitigasse
3504 4531 3609 4572 non
3635 4510 3818 4602 ignorat-

592 4608 705 4662 imo
741 4607 1062 4677 virginibus,
1090 4614 1220 4661 sunt
1261 4607 1494 4678 praelati,
1549 4606 1727 4679 quiet
1754 4606 1826 4663 ad
1868 4613 2187 4680 persolven-

590 4700 723 4754 dum
776 4696 1043 4763 ofﬁcium,
1091 4700 1255 4755 nullis
1298 4700 1401 4755 nisi
1432 4699 1834 4757 continentibus
1864 4702 2026 4770 licite,
2053 4720 2188 4776 quo-

591 4792 723 4847 tidie
746 4790 948 4847 debent
987 4807 1105 4847 esse
1142 4794 1333 4864 parati.
1370 4795 1638 4865 (Denique
1691 4795 1841 4852 idem
1887 4798 2186 4869 Apostolus

586 4884 888 4941 informans
914 4885 1103 4941 Titum
1129 4884 1197 4941 de
1247 4886 1591 4944 ordinatione
1623 4888 1731 4944 sive
1781 4889 1851 4946 de
1893 4904 2185 4949 conversa-

589 4980 738 5035 tione
766 4977 1137 5045 sacerdotum,
1169 4978 1547 5036 indubitanter
1574 4981 1815 5039 afﬁrmat
1839 4985 1988 5055 quod
2015 5001 2191 5044 sacer-

587 5073 774 5128 dotem
815 5079 1071 5143 oporteat
1111 5087 1228 5127 esse
1281 5074 1686 5131 continentem.

655 5166 807 5223 Scias
857 5166 1023 5221 etiam
1072 5180 1171 5236 pro
1211 5174 1365 5221 certo
1414 5169 1477 5221 B.
1540 5168 1914 5239 Augustinum
1976 5172 2181 5230 nullam

584 5260 927 5317 mentionem
963 5259 1040 5315 tui
1074 5259 1297 5329 capituli
1332 5259 1548 5328 fecisse,
1592 5276 1720 5316 cum
1749 5269 2009 5320 tractaret
2031 5266 2178 5337 quod

583 5348 958 5419 multipliciter
985 5346 1169 5402 divina
1198 5347 1475 5417 Scriptura
1533 5347 1757 5421 intelligi
1806 5360 2006 5420 posset.
2044 5355 2180 5426 Quis

583 5435 729 5489 enim
784 5434 908 5490 sani
956 5434 1150 5507 capitis
1189 5433 1369 5505 ipsum
1409 5434 1550 5490 inter
1603 5436 1790 5492 divina
1834 5449 2179 5511 computarat

577 5524 725 5597 quod
765 5525 833 5581 ab
870 5524 1001 5594 ipsis
1046 5523 1245 5579 divinis
1274 5524 1644 5582 sanctionibus
1676 5526 1790 5598 jam
1832 5530 1900 5584 ab
1945 5532 2173 5604 antiquo

580 5614 1069 5687 irrecuperabiliter
1094 5614 1615 5672 anathematizatum
1646 5624 1957 5675 constaret?
1979 5623 2174 5680 Nullus

575 5713 762 5763 autem
812 5704 1184 5762 Sozomenista
1211 5720 1432 5762 summo
1470 5706 1688 5765 medico
1720 5716 1805 5765 est
1841 5726 2170 5781 comparan-

645 5824 785 5895 (984)
820 5822 1076 5879 Rufﬁuns
1095 5822 1384 5878 transtulit.

2370 4612 2513 4668 Nolo
2551 4621 2733 4668 autem
2762 4614 2967 4671 iterum
3009 4614 3297 4670 exinanire
3346 4614 3505 4669 illam
3527 4618 3669 4665 tuam
3692 4600 3841 4664 ὁθοεΡ·

2293 4704 2492 4760 toriam
2524 4705 2941 4764 similitudinem
2998 4707 3301 4763 Sozomeni
3356 4722 3487 4763 cum
3519 4694 3768 4769 Gregorio,
3805 4690 3843 4739 εί

2293 4798 2450 4855 illum
2477 4807 2637 4856 tuum
2684 4800 3056 4872 prophetalem
3082 4800 3403 4856 funiculum
3434 4796 3737 4864 abrumpere
3761 4792 3845 4837 n0“

2291 4894 2661 4950 necessarium
2698 4893 2861 4961 duco,
2928 4894 3056 4966 quia
3112 4894 3431 4950 Jeremiam
3479 4890 3549 4946 de
3590 4888 3699 4943 lacu

2291 5002 2427 5043 noso
2473 4988 2679 5044 extrahi
2733 4987 3139 5044 desiderantem
3158 5028 3175 5057 ,
3230 5004 3353 5044 non
3430 4982 3688 5043 obstinate
3724 4968 3847 5029 saltm

2292 5096 2405 5138 suae
2481 5083 2864 5153 reluctantem,
2924 5081 3053 5139 inde
3118 5089 3445 5138 extractum
3519 5092 3627 5133 non
3674 5072 3845 5141 ignoro-

2289 5178 2411 5243 (Jer.
2449 5180 2745 5242 xxxvm.)

2358 5269 2501 5324 Sciat
2522 5269 2691 5324 etiam
2721 5267 3033 5325 fraternitas
3058 5275 3153 5324 tua
3200 5283 3323 5325 non
3355 5243 3849 5351 Cassiodorrumased

2287 5356 2656 5427 Epiphanium
2684 5357 2872 5413 nescio
2902 5372 3068 5429 quem
3100 5354 3507 5413 scholasticum
3542 5348 3848 5421 Tripartitam

2285 5447 2623 5501 transtulisse
2686 5445 3008 5514 historiam,
3069 5445 3235 5515 cujus
3278 5442 3596 5501 Cassiodori
3666 5440 3849 5508 persona

2285 5534 2597 5590 nullatenus
2624 5536 3153 5591 anathematizatum
3187 5533 3502 5590 Sozomeni
3530 5533 3688 5599 caput
3725 5528 3850 5609 ρευσς

2280 5624 2510 5693 nizabit,
2564 5641 2689 5681 cum
2737 5642 2839 5681 nec
2881 5624 3191 5682 indubitata
3254 5625 3533 5680 sanctitas
3574 5619 3850 5699 Hier-ouilitl

2278 5712 2561 5771 historiam
2585 5716 2804 5773 Eusebii
2831 5714 3039 5789 abipso
3082 5713 3423 5771 translatam
3458 5708 3603 5781 (984)
3648 5700 3852 5760 effetae“t
