4052 6180
208 301 324 353 1101

1100 304 1385 360 APPEND.
1426 306 1510 359 lll.
1552 335 1621 345 —
1659 300 2077 359 MONUMENTA
2114 304 2570 361 GREGORIANA;

3354 312 3490 366 1102

200 422 588 492 authenticam,
641 439 809 497 quam
880 426 997 497 ipse
1038 429 1415 503 Hieronymus
1475 430 1530 486 in
1572 430 1667 487 lib.
1709 433 1793 487 De
1822 435 1875 496 Α
1906 429 2039 486 illud
2088 438 2247 487 tuum
2276 440 2439 502 caput
2467 446 2566 503 pro
2597 429 2916 487 authentico
2964 440 3307 501 venerantur,
3343 434 3493 506 quod

205 518 497 575 illustribus
525 519 652 575 viris
684 528 841 577 notat
862 521 1253 594 deceptoriam.

267 612 417 669 Idem
448 629 669 685 quoque
694 614 890 672 doctor
923 618 1152 674 eximius
1186 620 1423 692 teipsum
1463 619 1607 676 idem
1637 629 1797 691 caput

203 722 338 763 sana:
379 707 645 764 doctrina!
676 709 970 766 adversum
991 712 1133 767 intra
1154 714 1337 769 crines
1360 714 1679 785 alienigenae
1702 714 1799 770 do-

201 803 304 857 cuit
347 801 687 871 abscindere,
728 805 880 876 quod
936 822 1063 863 cum
1094 809 1397 879 susceptori
1427 824 1549 877 suo,
1592 817 1656 863 ut
1682 808 1798 881 jam

203 896 393 968 saepius
432 897 766 954 inculcatum
816 907 919 967 est,
951 901 1021 956 sit
1059 902 1450 974 perniciosum,
1487 902 1799 959 nullatenus

203 990 331 1047 inter
354 991 535 1049 divina
571 991 830 1050 mandata
854 1010 1018 1066 super
1044 1012 1242 1053 aurum
1293 1006 1350 1054 et
1384 997 1672 1069 topazium
1715 1005 1798 1053 est

206 1085 518 1143 amandum.

270 1180 407 1237 Satis
441 1195 570 1238 vero
607 1180 896 1255 diligenter
933 1184 1206 1256 quoslibet
1232 1200 1263 1241 a
1292 1184 1599 1256 recipiendo
1625 1186 1797 1241 Sozo-

204 1275 343 1332 meni
371 1276 549 1348 capite
597 1275 866 1346 deterres,
925 1293 1053 1335 cum
1084 1278 1631 1335 administrationem
1681 1287 1796 1335 tam

204 1370 592 1427 venerabilium
607 1381 1079 1428 sacramentorum
1109 1373 1400 1445 episcopis,
1443 1373 1796 1445 presbyteris,

203 1464 525 1521 diaconibus
558 1480 713 1536 aequa
749 1465 1067 1522 conditione
1100 1466 1265 1523 doces
1306 1467 1612 1539 injunctam
1657 1482 1794 1523 esse.

208 1560 335 1628 Quis
362 1568 545 1615 autem
573 1568 826 1615 nostrum
848 1559 1034 1617 funem
1066 1561 1167 1616 sibi
1200 1561 1300 1633 ipsi
1329 1561 1397 1617 ad
1426 1576 1646 1617 crucem
1674 1577 1798 1633 por-

207 1654 349 1721 tarit,
381 1654 496 1709 imo
525 1654 650 1725 quis
672 1654 790 1726 jam
815 1655 869 1709 in
919 1671 1082 1711 cruce
1111 1670 1408 1728 suspensus
1437 1656 1790 1728 strangulan-

202 1756 311 1802 tem
345 1746 556 1803 nodum
607 1764 718 1803 non
747 1749 1051 1819 abruperit,
1096 1749 1192 1806 sed
1221 1750 1421 1805 arctius
1445 1750 1648 1822 gutturi
1690 1765 1790 1805 suo

204 1842 472 1897 innectere
499 1840 794 1910 studuerit,
821 1844 1007 1914 tuipse
1038 1844 1092 1898 in
1121 1842 1493 1914 superioribus
1517 1843 1794 1899 evidenter
1829 1825 1877 1888 Β

205 1936 509 2004 ostendisti,
561 1935 654 1991 ubi
702 1938 943 2008 teipsum
972 1938 1027 1992 in
1057 1936 1385 2010 Gregoriani
1431 1937 1795 1994 anathematis

206 2030 391 2087 eculeo
418 2045 745 2101 suspensum
772 2031 1057 2101 reliquisti.

274 2123 463 2181 Laudo
512 2132 699 2181 tamen
727 2123 876 2196 quod
914 2125 1136 2195 plenam
1162 2124 1552 2181 remissionem
1604 2140 1795 2195 pecca-

210 2226 388 2275 torum
438 2219 496 2274 in
527 2219 800 2292 baptismo
832 2227 887 2275 te
936 2220 1158 2276 credere
1189 2220 1480 2293 proﬁteris,
1512 2237 1609 2291 per
1632 2235 1797 2290 quam

211 2312 605 2385 professionem
638 2314 1004 2386 blasphemias
1033 2315 1281 2385 epistolae
1314 2323 1420 2371 tua:
1464 2314 1797 2385 reprobasti;

209 2409 265 2463 in
292 2424 417 2479 qua,
451 2409 672 2480 inquam
697 2449 713 2475 ,
733 2410 960 2480 epistola
987 2408 1100 2463 ﬁlio
1124 2408 1244 2480 jam
1263 2407 1475 2464 dudum
1500 2408 1795 2480 baptizato,

209 2502 376 2574 patris
408 2510 703 2573 peccatum
736 2503 1032 2574 imputasse
1083 2503 1313 2558 notaris.
1364 2504 1521 2557 Illam
1581 2518 1801 2573 quoque

210 2606 358 2652 tuam
388 2596 851 2667 propositionem,
881 2597 1159 2667 quidquid
1171 2599 1411 2651 convenit
1432 2599 1608 2667 parti,
1631 2612 1805 2651 conve-

212 2694 294 2746 nit
339 2696 391 2745 et
427 2693 548 2754 toti,
592 2698 646 2745 et
669 2691 769 2745 alia
800 2690 1116 2762 hujusmodi
1147 2692 1418 2761 exempla,
1457 2706 1569 2745 non
1607 2705 1671 2745 ex
1692 2698 1805 2746 arte

214 2784 444 2856 prolata,
479 2783 731 2840 facillime
760 2792 1159 2853 monstrarem,
1192 2785 1233 2840 si
1263 2799 1374 2839 non
1395 2784 1448 2838 in
1470 2783 1562 2838 tali
1584 2784 1808 2856 negotio

214 2877 278 2934 de
310 2887 427 2951 arte
469 2878 614 2949 loqui
666 2878 855 2933 minus
885 2877 1152 2934 idoneum
1181 2887 1513 2949 reputarem.
1556 2878 1808 2933 Aliorum

214 2973 412 3043 quippe
434 2971 643 3044 judicio
672 2971 927 3041 arbitror,
958 2988 1073 3027 non
1111 2979 1323 3039 nostro,
1362 2971 1806 3043 relinquendum,

212 3065 343 3138 quid
371 3064 443 3121 de
487 3074 709 3121 tuarum
738 3066 1040 3123 litterarum
1090 3067 1203 3123 sive
1232 3080 1483 3122 mearum
1536 3065 1809 3137 composi-

214 3160 359 3216 tione
379 3160 452 3214 sit
471 3159 831 3216 censendum.

284 3253 625 3325 Propulsatis
648 3254 815 3326 igitur
855 3252 1308 3326 irrefragabiliter
1335 3255 1444 3311 tuis
1478 3252 1810 3326 objectioni-

212 3348 319 3405 bns
348 3348 573 3415 iterum,
607 3357 683 3416 te,
716 3349 842 3403 licet
870 3349 1173 3420 ingratum,
1204 3348 1524 3404 charitative
1564 3362 1659 3418 per
1686 3345 1813 3402 sub-

212 3443 419 3514 scripta
448 3442 687 3498 rationes
712 3442 845 3497 libet
863 3443 1180 3510 convenire,
1203 3449 1267 3498 ut
1289 3442 1487 3497 saltem
1503 3441 1621 3513 jam
1642 3441 1814 3497 tertio

211 3537 533 3594 admonitus
559 3536 630 3592 ad
659 3553 755 3592 cor
782 3537 991 3605 redeas,
1021 3552 1089 3593 ne
1113 3552 1243 3592 cum
1272 3536 1635 3593 sectatoribus
1655 3538 1818 3592 Sozo-

212 3631 368 3686 meni
397 3630 896 3687 anathematizatus
936 3632 993 3686 in
1041 3639 1311 3687 aeternum
1347 3646 1559 3702 pereas.
1594 3629 1816 3685 Nullum

212 3733 388 3796 caput
432 3724 708 3782 canonica:
752 3725 961 3781 veritati
989 3724 1327 3781 contrarium
1376 3740 1474 3795 pro
1500 3722 1819 3779 authentico

211 3828 299 3874 est
343 3818 735 3889 recipiendum,
766 3818 917 3891 atqui
957 3827 1117 3875 tuum
1143 3819 1404 3890 topazion
1446 3817 1823 3874 sacratissimis

170 3907 520 3968 'canonibus
550 3922 634 3969 est
688 3913 1050 3969 contrarium.
1100 3912 1316 3969 Asserit
1364 3912 1513 3969 enim
1542 3914 1821 3969 Nicaenam

208 4007 497 4079 synodum
552 4006 933 4063 sacerdotibus
977 4006 1441 4063 incontinentiam
1476 4005 1585 4061 non
1638 4004 1826 4077 probi-

210 4101 425 4167 buisse,
469 4101 667 4173 quibus
701 4102 755 4157 S.
801 4102 1201 4173 Hieronymus,
1236 4100 1488 4166 Siricius,
1522 4100 1822 4171 Gregorius

210 4210 333 4250 non
375 4193 557 4249 solum
582 4195 814 4260 coitum,
834 4194 930 4250 sed
948 4204 1002 4250 et
1033 4193 1496 4250 cobabitationem
1514 4208 1643 4247 cum
1687 4191 1833 4247 femi-

210 4290 305 4344 nis
334 4290 393 4342 in
417 4288 607 4344 eadem
638 4287 846 4361 synodo
878 4287 1093 4358 penitus
1121 4286 1447 4358 prohibitam
1491 4302 1607 4341 esse
1633 4294 1831 4341 testan-

215 4389 332 4436 tur.
372 4384 510 4454 Ergo
554 4380 684 4437 illud
712 4390 872 4436 tuum
901 4382 1158 4453 topazion
1186 4397 1301 4437 non
1332 4381 1504 4437 etiam
1555 4396 1653 4452 pro
1682 4395 1832 4449 vero,

216 4474 429 4531 nedum
466 4490 563 4545 pro
595 4474 909 4530 authentico
938 4485 1019 4530 est
1049 4473 1459 4545 praedicandum
1502 4491 1531 4530 a
1579 4473 1821 4546 quolibet

1904 525 2214 581 nullatenus
2263 525 2525 582 catholica
2581 525 2821 582 Ecclesia
2869 526 3089 597 recipit,
3145 544 3273 584 cum
3318 530 3492 585 sacris

1904 619 2198 691 Scripturis
2226 620 2495 677 adversari
2525 636 2640 677 non
2667 620 2965 677 dubitetur.

1974 713 2228 785 Amplius
2252 733 2264 769 :
2292 714 2654 769 Bcatissimus
2670 730 2806 787 papa
2826 718 3121 783 Damasus,
3152 715 3395 771 scribens
3419 716 3490 773 ad

1903 807 2256 864 Aurelianum
2286 809 2771 881 Carthagineusem
2815 810 3303 883 archiepiscopum,
3335 811 3496 867 veris-

1904 902 2038 958 sime
2068 910 2295 959 testatur
2341 904 2461 958 illos
2490 906 2774 971 manifeste
2797 906 3064 974 Spiritum
3092 911 3339 961 sanctum
3374 906 3491 961 bla-

1902 998 2195 1067 sphemare,
2226 1000 2323 1067 qui
2361 1003 2547 1052 contra
2576 1013 2757 1053 sacros
2786 1014 3007 1055 canones
3049 1016 3155 1055 non
3182 1002 3489 1056 necessitate

1904 1094 2177 1163 compulsi,
2229 1094 2325 1148 sed
2360 1095 2586 1149 libenter
2614 1095 2846 1163 aliquid,
2892 1098 2989 1149 aut
3008 1099 3254 1165 proterve
3296 1099 3490 1164 agunt,

1905 1190 2003 1241 aut
2032 1187 2177 1256 loqui
2198 1192 2554 1256 praesumunt,
2607 1192 2705 1241 aut
2745 1189 2921 1255 facere
2981 1190 3285 1244 volentibus
3314 1193 3499 1259 sponte

1905 1282 2258 1336 consentiunt.
2313 1282 2639 1353 Quicunque
2678 1290 2864 1338 autem
2894 1291 3050 1337 tuum
3079 1282 3339 1353 topazion
3392 1297 3492 1353 pro

1903 1375 2169 1431 canonico
2192 1375 2477 1447 recipiunt,
2507 1392 2619 1431 non
2646 1376 2827 1431 solum
2855 1375 3077 1431 eosdem
3102 1391 3342 1431 canones
3357 1390 3495 1447 prae-

1905 1469 2235 1538 varicantur,
2287 1468 2384 1525 sed
2421 1470 2582 1525 etiam
2609 1468 2818 1525 eisdem
2847 1469 3122 1525 obstinato
3170 1470 3387 1537 animo,
3437 1477 3499 1524 ut

1898 1564 2013 1636 jam
2055 1564 2253 1635 saepius
2305 1564 2599 1635 probatum
2648 1572 2752 1633 est,
2795 1564 3168 1619 adversantur.
3202 1567 3346 1636 Ergo
3394 1562 3494 1634 ipsi

1897 1674 2023 1714 cum
2050 1657 2312 1729 Spiritum
2344 1667 2598 1714 sanctum
2619 1657 3025 1728 blasphement,
3056 1658 3229 1729 ipsius
3257 1657 3492 1713 damna-

1898 1754 2127 1818 tionem,
2140 1753 2296 1824 juxta
2328 1753 2570 1823 praedicti
2599 1753 2886 1825 apostolici
2915 1751 3351 1820 attestationem,
3384 1768 3496 1808 non

1907 1846 2155 1914 evadent,
2198 1847 2472 1917 praecipue
2515 1862 2642 1903 cum
2678 1847 2799 1917 ipsa
2842 1846 3056 1901 Veritas
3100 1845 3158 1900 in
3198 1846 3492 1918 Evangelio

1894 1949 2119 1997 testetur
2168 1940 2313 2012 quod
2346 1939 2682 2011 blasphemia
2724 1941 2780 1996 in
2813 1940 3079 2013 Spiritum
3119 1948 3372 1996 sanctum
3396 1956 3496 1996 nec

1898 2034 2009 2103 hic,
2036 2050 2141 2090 nec
2188 2034 2243 2088 in
2263 2032 2451 2089 futuro
2479 2035 2788 2089 remittatur
2828 2038 2979 2100 (Luc.
3018 2038 3167 2102 xu);
3202 2036 3492 2106 ipsumque

1895 2127 2561 2199 ConstantinOpolitanum
2585 2128 2899 2195 concilium,
2933 2128 3081 2200 quod
3111 2136 3193 2183 est
3234 2143 3405 2184 unum
3428 2144 3493 2183 ex

1898 2232 2133 2296 quatuor
2172 2223 2413 2279 conciliis
2451 2238 2606 2294 aeque
2650 2230 2709 2277 ut
2750 2222 3106 2293 Evangelium
3152 2221 3497 2289 venerandis,

1900 2318 2100 2389 ipsum,
2154 2317 2411 2390 inquam,
2462 2316 2779 2383 concilium,
2831 2331 2950 2387 cap.
3002 2322 3051 2384 1,
3084 2332 3214 2371 cum
3244 2315 3499 2371 omnibus

1902 2410 2202 2469 haeresibus
2230 2412 2395 2468 etiam
2429 2411 2833 2467 contumaciam
2869 2410 3092 2482 Spiritui
3117 2418 3309 2466 sancto
3336 2426 3501 2481 repu~

1899 2508 2193 2579 gnantium
2234 2505 2688 2570 anathematizat;
2721 2521 2859 2577 quos
2904 2513 2960 2560 et
2999 2504 3221 2575 Speciali
3250 2505 3503 2573 nomine,

1892 2602 2048 2673 juxta
2079 2598 2379 2671 quamdam
2407 2600 2822 2655 translationem
2842 2599 3379 2670 pneumatomachos
3408 2617 3508 2658 co-

1906 2693 2211 2767 gnominat.

1977 2786 2231 2857 Amplius
2263 2803 2277 2840 :
2308 2786 2542 2857 Spiritus
2584 2793 2801 2841 sanctus
2851 2800 2948 2856 per
2982 2786 3311 2857 Apostolum
3346 2787 3510 2843 istam

1906 2880 2274 2953 promulgavit
2292 2880 2623 2936 sententiam
2651 2898 2669 2931 .·
2691 2880 2893 2949 Siquis
2913 2896 3019 2935 non
3045 2886 3193 2935 amat
3215 2881 3509 2949 Christum,

1907 2979 1979 3031 sit
2012 2976 2332 3043 anathema,
2375 2990 2571 3029 maran
2607 2974 2755 3030 Atha
2787 2971 2836 3044 (Ι
2888 2974 3005 3030 Cor.
3036 2978 3177 3041 xvr).
3207 2976 3515 3030 Sectatores

1918 3077 2103 3125 autem
2149 3068 2439 3125 Sozomeni
2488 3083 2602 3123 non
2648 3076 2837 3123 amant
2887 3067 3205 3136 Christum,
3254 3085 3382 3124 cum
3426 3070 3514 3124 in-

1846 3162 1890 3224 C
1919 3162 2232 3219 dubitanter
2296 3161 2679 3232 blasphement
2733 3161 3003 3232 Spiritum
3069 3170 3357 3231 sanctum,
3422 3179 3520 3234 per

1920 3272 2084 3328 quem
2114 3258 2228 3328 ipse
2265 3256 2513 3313 Christus
2554 3255 2853 3311 canonicas
2891 3254 3197 3311 sanctiones
3227 3256 3518 3328 inspiravit

1920 3352 2011 3407 SS.
2037 3350 2309 3407 Patribus.
2342 3352 2484 3421 Ergo
2516 3348 2613 3420 ipsi
2647 3348 2931 3421 subjacent
2957 3350 3259 3421 apostolico
3291 3350 3519 3407 anathe-

1922 3444 2076 3501 mati.

1995 3537 2280 3610 Amplius:
2317 3540 2380 3592 B.
2402 3535 2652 3625 Gelasius
2675 3551 2807 3607 papa
2836 3536 2891 3592 in
2916 3536 3215 3609 apostolica
3234 3538 3360 3595 sede
3390 3555 3518 3595 cum

1929 3649 2047 3690 LXX
2073 3632 2340 3703 episcopis
2364 3630 2691 3685 nominatim
2706 3630 2990 3686 Nicolaum
3011 3634 3076 3687 B.
3101 3632 3363 3704 Stephani
3386 3649 3521 3705 pro-

1928 3720 2241 3792 tomartyris
2278 3718 2700 3785 condiaconum,
2725 3718 2957 3773 Paulum
2972 3720 3395 3776 Samosatenum
3426 3738 3522 3793 pa-

1928 3814 2223 3869 triarcbam
2278 3811 2713 3878 Antiochenum,
2746 3827 3044 3885 omnesque
3093 3812 3380 3870 haereticos
3409 3816 3523 3871 sive

1931 3906 2338 3974 schismaticos,
2371 3914 2426 3962 et
2470 3921 2664 3961 omnes
2690 3921 2883 3962 eorum
2914 3916 3248 3979 spectatores
3294 3908 3519 3966 irremeo

1931 4001 2205 4058 diabiliter
2260 4000 2751 4057 anathematizatos
2802 4016 2921 4058 esse
2979 4003 3347 4074 pronuntiavit
3397 4021 3525 4060 cum

1935 4096 2196 4153 omnibus
2226 4110 2351 4167 qua:
2410 4094 2735 4161 docuerunt,
2763 4096 2875 4151 sive
2903 4098 3363 4169 conscripserunt.
3391 4100 3526 4168 Qui-

1938 4206 2149 4263 cunque
2193 4197 2379 4243 autem
2408 4188 2607 4243 docent
2639 4189 2941 4260 capitulum
2981 4192 3266 4247 Sozomeni
3293 4208 3390 4264 pro
3428 4208 3527 4247 au-

1941 4283 2180 4339 thentico
2211 4281 2409 4337 debere
2438 4280 2622 4351 recipi,
2649 4290 2936 4339 sectantur
2983 4284 3217 4340 Paulum
3272 4293 3328 4340 et
3356 4287 3529 4342 Nico-

1941 4376 2090 4432 laum
2124 4372 2529 4441 haeresiarchas,
2573 4390 2702 4429 cum
2748 4375 2803 4429 in
2826 4376 3021 4431 eodem
3059 4378 3230 4447 capite
3258 4379 3535 4435 ascribant

1928 4469 2303 4527 sacerdotibus
2353 4469 2637 4542 conjugale
2680 4484 2835 4541 opus.
2879 4459 3174 4537 Quomodo
3217 4487 3344 4543 ergo
3392 4473 3524 4543 ipsi,

218 4570 275 4624 in
306 4568 479 4624 sacris
509 4569 699 4625 litteris
727 4569 960 4637 erudito,
996 4585 1121 4624 cum
1148 4570 1409 4640 scriptum
1441 4567 1549 4623 sit:
1585 4570 1651 4625 Os
1674 4568 1824 4638 quod
1856 4561 1906 4623 D
1936 4565 2040 4621 nisi
2077 4564 2416 4635 resipiscant,
2447 4579 2638 4620 eorum
2680 4561 2973 4619 anathema
3012 4562 3392 4638 subterfugere
3427 4583 3530 4639 po-

216 4666 504 4727 mentitur,
536 4664 726 4719 occidit
752 4666 988 4718 animam
1011 4664 1160 4733 (Sap.
1196 4662 1260 4732 1).
1297 4665 1438 4717 Item
1465 4665 1527 4717 Β.
1581 4663 1826 4719 Joannes

215 4757 513 4830 apostolus
563 4758 695 4813 dicit
722 4776 741 4810 :
771 4757 1019 4825 Timidis,
1052 4764 1182 4817 etc.,
1214 4761 1263 4810 et
1304 4757 1651 4810 mendacibus
1686 4758 1826 4810 locus

219 4856 305 4906 est
330 4854 393 4905 in
418 4858 611 4920 stagno
636 4854 779 4921 ignis
804 4851 1044 4906 ardentis
1078 4849 1262 4921 (Apoc.
1294 4852 1450 4917 XXI).
1490 4851 1632 4904 Item
1672 4848 1828 4904 Psal-

217 4946 397 5000 mista
449 4963 464 4999 :
515 4946 705 5001 Perch
746 4960 943 5010 omnes,
994 4946 1091 5014 qui
1161 4945 1451 5015 loquuntur
1495 4942 1828 4997 mendacium

223 5038 403 5107 (Psal.
426 5041 512 5107 v).

302 5131 562 5201 Amplius
596 5148 609 5185 :
657 5130 1042 5187 sanctissimus
1096 5145 1231 5203 papa
1262 5132 1378 5185 Leo
1420 5145 1517 5201 per
1547 5128 1831 5201 episcopos

217 5226 282 5281 in
318 5241 343 5281 1
370 5227 634 5281 Toletana
660 5224 870 5296 synodo
911 5232 1270 5297 congregatos
1291 5224 1557 5279 Balconio
1591 5223 1832 5280 Gallicim

215 5320 494 5391 episcopo
520 5319 663 5374 hanc
680 5320 1008 5375 sententiam
1038 5320 1178 5373 inter
1201 5319 1309 5373 alia
1326 5317 1626 5373 transmisit
1647 5320 1828 5385 (985):

215 5415 291 5471 Si
310 5414 439 5483 quis
477 5413 700 5480 dixerit,
717 5414 800 5468 vel
822 5413 1116 5468 crediderit
1141 5414 1279 5467 alias
1304 5413 1613 5482 scripturas
1637 5416 1835 5481 praeter

216 5523 373 5579 quas
402 5508 664 5561 catholica
690 5509 921 5562 Ecclesia
941 5510 1151 5576 recipit,
1195 5508 1256 5560 in
1294 5509 1613 5561 auctoritate
1641 5507 1835 5575 haben-

214 5602 360 5663 das,
405 5601 492 5655 vel
529 5602 862 5656 venerandus
912 5616 1038 5668 esse,
1070 5601 1354 5656 anathema
1374 5601 1462 5655 sit.
1506 5602 1624 5656 Hoc
1667 5599 1837 5672 igitur

214 5693 591 5753 anathemate
641 5694 829 5768 procul
876 5694 1045 5752 dubio
1076 5694 1151 5752 illi
1192 5698 1496 5752 multantur
1523 5693 1837 5768 quicunque

1932 4668 2139 4727 terunt,
2177 4674 2413 4730 quorum
2434 4650 2707 4713 nefarium
2734 4657 2932 4730 dogma
2964 4657 3319 4728 conﬁrmare,
3344 4667 3398 4717 et
3426 4660 3531 4717 dis—

1937 4753 2205 4811 seminare
2233 4768 2344 4806 non
2373 4752 2711 4808 timuerunt?

2008 4846 2267 4917 Amplius
2295 4865 2306 4900 :
2338 4845 2747 4901 Hieresiarcbes
2775 4846 3099 4904 Jovinianus
3151 4863 3183 4903 a
3206 4849 3271 4903 B.
3303 4848 3525 4906 Gelasio

1939 4941 2083 4996 inter
2112 4939 2351 5010 reliquos
2380 4938 2666 4995 haereticos
2694 4941 2993 5012 specialiter
3016 4942 3529 5012 anathematizatus,

1940 5035 2068 5091 licet
2091 5032 2341 5088 haaretice
2359 5033 2808 5090 incontinentiam
2838 5037 3192 5094 continentia:
3211 5037 3530 5109 adaequarit,

1940 5142 2228 5200 nunquam
2281 5134 2464 5183 tamen
2515 5126 2649 5183 adeo
2679 5128 2940 5201 desipuit,
2971 5140 3031 5187 ut
3055 5131 3362 5204 episcopale
3405 5132 3533 5189 ofﬁ-

1943 5222 2107 5291 cium,
2141 5222 2478 5294 singularem
2507 5222 2695 5293 utique
2748 5231 2800 5278 et
2847 5224 3202 5296 principalem
3242 5227 3530 5282 continen-

1943 5315 2085 5371 tium
2112 5316 2436 5388 dignitatem
2456 5357 2471 5383 ,
2502 5316 2972 5375 incontinentibus
3000 5318 3199 5374 ascribi
3224 5333 3380 5388 posse
3407 5320 3537 5393 dog-

1945 5410 2232 5467 matizarit.
2264 5411 2449 5466 Satius
2480 5411 2628 5467 enim
2671 5411 2775 5467 sibi
2806 5412 3091 5468 videbatur
3122 5420 3182 5467 ut
3214 5411 3317 5468 hoc
3346 5430 3534 5486 repro-

1948 5503 2128 5559 bando
2174 5519 2289 5559 suae
2316 5504 2512 5560 haeresi
2541 5504 2932 5577 refragaretur,
2974 5519 3139 5576 quam
3184 5504 3539 5564 incontinen-

1950 5600 2081 5655 tiam
2112 5598 2459 5655 continentiae
2489 5607 2706 5656 tantum
2732 5600 3081 5668 adaequaret,
3102 5609 3164 5656 ut
3187 5612 3373 5658 contra
3390 5602 3470 5657 fas
3488 5610 3540 5656 et

1945 5694 2037 5767 jus
2082 5693 2247 5751 etiam
2296 5680 2747 5754 incontinentiam
2776 5692 2974 5750 divinis
3022 5695 3297 5766 mysteriis
3342 5694 3539 5750 admit-

308 5885 468 5951 (985)
498 5884 563 5939 In
604 5886 889 5939 assertione
924 5885 1070 5953 ﬁdei,
1110 5899 1232 5956 quae
1262 5882 1531 5938 invenitur
1559 5890 1685 5953 post
1726 5896 1966 5937 canones
1989 5882 2266 5940 Toletanae
2289 5878 2319 5939 ἰ
2346 5882 2567 5954 synodi.
