4052 6180
548 291 686 344 4103

1557 286 1649 340 AD
1687 282 1911 339 OPERA
1950 281 2007 337 S.
2048 278 2370 336 GREGORH
2406 280 2839 335 APPENDICES.

3704 279 3825 333 1104

456 448 459 453 ~
544 413 778 470 tendam
815 419 1102 471 assereret.
1153 412 1300 483 Ergo
1324 410 1743 476 Sozomenistae,
1774 408 1865 481 qui
1899 408 2004 465 hoc
2030 407 2147 462 im-
2172 411 2225 473 Α
2258 404 2701 462 admonitionem
2722 404 2973 476 recipias,
3002 419 3105 461 nec
3133 411 3189 477 te
3239 402 3389 473 iuxta
3415 403 3472 459 S.
3514 402 3827 475 Gregorium

547 508 846 579 prudenter
861 504 1152 562 asserendo
1174 504 1435 560 eumdem
1464 504 1849 561 haeresiarcam
1874 503 1934 557 in
1959 516 2143 557 errore

548 598 883 672 praecedunt,
936 598 1216 672 quomodo
1272 598 1437 670 ipsius
1487 597 1797 654 inevitabile
1844 596 2141 653 anathema

546 691 926 765 subterfugere
966 693 1259 749 valebunt?
1280 694 1393 748 Has
1421 693 1583 765 igitur
1604 690 2002 763 irrefragabiles
2024 705 2142 746 san-

545 796 760 843 ctorum
787 790 1015 843 Patrum
1069 788 1369 843 sententias
1406 787 1696 858 diligenter
1732 785 2009 856 inspicias,
2039 799 2141 839 nec

532 887 731 959 contra
760 880 994 936 salutem
1022 889 1180 937 tuam
1211 880 1501 938 Sozomeni
1531 888 1699 951 caput
1735 879 1991 950 deinceps
2040 892 2139 950 pro

546 973 866 1030 authentico
903 976 1144 1047 recipere
1185 989 1503 1046 praesumas.

616 1067 726 1135 Sed
757 1066 990 1125 forsitan
1018 1068 1202 1125 adhuc
1243 1068 1381 1123 dicis
1428 1077 1482 1123 te
1528 1066 1657 1123 illud
1688 1082 1786 1139 pro
1817 1065 2136 1121 authentico

546 1162 807 1233 recipere,
834 1178 945 1218 non
990 1179 1088 1232 pro
1118 1163 1223 1217 alia
1256 1177 1444 1228 causa,
1490 1160 1593 1216 nisi
1622 1176 1720 1231 pro
1771 1158 2137 1231 quorumdam

544 1254 891 1312 inﬁrmorum
919 1257 1317 1328 compassione.
1349 1258 1530 1327 Quam
1581 1254 1972 1325 objectionem,
2012 1253 2137 1308 licet

549 1348 608 1403 in
637 1349 1008 1423 superioribus
1037 1350 1165 1405 satis
1181 1348 1572 1405 rationabiliter
1590 1347 1916 1413 adnularim,
1948 1355 2137 1403 tamen

552 1444 752 1519 iterum
795 1444 991 1512 eidem,
1032 1460 1131 1514 pro
1161 1452 1253 1500 tua
1282 1443 1563 1512 charitate,
1598 1459 1713 1498 non
1742 1441 2010 1513 gravabor
2034 1442 2134 1496 ob-

548 1536 708 1592 viare.
739 1538 937 1593 Beatus
980 1541 1139 1593 Pater
1160 1538 1519 1609 Augustinus,
1551 1537 1664 1591 imo
1690 1552 1782 1607 per
1810 1536 1995 1607 ipsum
2025 1535 2137 1606 Spi-

546 1631 684 1686 ritus
711 1639 952 1698 sanctus,
984 1631 1036 1685 in
1080 1631 1220 1686 libro
1259 1639 1450 1687 contra
1496 1630 1845 1685 mendacium
1901 1635 2051 1699 (cap.
2086 1629 2135 1699 7)

2253 500 2566 572 apostolicae
2594 498 2932 556 auctoritatis
2969 514 3127 554 reum
3157 497 3391 554 ulterius
3437 496 3660 564 efﬁcias,
3692 496 3824 569 quod

2245 594 2362 666 jam
2399 593 2608 650 dudum
2649 592 2836 649 fecisse
2865 592 3129 665 probaris,
3157 608 3287 648 cum
3323 591 3529 648 domini
3555 591 3825 663 apostolici

2254 696 2587 760 praeceptum
2614 688 3032 759 contempsisse,
3073 694 3127 742 et
3153 688 3203 743 ei
3229 686 3298 742 de
3325 685 3502 742 verbis
3541 692 3599 740 et
3626 685 3828 757 scriptis

2250 782 2543 853 derogasse
2559 798 2672 837 non
2698 781 2983 838 dubiteris.
3015 781 3121 850 Qui
3144 780 3310 837 etiam
3341 787 3397 836 et
3420 778 3555 835 alios
3587 795 3684 851 per
3715 794 3828 835 ana-

2250 875 2668 932 thematizatum
2681 884 2843 947 caput
2888 891 2919 931 a
2949 883 3002 931 te
3021 874 3157 930 inter
3175 873 3483 929 authentica
3502 871 3827 945 descrime

2248 969 2591 1026 confortasse
2625 969 2924 1037 infameris,
2956 977 3017 1024 ut
3047 968 3360 1041 apostolicis
3389 975 3704 1040 repugnent
3727 975 3829 1023 sta-

2248 1064 2401 1119 tutis.
2429 1063 2745 1121 Certissime
2772 1071 2955 1119 autem
2984 1063 3109 1118 volo
3132 1070 3186 1117 te
3213 1061 3374 1129 scire,
3400 1061 3547 1134 quod
3577 1077 3681 1117 nec
3724 1076 3833 1116 mo-

2248 1156 2403 1212 derni
2432 1157 2681 1230 Gregorii
2698 1161 2845 1224 (986)
2865 1154 3264 1213 anathematibi
3280 1155 3476 1223 deerit,
3507 1155 3554 1212 si
3574 1155 3644 1212 ad
3661 1155 3831 1226 ipsum

2248 1250 2365 1307 haec
2382 1250 2629 1317 infamia,
2636 1250 2750 1323 jam
2769 1251 2836 1307 de
2856 1259 2911 1306 te
2934 1251 3097 1323 vulgo
3117 1249 3493 1318 disseminata,
3507 1250 3831 1322 pervenerit,

2245 1360 2367 1418 qua:
2394 1353 2450 1401 te
2480 1346 2818 1417 praecipuum
2854 1345 3162 1413 doctorem,
3191 1343 3556 1412 defensorem,
3587 1344 3705 1400 imo
3755 1358 3833 1400 vo-

2245 1455 2367 1494 cem
2414 1454 2530 1495 esse
2558 1438 2751 1495 asserit
2777 1439 3049 1506 omnium,
3079 1438 3175 1509 qui
3219 1438 3496 1494 canonicis
3528 1447 3585 1494 et
3613 1446 3832 1510 aposto-

2245 1533 2364 1587 licis
2387 1532 2819 1589 institutionibus
2847 1532 3119 1589 obstinato
3147 1534 3335 1589 animo
3364 1532 3641 1588 resistant.

2315 1629 2473 1682 Hanc
2501 1628 2667 1699 igitur
2687 1624 2973 1682 infamiam
2987 1625 3219 1683 ﬁdeliter
3237 1626 3511 1683 admoneo
3531 1635 3587 1682 et
3609 1636 3671 1682 ut
3694 1641 3832 1683 com-

547 1731 784 1780 testatur
834 1725 929 1792 ita,
963 1725 1153 1782 dicens
1203 1744 1225 1805 1
1263 1727 1345 1780 Ea
1376 1741 1496 1795 qua:
1524 1728 1732 1779 constat
1756 1738 1864 1778 esse
1890 1727 2135 1793 peccata,
2165 1803 2189 1805 ἡ
2241 1735 2448 1792 pescas,
2478 1736 2653 1792 neque
2678 1720 2933 1793 deinceps
2947 1721 3260 1793 apostolicis
3279 1722 3599 1788 statutis,in
3618 1721 3829 1793 pericu-

542 1819 687 1873 nullo
720 1820 866 1873 bona:
889 1835 1063 1874 causa:
1083 1803 1318 1883 obtentu,
1344 1819 1674 1887 nullofquasi
1697 1819 1827 1873 bono
1842 1820 1965 1887 ﬁne,
1979 1818 2135 1873 nulla
2164 1803 2211 1866 Β
2241 1814 2355 1870 lum
2382 1823 2563 1883 tuum,
2582 1815 2926 1888 aliquatenus
2937 1813 3195 1888 refragari
3213 1816 3631 1888 praesumas.Ut
3646 1822 3829 1871 autem

543 1914 688 1967 velut
716 1913 853 1968 bona
880 1915 1168 1968 intentione
1194 1914 1444 1981 facienda
1461 1917 1607 1967 sunt.
1644 1912 1915 1983 Recipere
1952 1920 2134 1967 autem

542 2006 828 2063 Sozomeni
855 2017 1017 2078 caput
1040 2024 1151 2062 non
1180 2014 1396 2063 tantum
1421 2022 1521 2078 pro
1546 2020 1695 2073 vero,
1727 2005 1826 2061 sed
1846 2007 2009 2061 etiam
2036 2020 2134 2077 pro

541 2098 853 2155 authentico
882 2100 996 2156 sive
1020 2100 1310 2167 canonico,
1345 2098 1657 2156 damnabile
1692 2108 1978 2170 peccatum
2013 2114 2132 2155 esse

542 2192 825 2263 probatur,
850 2193 1145 2249 cumidem
1174 2201 1358 2265 caput,
1390 2202 1445 2250 et
1466 2192 1745 2249 canonica;
1769 2192 1976 2247 veritati
1998 2207 2131 2247 con-

536 2285 768 2341 trarium
791 2295 845 2342 et
878 2287 980 2342 sub
1029 2288 1385 2343 anathemate
1423 2303 1454 2341 a
1486 2287 1688 2342 sanctis
1718 2286 1971 2341 Patribus
2000 2301 2130 2357 pro-

538 2378 773 2434 hibitum
816 2395 931 2435 non
975 2379 1274 2436 dubitetur.
1331 2380 1499 2436 Nullo
1549 2380 1715 2451 igitur
1763 2379 1924 2436 bona
1951 2395 2130 2436 causa

535 2472 782 2541 obtentu,
814 2474 967 2529 nullo
988 2473 1140 2545 quasi
1171 2474 1317 2529 bono
1338 2472 1467 2537 ﬁne,
1496 2472 1643 2529 nulla
1670 2473 1823 2544 quasi
1871 2473 2013 2528 bona
2042 2474 2124 2529 in-

536 2566 777 2621 tentione
809 2573 891 2621 est
944 2565 1340 2638 recipiendum.
1386 2568 1552 2637 Ergo,
1600 2581 1700 2621 nec
1729 2582 1827 2637 pro
1873 2581 2125 2638 compas-

532 2658 690 2714 sione
712 2658 1043 2732 aliquorum.
1068 2662 1230 2715 Hunc
1256 2659 1440 2731 itaque
1465 2659 1664 2715 librum
1693 2659 1981 2733 Augustini
2002 2660 2045 2715 si
2063 2667 2124 2715 tu

531 2751 761 2808 ﬁdeliter
795 2752 1115 2820 attenderis,
1144 2768 1432 2826 nunquam
1469 2753 1631 2809 nobis
1680 2753 1900 2825 aliquod
1930 2769 2120 2825 pecca-

528 2854 650 2901 tum
687 2845 1002 2902 l‘aciendum
1039 2862 1179 2917 esse,
1204 2847 1287 2903 vel
1317 2862 1417 2919 pro
1463 2846 1692 2919 alicujus
1714 2855 1917 2904 aeterna
1944 2848 2121 2905 salute

519 2938 813 3010 judicabis.

595 3034 713 3102 Qua
741 3032 813 3089 de
843 3048 902 3090 re
922 3033 1208 3106 diligenter
1234 3042 1286 3090 et
1313 3034 1513 3091 obnixe
1541 3041 1697 3091 tuam
1722 3033 2117 3092 fraternitatem

521 3142 635 3182 non
665 3142 818 3184 cesso
863 3128 1179 3200 implorare,
1221 3136 1284 3183 ut
1329 3129 1521 3184 saltem
1548 3128 1713 3184 modo
1759 3129 1920 3184 toties
1945 3130 2116 3184 ratio-

524 3220 779 3280 nabiliter
807 3220 1126 3278 admonitus
1141 3221 1345 3278 animae
1372 3230 1483 3278 tuae
1507 3221 1667 3277 saluti
1694 3220 1999 3293 provideas,
2032 3229 2113 3278 te-

521 3328 628 3386 que
651 3330 682 3369 a
722 3324 837 3372 tam
868 3316 1173 3388 pernicioso
1203 3316 1553 3373 anathemate
1587 3315 1896 3385 subtrahas,
1940 3331 2117 3388 neque

519 3409 883 3481 simpliciores
907 3410 965 3465 in
993 3419 1149 3467 tuam
1178 3418 1233 3466 et
1255 3409 1498 3482 ipsorum
1533 3410 1829 3482 perniciem
1867 3426 1962 3482 per
1990 3427 2118 3466 ana-

520 3502 855 3559 thematizati
891 3504 1083 3576 capitis
1129 3506 1503 3577 receptionem
1539 3504 1787 3561 seducas.
1820 3504 2120 3576 Vigilanter

518 3611 649 3652 sane
692 3597 945 3654 attendas
974 3597 1137 3654 verba
1174 3598 1398 3654 Domini
1427 3598 1746 3655 terribiliter
1773 3598 2117 3654 comminan-

518 3689 590 3744 tis
635 3691 684 3744 ei
731 3691 824 3761 qui
871 3690 1112 3761 aliquem
1140 3690 1211 3746 de
1259 3691 1469 3763 pusillis
1512 3692 1629 3763 ejus
1670 3692 2114 3749 scandalizaverit

519 3784 742 3848 (Matth.
777 3786 983 3851 xvm).
1017 3786 1217 3839 Precor
1245 3785 1412 3840 etiam
1443 3793 1497 3840 te
1520 3793 1582 3841 ut
1604 3785 1748 3855 etin
1788 3785 1894 3842 hoc
1930 3802 2112 3842 meam

2243 1908 2619 1965 damnatorias
2665 1911 2963 1966 sententias
3004 1908 3175 1966 nostri
3203 1909 3513 1981 apostolici,
3561 1916 3615 1965 et
3662 1910 3830 1981 ipsius

2245 2003 2504 2074 principis
2531 2004 2901 2074 apostolorum
2929 2018 3096 2075 super
3136 2003 3409 2059 Ananiam
3462 2011 3519 2059 et
3545 2004 3829 2075 Saphiram

2244 2098 2386 2161 (Act.
2418 2103 2478 2164 v)
2503 2098 2618 2169 pari
2656 2096 2896 2153 efﬁcacia
2925 2097 3131 2169 pollere
3157 2113 3268 2153 non
3299 2097 3538 2165 dubites,
3595 2097 3826 2154 damna-

2241 2189 2447 2245 tionem
2484 2190 2754 2261 Spirensis
2780 2191 3017 2263 episcopi
3064 2200 3119 2246 et
3154 2200 3392 2267 mortem
3428 2192 3547 2263 ejus
3593 2192 3829 2248 studiose

2238 2283 2573 2353 consideres,
2604 2285 2718 2355 qui,
2746 2286 2801 2339 in
2832 2286 3108 2357 praeterito
3137 2301 3305 2353 anno,
3336 2285 3427 2356 qui
3485 2293 3603 2341 erat
3644 2286 3716 2341 ab
3747 2288 3829 2341 In-

2237 2379 2552 2434 carnatione
2585 2379 2804 2434 Domini
2835 2384 2995 2448 1075,
3028 2379 3085 2434 in
3115 2380 3289 2451 prima
3312 2378 3661 2436 hebdomada
3683 2381 3827 2449 Qua-

2234 2470 2578 2543 dragesimze,
2622 2472 2813 2529 eadem
2841 2472 2952 2539 die,
2984 2472 3042 2528 id
3077 2481 3161 2529 est
3196 2489 3264 2529 γι
3307 2474 3431 2529 Kal.
3465 2474 3654 2530 Martii
3688 2478 3828 2541 (987)

2235 2564 2350 2622 imo
2375 2564 2566 2623 eadem
2592 2564 2727 2621 hora
2753 2566 2959 2634 subito,
2983 2567 3135 2637 quasi
3152 2566 3395 2638 quodam
3428 2567 3691 2623 invisibili
3724 2569 3831 2624 telo

2234 2659 2531 2731 perculsus,
2563 2659 2708 2730 apud
2737 2660 2955 2731 Spiram
2985 2659 3252 2716 inﬁrmari
3277 2662 3445 2733 coepit
3465 2677 3566 2734 qua
3594 2661 3741 2717 hora
3780 2671 3832 2717 et

2216 2768 2449 2808 causam
2486 2752 2603 2823 ejus
2635 2754 2689 2807 in
2726 2756 2975 2810 Romana
3017 2754 3228 2827 synodo
3258 2764 3457 2811 ,noster
3489 2756 3832 2828 apostolicus

2228 2846 2487 2902 ventilare
2538 2846 2720 2918 coepit.
2754 2845 2909 2903 Idem
2953 2863 3174 2920 quoque
3204 2849 3365 2904 tertia
3392 2847 3501 2917 die,
3557 2848 3621 2906 id
3650 2858 3739 2907 est
3766 2864 3831 2907 Π

2231 2940 2358 2995 Kal.
2386 2940 2593 3006 Martii,
2624 2939 2761 2996 heu!
2792 2941 3177 2997 miserabiliter
3212 2941 3530 3013 exspiravit,
3563 2958 3673 3016 qua
3704 2959 3830 3001 eum

2228 3034 2399 3088 etiam
2437 3032 2663 3089 deﬁnita
2692 3034 2867 3090 nostri
2893 3035 3145 3107 Gregorii
3175 3037 3448 3093 sententia
3478 3038 3680 3095 Romae
3702 3054 3830 3094 cum

2226 3125 2572 3182 indubitabili
2621 3125 2861 3184 efﬁcacia
2910 3128 3219 3186 damnavit.
3274 3130 3363 3187 Sic
3391 3131 3540 3186 enim
3591 3148 3831 3189 concors

2228 3219 2473 3277 ﬁdelium
2498 3222 2697 3277 relatio
2726 3223 2974 3279 virorum
3018 3232 3269 3294 testatur,
3306 3242 3545 3298 quorum
3590 3229 3828 3299 quidam

2224 3329 2288 3370 eo
2317 3324 2566 3385 tempore
2594 3316 2651 3371 in
2674 3317 2933 3373 Romana
2965 3317 3175 3390 synodo
3196 3318 3536 3377 damnationi
3567 3321 3831 3393 ejusdem

2227 3408 2660 3480 praevaricatoris
2716 3410 3046 3481 interfuere;
3087 3412 3312 3486 quidam
3339 3430 3466 3471 vero
3508 3414 3657 3487 apud
3698 3416 3830 3489 Spi-

2224 3520 2381 3575 ram;
2413 3505 2561 3578 quod
2588 3505 2738 3563 idem
2767 3508 3059 3579 episcopus
3077 3516 3193 3563 tam
3224 3508 3430 3577 subito,
3460 3517 3576 3565 tam
3597 3509 3827 3567 misera-

2222 3599 2404 3656 biliter
2457 3600 2685 3658 obiisset
2713 3609 3013 3674 praesentes
3039 3603 3389 3660 exhorruere.
3445 3605 3595 3677 Ergo
3657 3612 3719 3661 et
3768 3616 3829 3660 tu

2221 3709 2368 3750 cave.
2408 3697 2529 3751 Das
2565 3694 2648 3751 dir
2688 3695 2809 3767 jeth
2836 3696 3047 3753 alsamo
3096 3696 3373 3755 beschehe
3404 3700 3577 3767 (988).

1257 3918 1849 4070 EPISTGLA
1919 3980 3074 4080 RECONCILIATIONIS

1530 4126 1654 4185 Pro
1695 4128 2069 4203 superiorum
2107 4128 2489 4205 epistolar'um
2532 4128 2794 4210 injuriis.

1957 4243 2373 4260 *-

586 4308 724 4365 Filio
762 4308 969 4366 dextrae
1018 4310 1392 4368 BEBNHALDO
1433 4316 1760 4380 ALBOINUS,
1801 4326 1902 4385 par
1947 4313 2104 4382 velle,

518 4402 778 4475 idemque
810 4403 979 4459 nolle.

586 4496 670 4550 Ne
699 4494 772 4549 sit
801 4494 945 4549 inter
963 4509 1065 4550 nos
1110 4495 1259 4550 zelus
1283 4503 1337 4551 et
1359 4497 1660 4566 contentio,
1722 4499 2107 4570 propheticum

514 4594 672 4643 sonat
714 4604 840 4644 cum
890 4587 1236 4659 Apostolo(1
1275 4590 1395 4645 Cor.
1429 4591 1554 4656 ΠΙ).
1587 4591 1931 4662 QuaprOpter
1977 4590 2107 4647 boni

510 4681 860 4737 aemulatores
889 4696 1007 4737 esse
1036 4680 1378 4754 studeamus,
1399 4691 1670 4755 quatenus
1708 4683 1981 4757 quidquid
2010 4702 2110 4741 no-

2218 4314 2585 4387 proﬁciamus.
2625 4317 2679 4374 Si
2722 4333 2836 4373 non
2877 4323 3103 4390 propter
3132 4320 3311 4375 Deum
3362 4316 3515 4375 omni
3544 4325 3826 4377 creatura

2215 4409 2559 4481 subjacere(I
2589 4415 2735 4466 Petr.
2770 4417 2840 4477 II)
2869 4412 3149 4480 deberem,
3179 4421 3399 4484 propter
3427 4421 3535 4469 tua:
3572 4410 3824 4469 redinte—

2216 4502 2439 4573 grandm
2466 4504 2721 4561 amicitiae
2758 4514 2962 4561 statum
3004 4507 3317 4563 nullatenus
3350 4506 3688 4562 contentioni
3720 4524 3827 4563 ce-

2218 4594 2346 4651 dere
2375 4611 2703 4653 recusarem.
2734 4602 2822 4655 Me
2847 4614 2998 4667 vero,
3027 4599 3077 4655 si
3099 4599 3233 4672 quid
3259 4598 3371 4656 dixi
3411 4600 3555 4671 quod
3594 4598 3698 4655 tibi
3734 4601 3824 4656 vel

2218 4686 2377 4744 alicui
2401 4689 2651 4748 subolere
2675 4697 2856 4764 potest
2876 4692 3044 4761 bono,
3087 4709 3197 4765 quo
3224 4694 3448 4766 spiritus
3477 4693 3661 4749 salvus
3696 4692 3827 4759 ﬁat,

511 4781 630 4829 ceat
660 4773 914 4829 facillime
942 4774 1170 4831 evadere
1196 4777 1497 4833 valeamus.
1542 4776 1597 4834 Si
1626 4792 1732 4850 qua
1755 4778 2109 4835 dissensionis
2136 4800 2186 4863 Ι)
2218 4782 2271 4838 in
2310 4784 2595 4843 interitum
2651 4787 2830 4845 carnis
2883 4787 3022 4845 tradi
3071 4789 3120 4855 (Ι
3160 4789 3281 4846 Cor.
3334 4794 3394 4855 v)
3446 4804 3558 4844 non
3610 4804 3821 4845 renuo.

512 4865 943 4923 aamulationisve
986 4868 1187 4923 zizania
1242 4870 1386 4925 inter
1424 4887 1525 4927 nos
1566 4872 1863 4942 pullulasse
1895 4874 2106 4930 videan-

512 4969 622 5027 tur,
652 4957 938 5014 identitate
967 4947 1118 5032 purae
1145 4961 1473 5031 dilectionis,
1501 4964 1730 5039 ejusque
1761 4966 2100 5041 propinquat,

513 5052 637 5108 ﬁdei
656 5050 794 5108 falce
805 5051 1071 5109 radicitus
1086 5054 1407 5111 evellantur.
1436 5058 1613 5113 Omne
1628 5060 1799 5114 nostri
1812 5063 2100 5128 [nostrum]

511 5147 821 5218 nogotium,
869 5146 1031 5218 juxta
1069 5148 1225 5203 Tullii
1255 5158 1310 5204 et
1362 5150 1683 5221 Quintiliani
1734 5152 2098 5223 conditiones,

512 5250 757 5297 vertatur
782 5240 841 5297 in
874 5242 1003 5298 utile
1035 5250 1090 5297 et
1128 5240 1440 5299 honestum.
1474 5245 1531 5300 Si
1557 5245 1820 5301 hactenus
1850 5263 1943 5319 per
1988 5249 2101 5304 lon-

510 5352 604 5408 gas
631 5336 1035 5393 lucubrationes
1053 5336 1390 5393 contentiosa
1417 5346 1471 5392 et
1496 5337 1837 5397 infructuose
1863 5343 2098 5414 egimus,

506 5441 651 5483 nunc
687 5430 1022 5485 sententiose
1068 5436 1124 5485 et
1170 5427 1494 5487 charitative
1533 5446 1627 5503 per
1658 5447 1824 5503 pauca
1854 5436 2094 5492 multum

578 5545 987 5629 (986_)‘Viv_ebat
1026 5560 1155 5629 ergo
1183 5544 1359 5629 adhuc
1395 5547 1694 5629 Gregorius
1734 5553 1834 5609 VII
1874 5551 2094 5624 quando

505 5615 816 5692 Bernaldus
853 5617 991 5692 hanc
1020 5615 1306 5692 epistolam
1330 5615 1569 5692 scripsit.

578 5690 726 5765 (987)
759 5690 985 5765 Scripsit
1018 5706 1166 5765 ergo
1204 5689 1344 5765 banc
1387 5689 1549 5765 epist.
1594 5693 1900 5765 Bernaldus
1943 5710 2092 5752 anno

510 5764 671 5835 1076._
693 5763 777 5816 De
804 5759 920 5835 hoc
946 5759 1201 5833 episcopo
1228 5759 1465 5835 Spirensi
1490 5763 1796 5821 Bernaldus
1823 5774 2013 5823 noster
2036 5768 2091 5823 in

500 5846 600 5887 suo
624 5830 886 5890 chronico
915 5830 1057 5888 anno
1091 5830 1249 5889 1075.
1269 5830 1498 5891 "Nomen
1530 5835 1655 5891 huic
1683 5836 1939 5907 episcopo
1967 5847 2087 5894 erat

2219 4879 2453 4950 Amodo,
2481 4890 2758 4953 utcunque
2782 4898 2870 4939 res
2897 4898 2955 4938 se
2980 4882 3198 4950 habeat,
3228 4881 3436 4938 fervida
3460 4882 3538 4939 vis
3577 4880 3829 4939 charita-

2210 4970 2281 5027 tis
2299 4973 2547 5031 nesciens
2570 4974 2767 5045 minui,
2786 4976 2903 5033 sole
2932 4975 3179 5047 calidior,
3203 4974 3495 5033 adamante
3515 4979 3830 5048 perennior

2211 5067 2271 5121 in
2297 5076 2569 5125 aeternum
2608 5079 2665 5125 et
2685 5070 2822 5127 ultra
2851 5078 3186 5142 permaneat.
3207 5071 3333 5127 Jam
3352 5072 3469 5143 jam
3496 5080 3828 5144 perstemus

2212 5167 2268 5215 et
2305 5163 2660 5218 conemuruti
2697 5179 2903 5220 novum
2937 5177 3035 5236 par
3062 5162 3321 5222 amiticiae
3360 5164 3595 5221 invicem
3643 5181 3823 5238 gene-

2212 5268 2331 5310 rare
2359 5256 2658 5313 videamur.

2276 5373 2424 5427 Finis
2465 5373 2873 5445 disceptationis
2914 5376 2981 5432 de
3014 5380 3342 5432 continentia
3389 5378 3733 5432 clericorum.

2206 5554 2495 5611 Henricus.
2531 5555 2669 5613 Vide
2697 5556 2763 5614 de
2793 5557 2900 5615 hoc
2926 5561 3180 5616 Romano
3208 5560 3480 5626 Concilio,
3507 5567 3665 5619 torno
3696 5560 3821 5615 In.

2203 5625 2395 5691 Conc.,
2423 5635 2475 5682 et
2497 5630 2698 5683 Baron.
2725 5639 2878 5686 torno
2900 5630 3005 5700 XI,
3034 5648 3182 5688 anno
3212 5632 3419 5688 Christi
3445 5625 3603 5690 17075.

2204 5769 2216 5780 _
2275 5701 2419 5780 (989)
2452 5701 2583 5756 Haec
2629 5701 2957 5780 Germanica
2994 5703 3159 5761 verba
3196 5704 3459 5761 claudunt
3499 5699 3823 5777 epistolam

2201 5770 2255 5824 in
2280 5770 2405 5826 cod.
2437 5773 2831 5843 manuscripto.
