4052 6180
508 273 644 330 1107

1506 263 1597 316 ΑΙ)
1635 261 1861 317 OPERA
1898 260 1954 315 S.
1998 257 2319 315 GREGOBII
2353 252 2788 312 APPENDICES.

3660 246 3798 299 1108

510 420 2907 444 _______________________________,,

883 530 1452 741 'INCIPIT
1541 615 2605 736 APOLOGETICUS
2688 606 3391 726 BERNALDI

1654 865 2041 957 SUPER
2105 860 2667 953 DECRETA

599 1067 749 1137 Quae
780 1057 1152 1124 venerabilis
1194 1076 1358 1138 papa
1398 1054 1732 1135 Gregorius
1786 1054 2068 1133 ejusdem
2119 1049 2392 1114 nominis
2420 1052 2551 1125 νυ,
2587 1048 2648 1108 in
2681 1050 2961 1109 Romana
3017 1045 3259 1123 synodo
3313 1040 3742 1122 promulgavit

1307 1169 1521 1222 contra
1548 1157 1937 1220 Simoniacos
1968 1163 2031 1217 et
2060 1154 2516 1217 incontinentes
2542 1150 2751 1213 altaris
2780 1148 3121 1211 ministros.

1964 1336 2367 1350 -ψ

1889 1516 2459 1599 PROLOGUS.

600 1704 662 1755 ln
687 1697 1057 1770 superioribus
1095 1697 1337 1767 epistolis
1365 1695 1439 1750 illi
1471 1703 1661 1750 nostro
1688 1694 1956 1765 [Alboino
1998 1693 2113 1747 cod.
2145 1696 2199 1759 Α
2231 1714 2255 1740 ι
2296 1692 2449 1747 Sicut
2475 1697 2661 1745 sancta
2686 1687 2975 1759 Evangelia
2996 1693 3229 1758 quatuor
3246 1686 3324 1753 [Ο.
3352 1687 3417 1740 B.
3452 1682 3625 1738 sancti
3651 1685 3827 1737 Evan-

525 1800 653 1851 Bat.
670 1798 709 1862 ],
731 1794 867 1849 nolit
889 1796 1038 1847 Deus
1057 1800 1117 1847 ut
1147 1791 1405 1861 deinceps
1425 1789 1602 1845 dicam
1620 1788 1842 1858 aamulo,
1864 1788 1958 1843 sed
1975 1788 2115 1842 ami-

522 1890 761 1955 cissimo,
798 1886 1109 1942 satisfacere
1138 1885 1323 1941 studui
1347 1893 1401 1940 et
1426 1884 1725 1955 capitulum
1755 1881 1975 1937 statutis
2012 1896 2116 1935 no-

525 1984 618 2039 stri
649 1981 934 2053 apostolici
964 1980 1302 2035 contrarium
1332 1979 1646 2033 nullatenus
1687 1974 2080 2030 attendendum
2099 2014 2117 2042 ,

530 2086 590 2132 ut
620 2084 747 2146 puta
774 2074 876 2129 sub
901 2072 1247 2127 anathemate
1276 2070 1635 2142 prohibitum,
1658 2068 1939 2124 evidenter
1959 2084 2119 2123 mon-

532 2168 723 2235 stravi,
767 2166 905 2221 adeo
935 2164 1185 2219 videlicet
1227 2172 1289 2219 ut
1319 2164 1433 2235 ipse
1462 2163 1674 2218 amicus
1702 2170 1887 2218 noster
1915 2177 1971 2216 se
2002 2162 2123 2233 jam

530 2278 641 2317 non
670 2261 898 2317 ulterius
925 2257 1280 2325 contentioni,
1306 2257 1403 2312 sed
1435 2257 1686 2311 amicitiae
1717 2270 1937 2327 operam
1969 2255 2122 2310 datu-

534 2372 659 2411 rum
691 2354 829 2409 mihi
873 2352 1215 2409 rescriberet.
1246 2350 1355 2407 Sed
1382 2351 1564 2421 plures
1594 2349 1777 2405 adhuc
1804 2357 2009 2405 restant
2036 2347 2127 2420 qui

537 2447 741 2504 eisdem
767 2446 985 2501 statutis
1012 2445 1292 2500 obstinato
1313 2444 1498 2499 animo
1524 2444 1781 2498 nimirum
1806 2442 2126 2513 periculose,

535 2544 647 2598 imo
685 2540 982 2612 perniciose
1014 2538 1310 2606 resistunt;
1356 2538 1448 2609 qui
1485 2545 1541 2593 et
1581 2536 1717 2592 alios
1744 2536 2130 2607 simpliciores,

538 2636 737 2708 quippe
762 2651 874 2690 non
905 2634 1143 2688 multum
1174 2631 1450 2688 studiosos
1480 2630 1548 2687 ad
1581 2629 2008 2686 considerandos
2041 2645 2132 2684 ca-

539 2744 734 2797 nones,
757 2728 893 2784 adeo
910 2727 1200 2792 seducunt,
1223 2734 1285 2781 ut
1302 2734 1355 2780 et
1374 2725 1473 2796 ipsi
1491 2724 1773 2795 praedictas
1796 2723 2134 2778 authenticas

542 2822 857 2878 sanctiones
893 2828 1251 2875 contemnant
1281 2827 1334 2875 et
1378 2834 1534 2874 suam
1565 2816 2021 2873 consuetudinem
2046 2816 2135 2887 ju-

543 2915 937 2972 cundissimam
989 2913 1240 2985 quidem,
1298 2912 1393 2969 sed
1439 2911 1955 2983 perniciosissimam
2005 2908 2135 2963 reti-

546 3026 679 3066 nere
706 3007 1062 3067 contendant.
1096 3004 1261 3076 Quod
1284 3022 1396 3061 non
1420 3005 1601 3077 plures
1631 3020 1823 3059 eorum
1848 3002 2134 3069 fecissent,

2223 1785 2344 1859 gelii
2397 1792 2636 1857 quatuor
2659 1783 2858 1850 libros;
2899 1785 2974 1836 sic
3021 1783 3183 1835 etiam
3226 1781 3385 1833 habet
3412 1782 3567 1834 Rom.
3597 1777 3826 1844 editio],

2226 1882 2305 1936 sic
2337 1887 2572 1951 quatuor
2589 1878 2818 1933 concilia
2850 1876 3123 1947 suscipere
3141 1883 3196 1930 et
3212 1873 3455 1928 venerari
3489 1888 3581 1927 me
3608 1871 3787 1927 fateor
3813 1890 3823 1923 :

2228 1976 2511 2030 Nieaeuum
2550 1971 2753 2027 scilicet
2783 1971 2837 2050 in
2866 1985 2975 2041 quo
3003 1983 3319 2040 perversum
3348 1967 3458 2021 Arii
3484 1965 3690 2037 dogma
3732 1964 3829 2019 de-

2231 2068 2489 2135 struitur;
2518 2064 3186 2135 Constantinopolitanum
3216 2076 3456 2133 quoque,
3489 2060 3545 2115 in
3571 2075 3683 2131 quo
3723 2061 3831 2113 Eu-

2232 2161 2402 2217 nomii
2445 2169 2500 2215 et
2545 2158 2846 2215 Macedonii
2890 2174 3043 2213 error
3092 2156 3462 2221 convincitur;
3495 2153 3830 2225 Ephesinum

2236 2256 2401 2311 etiam
2433 2254 2699 2325 primum,
2749 2253 2801 2307 in
2844 2268 2952 2324 quo
2978 2250 3220 2307 Nestorii
3250 2250 3500 2320 impietas
3520 2248 3831 2319 judicatur;

2237 2347 2679 2405 Chalcedonense
2716 2362 2859 2408 vero,
2888 2346 2944 2399 in
2973 2362 3080 2417 quo
3109 2343 3431 2416 Eutychetis
3462 2342 3642 2414 [Rom
3670 2343 3835 2396 editio

2240 2442 2564 2514 Euthychis]
2624 2440 2978 2510 Dioscorique
3038 2439 3271 2511 pravitas
3316 2438 3677 2509 reprobatur,
3728 2444 3837 2490 tota

2240 2537 2534 2593 devotione
2554 2535 2909 2605 complector,
2938 2533 3284 2603 integerrima
3310 2530 3707 2602 approbatione
3743 2546 3842 2584 cu-

2244 2630 2447 2699 stodio,
2475 2631 2598 2702 quia
2623 2630 2680 2684 in
2712 2628 2819 2696 his,
2851 2628 2998 2683 velut
3026 2628 3080 2681 in
3110 2626 3377 2699 quadrato
3413 2624 3604 2695 lapide,
3632 2632 3844 2679 sancta:

2244 2726 2371 2782 ﬁdei
2414 2732 2688 2780 structura
2735 2722 3019 2793 consurgit
3063 2729 3118 2777 et
3165 2719 3453 2791 cujuslibet
3500 2719 3623 2774 vitae
3671 2727 3845 2790 atque

2244 2818 2476 2875 actionis
2503 2833 2699 2873 norma
2736 2816 3014 2883 consistit;
3060 2814 3307 2887 quisquis
3349 2829 3543 2869 eorum
3588 2811 3847 2868 solidita-

2246 2923 2361 2969 tem
2390 2928 2501 2967 non
2544 2920 2715 2979 tenet,
2745 2910 2909 2966 etiam
2939 2910 2985 2966 si
3034 2909 3168 2980 lapis
3213 2923 3330 2964 esse
3370 2906 3619 2963 videatur
3652 2907 3846 2976 Illam.

2246 3010 2432 3075 editio,
2461 3004 2761 3078 cernitur],
2788 3014 2973 3061 tamen
3012 3011 3163 3059 extra
3204 3001 3498 3059 aediﬁcium
3519 3000 3694 3072 jacet,
3728 3008 3843 3056 etc.

544 3113 606 3159 ut
628 3103 762 3159 mihi
793 3102 1024 3170 videtur,
1052 3101 1094 3155 si
1113 3100 1243 3171 ipsis
1268 3101 1404 3155 bene
1427 3106 1772 3169 compertum
1803 3105 1947 3152 esset
1974 3112 2137 3166 quam
2167 3084 2215 3146 Β
2247 3103 2480 3158 Cunctas
2502 3115 2650 3165 vero,
2696 3115 2830 3171 quas
2867 3097 3088 3169 praefata
3126 3096 3435 3153 veneranda
3462 3095 3698 3151 concilia
3729 3110 3850 3165 per-

548 3214 765 3269 parum,
784 3196 865 3251 vel
889 3196 1070 3268 potius
1098 3210 1264 3266 quam
1294 3210 1404 3249 non
1434 3194 1575 3261 (cod.
1609 3196 1735 3249 Rat.
1768 3190 1933 3257 nihil)
1955 3199 2142 3245 noster

550 3291 882 3364 apostolicus
909 3290 967 3346 in
998 3287 1276 3361 praedictis
1304 3287 1528 3343 statutis
1557 3284 1739 3341 deviet
1766 3301 1795 3339 a
1823 3283 2027 3341 sanctis
2055 3286 2146 3339 Pa-

546 3386 741 3441 tribus.
776 3386 1123 3455 Quapropter
1170 3381 1305 3438 mihi
1349 3380 1565 3452 meique
1592 3377 1861 3435 similibus
1888 3393 2146 3433 commo—

547 3480 682 3536 dum
710 3478 824 3534 fore
864 3478 1077 3545 censui,
1122 3476 1166 3531 si
1197 3475 1391 3531 eadem
1422 3481 1645 3541 statuta,
1688 3471 1962 3527 canonicis
2004 3470 2148 3528 Scri-

550 3574 726 3645 pturis
768 3571 1094 3637 conferrem,
1144 3578 1199 3624 et
1249 3576 1497 3623 mutuam
1547 3582 1740 3622 eorum
1795 3564 2149 3621 concordiam

553 3665 942 3735 qualiscunque
984 3662 1109 3734 styli
1134 3660 1317 3716 ofﬁcio
1355 3661 1589 3715 breviter
1626 3676 1689 3715 ac
1732 3659 1963 3715 ﬁdeliter
2001 3674 2150 3714 eom-

554 3755 900 3814 mendarem.
934 3758 1006 3810 Et
1034 3755 1138 3810 hoc
1164 3769 1227 3809 ea
1257 3754 1562 3809 intentione
1586 3760 1667 3819 ut,
1693 3752 1737 3808 si
1771 3754 1895 3824 quis
1920 3752 2151 3807 forsitan

557 3866 623 3905 ex
674 3847 856 3904 idiotis
920 3848 1040 3902 hac
1092 3845 1361 3917 inspicere
1400 3845 1657 3917 dignetur
1708 3853 1863 3901 tanto
1917 3845 2155 3900 vivacius

558 3946 626 4002 ad
698 3941 1072 3999 obediendum
1137 3941 1454 4013 apostolicis
1531 3941 1796 3996 institutis
1852 3940 2154 4011 resipiscat,

559 4046 764 4111 quanto
793 4035 1092 4093 evidentius
1120 4034 1309 4092 videat
1338 4034 1455 4090 haec
1484 4034 1679 4090 eadem
1701 4033 2010 4090 nullatenus
2028 4051 2058 4089 a
2080 4050 2157 4090 sa-

562 4131 878 4189 cratissimis
920 4128 1223 4185 canonibus
1263 4128 1500 4196 deviare,
1544 4127 1641 4185 sed
1683 4143 1814 4184 cum
1860 4127 2065 4185 eisdem
2094 4144 2157 4186 ex

564 4227 682 4297 ipsa
711 4240 865 4281 sacra
893 4224 1173 4296 Scriptura
1211 4224 1551 4295 processisse.

636 4320 780 4377 CAP.
836 4321 880 4375 Ι.
932 4321 997 4375 In
1042 4318 1232 4391 primis
1270 4317 1434 4390 igitur
1480 4316 1811 4374 decretalem
1873 4316 2155 4389 epistolam

564 4414 741 4471 nostri
768 4412 1055 4485 apostolici
1085 4410 1395 4469 describere
1419 4412 1595 4483 juvat,
1624 4419 1687 4467 ut
1723 4419 1882 4469 tanto
1920 4410 2157 4483 apertius

568 4507 849 4589 sequentia
886 4508 1189 4564 elueescere
1218 4506 1454 4562 valeant.

649 4620 676 4652 «
714 4602 1065 4659 GBEGOBIUS
1083 4601 1389 4672 episcopus,
1417 4615 1603 4655 servus
1622 4613 1910 4657 servorum
1931 4598 2053 4667 Dei,
2082 4598 2164 4655 di-

572 4695 711 4749 lecto
762 4694 816 4748 in
860 4693 1076 4751 Christo
1114 4693 1267 4751 fratri
1317 4696 1561 4751 Ornom
1606 4693 2005 4751 Constantiensi
2055 4693 2164 4765 epi-

574 4802 763 4859 scopo,
793 4787 1030 4843 salutem
1057 4795 1114 4843 et
1140 4789 1496 4858 apostolicam
1526 4788 1982 4844 benedictionem.

652 4904 677 4929 α
721 4881 978 4937 lnstantia
1007 4881 1325 4937 nuntiorum
1353 4890 1576 4937 tuorum
1599 4923 1616 4951 ,
1642 4906 1667 4931 ν
1693 4891 1795 4940 etc.
1827 4884 2053 4953 Reliqua
2077 4898 2168 4937 ea:-

582 4979 727 5032 stant
748 4977 808 5029 in
838 4975 1056 5029 concilio
1081 4978 1318 5032 Romano
1346 4978 1394 5039 I,
1420 4991 1609 5045 supra.

650 5070 791 5125 CAP.
824 5070 898 5123 II.
948 5068 1052 5123 Sed
1099 5068 1417 5140 priusquam
1461 5068 1582 5123 haec
1630 5075 1832 5124 statuta
1859 5067 2169 5140 singulatim

579 5161 1009 5228 consideremus,
1037 5160 1302 5233 quiddam
1318 5160 1388 5217 de
1410 5161 1653 5233 ipsorum
1677 5176 1955 5217 canonum
1983 5169 2170 5217 aucto-

579 5258 743 5314 ritate
770 5272 883 5313 non
908 5254 1323 5312 incommodum
1352 5255 1566 5312 aestimo
1596 5256 1902 5327 praelibare,
1932 5263 1994 5311 ut
2020 5263 2172 5313 tanto

582 5350 797 5406 ﬁrmius
839 5359 1090 5407 teneatur
1139 5348 1371 5422 quiquid
1417 5364 1484 5405 ex
1530 5350 1607 5405 eis
1653 5349 1721 5405 ad
1766 5350 2172 5407 observandum

581 5443 741 5500 nobis
811 5442 1187 5501 denuntiatur.
1240 5444 1632 5500 Sanctissimus
1675 5461 1809 5517 papa
1877 5446 2174 5518 Gregorius

577 5538 702 5606 (lib.
730 5552 773 5607 Ι,
817 5554 897 5609 ep.
928 5544 1018 5600 24,
1047 5552 1211 5609 quem
1242 5546 1430 5595 noster
1464 5540 1803 5612 apostolicus
1837 5542 2084 5607 nomine,
2117 5546 2173 5595 et

580 5633 796 5689 actione
823 5632 1029 5689 nostris
1057 5642 1413 5704 repraesentat
1441 5635 1514 5703 [C
1564 5679 1575 5693 .
1624 5639 1691 5692 Β.
1728 5636 2170 5707 repraesentavit]

583 5726 946 5801 temporibus,
999 5727 1059 5783 in
1086 5743 1183 5784 sua
1226 5729 1501 5801 synodica,
1550 5728 1607 5785 id
1636 5736 1739 5797 est,
1770 5729 2018 5800 synodali
2058 5728 2169 5801 epi-

587 5823 744 5890 stola,
789 5823 1129 5882 sanctissima
1164 5834 1399 5897 quatuor
1448 5822 1681 5879 concilia
1732 5820 1990 5889 eoﬁrmat
2046 5823 2169 5882 ita:

2251 3210 2413 3250 sonas
2454 3200 2741 3265 respuunt,
2782 3208 3011 3264 respuo;
3057 3207 3188 3263 quas
3234 3198 3573 3254 venerantur,
3628 3188 3852 3259 ample-

2252 3297 2391 3356 ctor,
2414 3288 2563 3360 quia,
2587 3286 2724 3344 dum
2752 3286 3040 3342 universali
3071 3293 3201 3341 sunt
3227 3299 3495 3341 consensu
3522 3282 3851 3343 constituta,

2254 3398 2311 3439 se
2340 3391 2394 3437 et
2422 3398 2535 3437 non
2576 3382 2664 3436 illa
2696 3381 2952 3448 destruit,
3000 3380 3251 3451 quisquis
3281 3378 3566 3449 praesumit
3610 3383 3708 3431 aut
3741 3375 3852 3430 sol-

2257 3492 2381 3533 vere
2410 3491 2548 3548 quos
2594 3475 2825 3547 religant
2855 3474 2945 3547 [0.
2988 3478 3056 3530 Β.
3100 3478 3150 3529 et
3197 3477 3348 3530 Rom.
3395 3472 3579 3535 editio,
3609 3469 3850 3541 ligant],

2257 3580 2351 3627 aut
2378 3570 2601 3642 religare
2631 3585 2768 3641 quos
2796 3569 3032 3624 solvunt.
3066 3567 3325 3639 Quisquis
3348 3582 3479 3637 ergo
3507 3563 3650 3621 aliud
3677 3563 3850 3635 sapit,

2258 3664 2545 3720 anathema
2574 3663 2662 3721 sit.
2698 3686 2723 3711 ιο
2758 3664 3053 3733 Hucusque
3080 3661 3401 3732 Gregorius.

2330 3761 2486 3814 Hanc
2520 3766 2703 3813 autem
2748 3755 3068 3829 synodalem
3117 3755 3406 3828 epistolam
3448 3752 3592 3809 idem
3627 3758 3854 3822 aposto-

2262 3852 2399 3907 licus
2434 3851 2619 3908 statim
2658 3858 2780 3923 post
2817 3850 3217 3907 ordinationem
3240 3863 3397 3905 suam
3431 3844 3771 3917 composuit.
3804 3853 3856 3900 et

2264 3945 2487 4017 reliquis
2544 3943 2895 4017 patriarcbis,
2963 3943 3160 4016 quippe
3215 3940 3856 4011 ConstantinOpolitano,

2268 4039 2655 4105 Alexandrino,
2708 4020 3074 4104 Antiocheno,
3126 4035 3625 4107 Hierosolymitano
3659 4040 3859 4088 trans-

2266 4135 2436 4192 misit.
2468 4132 2816 4191 Consuetudo
2845 4133 2995 4189 enim
3042 4138 3160 4187 erat
3187 4146 3253 4187 eo
3296 4139 3557 4201 tempore,
3588 4136 3651 4182 ut
3675 4126 3861 4198 quili-

2265 4229 2358 4286 bet
2392 4230 2451 4285 in
2490 4229 2661 4299 aliqua
2712 4225 3154 4300 patriarchalium
3194 4224 3409 4281 sedium
3450 4222 3657 4278 noviter
3704 4221 3862 4277 ordi-

2264 4332 2447 4389 natus,
2490 4338 2548 4378 se
2589 4321 2877 4393 praedictas
2919 4336 2987 4377 1v
3032 4318 3274 4392 synodos
3316 4316 3592 4375 custodire
3632 4313 3866 4387 reliquis

2268 4414 2486 4472 sedibus
2525 4415 2849 4471 transmissa
2892 4414 3117 4485 epistola
3156 4411 3523 4484 proﬁteretur,
3566 4416 3869 4479 antequam

2271 4524 2475 4565 nomen
2519 4508 2637 4580 ejus
2675 4508 2821 4580 apud
2874 4507 3106 4579 reliquas
3145 4505 3304 4563 sedes
3346 4506 3407 4561 in
3446 4502 3717 4576 diptyehis
3768 4500 3867 4558 de-

2271 4602 2433 4659 scribi
2497 4611 2820 4659 mereretur.
2864 4604 3080 4657 Nomen
3128 4599 3383 4655 videlicet
3444 4596 3869 4670 praedecessoris

2272 4697 2405 4768 ejus,
2438 4696 2565 4753 licet
2592 4694 2833 4752 defuncti
2856 4695 3077 4766 reliquae
3105 4692 3259 4749 sedes
3298 4691 3686 4763 computabant
3714 4690 3870 4745 inter

2276 4791 2538 4859 viventes,
2580 4789 2753 4845 donec
2792 4789 2963 4859 ipsius
2993 4787 3210 4843 noviter
3236 4784 3587 4841 inthronizati
3617 4784 3875 4855 prasulis

2273 4884 2590 4957 synodicam
2614 4884 2916 4956 reciperent
2944 4881 3264 4952 epistolam;
3293 4895 3436 4951 quae,
3457 4878 3585 4950 quia
3611 4876 3873 4933 eumdem

2276 4978 2596 5050 episcopum
2620 4985 2853 5049 quatuor
2878 4974 3116 5048 synodos
3144 4974 3412 5045 recepisse
3427 4971 3735 5038 denotavit,
3770 4972 3875 5026 hoc

2276 5071 2376 5128 sibi
2416 5086 2641 5137 nomen,
2690 5069 2745 5126 id
2789 5077 2891 5135 est,
2933 5066 3251 5141 synodicam
3282 5065 3351 5121 ab
3391 5063 3601 5121 eisdem
3648 5063 3877 5136 synodis

2278 5180 2393 5222 non
2424 5164 2719 5236 incongrue
2766 5163 2981 5218 videtur
3011 5169 3308 5217 mutuasse.

2348 5259 2506 5313 Hanc
2532 5264 2715 5312 autem
2754 5254 3208 5313 consuetudinem
3235 5253 3376 5309 illius
3409 5251 3676 5324 temporis
3703 5250 3877 5308 fuisse

2279 5351 2423 5408 idem
2479 5350 2858 5407 sanctissimus
2906 5366 3041 5422 papa
3069 5356 3305 5404 testatur
3332 5350 3388 5401 in
3417 5346 3649 5418 epistola
3677 5345 3746 5401 ad
3776 5348 3876 5401 Se-

2280 5443 2583 5502 cundinum
2607 5460 2826 5501 servum
2854 5443 2957 5500 Dei
2988 5442 3262 5498 inclusum
3294 5442 3423 5512 (lib.
3466 5456 3592 5509 vn,
3623 5456 3706 5512 ep.
3743 5443 3876 5505 54):

2281 5555 2451 5612 quam
2492 5548 2548 5595 et
2588 5555 2761 5611 usque
2808 5536 2879 5593 ad
2918 5546 3169 5609 tempora
3215 5534 3359 5592 beati
3408 5550 3562 5607 papae
3615 5531 3874 5593 Adriani,

2280 5635 2481 5706 quippe
2504 5632 2573 5689 ad
2599 5633 2856 5690 Carolum
2882 5646 3087 5703 regem,
3135 5628 3459 5701 perdurasse
3488 5630 3731 5683 Joannes
3757 5629 3878 5681 Bo-

2280 5744 2460 5785 mana:
2489 5728 2748 5785 Ecclesia:
2776 5726 3042 5783 diaconus
3078 5724 3295 5793 asserit,
3328 5723 3423 5795 qui
3455 5723 3623 5778 vitam
3650 5723 3705 5777 S.
3738 5721 3880 5777 Gre-

2281 5824 2442 5898 gorii,
2458 5839 2521 5882 ex
2540 5830 2811 5896 praecepto
2829 5822 2884 5879 S.
2899 5817 3128 5878 Joannis
3138 5833 3310 5891 papae,
3329 5813 3879 5887 ﬁdeliterdescripsiL
