4052 6180
250 321 389 376 1109

1153 316 1439 373 ΑΡΡΕΝΙ).
1480 317 1567 371 lll.
1608 345 1676 357 —
1713 318 2135 376 MONUMENTA
2172 321 2633 379 GREGORIANA.

3406 330 3542 380 1110

243 444 351 502 Sed
366 452 553 500 utrum
570 443 751 502 adhuc
777 444 967 503 eadem
992 444 1329 501 consuetudo
1352 443 1610 517 perduret
1628 443 1837 515 ignoro.
1870 451 1922 516 Α
1953 447 2368 505 canonizabant.
2401 452 2609 521 Nempe
2628 449 2728 506 sub
2760 449 3009 522 piissimo
3042 452 3371 524 imperatore
3398 452 3542 507 Con-

241 541 420 609 Quam
442 547 624 594 tamen
657 539 894 609 praefatis
922 539 1261 611 temporibus
1287 538 1457 594 fuisse
1486 554 1598 593 non
1622 538 1834 595 dubito.

244 634 399 689 Patet
427 633 592 705 igitur
611 633 1017 689 evidentissime
1058 649 1226 707 quam
1271 648 1484 705 magnae
1514 632 1624 688 sint
1650 641 1837 688 aucto-

242 727 418 782 ritatis
449 727 538 782 illa
576 736 815 798 quatuor
841 728 1089 796 concilia,
1121 742 1242 800 quae
1279 729 1336 783 S.
1375 728 1696 798 Gregorius,
1726 726 1838 782 imo

242 836 336 891 per
376 820 557 891 ipsum
599 821 838 891 Spiritus
882 825 1122 887 sanctus,
1171 837 1286 876 non
1318 822 1527 889 semel,
1559 828 1618 876 ut
1647 819 1839 891 praedi-

240 921 391 968 ctum
431 921 533 981 est,
578 913 675 969 sed
723 915 923 985 saepius
980 923 1035 970 et
1074 914 1381 987 Evangeliis
1430 922 1741 984 comparat,
1785 923 1839 969 et

242 1023 439 1063 omnes
477 1006 545 1062 ab
586 1006 789 1063 eisdem
818 1007 1194 1064 dissentientes
1224 1008 1667 1064 anathematizat.
1702 1010 1837 1078 Quae

241 1108 292 1156 et
333 1101 563 1173 quilibet
589 1101 827 1157 novitius
855 1102 1160 1172 patriarcha
1190 1118 1248 1157 se
1278 1102 1696 1158 observaturum
1744 1117 1837 1173 per

241 1194 535 1266 epistolam
562 1210 718 1250 suam
756 1195 981 1268 reliquis
1015 1195 1235 1252 sedibus
1282 1196 1524 1268 proﬁteri
1583 1195 1834 1262 debebat,

241 1288 285 1345 si
321 1304 383 1345 se
426 1288 567 1345 inter
590 1287 890 1345 catholicos
942 1289 1271 1362 patriarchas
1319 1291 1374 1345 in
1402 1289 1674 1362 diptychis
1737 1288 1835 1345 de-

242 1381 408 1439 scribi
448 1382 685 1439 volebat.

314 1478 460 1533 CAP.
494 1477 595 1531 Ill.
628 1479 863 1533 Decreta
893 1492 1021 1532 vero
1060 1476 1527 1533 sanctissimorum
1555 1480 1839 1533 Romano—

239 1586 365 1626 rum
384 1569 782 1643 pontiﬁcum,si
810 1585 1117 1641 possemus,
1134 1571 1303 1627 etiam
1331 1570 1627 1626 studiosius
1671 1586 1836 1642 quam

240 1663 579 1736 illaquatuor
594 1663 827 1719 concilia
841 1665 1085 1720 venerari
1097 1672 1152 1720 et
1165 1664 1458 1719 observare
1479 1664 1804 1720 deberemus
1820 1706 1836 1731 ,

238 1774 367 1814 cum
399 1766 454 1813 et
480 1758 595 1830 ipsa
618 1758 845 1814 concilia
877 1758 1033 1813 omni
1062 1758 1321 1814 ﬁrmitate
1352 1766 1621 1826 carerent,
1651 1758 1694 1813 si
1721 1774 1831 1814 non

1947 541 2186 597 stantino
2241 558 2469 615 magnus
2517 543 2719 599 Hosius
2779 544 3148 600 Cordubensis
3218 529 3533 616 episcopus,

1943 622 2135 689 Victor
2168 644 2222 691 et
2258 637 2595 701 Vincentius,
2639 636 2935 710 presbyteri
2967 640 3228 694 Romanae
3260 639 3533 706 Ecclesiae,

1945 742 2010 781 ex
2040 737 2194 798 parte
2235 730 2405 785 sancti
2425 731 2677 801 Sylvestri
2710 747 2858 803 papa:
2883 734 3109 788 Nicaeno
3133 732 3364 788 concilio
3392 747 3533 804 prae-

1943 818 2165 876 fuerunt
2201 830 2254 876 et
2292 823 2470 893 ipsum
2522 824 2802 894 principali
2849 824 3247 896 subscriptione
3278 826 3531 881 ﬁrmave-

1942 922 2093 969 runt.
2142 917 2282 970 Item
2319 915 2662 987 temporibus
2681 916 2974 973 Theodosii
3004 919 3246 974 Junioris
3279 920 3530 991 Augusti,

1943 1017 2164 1064 sanctus
2192 1009 2424 1079 Cyrillus
2456 1009 2763 1080 patriarcha
2788 1010 3210 1080 Alexandrinus,
3258 1021 3313 1069 et
3371 1019 3536 1070 Arca-
3610 1014 3617 1019 ’

1943 1101 2065 1157 dius
2110 1103 2397 1175 episcopus
2434 1118 2499 1158 ex
2526 1104 2681 1158 Italia
2711 1103 2821 1159 vice
2842 1105 3139 1160 beatissimi
3160 1123 3315 1178 papa:
3359 1108 3535 1163 Coele-

1943 1195 2067 1250 stini
2095 1196 2365 1267 Ephesino
2392 1197 2617 1252 concilio
2650 1196 2979 1267 praefuerunt
3008 1207 3061 1253 et
3089 1199 3267 1269 ipsum
3297 1211 3532 1269 aposto-

1940 1288 2043 1344 lica
2100 1291 2218 1346 vice
2248 1289 2763 1347 corroboraverunt.
2804 1294 2961 1359 Item,
2999 1300 3244 1363 tempore
3270 1294 3529 1348 Marciani

1942 1383 2225 1456 principis,
2298 1383 2657 1440 Paschasinus
2684 1392 2740 1439 et
2794 1384 3103 1441 Vincentius
3180 1386 3419 1456 episcopi
3480 1395 3538 1440 ct

1942 1476 2252 1533 Bonifacius
2318 1477 2606 1549 presbyter
2654 1477 2767 1533 vice
2803 1478 2979 1534 sancti
3037 1479 3241 1535 Leonis
3290 1494 3443 1550 papa:
3478 1480 3535 1533 in

1941 1570 2371 1627 Chalcedonensi
2393 1571 2623 1627 concilio
2651 1586 2750 1643 per
2772 1570 3065 1628 duodecim
3099 1570 3219 1627 dies
3258 1570 3533 1628 celebrato

1943 1664 2107 1735 primi
2137 1664 2375 1733 fuerunt,
2407 1665 2501 1736 qui
2528 1673 2581 1721 et
2608 1666 2864 1722 Anatolio
2897 1664 3216 1737 patriarchae
3264 1667 3534 1721 Constan-

1941 1758 2301 1830 tinopolitano
2343 1758 2622 1831 quoddam
2657 1759 3000 1831 privilegium
3029 1760 3087 1813 in
3114 1760 3344 1815 concilio
3376 1775 3531 1816 usur-

238 1823 553 1923 apostolicaa
595 1851 740 1908 sedis
788 1851 1081 1923 pontiﬁces
1124 1851 1317 1908 eadem
1347 1868 1441 1923 per
1470 1823 1828 1924 apostolicam
1862 1823 1910 1885 Β
1942 1823 2113 1923 panti,
2141 1823 2428 1908 liberaliter
2455 1823 2933 1920 contradixerunt,
2978 1861 3033 1909 et
3052 1854 3278 1925 reliquis
3318 1854 3537 1910 statutis

238 1946 624 2001 auctoritatem
656 1954 711 2001 et
737 1961 1066 2017 congregare
1093 1954 1148 2001 et
1169 1945 1524 2001 corroborare
1554 1945 1832 2002 decrevis-

156 2040 171 2048 '
239 2048 383 2094 sent.
430 2038 591 2095 Unde
620 2048 673 2094 et
702 2039 899 2095 beatus
927 2055 1064 2110 papa
1104 2038 1394 2095 Marcellus
1453 2039 1553 2109 (ep.
1608 2054 1652 2105 ι,
1681 2042 1830 2095 Rom.

239 2134 532 2200 editionis),
566 2134 660 2205 qui
689 2138 743 2189 et
783 2141 910 2189 ante
939 2134 1225 2189 Nicaanum
1263 2132 1558 2188 concilium
1586 2148 1685 2188 sua
1742 2132 1834 2188 de-

239 2234 388 2281 creta
438 2227 704 2299 martyrio
761 2227 1097 2283 consecravit
1122 2227 1265 2298 ipse,
1298 2227 1548 2297 inquam,
1573 2225 1654 2281 vir
1696 2240 1832 2296 apo-

238 2320 485 2388 stolicus,
517 2322 573 2375 in
594 2319 823 2377 decretis
850 2322 983 2389 suis,
1006 2337 1129 2392 cap.
1168 2325 1252 2390 ll,
1276 2329 1509 2379 testatur
1539 2320 1614 2376 ita
1640 2339 1652 2375 :
1676 2342 1701 2367 «ι
1725 2320 1831 2391 Ipsi

239 2414 491 2485 Apostoli
514 2430 817 2487 eorumque
848 2430 1208 2482 successores,
1252 2415 1490 2470 Domino
1514 2414 1830 2485 inspirante,

237 2509 647 2565 constituerunt
660 2518 720 2564 ut
740 2508 888 2565 nulla
910 2508 1063 2564 ﬁeret
1078 2508 1323 2580 synodus
1343 2515 1541 2579 praeter
1559 2509 1831 2562 Romanae

235 2602 389 2659 sedis
430 2604 833 2660 auctoritatem.
886 2626 911 2650 α
953 2604 1184 2659 Sanctus
1231 2617 1449 2673 quoque
1501 2600 1836 2657 Athanasius

238 2697 439 2768 praesul
480 2696 903 2765 Alexandrinus,
944 2697 1036 2767 qui
1064 2712 1181 2751 non
1212 2695 1440 2752 minima
1470 2710 1593 2766 pars
1620 2696 1832 2750 concilii

238 2791 451 2847 Nicami
472 2789 607 2858 fuit,
626 2791 680 2845 in
700 2790 927 2863 epistola
951 2790 1018 2846 ad
1038 2790 1273 2846 Felicem
1296 2804 1515 2861 papam,
1541 2789 1719 2862 capite
1744 2794 1833 2860 11,

239 2886 317 2941 ita
335 2885 470 2941 dicit
492 2903 505 2941 :
528 2907 552 2933 α
574 2885 793 2941 Scimus
807 2886 865 2940 in
880 2885 1097 2941 Niczena
1116 2899 1308 2957 magna
1324 2882 1535 2956 synodo
1555 2897 1834 2939 cccxvm

239 2980 627 3052 episcoporum
657 2979 726 3035 ab
770 2978 1029 3035 omnibus
1068 2976 1420 3035 concorditer
1449 2993 1567 3033 esse
1609 2976 1832 3047 robora-

237 3080 386 3141 tnm,
412 3089 526 3128 non
541 3072 739 3129 debere
767 3072 973 3145 absque
993 3072 1233 3128 Romani
1266 3070 1535 3143 pontiﬁcis
1564 3068 1830 3126 sententia

1940 1947 2238 2017 apostolica
2276 1949 2387 2002 vice
2414 1946 2858 2018 subscripserunt
2886 1954 2947 2001 ut
2977 1948 3107 2002 liber
3156 1947 3329 2003 sancti
3376 1948 3535 2004 Libe-

1938 2040 2039 2094 rati
2069 2040 2509 2111 Carthagiuensis
2532 2039 2917 2095 archidiaconi
2948 2040 3015 2095 de
3057 2041 3253 2096 eodem
3303 2041 3534 2096 concilio

1939 2142 2182 2189 testatur.
2218 2136 2350 2189 Haec
2377 2141 2561 2188 autem
2592 2133 2780 2187 omnia
2820 2132 3165 2188 manifestius
3213 2134 3300 2188 ille
3334 2133 3537 2189 videbit

1937 2228 2244 2299 quicunque
2302 2226 2627 2281 eorumdem
2696 2226 3055 2281 conciliorum
3108 2227 3537 2297 subscriptiones

1938 2320 2185 2377 studiose
2204 2320 2558 2392 perspexerit.
2588 2322 2731 2391 Ergo
2762 2320 3126 2389 reverentiam
3153 2320 3260 2375 sive
3285 2319 3539 2376 obedien-
3638 2370 3642 2375 .

1938 2416 2097 2482 tiam,
2145 2429 2313 2485 quam
2370 2411 2752 2469 sacratissimis
2802 2421 3043 2485 quatuor
3092 2412 3341 2468 conciliis
3380 2413 3537 2483 juxta

1936 2518 2188 2564 sanctum
2214 2507 2540 2579 Gregorium
2572 2507 2774 2563 merito
2804 2507 3126 2562 exhibemus
3153 2505 3388 2562 decretis
3408 2522 3538 2579 apo-

1935 2602 2140 2659 stolicae
2167 2601 2308 2657 sedis
2332 2602 2642 2657 nullatenus
2669 2601 2961 2673 denegare,
3010 2602 3149 2668 imo,
3196 2601 3241 2657 si
3286 2603 3539 2675 possibile

1936 2704 2053 2765 est,
2119 2694 2421 2751 studiosius
2486 2694 2797 2765 impendere
2858 2693 3158 2762 debemus,
3227 2711 3355 2751 cum
3424 2698 3541 2753 sine

1934 2806 2127 2847 eorum
2170 2788 2494 2845 auctoritate
2523 2803 2625 2844 nec
2666 2788 2783 2858 ipsa
2836 2788 3066 2843 concilia
3113 2787 3195 2843 fas
3225 2796 3369 2845 esset
3397 2790 3537 2845 reci-

1935 2900 2146 3035 Deberi».
2179 2977 2273 3033 IV.
2301 2974 2409 3032 Sed
2435 2990 2536 3030 nec
2563 2973 2771 3046 reliqua
2818 2973 3047 3029 concilia
3101 2973 3250 3046 parvi
3294 2973 3535 3045 pendere

1937 3072 2220 3136 debemus,
2252 3069 2307 3125 in
2346 3068 2541 3141 quibus
2571 3067 2766 3135 multa,
2797 3083 3075 3140 nusquam
3119 3066 3245 3123 alibi
3296 3067 3533 3136 inventa,

240 3167 472 3223 concilia
509 3166 790 3223 celebrari.
840 3192 864 3217 υ
891 3166 999 3222 Sed
1029 3175 1082 3222 et
1109 3166 1285 3221 beatae
1313 3166 1593 3221 memoriae
1654 3164 1829 3220 Julius
1867 3189 1912 3253 ρ
1939 3164 2320 3224 ecclesiasticae
2338 3172 2521 3219 tamen
2549 3161 2909 3234 dipeusationi
2939 3161 3026 3234 [0.
3059 3164 3124 3218 Β.
3158 3161 3537 3233 dispositioni]

240 3278 382 3333 papa
412 3261 671 3333 idipsum,
721 3261 899 3333 capite
932 3266 987 3329 5,
1038 3260 1344 3331 proﬁtetur,
1394 3259 1575 3315 dicens
1608 3278 1619 3314 :
1672 3281 1697 3305 α
1726 3257 1834 3329 Ipsi

239 3373 371 3412 vero
416 3357 627 3428 prima),
647 3356 792 3412 sedis
820 3355 1081 3411 Ecclesia:
1106 3353 1585 3410 convocandorum
1614 3366 1836 3424 genera-

239 3451 377 3508 lium
404 3449 743 3523 synodorum
782 3448 900 3520 jura
929 3458 985 3505 et
1016 3447 1219 3521 judicia
1247 3447 1627 3519 episcoporum
1652 3445 1838 3516 singu-

240 3544 342 3602 lari
416 3543 692 3618 privilegio
770 3542 1115 3614 evangelicis,
1180 3550 1235 3597 et
1283 3538 1625 3613 apostolicis,
1674 3546 1836 3609 atque

235 3638 517 3695 canonicis
544 3652 799 3693 concessa
846 3645 975 3692 sunt
1007 3634 1295 3692 institutis.
1332 3656 1356 3681 ι»
1392 3636 1594 3689 Beatus
1621 3646 1839 3705 quoque

237 3736 518 3790 Damasus
538 3733 679 3806 (989)
707 3747 841 3804 papa
870 3730 923 3785 in
952 3730 1188 3785 decretis
1236 3728 1369 3795 suis,
1416 3743 1537 3798 cap.
1596 3733 1651 3791 9,
1699 3725 1837 3781 hanc

238 3827 425 3883 intulit
478 3827 806 3883 sententiam
854 3825 931 3899 [0.
979 3828 1043 3881 Β.
1102 3822 1408 3897 generalem
1457 3820 1759 3893 interserit]
1822 3836 1834 3872 :

242 3947 265 3971 -
310 3922 472 3979 Nulla
510 3938 752 3994 unquam
795 3918 1025 3976 concilia
1076 3928 1196 3974 rata
1240 3918 1513 3990 leguntur,
1558 3930 1683 3988 qua:
1726 3929 1837 3970 non

241 4024 373 4073 sunt
398 4017 533 4072 fulta
580 4014 881 4087 apostolica
929 4012 1274 4069 auctoritate.

313 4111 415 4165 His
480 4117 665 4167 autem
719 4106 1004 4164 sententiis
1052 4106 1244 4160 beatus
1290 4102 1555 4170 Isidorus,
1610 4102 1841 4159 rimator

242 4186 655 4275 Scripturarum
689 4200 1096 4275 sagacissimus,
1138 4197 1371 4254 ﬁdeliter
1391 4182 1714 4266 astipulatur
1764 4193 1842 4249 di-

240 4313 409 4354 cens:
447 4318 474 4345 α
496 4296 843 4369 Synodorum
866 4310 990 4351 vero
1005 4291 1507 4365 congregaudarum
1542 4287 1840 4344 auctoritas

242 4390 582 4462 Apostolicaa
633 4389 751 4445 sedi
798 4389 1005 4463 privata
1043 4386 1337 4443 commissa
1380 4392 1462 4439 est
1514 4381 1840 4438 auctoritate

241 4487 323 4552 [Ο.
358 4489 421 4541 Β.
457 4488 744 4555 potestate]
774 4484 919 4551 (990)
959 4488 1316 4552 congregata,
1380 4477 1462 4532 vel
1503 4476 1660 4533 fulta.
1709 4476 1842 4531 Haec

1940 3260 2244 3317 necessaria
2274 3258 2598 3328 reperimus.
2641 3258 2780 3326 Quae
2813 3255 3035 3327 quidem
3081 3272 3111 3310 a
3163 3255 3537 3327 superioribus

1939 3351 2264 3410 authenticis
2293 3349 2668 3405 sanctionibus
2688 3348 2838 3403 nullo
2860 3348 3026 3404 modo
3047 3348 3382 3420 discrepant,
3410 3365 3539 3405 cum

1939 3446 2262 3505 Christiana:
2290 3443 2533 3515 religioni
2569 3442 2908 3513 apertissime
2937 3442 3295 3498 conveniant.
3330 3442 3539 3515 Hujus-

1940 3540 2113 3607 modi,
2162 3538 2407 3610 inquam,
2461 3536 2719 3607 capitula,
2784 3535 2845 3590 in
2892 3534 3223 3606 quibuslibet
3298 3536 3538 3591 conciliis

1939 3636 2183 3702 inventa,
2216 3631 2528 3688 nullatenus
2548 3629 2615 3685 ab
2635 3629 2814 3701 aliquo
2838 3629 3109 3684 catholico
3134 3638 3264 3685 sunt
3293 3638 3539 3685 contem-

1940 3726 2141 3795 nenda,
2165 3725 2473 3798 praesertim
2495 3739 2623 3779 cum
2652 3722 2765 3793 ipsa
2786 3722 2991 3793 reliqua
3014 3722 3261 3789 concilia,
3284 3739 3348 3778 ex
3371 3739 3542 3779 sacra-

1940 3821 2279 3877 tissimarum
2318 3817 2639 3874 auctoritate
2673 3815 3019 3871 sanctionum
3062 3804 3407 3872 descendisse
3430 3831 3541 3871 non

1941 3914 2290 3980 dubitentur;
2343 3927 2471 3985 quae
2498 3927 2593 3983 per
2625 3909 2863 3980 singulas
2914 3909 3220 3980 provincias
3264 3909 3391 3965 bina
3420 3909 3539 3980 epi-

1939 4023 2235 4079 scoporum
2279 4004 2512 4062 concilia
2552 4003 2835 4060 annuatim
2863 4001 2978 4057 ﬁeri
3011 4001 3325 4058 ﬁrmissime
3355 4002 3541 4058 decer-

1941 4109 2102 4156 nunt.
2124 4105 2262 4169 Hoc,
2289 4100 2533 4172 inquam,
2550 4099 2740 4154 beatus
2752 4096 3051 4153 Anacletus
3070 4096 3137 4151 ab
3160 4095 3277 4166 ipso
3297 4095 3542 4166 principe

1943 4195 2320 4267 apostolorum
2381 4192 2665 4263 presbyter
2714 4190 2995 4247 ordinatus
3036 4189 3096 4244 in
3135 4188 3367 4243 decretis
3429 4188 3543 4243 suis

1948 4289 2111 4361 capit.
2171 4292 2255 4349 17,
2288 4286 2588 4340 certissime
2623 4285 2869 4340 decernit
2905 4302 2917 4337 :
2952 4306 2976 4332 σι
3022 4282 3407 4354 Congregatio,
3461 4282 3541 4336 in-

1948 4382 2085 4453 quit,
2118 4394 2464 4436 summorum
2493 4393 2588 4449 per
2635 4377 2879 4447 singulos
2929 4391 3101 4430 annos
3147 4376 3265 4431 ﬁeri
3300 4375 3439 4431 solet
3490 4383 3545 4430 et

1949 4476 2126 4533 debet.
2164 4497 2185 4524 n
2218 4475 2339 4528 Hoc
2369 4470 2821 4528 excellentissima
2866 4467 3106 4540 synodus
3148 4469 3371 4522 Nicmna
3420 4483 3540 4537 cap.

241 4580 513 4636 canonica
562 4586 795 4634 testatur
834 4576 1151 4642 auctoritas,
1209 4574 1327 4629 haec
1373 4571 1734 4628 ecclesiastica
1764 4570 1842 4625 bi-
1869 4560 1918 4622 D
1949 4577 2004 4639 5,
2037 4568 2337 4625 constituit.
2368 4590 2393 4616 α
2426 4569 2593 4634 Bene,
2633 4563 2832 4634 inquit,
2868 4560 3073 4633 placuit
3126 4560 3349 4633 singulis
3386 4560 3545 4616 annis

240 4674 416 4730 storis
446 4673 689 4739 roborat,
719 4672 837 4727 hinc
858 4670 1028 4725 sancti
1074 4671 1263 4724 Patres
1287 4666 1638 4723 conﬁrmant.
1667 4688 1691 4713 η

316 4768 376 4823 Si
403 4768 570 4839 igitur
632 4766 719 4821 illa
768 4773 1006 4837 quatuor
1044 4761 1272 4819 concilia
1316 4760 1468 4815 omni
1521 4758 1840 4816 auctoritate

240 4870 518 4928 carerent,
558 4860 662 4917 nisi
696 4859 1056 4931 principaliter
1085 4874 1150 4911 ex
1200 4854 1433 4910 decretis
1456 4856 1840 4909 Romanorum

244 4954 572 5029 pontiﬁcum
600 4955 920 5009 ﬁrmitatem
951 4951 1282 5017 obtinerent,
1322 4947 1442 5019 quis
1490 4945 1716 5001 inﬁciari
1744 4959 1840 5017 po-

242 5051 376 5106 terit
418 5050 549 5121 quin
598 5048 817 5104 decreta
847 5062 942 5118 per
983 5046 1128 5117 ipsos
1178 5041 1506 5114 apostolicos
1544 5040 1687 5095 viros
1713 5054 1841 5110 pro-

243 5144 508 5215 mulgata,
530 5140 725 5215 majori
749 5140 1093 5196 veneratione
1112 5137 1275 5210 digna
1300 5135 1497 5191 merito
1517 5140 1843 5190 censeantur

244 5253 421 5310 quam
445 5237 559 5307 ipsa
601 5235 855 5303 concilia,
909 5248 1032 5306 quae
1078 5248 1191 5288 non
1223 5247 1319 5303 per
1346 5231 1594 5302 ipsorum
1619 5234 1839 5299 aposto-

245 5332 487 5386 licorum
524 5330 891 5401 praesentiam,
923 5326 1018 5383 sed
1047 5334 1261 5382 tantum
1295 5341 1389 5397 per
1418 5324 1665 5395 ipsorum
1696 5320 1841 5393 lega-

246 5426 461 5480 tionem
483 5424 799 5479 authentica
827 5421 946 5477 ﬁeri
976 5420 1354 5475 merebantur?
1383 5417 1467 5473 Sic
1504 5416 1651 5473 enim
1681 5414 1843 5486 legati

246 5517 395 5572 sedis
415 5518 725 5589 apostolicae
743 5514 1064 5571 eorumdem
1093 5511 1466 5583 principalium
1489 5508 1844 5565 conciliorum

245 5611 561 5669 sanctiones
616 5610 873 5682 primaria
923 5607 1322 5678 subscriptione
1376 5604 1670 5678 apostolica
1728 5603 1843 5659 vice

326 5824 475 5892 (989)
511 5822 718 5877 Junius
762 5823 806 5888 I,
830 5824 887 5875 in
922 5821 1178 5890 rescm'pto
1207 5818 1295 5887 ad,
1322 5819 1648 5884 Orientales;
1672 5819 1844 5871 Rom.

251 5894 453 5961 editio,
481 5908 601 5965 pag.
656 5896 781 5948 208.

1951 4680 2045 4736 per
2082 4676 2527 4733 unamquamque
2552 4656 2892 4729 provinciam
2928 4653 3010 4709 bis
3054 4654 3115 4708 in
3140 4669 3284 4709 anno
3310 4654 3543 4710 concilia

1947 4756 2210 4813 celebrari
2259 4763 2319 4811 ut
2361 4752 2736 4809 communiter
2781 4748 3035 4804 omnibus
3080 4748 3242 4803 simul
3275 4749 3543 4821 episcopis

1947 4849 2292 4921 congregatis
2348 4846 2714 4903 discutiantur
2770 4842 3087 4915 liujusmodi
3127 4843 3484 4913 qumstioues.
3514 4865 3542 4892 »

1949 4948 2111 5007 Item,
2140 4938 2801 5011 Constantinopolitanum
2848 4936 3161 5003 concilium,
3205 4937 3548 4991 enumeratis

1952 5035 2249 5109 privilegiis
2272 5033 2605 5090 diversarum
2624 5032 3142 5101 Ecclesiarum,cap.
3164 5037 3219 5085 ll
3243 5030 3323 5098 [0.
3347 5034 3413 5087 Β.
3430 5028 3546 5101 ita],

1952 5129 2230 5187 constituit
2288 5145 2302 5182 :
2363 5151 2389 5177 ‹ι
2450 5128 2674 5183 Servata
2725 5126 2909 5197 regula
2952 5140 3076 5196 quae
3129 5124 3328 5194 scripta
3358 5131 3441 5176 est
3482 5122 3550 5177 de

1953 5222 2468 5300 gubernationibus,
2491 5218 2849 5276 manifestum
2872 5228 2955 5274 est
2970 5217 3119 5292 quod
3140 5217 3250 5285 illa,
3276 5231 3399 5289 qua
3420 5224 3549 5271 sunt

1954 5337 2048 5393 per
2078 5330 2520 5391 unamquamque
2549 5310 2886 5387 provinciam
2916 5313 3087 5385 ipsius
3122 5310 3410 5380 provincia:
3456 5324 3547 5379 sy-

1955 5413 2131 5469 nodus
2155 5412 2496 5485 dispensetur
2543 5409 2623 5477 [0.
2657 5412 2721 5465 Β.
2756 5408 3076 5479 dispenset],
3125 5403 3265 5458 sicut
3321 5402 3547 5459 Nicaeno

1955 5513 2171 5562 constat
2209 5504 2487 5561 decretum
2510 5519 2627 5559 esse
2654 5501 2905 5558 concilio.

2027 5602 2167 5655 Item
2219 5597 2657 5656 Cbalcedonense
2700 5592 3015 5659 concilium,
3071 5604 3190 5661 cap.
3230 5596 3319 5660 19,
3363 5589 3547 5646 dicit:

2027 5816 2169 5878 (990)
2199 5812 2310 5867 Nec
2356 5810 2527 5866 ullam
2562 5805 2843 5880 Synodum
2872 5811 3051 5860 ratam
3074 5819 3193 5862 esse
3221 5792 3541 5875 legitimam,

1956 5899 2079 5955 quae
2107 5885 2222 5957 ejus
2248 5898 2362 5941 non
2398 5881 2579 5938 fuerit.
