4052 6180
574 287 705 341 1111

1574 282 1665 334 AD
1701 279 1929 336 OPERA
1966 244 2025 334 s‘.
2069 276 2391 335 GREGOBII
2427 277 2863 335 APPENDICES.

3671 290 3771 342 “12

579 433 606 461 α
636 410 891 491 Decrevit
914 414 1095 465 sancta
1129 404 1386 478 synodus,
1419 403 1726 460 secundum
1776 420 2017 461 canones
2060 406 2163 460 Pa-
2194 406 2249 471 Α
2279 421 2376 477 per
2399 412 2649 461 sanctum
2691 403 3009 460 Silvestrum
3037 403 3116 470 [0.
3157 407 3221 462 R.
3256 408 3466 478 papam]
3516 407 3772 478 approbato,

576 514 742 572 trum,
767 504 849 559 bis
877 502 933 557 in
980 515 1123 555 anno
1153 499 1439 571 episcopos
1466 498 1523 553 in
1568 497 1624 554 id
1666 497 1846 569 ipsum
1874 498 1930 553 in
1974 511 2169 555 unam-

578 610 848 671 quamque
868 593 1210 665 provinciam
1231 591 1539 661 convenire,
1570 608 1682 665 quo
1712 592 2170 665 metropolitanus

576 690 803 747 antistes
828 687 1159 761 probaverit,
1211 694 1268 742 et
1305 686 1595 760 corrigere,
1656 687 1701 742 si
1753 702 1876 759 qua:
1928 685 2172 743 fortassis

578 782 924 841 emerserint.
961 806 983 831 ιο

644 881 798 935 Patet
826 893 956 950 ergo
976 876 1122 949 quod
1148 876 1478 933 authenticae
1508 877 1821 931 sanctiones
1851 876 2016 930 etiam
2044 889 2171 946 pro-

574 973 819 1029 vincialia
878 972 1101 1029 concilia
1150 971 1264 1026 ﬁeri
1312 970 1651 1042 prmcipiunt,
1701 968 1848 1040 quod
1898 970 2172 1025 incassum

578 1069 963 1140 praeciperent,
988 1066 1090 1121 nisi
1113 1074 1169 1120 et
1184 1080 1284 1120 nos
1306 1063 1629 1120 eorumdem
1670 1063 2029 1119 conciliorum
2055 1079 2176 1135 pro-

576 1163 781 1218 babiles
820 1160 1115 1217 sententias
1162 1158 1449 1215 observare
1499 1158 1871 1215 decernerent.
1920 1156 2085 1213 Unde
2123 1165 2177 1212 et

578 1257 634 1311 in
664 1255 823 1310 tertio
855 1255 1120 1309 Toletano
1150 1252 1388 1309 concilio
1412 1251 1704 1307 universali
1728 1250 2014 1306 decretum
2055 1260 2169 1306 est:

581 1374 604 1398 «ι
640 1349 746 1418 Qui
773 1348 1003 1404 concilia
1046 1346 1479 1402 orthodoxorum
1506 1344 1911 1417 episcoporum,
1939 1360 2175 1400 consona

578 1443 930 1499 sanctissimis
971 1449 1202 1513 quatuor
1230 1440 1469 1496 conciliis
1502 1456 1610 1495 non
1641 1439 1854 1511 recipit,
1884 1438 2177 1495 anathema

578 1537 666 1592 sit.
700 1560 724 1584 ν
754 1537 1076 1606 Quicunque
1119 1535 1284 1607 igitur
1325 1534 1405 1589 vel
1452 1533 1649 1589 horum
1705 1531 2061 1589 conciliorum
2091 1548 2171 1586 ra-

579 1629 929 1685 tionabilibus
954 1629 1170 1685 statutis
1199 1628 1421 1683 obviare
1447 1636 1704 1695 conatur,
1735 1627 1902 1682 etiam
1942 1644 1971 1681 a
2014 1641 2173 1698 supe-

581 1724 818 1779 rioribus
843 1722 1179 1778 authenticis
1199 1722 1577 1778 sanctionibus
1602 1721 1655 1775 in
1677 1720 1981 1792 periculum
2010 1736 2174 1776 suum

2277 500 2355 556 sic
2391 508 2613 556 sanctus
2650 497 2919 555 Caesarius
2988 497 3297 570 Agathensi,
3342 506 3545 555 sanctus
3590 502 3774 559 Hilarius

2280 593 2655 662 Arausicensi,
2692 600 2914 650 sanctus
2942 590 3177 648 Albinus
3208 592 3576 661 Aurelianensi,
3609 604 3776 652 sanctus

2277 687 2595 745 Bonifacius
2633 687 2999 760 Mogontiensi
3063 686 3310 754 concilio,
3354 687 3429 742 sic
3487 697 3536 743 et
3571 688 3647 743 alii
3692 690 3775 745 aliis

2281 782 2527 839 conciliis
2579 797 2693 837 non
2722 780 2840 849 soli,
2877 780 2977 837 sed
3027 796 3156 835 cum
3208 779 3444 851 pluribus
3486 780 3593 836 aliis
3629 783 3780 837 sanctis

2280 876 2532 933 Patribus
2574 874 2889 931 interfuisse
2943 874 3194 945 leguntur
3226 874 3320 945 qui
3365 874 3417 928 in
3442 873 3699 930 Christiana
3719 890 3779 930 re-

2280 969 2479 1042 ligione
2525 978 2577 1025 et
2606 969 2852 1025 doctrina
2878 976 2993 1024 tam
3040 967 3275 1040 insignes
3317 966 3475 1023 fuisse
3529 967 3780 1035 creduntur,

2284 1071 2347 1121 ut
2365 1063 2449 1121 vel
2478 1064 2640 1119 unius
2658 1079 2850 1119 eorum
2870 1062 3135 1135 singulari
3151 1060 3353 1135 judicio
3386 1061 3584 1117 obviare
3603 1062 3779 1117 nimium

2284 1166 2425 1215 esset
2445 1158 2824 1215 temerarium.
2850 1160 2996 1229 Ergo
3021 1156 3322 1212 multorum
3366 1154 3651 1226 sapientium
3681 1155 3785 1227 judi-

2285 1254 2368 1309 cio
2392 1269 2507 1309 non
2560 1251 2917 1324 acquiescere,
2965 1251 3142 1307 multo
3170 1249 3343 1322 magis
3378 1256 3457 1305 est
3492 1248 3779 1315 intolerabile,

2287 1350 2343 1404 in
2371 1348 2457 1403 his
2499 1348 2769 1403 duntaxat
2795 1344 3045 1418 capitulis
3087 1361 3211 1417 quae
3232 1343 3494 1417 praedictis
3527 1343 3783 1399 authenticis

2287 1441 2502 1498 statutis
2534 1455 2649 1497 non
2688 1440 3061 1508 adversantur,
3106 1438 3203 1494 sed
3233 1437 3543 1494 institutioni
3584 1436 3781 1492 Christia-

2280 1550 2367 1590 ηδε
2394 1534 2668 1605 religionis
2694 1534 2882 1605 procul
2909 1532 3077 1590 dubio
3105 1530 3485 1605 suffragantur.
3514 1535 3654 1597 Nam,
3671 1530 3782 1600 juxta

2280 1630 2429 1687 beati
2470 1628 2755 1703 Augustini
2807 1626 3086 1699 judicium
3132 1649 3159 1675 οι
3191 1643 3290 1699 pro
3354 1624 3540 1682 nullius
3601 1637 3784 1696 persona

2283 1714 2584 1790 reverentia
2619 1730 2705 1779 est
2737 1720 3137 1793 recipiendum,
3179 1720 3229 1777 si
3267 1720 3395 1793 quid
3453 1718 3684 1776 canonica
3725 1732 3785 1772 ve-

578 1818 866 1874 dissentire
916 1817 1200 1888 probatur.
1256 1819 1461 1872 Beatus
1521 1787 1740 1887 quoque
1790 1814 2059 1884 Isidorus,
2120 1815 2175 1869 in
2208 1787 2254 1848 B
2288 1787 2544 1874 ritatiiin
2572 1817 2757 1890 aliquo
2786 1787 3017 1873 concilio
3069 1787 3153 1871 vel
3202 1787 3398 1871 alicubi
3448 1812 3675 1885 reperitur
3712 1809 3781 1866 ad-

578 1912 815 1985 quadam
854 1927 953 1967 sua
1002 1910 1325 1983 praefatione
1365 1909 1433 1966 de
1460 1909 1766 1966 canonibus
1812 1910 1989 1981 capite
2008 1908 2180 1964 unde—

578 2008 748 2075 cimo,
794 2005 1067 2077 praedictis
1096 2006 1403 2061 rationibus
1433 2005 1763 2074 astipulatur
1808 2004 1913 2059 hoc
1967 2003 2174 2060 modo:

582 2124 607 2148 α
648 2103 826 2155 Nosse
850 2100 1019 2154 etiam
1040 2106 1275 2170 oportet,
1302 2098 1429 2152 licet
1451 2106 1645 2152 caetera
1669 2113 1782 2152 non
1804 2097 2173 2163 inﬁrmantur,

579 2201 816 2265 quatuor
852 2207 971 2247 esse
1001 2191 1318 2263 principalia
1349 2190 1604 2246 concilia.
1643 2215 1665 2239 υ
1700 2190 1800 2245 His
1829 2198 2015 2246 autem
2039 2208 2178 2248 enu-

580 2287 809 2342 meratis
837 2284 1109 2341 subinfert
1134 2286 1191 2340 in
1235 2284 1428 2340 eodem
1465 2285 1640 2356 capite
1665 2301 1678 2338 :
1724 2308 1748 2333 «ι
1782 2283 1889 2339 Sed
1918 2293 1973 2340 et
2002 2285 2045 2340 si
2074 2301 2179 2356 qua

580 2387 713 2434 sunt
739 2378 988 2445 concilia,
1027 2393 1149 2450 quae
1185 2379 1356 2434 sancti
1396 2381 1584 2434 Patres
1636 2379 1827 2450 spiritu
1878 2378 1979 2434 Dei
2030 2379 2176 2449 pleni

581 2480 900 2540 sanxerunt,
931 2480 1056 2544 post
1096 2473 1331 2528 istorum
1372 2480 1612 2545 quatuor
1648 2471 2027 2528 auctoritatem
2056 2488 2177 2528 om-

578 2568 736 2622 nium
750 2565 1223 2622 manentstabilita
1238 2566 1441 2639 vigore.
1462 2590 1487 2615 υ
1503 2568 1833 2638 (Ismonus,
1853 2567 1993 2623 libro
2007 2569 2181 2636 Origi-

582 2678 717 2716 num
743 2676 834 2729 vr,
860 2676 979 2731 cap.
1048 2664 1154 2725 l5.)

655 2759 748 2810 Est
793 2770 922 2827 ergo
977 2756 1204 2828 dignum
1258 2764 1319 2811 ut
1364 2763 1419 2811 et
1473 2754 1792 2827 hujusmodi
1820 2756 2179 2812 conciliorum

584 2850 802 2905 statutis
837 2850 1264 2921 obtemperetur.
1297 2849 1353 2905 Si
1400 2850 1546 2906 enim
1585 2866 1700 2905 non
1728 2865 1907 2922 parvae
1939 2851 2181 2908 stultitia:

580 2954 819 3013 constat,
861 2946 907 3001 si
934 2946 1057 3017 quis
1086 2945 1377 3017 cujuslibet
1411 2945 1572 3000 unius
1604 2944 1850 3002 hominis
1891 2961 2024 3000 sano
2053 2960 2181 2999 con-

581 3039 702 3095 silio
741 3041 1091 3111 acquiescere
1135 3039 1426 3107 detrectat,
1453 3049 1657 3111 quanto
1687 3039 1859 3110 magis
1888 3039 2187 3110 reprehen-

2287 1928 2529 1969 versum.
2567 1933 2593 1961 ι

2355 2009 2625 2063 Praeterea
2652 2012 2838 2061 sancta
2874 2012 2931 2060 et
2958 2001 3272 2059 veneranda
3316 1999 3539 2075 synodus
3562 1995 3783 2057 Chalcedo-

2286 2099 2472 2156 nensis
2510 2099 2674 2155 etiam
2701 2097 3053 2170 provincialia
3083 2096 3317 2153 concilia
3350 2104 3468 2152 ante
3489 2095 3645 2165 ipsum
3662 2102 3786 2147 trans-

2286 2201 2407 2249 acta
2447 2192 2805 2248 canonizasse
2833 2206 2947 2247 non
2988 2188 3297 2256 dubitatur,
3352 2189 3422 2244 ita
3463 2187 3785 2243 decernensca-

2289 2287 2395 2358 pite
2415 2286 2596 2359 primo
2626 2305 2639 2342 :
2668 2307 2695 2334 «
2727 2284 2966 2358 Regulas
3018 2292 3335 2339 sanctorum
3370 2285 3573 2338 Patrum
3594 2295 3671 2352 per
3700 2278 3781 2333 sin-

2287 2382 2409 2452 gula
2452 2396 2599 2436 nunc
2664 2395 2837 2451 usque
2900 2378 3126 2434 concilia
3190 2377 3523 2442 constitutas,
3577 2370 3785 2445 preprium

2286 2474 2457 2531 robur
2504 2474 2705 2530 habere
2741 2472 3103 2529 decrevimus.
3150 2494 3175 2519 ι»
3231 2474 3365 2527 Haec
3416 2478 3580 2525 autem
3621 2462 3790 2522 concilia

2287 2578 2412 2626 ante
2451 2568 2637 2641 ipsum
2666 2566 3110 2623 Chalcedonense
3151 2567 3411 2638 leguntur
3438 2563 3581 2621 fuisse
3613 2578 3624 2615 :
3657 2566 3791 2628 Ancy-

2288 2678 2502 2731 ranum,
2529 2665 2996 2728 Neocaesareense,
3028 2676 3149 2732 quae
3178 2669 3240 2715 et
3256 2661 3473 2716 Niczeno
3499 2654 3693 2714 concilio
3728 2666 3792 2706 an-

2290 2759 2533 2829 tiquiora
2579 2755 2889 2812 traduntur.
2922 2758 3088 2821 Item,
3137 2756 3473 2827 Gangrense,
3530 2747 3792 2819 ,Sardicense,

2292 2850 2715 2915 Antiochenum,
2754 2848 3107 2905 Laodicense.
3145 2849 3300 2920 Ergo
3326 2847 3508 2904 eadem
3542 2844 3655 2901 etin
3679 2838 3794 2896 Chal-

2291 2943 2595 3001 cedonensi
2626 2941 2841 3016 synodo
2886 2958 2998 2997 non
3039 2940 3372 2999 dubitantur
3405 2956 3513 2997 esse
3578 2936 3792 2993 roborata;

2292 3055 2432 3112 qua},
2466 3038 2629 3093 etiam
2654 3053 2782 3093 cum
2822 3035 3095 3092 Africanis
3123 3036 3431 3092 canonibus
3457 3035 3622 3090 beatus
3660 3024 3798 3084 Adria-

577 3134 734 3189 sibile
771 3133 997 3201 videtur,
1031 3134 1077 3188 si
1108 3134 1226 3203 quis
1252 3132 1602 3205 impudenter
1646 3132 1847 3188 resistit
1894 3132 2174 3205 hujusmo-
2212 3172 2258 3236 ϐ
2288 3148 2391 3189 nus
2432 3148 2566 3204 papa
2609 3130 2808 3187 Carolo
2860 3131 3181 3202 imperatori
3241 3135 3382 3198 (992)
3409 3128 3472 3185 ad
3513 3117 3797 3236 diqunendas

582 3228 634 3283 di
677 3228 1037 3284 conciliorum
1068 3229 1286 3283 statutis
1308 3243 1422 3283 non
1448 3228 1630 3295 unius,
1682 3226 1775 3283 sed
1814 3227 2180 3299 plurimorum
2213 3214 2258 3236 υ
2289 3226 2552 3283 Ecclesias
2602 3226 2660 3279 in
2707 3239 2877 3297 regno
2924 3240 3024 3280 suo
3070 3227 3275 3281 Romae
3335 3220 3595 3280 tradidisse
3629 3214 3797 3287 legitur-

579 3324 912 3393 sapientium
932 3324 1257 3379 auctoritate
1285 3329 1339 3378 et
1358 3323 1574 3395 judicio
1606 3322 1828 3395 prolatis
1856 3330 2021 3395 atque
2062 3339 2181 3394 pro-

584 3416 743 3472 hatis.
782 3419 993 3488 Nempe
1042 3416 1353 3488 hujusmodi
1392 3416 1634 3473 conciliis
1692 3417 1873 3488 plures
1928 3416 2182 3473 catholici

584 3518 641 3565 et
667 3511 859 3565 eximii
897 3510 1154 3566 doctores
1184 3511 1499 3567 interfuisse
1537 3513 1811 3583 leguntur,
1857 3518 1920 3568 ut
1946 3512 2001 3567 in
2032 3511 2179 3569 Afri-

584 3604 736 3657 canis
776 3603 1019 3658 conciliis
1082 3604 1242 3675 legati
1296 3604 1439 3659 sedis
1490 3605 1807 3675 apostolicaa
1847 3605 2176 3674 :Faustinus,

584 3697 920 3760 Honoratus,
958 3695 1218 3750 Urbanus
1255 3696 1513 3766 episcopi,
1541 3705 1759 3753 sanctus
1797 3697 1957 3752 etiam
2001 3704 2181 3755 Aure-

580 3787 686 3842 lius
734 3790 879 3852 (991)
908 3788 1355 3861 Carthaginensis
1376 3788 1836 3863 archiepisc0pus.
1864 3793 2019 3860 Item,
2068 3793 2182 3863 ipse

582 3881 666 3934 vir
690 3880 939 3935 omnium
966 3882 1236 3938 virtutum
1281 3883 1621 3954 Augustinus
1662 3884 2181 3956 Hipponeregiensis

583 3974 891 4044 episcopus,
943 3989 1112 4047 quem
1140 3984 1364 4031 sanctus
1386 3975 1712 4033 leestinus
1741 3977 1823 4032 vir
1856 3977 2182 4048 apostolicus

584 4067 639 4123 in
703 4067 935 4123 decretis
994 4068 1110 4125 suis
1166 4074 1265 4139 (ep.
1328 4069 1379 4139 8)
1435 4069 1509 4125 ita
1563 4069 1723 4126 nobis
1785 4071 2176 4127 commendat:

588 4183 612 4207 «
646 4162 1040 4232 Augustinum,
1077 4161 1277 4233 inquit,
1310 4172 1512 4220 sanctae
1550 4164 1949 4223 recordationis
1974 4164 2177 4235 virum,

582 4269 685 4323 pro
742 4255 852 4309 vita
896 4271 997 4312 sua
1063 4264 1228 4328 atque
1284 4258 1501 4313 meritis
1557 4258 1616 4313 in
1666 4268 1856 4315 nostra
1926 4275 2177 4317 commu-

582 4346 743 4403 nione
798 4363 1017 4420 semper
1082 4348 1407 4420 habuimus;
1475 4368 1577 4408 nec
1623 4368 1868 4425 unquam
1913 4352 2059 4409 hunc
2102 4354 2181 4409 si-

576 4441 763 4497 nistrae
818 4443 1153 4514 suspicionis
1238 4445 1441 4501 saltem
1514 4460 1708 4501 rumor
1737 4447 1970 4518 aspersit
2019 4462 2184 4519 quem

2286 3321 2628 3391 Quapropter
2655 3334 2757 3373 nec
2778 3316 3189 3389 provincialium
3238 3318 3576 3375 conciliorum
3598 3316 3756 3368 statuta
3776 3320 3797 3356 a

2284 3414 2527 3486 quolibet
2554 3420 2760 3468 temere
2797 3421 2925 3468 sunt
2954 3411 3284 3484 respuenda,
3335 3426 3454 3484 quae
3480 3418 3529 3465 et
3567 3399 3798 3477 apostolica

2281 3507 2437 3565 sedes
2462 3506 2672 3563 censuit
2700 3505 3025 3577 recipienda.
3060 3507 3369 3577 Hucusque
3397 3502 3611 3561 sufﬁciat
3655 3494 3799 3553 dixisse

2284 3601 2353 3659 de
2380 3616 2664 3658 sacrorum
2692 3615 2971 3656 canonum
3009 3601 3359 3657 auctoritate.
3399 3601 3546 3655 Nunc
3568 3592 3629 3652 ad
3658 3598 3799 3663 ρτονο·

2286 3695 2453 3751 situm
2491 3694 2809 3762 redeamus,
2849 3702 2903 3748 et
2933 3700 3137 3748 statuta
3175 3710 3307 3765 quae
3342 3699 3522 3749 noster
3551 3682 3802 3760 apostolicus

2288 3788 2345 3843 in
2374 3788 2640 3859 superiori
2684 3787 2916 3860 epistola
2942 3786 3149 3843 Othoni
3190 3778 3800 3852 Constantiensiepii‘icol’0

2287 3882 2600 3938 cautissime
2633 3881 2905 3953 descripta
2943 3880 3278 3951 transmisit,
3325 3897 3421 3955 per
3469 3877 3685 3937 ordinem
3701 3868 3801 3937 (“83‘

2289 3991 2498 4032 ramus.

2360 4070 2508 4127 CAP.
2555 4072 2625 4125 V.
2657 4070 2878 4126 Horum
2906 4067 3041 4125 illud
3069 4076 3187 4125 erat
3207 4069 3450 4141 primum
3480 4084 3495 4123 :
3520 4087 3546 4115 ι
3569 4064 3638 4120 Ut
3656 4051 3801 4114 clerici.

2287 4162 2522 4235 aliquem
2575 4177 2861 4219 sacrorum
2928 4161 3187 4219 ordinum
3234 4160 3463 4234 gradum
3505 4156 3581 4214 vel
3621 4147 3804 4210 ofﬁcium

2288 4273 2383 4329 per
2410 4256 2643 4329 pretium
2692 4253 2895 4327 adepti,
2947 4255 3260 4313 nullatenus
3273 4255 3549 4327 jdeinceps
3572 4250 3621 4305 in
3670 4238 3805 4300 Eccle-

2286 4350 2364 4405 sia
2409 4349 2743 4405 ministrent.
2776 4372 2803 4398 ι
3326 4368 3332 4374 ’

2362 4443 2680 4499 Secundum
2721 4460 2734 4499 :
2765 4466 2792 4493 κ
2844 4446 2925 4502 Ut
2981 4443 3265 4500 ecclesiam
3319 4441 3494 4515 pretio
3533 4430 3806 4507 acquisitam:

583 4541 752 4590 tantae
792 4536 1035 4592 scientia:
1079 4537 1213 4593 olim
1258 4536 1419 4594 fuisse
1474 4539 1863 4607 meminimus,
1914 4548 1974 4595 ut
2033 4540 2179 4595 inter
2210 4547 2258 4608 Ι)
2288 4536 2469 4593 nullus
2523 4536 2788 4605 retineat;
2858 4553 2965 4594 nec
3028 4537 3188 4595 alicui
3246 4536 3510 4607 deinceps
3584 4520 3808 4587 eodeSiam

582 4627 876 4697 magistros
901 4630 1137 4700 optimos
1185 4630 1357 4687 etiam
1400 4639 1525 4687 ante
1563 4648 1592 4686 a
1636 4633 1777 4688 meis
1823 4632 2185 4705 praedecesso-

582 4717 733 4774 ribus
774 4719 1084 4779 haberetur.
1132 4725 1277 4779 Bene
1312 4739 1443 4797 ergo
1479 4724 1547 4781 de
1577 4741 1644 4781 eo
1688 4740 1882 4783 omnes
1927 4727 1984 4781 in
2022 4742 2175 4782 com-

544 4828 749 4873 rmune
802 4824 1107 4884 senserunt,
1177 4824 1367 4887 utpote
1435 4820 1533 4890 qui
1603 4819 1806 4891 ubique
1866 4820 2079 4877 cunctis
2125 4828 2179 4876 et

579 4905 757 4961 amori
798 4903 963 4962 fuerit
996 4915 1050 4962 et
1095 4907 1312 4965 honori.
1363 4933 1389 4960 ι
1440 4912 1587 4968 Huic
1622 4913 1790 4969 etiam
1838 4915 2174 4987 Augustino,

583 5008 643 5053 ut
702 4998 841 5055 liber
887 5000 1131 5057 Liberati
1188 5011 1445 5073 testatur,
1475 5005 1815 5063 Theodosius
1860 5007 2179 5079 imperator,

581 5108 675 5163 per
707 5116 732 5141 α
779 5110 994 5151 sacram
1048 5117 1073 5142 ιι
1119 5111 1279 5152 suam
1329 5098 1626 5161 mandavit,
1685 5107 1748 5155 ut
1798 5115 1857 5156 se
1898 5102 2177 5173 Ephesino

580 5187 813 5244 concilio
840 5196 1217 5259 praesentaret.
1251 5190 1361 5248 Sed
1384 5191 1553 5248 eheu!
1586 5200 1704 5248 tam
1759 5195 2005 5266 egregius
2051 5195 2177 5252 doc-

579 5289 668 5336 tor
691 5290 816 5337 ante
842 5282 1049 5339 mundo
1079 5283 1393 5340 subtractus
1438 5293 1541 5352 est,
1579 5300 1751 5357 quam
1766 5284 1837 5342 ad
1859 5287 2011 5344 illum
2040 5290 2177 5345 invi-

576 5376 777 5431 tatoria
806 5377 1043 5433 Romani
1086 5377 1346 5449 principis
1369 5379 1608 5451 epistola
1648 5381 1998 5451 pervenisset.

651 5467 723 5521 Hi
752 5483 902 5541 ergo,
933 5486 1073 5542 quos
1096 5472 1348 5542 praedixi,
1381 5481 1435 5529 et
1461 5473 1553 5529 alii
1582 5474 2015 5534 innumerabiles
2048 5494 2173 5534 san-

570 5557 650 5611 cti
679 5560 869 5615 Patres
896 5559 1168 5617 Africanis
1215 5563 1458 5619 conciliis
1504 5564 1819 5635 interfuere,
1874 5567 1991 5624 imo
2033 5583 2177 5639 prte-

570 5643 745 5703 fuere.
778 5647 867 5705 Sic
886 5649 1057 5706 etiam
1088 5660 1307 5709 sanctus
1332 5654 1583 5712 Marinus
1606 5655 1913 5713 Arelatensi
1941 5656 2177 5713 concilio

645 5776 791 5839 (991)
814 5778 879 5830 In
908 5777 968 5832 C.
1004 5779 1073 5832 Β.
1096 5776 1455 5837 desideratur.

2293 4628 2525 4688 vendere
2551 4631 2634 4687 vel
2672 4646 2857 4687 emere
2886 4631 3065 4687 liceat.
3106 4654 3133 4680 ι

2355 4725 2599 4781 Τθηὶυω
2629 4742 2642 4781 ε
2678 4748 2704 4775 α
2735 4728 2816 4783 Ut
2861 4739 2893 4780 a
2923 4724 3157 4781 clericali
3192 4722 3379 4780 ofﬁcio
3409 4724 3610 4779 cessent
3642 4709 3811 4806 ρυίεξΨ

2288 4835 2397 4892 (ille
2458 4835 2516 4875 δθ
2568 4834 2671 4891 Pro
2736 4819 3135 4876 incontinentia
3202 4811 3649 4890 reprehensibiles
3694 4799 3812 4859 exhi-

2286 4910 2437 4969 bent.
2479 4935 2506 4961 δ)

2357 5009 2624 5078 Quartum
2658 5025 2671 5062 ε
2722 5028 2750 5056 ι
2803 5008 2883 5063 Ut
2910 5006 3141 5079 populus
3169 5005 3497 5062 clericorurn
3540 4993 3701 5054 ofﬁcia
3722 4982 3814 5043 nul-

2287 5100 2500 5156 latenus
2569 5100 2817 5173 recipiat,
2887 5115 3025 5171 quos
3111 5099 3436 5172 apostolicas
3505 5084 3815 5149 institutiones

2287 5203 2642 5251 contemnere
2689 5193 2883 5251 videat.
2945 5216 2975 5244 ι»
3050 5196 3348 5251 Curramus
3389 5189 3548 5262 igitur
3602 5196 3687 5254 per
3726 5174 3813 5230 sin—

2287 5288 2430 5361 gula,
2458 5297 2513 5343 et
2536 5286 2730 5343 eadem
2759 5303 2929 5359 quam
2954 5288 3293 5355 authentica,
3335 5299 3499 5358 quam
3518 5265 3811 5336 attendenda,

2285 5381 2397 5437 imo
2417 5397 2584 5453 quam
2610 5381 2968 5450 inevitabilia,
2997 5383 3128 5448 sint,
3154 5397 3267 5438 non
3290 5396 3356 5436 ex
3382 5374 3575 5433 nostris
3590 5366 3812 5438 conjecw'

2285 5476 2382 5544 ris,
2426 5474 2522 5530 sed
2591 5490 2658 5530 ex
2696 5484 3015 5533 sanctorum
3052 5479 3276 5533 Patrum
3328 5468 3542 5529 statutis
3595 5466 3807 5529 compeﬂ‘

2282 5567 2437 5626 diose
2466 5578 2865 5626 monstremus.

2353 5658 2497 5714 CAP.
2528 5660 2622 5714 VI.
2669 5658 2914 5715 Primum
2956 5659 3145 5731 itaque
3170 5661 3437 5717 statutum
3480 5651 3536 5707 in
3573 5631 3795 5704 Chalcedo

643 5846 790 5913 (992)
819 5849 1011 5906 Exstat
1048 5848 1166 5909 haec
1200 5853 1441 5925 epitome
1468 5868 1748 5911 canonum
1784 5852 1853 5910 ab
1903 5851 2149 5912 Adriano
2174 5853 2426 5915 confecta
2463 5865 2518 5915 et
2544 5855 2740 5914 Carolo
2765 5859 2970 5928 Magno
2997 5855 3221 5915 tradita.
