4052 6180
282 335 418 390 1113

1179 328 1470 386 ΑΡΡΕΝΒ.
1514 332 1600 386 ll].
1643 361 1709 373 --
1748 330 2166 388 MONUMENTA
2204 332 2661 388 GREGORIANA.

3439 342 3572 394 1114

275 459 436 516 nensi
456 455 684 514 concilio
710 455 1021 528 plenissime
1048 462 1104 510 et
1140 454 1545 512 evidentissime
1574 458 1868 528 reperitur,
1905 462 1956 525 Α
1986 457 2314 529 praedictum
2338 467 2498 531 caput
2519 473 2647 514 cum
2673 457 2805 530 ipsis
2827 458 3170 530 emptoribus
3197 460 3575 532 degradandos

275 551 427 626 quod
454 567 622 606 unum
667 567 732 606 ex
752 558 984 622 quatuor
1028 549 1308 622 praedictis
1332 551 1576 606 conciliis
1618 560 1869 622 tempore

275 647 517 721 quidem,
540 661 653 700 non
674 645 941 718 dignitate
960 643 1237 709 ultimum,
1269 645 1444 701 sancti
1475 649 1662 701 Patres
1699 646 1867 702 Leoni

276 747 526 814 Augusto
573 755 744 812 usque
808 738 879 796 ad
930 740 1253 812 sanguinem
1319 738 1706 796 vindicandum
1748 756 1867 796 esse

276 835 624 902 mandarunt,
653 843 713 890 ut
744 834 1037 890 Liberatus
1083 835 1138 889 in
1180 834 1319 890 libro
1375 849 1474 890 suo
1515 842 1768 891 testatur.
1805 838 1866 890 In

277 932 418 1001 ipso,
459 930 705 1001 inquam,
762 928 992 984 concilio
1036 929 1300 1000 scriptum
1341 937 1426 984 est
1475 929 1649 1001 capite
1703 929 1866 986 tertio

274 1029 419 1090 (993)
466 1043 479 1080 :
517 1046 541 1072 α
574 1023 628 1079 Si
671 1024 792 1095 quis
819 1024 1109 1095 episcopus
1165 1039 1264 1094 per
1304 1023 1593 1095 pecuniam
1651 1024 1866 1080 ordina-

274 1119 485 1174 tionem
543 1117 766 1183 fecerit,
832 1126 889 1173 et
936 1117 1038 1173 sub
1088 1118 1262 1189 pretio
1312 1117 1586 1191 redegerit
1636 1119 1864 1191 gratiam

270 1227 395 1284 quae
448 1210 603 1267 vendi
655 1227 764 1266 non
817 1219 1012 1283 potest,
1060 1211 1500 1283 ordinaveritque
1546 1229 1642 1284 per
1706 1229 1867 1283 pecu-

266 1306 421 1361 niam
477 1307 829 1376 episcopum,
932 1306 1412 1377 chorepiscopum,
1480 1307 1862 1379 presbyterum

269 1407 368 1456 aut
409 1399 726 1468 diaconum,
776 1400 856 1455 vel
897 1399 1201 1471 quemlibet
1255 1400 1322 1456 de
1378 1399 1465 1455 his
1511 1401 1603 1472 qui
1648 1416 1864 1456 connu-

269 1503 556 1550 merantur
621 1495 676 1549 in
721 1496 888 1562 clero,
932 1503 1024 1550 aut
1063 1495 1398 1565 promoverit
1445 1511 1540 1566 per
1606 1495 1866 1565 pecunias

269 1590 349 1656 [(7.
402 1593 466 1644 R.
510 1587 784 1658 pecunias]
841 1587 1296 1658 dispensatorem,
1345 1597 1441 1643 aut
1486 1587 1866 1655 defensorem,

268 1684 352 1736 vel
402 1682 858 1748 mansionarium,
934 1683 1013 1736 vel
1065 1696 1400 1753 quemquam
1460 1683 1712 1749 omnino,
1773 1681 1866 1752 qui

268 1775 549 1845 subjectus
607 1785 688 1830 est
759 1775 988 1847 regulae,
1058 1791 1156 1846 pro
1214 1775 1301 1832 sui
1362 1776 1663 1847 turpissimi
1731 1775 1863 1831 lucri

1976 553 2060 608 vel
2087 552 2641 609 anathematizandos
2671 568 2788 608 esse
2815 552 3076 611 decrevit.
3108 557 3177 609 Et
3203 563 3354 622 nota,
3375 557 3420 613 si
3460 574 3572 615 me-

1977 647 2158 704 diator
2187 647 2477 721 degradari
2507 647 2590 703 vel
2612 647 3076 704 anathematizari
3109 650 3308 705 merito
3335 651 3572 722 jubetur,

1977 741 2112 813 quid
2165 742 2232 798 de
2261 741 2350 796 illo
2379 757 2565 798 censes
2594 743 2689 814 qui
2719 757 2815 812 per
2850 742 3102 798 eamdem
3138 744 3570 816 negotiationem

1977 834 2198 906 indigne
2232 845 2592 906 promovetur
2611 839 2634 890 ?
2653 838 2774 892 Hoc
2793 838 3006 908 utique,
3029 839 3177 910 quod
3194 839 3573 896 sanctissimus

1976 944 2113 1001 papa
2159 929 2462 1000 Gregorius
2492 931 2604 995 (lib.
2638 945 2756 1000 vn,
2783 948 2865 1002 ep.
2903 933 3044 1003 112),
3076 932 3190 988 imo
3219 934 3366 1006 quod
3387 950 3482 1006 per
3502 934 3571 990 il-

1976 1024 2090 1079 lum
2119 1023 2358 1094 Spiritus
2415 1032 2640 1079 sanctus
2668 1023 2737 1080 de
2778 1025 3087 1096 bujusmodi
3138 1029 3573 1098 negotiatoribus

1975 1117 2351 1173 indubitanter
2383 1117 2644 1185 decrevit,
2669 1118 2763 1190 qui
2789 1119 2842 1173 in
2870 1119 3118 1191 ejusdem
3147 1122 3427 1190 apostolici
3470 1140 3570 1179 au-

1976 1212 2231 1278 riculam,
2282 1211 2388 1267 sub
2439 1211 2754 1268 columbina
2799 1213 3013 1284 specie,
3070 1214 3332 1285 quaslibet
3380 1217 3568 1273 decer-

1975 1306 2158 1362 nenda
2182 1306 2394 1363 dictare
2420 1309 2722 1363 consuevit.
2754 1309 2966 1379 Nempe
2991 1309 3252 1379 scriptum
3283 1318 3368 1365 est
3396 1310 3450 1364 in
3473 1311 3570 1365 de-

1973 1401 2136 1455 cretis
2174 1401 2310 1468 suis,
2350 1416 2472 1472 cap.
2521 1407 2617 1457 131
2671 1403 2841 1472 (apud
2876 1401 3036 1456 Grat.
3089 1405 3136 1470 Ι,
3185 1421 3238 1472 q.
3286 1409 3334 1468 1,
3374 1420 3420 1456 ο.
3453 1409 3567 1470 13):

1978 1517 2001 1542 «ι
2049 1494 2379 1567 Quicunque
2422 1511 2552 1568 ergo
2605 1494 2731 1562 hoc,
2759 1496 2812 1552 id
2859 1505 2962 1563 est,
2990 1496 3411 1552 ecclesiasticum
3453 1497 3570 1553 ofﬁ-

1976 1588 2154 1657 cium,
2185 1589 2339 1660 pretii
2372 1589 2556 1645 studet
2610 1589 2825 1646 datione
2856 1591 3108 1657 mercari,
3156 1589 3293 1645 dum
3323 1607 3432 1646 non
3482 1590 3566 1647 of-

1984 1682 2191 1750 ﬁcium,
2244 1683 2337 1739 sed
2403 1700 2609 1739 nomen
2655 1684 2907 1752 attendit,
2955 1683 3210 1740 sacerdos
3263 1701 3374 1739 non
3425 1701 3567 1753 esse,

1977 1776 2073 1832 sed
2115 1775 2222 1832 dici
2282 1776 2672 1833 tantummodo
2717 1779 2956 1834 inaniter
3000 1778 3357 1850 concupiscit.
3411 1800 3437 1828 »
3498 1782 3570 1834 Et

267 1841 587 1937 commodo,
640 1871 687 1924 is
733 1841 851 1941 qui.
882 1841 986 1924 hoc
1050 1841 1346 1925 attentasse
1400 1841 1657 1942 probatus
1702 1869 1865 1926 fuerit
1901 1841 1950 1905 Β
1978 1871 2139 1942 paulo
2178 1880 2301 1942 post
2330 1871 2382 1926 in
2411 1872 2608 1928 eodem
2641 1888 2797 1945 cap.:
2836 1893 2865 1926 ‹‹
2888 1875 3030 1930 Cum
3063 1841 3271 1945 liqueat
3296 1873 3437 1929 hanc
3455 1873 3566 1931 hae-

265 1965 480 2035 proprii
541 1962 738 2035 gradus
785 1963 1025 2034 periculo
1069 1963 1386 2036 subjacebit,
1438 1972 1510 2031 et,
1568 1964 1657 2035 qui
1713 1965 1862 2022 ordi-

262 2067 431 2114 natus
481 2066 580 2127 est,
639 2057 766 2112 nihil
811 2073 872 2112 ex
917 2057 1019 2112 hac
1080 2056 1430 2114 ordinatione
1490 2059 1571 2112 vel
1644 2075 1860 2130 promo-

267 2153 420 2208 tione
469 2167 595 2223 quae
633 2159 715 2207 est
759 2167 854 2222 per
901 2152 1335 2222 negotiationem
1383 2152 1526 2207 facta
1574 2153 1858 2224 proﬁciat;

265 2246 357 2302 sed
387 2246 460 2301 sit
504 2245 716 2301 alienus
749 2262 780 2300 a
827 2245 1085 2316 dignitate
1131 2246 1211 2301 vel
1251 2245 1621 2302 sollicitudine
1692 2263 1857 2319 quam

267 2339 512 2410 pecuniis
566 2339 838 2411 quaesivit.
909 2339 964 2394 Si
1018 2341 1143 2410 quis
1206 2355 1332 2395 vero
1403 2340 1676 2396 mediator
1743 2347 1858 2396 tam

267 2433 516 2504 turpibus
572 2443 627 2489 et
670 2431 918 2488 nefandis
965 2433 1106 2488 datis
1154 2421 1236 2488 vel
1284 2435 1519 2504 acceptis
1568 2435 1856 2503 exstiterit,

264 2528 309 2582 si
349 2527 574 2599 quidem
625 2527 854 2584 clericus
896 2525 1078 2595 fuerit,
1114 2527 1332 2598 proprio
1391 2527 1561 2600 gradu
1619 2527 1855 2587 decidat.

261 2622 322 2677 Si
355 2636 484 2677 vero
514 2622 682 2678 laicus
703 2630 799 2677 aut
828 2621 1152 2690 monachus,
1181 2621 1696 2678 anathematizetur.
1722 2646 1744 2669 υ

334 2719 406 2770 Et
432 2716 737 2772 notandum
767 2732 930 2790 quam
954 2725 1113 2772 caute
1140 2715 1286 2771 istud
1312 2715 1613 2787 capitulum
1669 2732 1857 2772 omnes

258 2809 700 2867 Simoniacorum
772 2810 1004 2866 astutias
1066 2809 1354 2877 excludat;
1415 2826 1542 2865 cum
1616 2809 1857 2880 quolibet

259 2903 430 2960 modo
456 2920 554 2975 per
583 2906 874 2976 pecuniam
895 2912 1200 2975 promotos,
1229 2904 1435 2976 absque
1453 2902 1604 2958 omni
1632 2919 1728 2975 spe
1767 2919 1853 2960 re-

259 2998 625 3069 cuperationis
662 2999 918 3070 deponat.
948 2998 1136 3054 Solent
1171 2998 1317 3054 enim
1360 2997 1650 3053 Simoniaci
1676 2997 1853 3053 diver-

259 3093 334 3147 sis
373 3092 577 3158 modis,
609 3093 704 3148 sed
731 3109 843 3148 uno
869 3101 1027 3148 reatu
1055 3109 1236 3148 sacras
1264 3092 1558 3163 dignitates
1602 3091 1853 3147 mercari.

257 3189 492 3257 Nempe,
517 3203 662 3241 nunc
693 3188 815 3258 ipsi,
847 3204 996 3243 nunc
1030 3203 1128 3259 pro
1155 3187 1282 3258 ipsis
1308 3202 1503 3241 eorum
1541 3186 1700 3241 amici
1732 3201 1852 3258 pre-

259 3281 405 3335 tium
437 3297 536 3352 pro
575 3297 728 3336 sacra
765 3281 1045 3353 dignitate,
1113 3281 1195 3335 vel
1242 3288 1366 3336 ante
1443 3279 1852 3335 ordinationem

257 3390 418 3430 suam
448 3374 736 3442 dederunt,
760 3375 841 3429 vel
884 3376 938 3431 in
967 3376 1083 3446 ipsa
1111 3374 1264 3441 dant,
1299 3375 1377 3429 vel
1412 3373 1768 3446 postmodum
1795 3390 1853 3430 se

256 3468 487 3526 daturos
515 3469 862 3540 promittunt.
891 3470 1080 3525 Ethoc
1104 3484 1248 3524 nunc
1272 3469 1599 3524 electoribus
1637 3484 1848 3535 eorum,

256 3580 406 3619 nunc
449 3580 638 3621 eorum
680 3564 1105 3632 ordinatoribus,
1143 3563 1223 3619 vel
1259 3563 1482 3620 demum
1519 3563 1852 3636 quibuslibet

255 3675 455 3715 eorum
484 3658 813 3715 fautoribus.

328 3754 655 3824 Quicunque
685 3753 846 3824 igitur
873 3751 1054 3824 aliquo
1079 3751 1280 3808 horum
1320 3752 1616 3808 modorum
1656 3767 1847 3825 quem-

255 3847 392 3902 libet
438 3847 793 3918 promoverit,
833 3847 914 3902 vel
938 3862 997 3902 se
1044 3847 1222 3919 ipsum
1269 3847 1338 3902 ita
1382 3856 1698 3918 promotum
1731 3862 1848 3902 esse

252 3942 592 4012 cognoverit,
623 3939 998 3996 indubitanter
1027 3956 1056 3994 a
1093 3940 1356 4012 superiori
1384 3941 1622 4012 capitulo
1650 3940 1848 4012 degra-

253 4036 369 4090 dari
387 4035 636 4106 jubetur,
670 4050 798 4090 cum
837 4050 932 4106 per
975 4034 1278 4105 pecuniam,
1320 4035 1400 4089 vel
1431 4035 1600 4089 alium
1625 4051 1848 4105 promo-

252 4131 416 4196 visse,
463 4130 542 4184 vel
582 4129 698 4200 ipse
745 4137 1033 4200 promotus
1073 4143 1190 4183 esse
1247 4143 1363 4182 non
1402 4127 1699 4184 dubitetur.
1744 4128 1848 4184 Sed

252 4239 355 4280 nec
384 4223 490 4279 hoc
537 4223 654 4278 sine
694 4221 1131 4278 consideratione
1163 4219 1597 4294 praetereundum
1637 4219 1850 4277 videtur

253 4316 403 4389 quod
432 4315 578 4371 idem
607 4324 768 4387 caput
789 4316 900 4372 duo
924 4316 1326 4388 negotiatorum
1372 4330 1570 4386 genera
1609 4312 1849 4370 damna-

250 4411 345 4466 vit.
380 4415 576 4468 Unum
608 4409 829 4481 quidem
867 4425 1059 4465 eorum
1094 4411 1182 4482 qui
1254 4409 1326 4465 ad
1362 4409 1713 4466 diaconatum
1768 4409 1848 4465 vel

251 4505 715 4576 presbyteratum,
761 4505 841 4560 vel
869 4503 941 4559 ad
975 4504 1214 4577 aliquem
1261 4503 1572 4576 huiusmodi
1614 4503 1845 4578 gradum

1973 1966 2137 2021 resim
2161 1965 2216 2020 in
2244 1966 2486 2021 Ecclesia
2509 1973 2638 2022 ante
2682 1982 2876 2021 omnes
2922 1967 3108 2023 radice
3157 1967 3410 2039 pestifera
3440 1967 3569 2023 sub—

1972 2059 2225 2131 repsisse,
2285 2068 2449 2130 atque
2506 2060 2559 2114 in
2630 2060 2746 2130 ipsa
2818 2075 2916 2114 sua
2974 2061 3188 2132 origine
3263 2062 3564 2132 apostolica

1970 2169 2088 2209 esse
2115 2152 2476 2209 detestatione
2504 2153 2845 2218 damnatam,
2879 2170 2977 2208 cur
3004 2170 3119 2210 non
3172 2163 3414 2220 cavetur,
3468 2172 3568 2210 cur

1968 2263 2078 2303 non
2129 2246 2488 2318 perpenditur
2527 2246 2654 2319 quia
2707 2246 3014 2302 benedictio
3095 2247 3170 2302 illi
3217 2249 3274 2303 in
3333 2248 3564 2304 maledi-

1969 2341 2211 2397 ctionem
2254 2339 2596 2396 convertitur
2620 2340 2713 2412 qui
2745 2341 2816 2397 ad
2841 2340 2976 2408 hoc,
3008 2349 3068 2396 ut
3099 2341 3196 2397 ﬁat
3245 2341 3562 2408 haareticus,

1969 2439 2378 2506 promovetur?
2425 2457 2448 2482 ν
2505 2433 2652 2504 Quid
2699 2451 2829 2506 ergo
2865 2435 3092 2503 mirum,
3136 2435 3178 2490 si
3208 2443 3394 2492 noster
3435 2452 3566 2507 apo-

1970 2529 2194 2586 stolicus
2222 2545 2316 2585 eos
2346 2534 2558 2585 tantum
2592 2528 2662 2584 ab
2691 2529 3073 2586 ecclesiasticis
3106 2531 3430 2588 ministeriis
3475 2547 3560 2587 se-

1968 2623 2195 2694 paravit,
2245 2639 2385 2695 quos
2423 2622 2798 2678 sanctissimus
2843 2624 2962 2695 ejus
2991 2624 3320 2694 aequivocus,
3383 2632 3440 2680 et
3497 2624 3564 2679 ab

1966 2717 2206 2772 Ecclesia
2254 2726 2537 2788 separatos
2578 2732 2692 2772 esse
2731 2732 2860 2772 cum
2887 2717 3112 2788 reliquis
3142 2717 3409 2774 haareticis
3465 2718 3560 2774 de-

1967 2811 2176 2883 putavit
2207 2814 2230 2865 Ρ

2036 2906 2183 2960 CAP.
2266 2906 2386 2959 VII.
2442 2903 2754 2959 Secundum
2785 2918 3006 2976 quoque
3084 2911 3349 2960 statutum
3390 2906 3563 2961 nostri

1967 2997 2251 3070 apostolici
2296 3005 2378 3053 est
2407 2997 2556 3069 quod
2597 2998 2866 3053 ecclesias.
2897 2996 3227 3069 emptoribus
3251 2999 3327 3066 [Ο.
3369 3003 3433 3054 R.
3466 3014 3562 3055 ea-

1966 3097 2110 3160 rum]
2136 3092 2302 3148 adimi
2348 3091 2622 3163 praecipit;
2651 3093 2805 3161 item,
2836 3092 2891 3146 in
2942 3091 3209 3164 praedicto
3259 3091 3560 3149 Chalcedo-

1971 3187 2124 3241 nensi
2153 3186 2370 3242 concilii
2410 3186 2670 3258 capitulo,
2729 3186 2855 3242 licet
2905 3185 3154 3253 obscure,
3207 3187 3562 3258 comprehen-

1962 3296 2086 3335 sum
2117 3279 2352 3348 videtur,
2380 3279 2526 3352 quod
2556 3281 2729 3336 etiam
2776 3279 3135 3350 dispensatori
3175 3281 3559 3337 ecclesiastica-

1961 3390 2087 3430 rum
2111 3390 2296 3430 rerum
2326 3390 2421 3446 per
2453 3375 2744 3444 pecuniam
2774 3383 3030 3446 promoto
3056 3373 3302 3430 ofﬁcium
3331 3375 3556 3447 dispen-

1958 3467 2115 3524 sandi
2163 3467 2324 3540 jubet
2363 3467 2580 3533 auferri.
2625 3467 2862 3540 Quilibet
2905 3468 3052 3523 enim
3113 3469 3414 3540 presbyter,
3476 3468 3554 3524 di-

1959 3569 2248 3633 spensator
2297 3561 2458 3618 debet
2490 3563 2722 3618 existere
2745 3577 2856 3617 non
2888 3561 3290 3633 praedicationis
3318 3571 3556 3631 tantum,

1959 3656 2055 3713 sed
2081 3656 2244 3712 etiam
2278 3672 2468 3712 rerum
2517 3656 2758 3712 ecclesiae
2802 3656 2907 3712 sibi
2938 3655 3267 3724 commissae,
3295 3673 3434 3729 quas
3459 3660 3556 3715 SS.

1961 3754 2180 3816 Patres,
2243 3766 2356 3805 non
2431 3750 2602 3806 solius
2649 3750 2953 3822 presbyter,
3026 3750 3121 3806 sed
3189 3751 3557 3822 quorumlibet

1960 3844 2238 3918 egentium
2268 3844 2569 3900 necessitati
2609 3843 3009 3915 dispensandas
3059 3859 3178 3900 esse
3207 3854 3556 3900 censuerunt.

2029 3942 2300 3995 Praeterea
2345 3939 2400 3992 in
2431 3937 2623 3994 eodem
2654 3939 2828 4009 capite
2869 3936 3095 3993 cuilibet
3131 3939 3329 3994 clerico
3378 3939 3559 3994 omnis

1958 4034 2320 4089 ecclesiastica
2343 4031 2658 4088 sollicitudo
2715 4048 2812 4104 per
2849 4033 3082 4103 pretium
3111 4033 3375 4105 acquisita
3389 4033 3556 4104 jube—

1958 4135 2048 4183 tur
2091 4127 2280 4184 adimi.
2313 4129 2618 4184 Procurare
2646 4133 2829 4182 autem
2860 4127 3035 4198 ipsam
3081 4127 3380 4182 Ecclesiam
3429 4143 3555 4182 cum

1958 4221 2280 4277 sacerdotali
2309 4221 2608 4292 diligentia,
2640 4220 2696 4276 ni
2743 4219 2924 4286 fallor,
2954 4220 3216 4277 clericalis
3252 4220 3556 4278 sollicitudo

1959 4324 2041 4370 est
2069 4322 2125 4369 et
2153 4313 2507 4368 ecclesiastica
2542 4332 2554 4368 :
2599 4328 2728 4384 ergo
2766 4323 2819 4368 et
2845 4314 2898 4368 in
2925 4314 3124 4370 eodem
3154 4315 3333 4387 capite
3375 4316 3556 4370 Eccle-

1958 4409 2054 4464 sim
2103 4406 2416 4463 sollicitudo
2459 4422 2554 4478 per
2585 4405 2874 4475 pecuniam
2904 4417 3167 4478 usurpata
3190 4409 3416 4480 jubetur
3461 4425 3556 4462 au-

1955 4501 2104 4558 ferri.
2149 4500 2334 4570 Unde,
2365 4509 2416 4557 et
2444 4499 2788 4556 beatissimus
2818 4515 2958 4572 papa
2995 4501 3294 4572 Gregorius
3313 4501 3555 4556 scribens

251 4615 349 4671 per
380 4599 666 4670 pecuniam
691 4597 1037 4662 ordinantur,
1065 4597 1294 4653 alterum
1315 4613 1509 4654 eorum
1539 4599 1630 4670 qui
1671 4598 1740 4655 ad
1767 4597 1846 4654 di-
1873 4613 1924 4676 Β
1955 4597 2023 4654 ad
2076 4596 2416 4653 Clementem
2472 4596 2837 4651 Bizanzenum
2879 4593 3272 4667 [Bizazenum],
3303 4595 3373 4650 de
3414 4610 3553 4668 quo-

249 4693 614 4767 spensationis
644 4693 1035 4757 ministerium,
1061 4690 1146 4746 vel
1171 4690 1238 4746 ad
1268 4691 1497 4762 aliquod
1533 4692 1850 4763 bujusmodi

248 4787 497 4844 clericale
539 4785 784 4842 ofﬁcium
820 4801 919 4857 per
951 4783 1234 4856 pecuniam
1262 4792 1676 4854 promoventur,
1716 4801 1851 4857 qua-

248 4882 314 4938 lis
363 4889 445 4937 est
490 4881 602 4937 vice
645 4879 986 4945 dominatus,
1037 4876 1422 4950 praepositura,
1480 4876 1732 4945 decania,
1761 4893 1851 4934 ar-

248 4975 770 5047 chipresbyteratus,
801 4981 855 5028 et
887 4972 970 5028 his
997 4971 1222 5027 similia.
1251 4971 1340 5026 Sic
1370 4970 1537 5042 igitur
1576 4979 1631 5026 et
1658 4979 1848 5027 noster

247 5069 581 5140 apostolicus
611 5067 720 5124 duo
749 5067 1148 5140 negotiatorum
1177 5081 1394 5138 genera,
1421 5073 1477 5120 et
1525 5080 1716 5121 omnes
1742 5083 1844 5122 ne-

246 5165 583 5235 gotiantium
615 5163 872 5218 versutias
914 5162 970 5216 in
1006 5161 1184 5232 primo
1214 5160 1330 5233 ejus
1351 5167 1560 5216 statuto
1592 5175 1843 5231 compre-

249 5257 471 5324 hendit;
504 5257 559 5312 in
589 5273 698 5328 quo
718 5256 951 5312 clericos
987 5255 1227 5328 aliquem
1261 5271 1548 5312 sacrorum
1587 5253 1844 5310 ordinum

247 5352 511 5423 gradum,
537 5350 618 5406 vel
647 5349 919 5417 ofﬁcium,
943 5365 1165 5422 quoquo
1205 5348 1371 5404 modo
1413 5365 1508 5420 per
1560 5348 1845 5421 pecuniam

249 5446 483 5518 adeptos
520 5445 766 5518 deponit.
811 5444 970 5515 Quod
1013 5453 1198 5499 tamen
1260 5450 1530 5501 statutum
1579 5445 1843 5518 superiori

247 5541 432 5612 capite
482 5540 668 5597 mitius
714 5539 921 5611 liquido
971 5538 1264 5611 probatur;
1305 5553 1431 5594 cum
1473 5539 1844 5611 spiritualium

248 5635 564 5692 ofﬁciorum
602 5634 1005 5701 venditores,et
1037 5643 1153 5692 tam
1191 5632 1418 5691 nefariae
1452 5634 1844 5706 negotiationis

248 5729 585 5785 mediatores
607 5726 790 5784 debita
818 5728 1022 5785 ultione
1051 5747 1162 5788 non
1200 5729 1444 5789 damnet.
1480 5728 1631 5798 Quos
1659 5737 1844 5785 tamen

319 5920 470 5985 (993)
499 5917 636 5977 Vide
660 5922 859 5989 c.1,q.
895 5931 941 5984 1,
966 5931 1018 5973 c.
1044 5922 1096 5973 8.

1960 4691 2092 4747 dam
2141 4691 2458 4763 presbytero
2494 4688 2741 4746 decernit
2791 4689 2902 4744 ita:
2941 4711 2966 4736 ει
3006 4691 3108 4753 Ut,
3157 4690 3204 4743 si
3242 4688 3387 4744 idem
3439 4704 3554 4761 pre-

1958 4785 2144 4857 sbyter
2213 4783 2512 4856 quamdam
2561 4783 2849 4839 ecclesiam
2888 4782 3213 4839 obtinuisset
3258 4798 3352 4854 per
3395 4799 3554 4854 pecu-

1960 4873 2136 4948 niani,
2189 4893 2299 4934 non
2351 4877 2533 4934 solum
2582 4877 2772 4934 eadem
2802 4877 3024 4934 ecclesia
3079 4877 3403 4948 privaretur,
3451 4877 3549 4933 sed

1957 4973 2128 5028 etiam
2181 4970 2506 5044 presbyterii
2558 4972 2771 5028 honore
2821 4971 3172 5044 spoliaretur.
3219 4995 3244 5020 ι
3293 4971 3382 5028 Sic
3413 4986 3549 5042 quo-

1957 5083 2063 5140 que
2118 5067 2172 5122 in
2202 5067 2442 5138 antiquis
2475 5075 2800 5123 nostrarum
2842 5066 3251 5138 provinciarum
3283 5064 3549 5132 conciliis,

1955 5162 2389 5235 Maguntiacensi
2436 5161 2709 5228 videlicet,
2755 5161 3038 5230 Remensi,
3086 5160 3196 5216 sive
3244 5158 3552 5214 Turonensi

1954 5265 2226 5313 statutum
2262 5257 2462 5329 legitur
2514 5265 2576 5312 ut
2605 5255 2891 5328 presbyter
2918 5253 3202 5312 ecclesiam
3225 5253 3398 5325 pretio
3423 5251 3550 5308 ade-

1953 5359 2080 5423 ptus
2107 5359 2162 5406 et
2191 5351 2528 5423 presbyterio
2555 5358 2612 5406 et
2638 5350 2868 5406 ecclesia
2908 5350 3168 5421 privetur.
3224 5347 3387 5412 Item,
3424 5344 3551 5401 bea-

1954 5452 2044 5501 tus
2085 5447 2198 5500 Leo
2237 5462 2378 5518 papa
2421 5443 2662 5518 ejusdem
2695 5443 2933 5500 nominis
2950 5442 3042 5496 .lX
3083 5446 3275 5495 nostro
3316 5441 3550 5512 tempori

1954 5554 2092 5611 pene
2114 5540 2422 5611 contiguus,
2454 5539 2510 5594 in
2549 5539 2728 5611 prima
2764 5553 2866 5594 sua
2915 5537 3170 5591 Romana
3220 5535 3432 5608 synodo
3461 5537 3552 5591 Si—

1954 5633 2266 5689 moniacam
2318 5633 2571 5690 haeresim
2612 5632 2834 5704 penitus
2876 5629 3188 5696 damnavit;
3244 5629 3551 5702 emptiones

1954 5735 2008 5784 et
2056 5725 2393 5785 venditiones
2433 5726 2691 5783 altarium
2721 5723 2828 5781 sub
2855 5722 3199 5781 anathemate
3247 5720 3546 5796 prohibuit,
