4052 6180
593 301 726 354 ms

1587 306 1681 360 AD
1717 306 1949 364 OPERA
1987 309 2045 365 S.
2086 305 2409 364 GREGORII
2445 303 2881 361 APPENDICES.
3418 348 3421 349 ν
3681 313 3778 366 lilii

558 486 566 507 ν
590 423 744 497 quod
769 424 1061 483 anathema
1087 426 1163 482 illi
1185 442 1302 484 non
1338 437 1647 499 evaserunt,
1676 432 1988 505 quicunque
2027 432 2176 490 dein-
2207 438 2261 500 Α
2287 440 2401 488 tem
2415 446 2592 514 suam,
2640 429 2882 486 Domino
2898 434 3131 495 vetante,
3160 426 3231 483 ad
3256 427 3501 484 effectum
3532 445 3624 485 non
3644 432 3785 502 perdu-

590 534 717 591 ceps
741 528 857 579 tam
879 519 1147 577 nefariam
1178 523 1607 594 negotiationem
1636 542 1889 583 exercere
1913 543 2177 600 praesum-

594 623 838 685 pserunt.
887 614 1050 671 Libet
1079 615 1248 685 igitur
1278 618 1625 675 considerare
1679 636 1848 691 quam
1884 622 2183 678 clementer

591 716 773 762 noster
795 709 1129 779 apostolicus
1157 717 1373 767 tantum
1405 721 1619 786 emptas
1676 715 1933 771 ecclesias
1960 724 2181 787 empto-

590 800 736 857 ribus
791 816 980 859 earum
1030 803 1316 874 ademerit,
1362 823 1502 879 quos
1536 808 1696 880 juxta
1744 825 2033 866 censuram
2082 812 2177 865 SS.

590 897 816 952 Patrum
845 905 901 953 et
925 897 1151 954 ecclesia
1194 908 1247 954 et
1292 902 1654 975 presbyterio,
1710 904 1825 958 imo
1875 903 2182 961 Christiano

588 990 814 1048 nomine
849 999 904 1047 et
932 993 1319 1051 communione
1348 996 1641 1068 privandos
1695 1012 1813 1055 esse
1863 1015 1977 1055 non
2027 998 2181 1070 igno-

586 1085 745 1142 ravit.

660 1180 808 1238 CAP.
847 1183 985 1237 VIII.
1019 1182 1127 1238 Sed
1152 1198 1251 1240 cur
1270 1183 1323 1238 in
1354 1192 1567 1240 tantum
1589 1185 1925 1255 laboramus,
1958 1194 2017 1243 ut
2036 1202 2183 1258 prae-

587 1274 733 1330 dicta
772 1274 947 1332 nostri
975 1277 1262 1348 apostolici
1295 1285 1500 1334 statuta
1529 1295 1595 1335 ex
1619 1280 1891 1351 synodicis
1918 1282 2019 1337 SS.
2077 1285 2182 1337 Pa-

591 1376 741 1424 trum
794 1370 1086 1426 sententiis
1142 1372 1466 1443 processisse
1523 1371 1999 1442 demonstremus,
2050 1391 2183 1431 cum

590 1462 782 1519 eadem
823 1480 890 1519 ex
932 1464 1050 1536 ipso
1081 1480 1249 1523 sacrae
1290 1467 1586 1538 Scriptum
1635 1469 1871 1524 armario
1900 1484 2183 1525 emanasse

586 1557 800 1613 nullum
839 1558 1093 1615 dubitare
1146 1560 1423 1617 eruditum
1469 1567 1763 1633 putemus?
1811 1565 1954 1619 Nam
2004 1564 2062 1619 in
2091 1579 2181 1619 ea-

590 1650 717 1708 dem
742 1652 1040 1723 Scriptura,
1072 1669 1265 1710 omnes
1309 1672 1559 1727 personae
1584 1665 1701 1713 tam
1735 1655 1927 1713 nefarii
1976 1657 2179 1714 merci-

587 1746 764 1802 monii
794 1746 1072 1804 damnatai
1123 1750 1504 1819 reperiuntur,
1538 1751 1742 1807 scilicet
1770 1760 1824 1807 et
1868 1751 2181 1822 venditores

588 1839 952 1911 spiritualium
982 1841 1297 1898 ofﬁciorum
1314 1852 1369 1899 et
1396 1853 1674 1917 emptores
1702 1854 1869 1917 atque
1894 1846 2059 1918 hujus
2086 1862 2181 1902 ne-
2206 1833 2253 1895 Β

586 1934 722 2005 gotii
753 1935 1105 1992 mediatores.
1137 1938 1261 2009 Ipse
1290 1939 1438 1994 enim
1461 1940 1738 1997 Dominus
1774 1964 1799 1989 α
1826 1941 2027 2012 pariter
2056 1957 2180 1996 ven-

586 2026 779 2083 dentes
809 2037 863 2084 et
906 2039 1150 2086 ementes
1178 2031 1246 2087 de
1288 2033 1496 2102 templo
1524 2050 1625 2088 suo
1655 2033 1832 2105 ejecit,
1879 2042 1933 2088 et
1986 2034 2175 2089 cathe-

588 2118 715 2174 dras
772 2120 1121 2176 vendentium
1169 2123 1455 2179 columbas
1511 2144 1538 2176 »
1566 2126 1683 2196 jam
1728 2134 1860 2181 tunc
1901 2125 2016 2197 ipse
2045 2143 2182 2182 ever-

588 2214 656 2266 tit
673 2214 889 2279 (Matth.
919 2217 1234 2279 xx1;Marc.
1254 2222 1361 2281 χι).
1393 2217 1550 2287 Quod
1568 2219 1623 2273 S.
1649 2218 1951 2289 Gregorius
1979 2218 2071 2274 ille
2088 2235 2182 2274 no-

590 2312 701 2359 ster
722 2304 1009 2377 theologus
1036 2306 1090 2361 in
1122 2323 1263 2364 xxu
1295 2311 1372 2377 (C.
1396 2313 1461 2365 Β.
1504 2325 1664 2377 xvn,
1696 2315 1747 2365 et
1774 2309 1927 2383 recte]
1961 2310 2180 2366 homilia

589 2399 815 2469 exponit
834 2399 908 2455 ita
934 2417 949 2455 :
984 2418 1015 2453 ε(
1060 2400 1330 2458 Cathedra
1362 2418 1491 2475 ergo
1522 2402 1873 2460 vendentium
1896 2404 2183 2461 columbas

587 2494 872 2562 evertitur,
956 2494 1178 2566 quando
1260 2495 1317 2552 hi
1394 2497 1487 2567 qui
1555 2497 1889 2569 spiritualem
1955 2501 2181 2572 gratiam

588 2587 853 2655 vendunt,
900 2588 982 2644 vel
1017 2598 1146 2645 ante
1193 2589 1493 2661 humanos,
1550 2592 1633 2648 vel
1685 2601 1812 2647 ante
1842 2592 1947 2649 Dei
1996 2594 2185 2649 oculos

588 2681 892 2738 sacerdotio
924 2683 1223 2755 privantur.
1257 2707 1282 2734 ν
1336 2688 1402 2740 Et
1454 2686 1669 2743 merito.
1725 2688 1867 2743 Nam
1929 2687 2043 2758 ipsa
2080 2691 2183 2743 Ve-

584 2776 716 2831 ritas
782 2777 1031 2850 praacipit
1093 2778 1149 2833 in
1223 2780 1514 2852 Evangelia
1564 2797 1578 2834 :
1627 2781 1809 2837 Gratis
1874 2782 2180 2852 accepistis,

588 2870 757 2941 gratis
802 2869 929 2926 date
971 2874 1185 2937 (Matth.
1221 2874 1315 2940 x);
1352 2894 1378 2921 ιι
1445 2872 1615 2945 quod,
1670 2890 1799 2929 cum
1862 2874 1998 2930 tales
2067 2891 2183 2930 non

484 2970 489 2975 ‘
587 2962 889 3033 attendant,
921 2965 1089 3020 etiam
1127 2981 1160 3021 a
1191 2969 1311 3022 Deo
1349 2966 1561 3038 seipsos
1588 2967 1831 3023 alienant
1880 2968 1973 3040 qui
2007 2968 2062 3023 in
2088 2984 2181 3023 eo-

587 3055 715 3113 dem
759 3060 1053 3130 Evangelio
1100 3059 1231 3117 dicit
1277 3077 1295 3115 :
1340 3082 1367 3109 α
1442 3060 1549 3129 Qui
1593 3069 1677 3117 est
1722 3077 1790 3117 ex
1829 3064 1969 3129 Deo,
2019 3061 2184 3118 verba

590 3150 693 3205 Dei
718 3150 894 3218 audit;
932 3152 1077 3220 ideo,
1116 3168 1211 3209 vos
1239 3168 1353 3209 non
1389 3153 1612 3221 auditis,
1642 3154 1770 3226 quia
1819 3169 1885 3211 ex
1910 3157 2030 3211 Deo
2068 3170 2181 3211 non

587 3244 718 3300 estis
745 3246 915 3311 (Joan.
948 3250 1084 3312 VIII).
1121 3270 1146 3295 re

660 3341 929 3395 Praeterea
960 3341 1209 3412 princeps
1227 3341 1607 3412 apostolorum
1624 3343 1838 3410 Petrus,
1866 3341 1977 3398 imo
2002 3358 2098 3415 per
2123 3342 2185 3398 il-

586 3433 700 3488 lum
729 3433 843 3504 ipse
871 3433 1123 3490 Christus
1146 3435 1404 3492 omnibus
1425 3436 1659 3507 praelatis
1685 3436 1741 3492 in
1770 3436 2012 3494 Ecclesia
2039 3452 2181 3508 prae-

587 3526 807 3598 cipitita
834 3548 847 3584 ε
878 3550 906 3579 α
924 3530 1157 3597 Pascite,
1178 3530 1274 3602 qui
1301 3530 1359 3585 in
1375 3530 1528 3587 vobis
1548 3539 1652 3598 est,
1671 3546 1893 3602 gregem
1922 3531 2046 3596 Dei,
2064 3547 2187 3602 pro-

586 3620 831 3679 videntes
854 3639 966 3679 non
984 3632 1189 3689 coacte,
1220 3623 1320 3680 sed
1340 3632 1638 3694 spontanee
1651 3625 1954 3681 secundum
1977 3628 2182 3692 Deum,

586 3730 698 3769 non
728 3716 906 3785 turpis
934 3715 1071 3771 lucri
1092 3718 1286 3787 gratia,
1315 3716 1413 3772 sed
1442 3718 1747 3773 voluntarie
1780 3720 1830 3786 (Ι
1849 3721 1993 3774 Petr.
2043 3724 2119 3785 v).
2152 3736 2181 3770 »

587 3808 790 3864 Contra
837 3808 944 3865 hoc
990 3818 1323 3881 praeceptum
1345 3810 1421 3864 illi
1468 3820 1640 3882 agunt
1667 3812 1982 3883 quicunque
2022 3811 2181 3883 spiri-

590 3902 735 3956 tuale
761 3900 1005 3957 ofﬁcium
1036 3919 1135 3973 pro
1163 3903 1412 3960 saeculari
1444 3904 1597 3959 lucro
1622 3904 1882 3975 subiectis
1917 3906 2030 3961 suis
2061 3914 2182 3961 tur-

591 3995 732 4067 piter
760 3995 1106 4067 impendunt.
1138 3999 1221 4051 De
1248 3996 1449 4067 quibus
1488 3997 1629 4052 idem
1664 3998 1970 4068 apostolus,
2002 3998 2058 4054 in
2088 4015 2185 4054 sua

589 4090 873 4159 posteriori
903 4089 1149 4162 Epistola
1178 4097 1411 4147 testatur
1443 4109 1456 4147 :
1484 4109 1513 4144 α
1541 4091 1722 4146 Secuti
1744 4100 1875 4148 sunt
1909 4092 2055 4148 viam
2084 4094 2185 4149 Ba-

589 4184 731 4239 Iaam
755 4200 823 4241 ex
867 4188 1065 4253 Bosor,
1112 4185 1203 4257 qui
1246 4184 1554 4241 mercedem
1609 4186 1905 4258 iniquitatis
1948 4187 2181 4255 amavit;

589 4278 992 4349 correptionem
1042 4294 1169 4335 vero
1217 4278 1413 4335 habuit
1459 4295 1575 4337 sum
1627 4280 1865 4338 vesaniae
1886 4296 1949 4337 su
1970 4282 2185 4356 bjugale

590 4382 809 4429 mutum
840 4373 1083 4447 [animal]
1113 4374 1170 4430 in
1193 4370 1591 4431 hominis‘voce
1616 4375 1866 4447 loquens,
1896 4377 2180 4447 prohibuit

589 4466 868 4539 prophetae
883 4466 1250 4539 insipientiam
1266 4470 1501 4540 (IIPetr.
1517 4469 1609 4539 II).
1647 4492 1671 4517 ιι
1699 4470 1860 4539 Quod
1880 4471 2177 4527 Venerabi-

588 4560 655 4616 lis
679 4562 963 4635 presbyter
981 4562 1130 4619 Beda
1157 4562 1217 4617 in
1234 4569 1473 4618 tractatu
1500 4574 1665 4633 snper
1687 4562 1945 4619 eamdem
1973 4565 2181 4636 episto-

589 4654 698 4709 lam
727 4654 993 4712 dilucidat
1012 4656 1085 4711 ita
1115 4676 1129 4712 :
1157 4678 1184 4705 σι
1213 4658 1355 4712 Nam
1373 4656 1451 4723 [Ο.
1476 4659 1540 4713 It.
1564 4659 1999 4729 Nonnunquam]
2025 4659 2184 4714 multi

589 4748 996 4806 Catholicorum
1034 4750 1087 4804 in
1113 4757 1332 4805 tantum
1358 4750 1680 4808 mercedem
1708 4760 1901 4808 amant
1925 4751 2182 4824 iniquita-

589 4843 658 4898 tis
684 4849 748 4898 ut
773 4845 942 4900 etiam
964 4842 1111 4898 docti
1140 4843 1209 4898 ab
1235 4842 1497 4913 indoctis,
1524 4860 1555 4899 a
1598 4844 1746 4901 laicis
1775 4845 1955 4905 clerici
1985 4847 2183 4904 merito

590 4938 932 5004 lacerentur;
980 4935 1102 5006 qui,
1127 4935 1250 5007 jure
1289 4945 1687 5008 comparantur
1751 4939 2033 5011 prophetae
2089 4941 2181 5013 qui

592 5029 771 5085 verbis
813 5030 983 5085 asinae
1029 5036 1219 5086 contra
1246 5038 1499 5087 naturam
1532 5031 1804 5103 loquentis
1857 5034 2181 5105 corripitur;

588 5138 691 5177 nec
708 5130 890 5177 tamen
905 5137 936 5177 a
957 5123 1237 5193 proposito
1258 5124 1410 5195 pravi
1428 5124 1633 5181 itineris
1652 5125 1982 5183 retardatur.
2019 5149 2043 5176 ι
2076 5128 2185 5184 lste

592 5214 840 5272 videlicet
864 5215 1089 5273 Balaam
1119 5215 1266 5274 idem
1295 5233 1412 5274 esse
1444 5220 1728 5286 asseritur,
1757 5219 1849 5290 qui
1888 5229 1943 5276 et
1963 5219 2184 5277 beatum

587 5310 695 5368 Job
720 5310 774 5367 in
822 5311 959 5368 libro
988 5310 1159 5384 ipsius
1186 5311 1461 5384 superﬂue
1490 5321 1546 5369 et
1581 5321 1902 5385 arroganter
1930 5315 2183 5374 docuisse

590 5405 810 5477 legitur;
836 5407 933 5478 qui
957 5414 1011 5462 et
1032 5406 1172 5475 Elin,
1198 5406 1252 5461 id
1273 5414 1359 5462 est
1373 5408 1590 5463 divinus
1605 5408 1672 5464 ab
1694 5406 1879 5465 ofﬁcio
1903 5409 2183 5469 divinandi

590 5507 671 5555 est
692 5501 1133 5572 cognominatus.
1159 5501 1251 5559 Sic
1277 5502 1428 5557 enim
1450 5510 1681 5561 testatur
1729 5505 1788 5561 S.
1817 5504 2183 5578 Hieronymus

590 5594 645 5650 in
672 5593 765 5650 lib.
792 5596 875 5649 De
927 5595 1209 5653 Hebraicis
1244 5597 1663 5669 quaestionibus.
1705 5599 1808 5655 Hic
1843 5598 2008 5671 igitur
2055 5615 2182 5656 cum

589 5696 734 5746 esset
764 5688 1025 5761 propheta
1053 5706 1084 5746 a
1112 5691 1275 5749 Balac
1304 5708 1434 5766 rege
1464 5693 1841 5751 Moabitarum
1870 5694 1938 5750 ad
1962 5693 2185 5750 maledi-

589 5784 827 5842 cendum
856 5784 985 5842 ﬁliis
1014 5786 1179 5843 Israel
1211 5788 1537 5858 conductus,
1558 5789 1660 5845 illis
1686 5788 1985 5860 quidemin
2018 5787 2181 5844 verbo

589 5879 813 5937 Domini
840 5897 939 5955 pro
977 5882 1155 5956 pretio
1185 5882 1395 5942 studuit
1435 5882 1784 5953 maledicere,
1816 5881 1916 5945 sed
1943 5882 2176 5953 pravita-

2290 525 2386 594 xit,
2418 540 2519 582 nec
2560 522 2876 579 mercedem
2903 520 3204 593 iniquitatis
3233 522 3455 595 accepit;
3490 524 3573 595 qui
3603 531 3745 579 tamen
3763 541 3785 581 a

2292 622 2409 675 Deo
2430 617 2788 690 reprobabilis
2816 616 3128 684 denotatur,
3155 623 3215 673 ut
3240 616 3385 672 asina
3424 616 3529 687 ejus
3552 618 3782 687 sapientior

2289 729 2355 769 eo
2388 712 2661 769 vesaniam
2686 712 2804 783 ejus
2825 719 2880 767 et
2911 710 3272 782 insipientiam
3300 710 3593 781 corripuisse
3628 719 3672 766 et
3694 727 3785 766 eum

2290 822 2320 861 a
2350 806 2532 878 gladio
2575 805 2876 862 resistentis
2917 804 3094 874 angeli
3122 804 3378 874 eripuisse
3418 804 3631 873 legatur;
3666 820 3789 876 quam

2290 899 2303 955 i
2311 917 2402 971 pse
2432 900 2655 973 angelus
2671 914 2784 954 non
2804 899 3134 955 morituram
3153 897 3267 953 fore
3288 905 3508 953 testatus
3519 905 3607 963 est,
3628 897 3789 952 etiamsi

2287 993 2471 1065 ipsum
2510 993 2805 1065 reprobum
2854 992 3183 1064 pr0phetam
3224 991 3401 1047 debita
3422 998 3583 1046 morte
3616 990 3793 1045 multas-

2289 1096 2372 1145 set
2406 1090 2585 1159 (Num.
2638 1092 2820 1155 χχιι).
2875 1088 2929 1142 Si
2983 1102 3110 1159 ergo
3140 1085 3358 1142 Balaam
3398 1093 3590 1141 tantum
3610 1082 3791 1138 amando

2294 1182 2600 1238 mercedem
2657 1180 2960 1253 iniquitatis
2996 1196 3030 1236 a
3079 1183 3200 1235 Deo
3251 1179 3442 1251 legitur
3489 1176 3793 1248 reprobabilis,

2291 1284 2497 1347 quanto
2536 1274 2710 1346 magis
2753 1274 2843 1329 ille
2872 1276 3012 1329 inter
3057 1272 3319 1341 reprobos
3345 1279 3425 1327 est
3445 1266 3791 1341 computandas,

2291 1369 2385 1440 qui
2432 1385 2559 1425 eum
2620 1368 2845 1423 Balaam
2902 1367 2970 1423 de
3018 1366 3354 1439 iniquissima
3398 1362 3679 1421 venditione
3717 1360 3794 1431 spi-

2292 1463 2502 1520 ritualis
2548 1461 2716 1519 ofﬁcii
2760 1462 3000 1534 pretium
3045 1460 3437 1517 studiosissime
3479 1457 3691 1529 requirit,
3724 1468 3796 1508 nec

2292 1565 2490 1624 cessat,
2521 1556 2699 1613 donec
2735 1555 3101 1612 ambitionem
3151 1569 3309 1611 suam
3337 1552 3403 1610 ad
3439 1551 3669 1609 effectum
3706 1561 3796 1620 per-

2292 1650 2500 1708 ducat?

2360 1778 2627 1831 Praeterea
2667 1774 2858 1830 beatus
2895 1775 3285 1847 Hieronymus,
3331 1773 3387 1828 in
3438 1777 3649 1827 tractatu
3680 1779 3797 1836 super

2296 1869 2648 1938 Matthacum,
2678 1868 2836 1925 illum
2850 1869 3085 1925 scribam
3107 1869 3197 1941 qui
3222 1868 3489 1923 dixitJesu
3514 1886 3568 1920 :a
3588 1862 3795 1933 Magister.

2287 1980 2484 2035 sequar
2519 1971 2571 2018 te
2599 1978 2929 2035 quocunque
2976 1963 3099 2018 ieris
3131 1962 3354 2030 (Matth.
3398 1963 3526 2026 vn),
3553 1957 3655 2013 ideo
3678 1969 3796 2025 repu-

2288 2056 2501 2112 diatum
2524 2072 2554 2111 a
2582 2057 2826 2113 Domino
2848 2064 3082 2112 testatur
3101 2057 3253 2128 quia,
3274 2069 3422 2111 more
3442 2050 3655 2109 Simonis
3674 2045 3795 2117 magi,

2288 2166 2417 2206 eum
2445 2151 2597 2221 sequi
2634 2150 2888 2219 voluerit,
2914 2159 2975 2207 ut
3010 2166 3075 2206 ex
3105 2166 3337 2222 operum
3365 2146 3619 2203 miraculis
3641 2144 3797 2199 lucrum

2290 2252 2686 2315 assequeretur.
2716 2244 2878 2301 Unde
2907 2253 2961 2300 et
2989 2244 3089 2300 sibi
3144 2260 3173 2299 a
3202 2242 3440 2299 Domino
3478 2235 3797 2311 respondetur:

2294 2359 2319 2386 (ί
2350 2338 2553 2408 Vu'l‘es
2574 2335 2757 2395 foveas
2771 2338 3000 2407 habent,
3024 2362 3049 2385 ιδ
3068 2345 3124 2394 et
3138 2338 3380 2410 reliqua;
3398 2352 3458 2393 ac
3470 2335 3513 2391 si
3532 2333 3722 2391 diceret:
3734 2326 3801 2383 Cui

2291 2439 2515 2503 propter
2565 2430 2713 2487 lucra
2744 2442 2798 2487 et
2825 2432 3038 2488 divitias
3066 2447 3158 2487 me
3200 2433 3288 2487 vis
3330 2430 3497 2503 sequi,
3544 2441 3649 2483 cum
3680 2427 3801 2477 tanta

2289 2525 2394 2581 sim
2422 2525 2755 2597 paupertatis
2785 2534 2962 2581 utnec
2982 2526 3270 2597 pr0prium
3308 2525 3530 2580 habeam
3552 2516 3801 2590 hospitium,

2290 2634 2421 2674 cum
2451 2618 2637 2689 vulpes
2656 2619 2823 2675 etiam
2850 2628 2905 2675 et
2935 2619 3186 2675 volucres
3207 2618 3451 2691 proprias
3474 2615 3669 2670 habeant
3686 2621 3805 2662 man-

2291 2713 2476 2769 siones
2507 2714 2531 2767 ?
2563 2734 2588 2761 ι
2621 2713 2679 2769 Si
2708 2713 2877 2785 igitur
2919 2712 3007 2769 ille
3032 2712 3124 2785 qui
3176 2712 3464 2785 spirituale
3507 2706 3712 2765 ofﬁcium
3734 2713 3803 2771 pro

2294 2806 2442 2863 lucro
2477 2815 2697 2863 tantum
2746 2822 3000 2864 exercere
3040 2808 3214 2864 voluit
3244 2809 3315 2864 ab
3358 2808 3468 2879 ipso
3496 2800 3701 2859 Domino
3716 2796 3805 2867 jure

2292 2899 2647 2970 reprobatur,L
2670 2909 2874 2972 quanto
2896 2901 3069 2973 magis
3086 2902 3172 2957 ille
3213 2902 3309 2976 qui
3340 2910 3394 2957 et
3434 2886 3808 2969 bujnsmodiofﬁ-

2291 2993 2441 3050 cium
2462 2995 2679 3066 penitus
2724 2995 2845 3051 allis
2872 2995 3175 3052 vendidisse
3200 2995 3500 3068 detegitur?

2363 3120 2509 3174 CAP.
2540 3123 2642 3176 IX.
2676 3123 2968 3192 Emptores
3003 3130 3184 3177 autem
3219 3121 3576 3195 spiritualium
3597 3129 3702 3171 cum
3724 3111 3809 3181 ipso

2214 3238 2258 3301 ρ
2289 3214 2527 3284 principe
2556 3230 2750 3269 eorum
2780 3214 3001 3272 Simone
3041 3218 3201 3288 Mago
3258 3218 3314 3273 in
3351 3214 3563 3271 Actibus
3592 3202 3809 3301 apostolo-

2288 3323 2413 3362 rum
2443 3306 2689 3363 damnati
2716 3307 2993 3380 leguntur.
3040 3310 3147 3365 Ubi
3178 3310 3273 3367 ille
3304 3318 3482 3366 noster
3507 3306 3664 3362 Simon
3701 3296 3812 3371 prin-

2290 3415 2417 3472 ceps
2440 3402 2840 3473 apostolorum,
2868 3400 3129 3467 eumdem
3175 3404 3352 3459 alium
3377 3402 3633 3459 Simonem
3660 3387 3808 3465 princi-

2291 3509 2418 3565 pem
2446 3502 2827 3566 apostatarum
2883 3503 3086 3551 azterna
3116 3494 3471 3552 damnatione
3508 3487 3739 3551 multavit,
3762 3483 3813 3536 ita

2290 3585 2589 3643 decernens
2620 3605 2634 3642 :
2670 3610 2696 3638 α
2737 3588 2973 3643 Pecunia
2999 3597 3093 3644 tua
3122 3597 3319 3647 tecum
3366 3589 3433 3645 sit
3474 3590 3527 3643 in
3555 3579 3810 3657 perditione.

2292 3681 2549 3751 quoniam
2591 3681 2913 3737 existimasti
2956 3681 3164 3739 donum
3206 3684 3317 3741 Dei
3348 3682 3568 3757 pecunia
3597 3666 3815 3750 possideri-

2291 3775 2417 3829 Non
2448 3783 2530 3830 est
2567 3775 2667 3830 tibi
2697 3791 2826 3847 pars
2850 3790 3025 3847 neque
3074 3792 3195 3833 sors
3248 3779 3309 3833 in
3353 3789 3594 3853 sermone
3618 3771 3721 3826 isto.
3741 3764 3817 3819 Cor

2292 3870 2598 3924 tuumnon
2621 3877 2703 3925 est
2731 3877 2945 3926 rectum
2967 3886 3155 3926 coram
3204 3874 3352 3929 Deo.
3384 3865 3728 3928 Paenitentiam
3748 3859 3819 3913 ita-

2292 3976 2397 4032 que
2420 3978 2519 4034 age
2538 3961 2608 4017 de
2639 3962 2741 4019 hac
2786 3963 2995 4019 malitia
3025 3971 3136 4030 tua,
3181 3974 3244 4021 et
3272 3981 3407 4037 roga
3444 3968 3630 4025 Deum,
3656 3956 3694 4011 si
3718 3953 3818 4007 ίοηε

2292 4055 2600 4111 remittatur
2624 4056 2723 4111 tibi
2752 4056 2870 4112 haec
2898 4057 3154 4129 cogitatio
3179 4059 3368 4116 cordis
3395 4058 3488 4114 tui.
3522 4058 3579 4111 In
3596 4044 3819 4109 felleenim

2292 4148 2674 4205 amaritudinis
2691 4149 3083 4222 etobligatione
3100 4151 3411 4224 iniquitatis
3432 4150 3585 4206 video
3608 4154 3653 4201 te
3672 4153 3776 4197 esse.
3800 4156 3817 4181 ν

2293 4242 2653 4314 Respondens
2680 4251 2870 4299 autem
2898 4244 3085 4301 Simon
3114 4246 3253 4302 dixit
3287 4268 3299 4302 :
3340 4269 3367 4296 ι
3393 4238 3827 4303 Precaminietvos

2290 4352 2388 4409 pro
2417 4353 2505 4393 me
2528 4337 2598 4393 ad
2642 4342 2846 4407 Deum,
2876 4348 2939 4394 ut
2974 4338 3108 4396 nihil
3156 4342 3341 4398 veniat
3363 4356 3526 4413 super
3569 4350 3646 4392 me
3670 4331 3824 4387 horum

2290 4446 2412 4503 quae
2439 4430 2651 4487 dixistis
2680 4432 2821 4498 (Act.
2842 4438 3003 4501 vru).
3032 4453 3062 4487 »

2361 4559 2427 4613 Et
2469 4565 2601 4615 nota
2646 4558 2828 4630 ipsum
2868 4561 3289 4620 baeresiarcham
3333 4564 3613 4620 Simonem
3652 4554 3828 4622 Magum

2296 4666 2392 4722 pro
2421 4651 2537 4708 sola
2560 4652 2765 4709 nefaria
2796 4656 3122 4727 cogitatione
3162 4657 3233 4713 ab
3268 4658 3556 4729 aequivoco
3593 4665 3685 4708 suo
3718 4644 3834 4739 dam:

2297 4753 2513 4815 natum,
2571 4762 2739 4818 quem
2763 4746 3013 4805 videlicet
3042 4751 3329 4821 spirituale
3372 4750 3612 4806 ofﬁcium
3651 4748 3835 4798 mercaﬂ

2294 4840 2644 4897 solummodo
2657 4843 2948 4914 cogitasse,
2965 4844 3280 4901 nullatenus
3293 4854 3483 4901 autem
3502 4852 3611 4898 tam
3619 4833 3837 4895 nefariam

2294 4934 2720 5004 negotiationem
2763 4936 2992 5007 legimus
3019 4938 3292 5009 implesse.
3338 4937 3573 4999 Videsne
3599 4943 3743 5004 quam
3769 4935 3835 4977 ra-

2294 5027 2631 5085 tionabiliter
2658 5029 2734 5085 illi
2755 5030 3088 5087 damnentur
3125 5032 3218 5104 qui
3265 5041 3324 5091 et
3344 5040 3463 5088 tam
3504 5026 3766 5085 inhianter,
3793 5022 3838 5116 tl!

2294 5121 2483 5178 Simon
2512 5124 2730 5196 Magus,
2761 5123 3067 5194 spiritualia
3097 5124 3279 5182 ofﬁcia
3340 5121 3570 5181 mercari
3618 5124 3832 5181 concupi-

2293 5223 2475 5286 scunt,
2514 5225 2567 5272 et
2619 5217 2844 5288 insuper
2881 5217 3245 5276 desideratam
3265 5218 3684 5291 negotiationem
3704 5201 3837 5279 perﬁ‘

2292 5310 2476 5379 ciunt;
2507 5311 2620 5382 qui,
2660 5319 2715 5366 et
2742 5309 2937 5369 eadem
2969 5313 3227 5370 scelerate
3257 5312 3542 5385 acquisita,
3571 5297 3837 5363 sceleratius

2294 5404 2393 5471 uti,
2417 5404 2531 5460 imo
2551 5403 2700 5460 abuti
2721 5420 2838 5461 non
2853 5414 3128 5465 verentur.
3152 5406 3319 5465 Unde
3346 5422 3459 5463 non
3489 5415 3671 5477 parum
3692 5396 3835 5466 ipsum

2292 5498 2573 5554 Simonem
2604 5500 2827 5573 Magum
2856 5499 2912 5555 in
2938 5501 3095 5573 culpa
3125 5500 3437 5574 praecedere
3480 5495 3729 5552 videntur.
3762 5480 3835 5537 Ille

2292 5591 2438 5648 enim
2453 5592 2812 5663 emptionem,
2835 5611 3006 5667 quam
3028 5596 3168 5653 male
3207 5593 3542 5665 concupivit,
3576 5585 3833 5678 ιλιιΙΙελιῐειξᾎ⁸³

2292 5685 2363 5744 ad
2398 5683 2656 5743 effectum
2684 5688 2970 5757 perduxit;
3000 5691 3091 5762 qui
3122 5705 3218 5761 pro
3250 5688 3372 5744 solo
3396 5684 3596 5743 nefario
3632 5676 3833 5748 appelli“

2290 5783 2605 5848 damnatus,
2648 5797 2744 5853 per
2776 5783 2924 5855 ipsos
2945 5784 3224 5854 apostolos
3254 5781 3405 5854 apud
3434 5784 3609 5837 Deum
3651 5768 3827 5825 efﬁcere

2290 5878 2500 5939 studuit
2520 5885 2582 5936 ut
2608 5875 2978 5937 damnatorias
2990 5890 3183 5937 eorum
3208 5872 3505 5941 sententias
3538 5858 3829 5939 subterme'
