4052 6180
295 358 433 411 1117

1193 355 1483 410 ΛΡΡΕΝΙ).
1522 356 1609 411 lll.
1652 386 1721 395 -—
1758 356 2181 415 MONUMENTA
2216 358 2678 416 GREGORIANA.

3462 366 3597 420 1118

292 488 398 551 ret,
419 494 531 536 non
559 485 623 533 ut
639 478 886 536 ofﬁcium
909 478 1207 536 criminose
1229 480 1531 552 appetitum
1548 480 1898 539 criminosius
1926 490 1979 555 Α
2008 484 2323 557 hujusmodi
2356 494 2729 543 mercatorem
2755 486 2870 543 sive
2913 485 3313 543 mercenarium
3356 486 3461 544 sub
3486 502 3599 547 no-

294 574 580 631 obtineret.

363 670 469 725 Sed
498 683 598 723 cur
625 666 771 723 idem
796 666 1162 724 haeresiarcha
1182 668 1466 740 spirituale
1493 666 1737 724 ofﬁcium
1760 684 1897 725 mer-

295 762 403 819 cari
431 762 749 833 appetisset,
778 761 883 817 nisi
927 770 1179 833 emptum
1218 762 1415 818 deinde
1441 761 1733 819 nefandius
1763 779 1896 819 ven-

296 857 426 912 dere
449 856 643 912 vellet?
672 859 796 912 Non
840 856 991 911 enim
1018 855 1216 912 frustra
1257 857 1324 912 de
1363 872 1427 911 eo
1464 857 1732 928 scriptum
1777 873 1895 914 esse

298 952 528 1008 videtur.
560 952 721 1023 Quod
743 952 996 1023 stupidus
1018 951 1087 1008 de
1116 952 1282 1025 signis
1310 961 1365 1008 et
1392 953 1682 1009 virtutibus
1716 953 1893 1009 admi-

295 1054 538 1114 raretur;
584 1062 727 1118 quae,
756 1056 815 1101 ut
857 1046 973 1117 ipse
1008 1054 1195 1118 posset
1238 1045 1435 1115 facere,
1488 1062 1583 1118 per
1613 1048 1895 1118 pecuniam

294 1156 454 1197 suam
494 1140 669 1196 voluit
715 1138 954 1209 efﬁcere,
1004 1138 1251 1196 videlicet
1296 1158 1327 1193 ι(
1374 1149 1455 1207 ut,
1492 1140 1650 1213 juxta
1697 1142 1894 1197 Hiero-

294 1234 449 1308 nymi
491 1233 876 1304 assertionem,
908 1234 1210 1307 temporale
1253 1234 1468 1290 lucrum
1510 1251 1576 1292 ex
1618 1235 1895 1292 miraculis

296 1337 694 1401 assequeretur.
726 1352 752 1378 υ

366 1426 517 1495 Ergo
536 1438 650 1479 non
675 1424 856 1479 solum
876 1431 1173 1495 emptores,
1200 1423 1298 1479 sed
1326 1432 1382 1479 et
1398 1422 1712 1480 venditores
1738 1423 1895 1496 spiri-

296 1518 527 1573 tualium
560 1516 875 1573 ofﬁciorum
917 1525 1211 1573 sectatores
1253 1516 1468 1589 praefati
1509 1517 1894 1575 haeresiarchas

296 1611 642 1668 denotantur.
670 1610 834 1667 Unde
863 1620 919 1667 et
946 1628 1073 1666 cum
1097 1610 1296 1667 eodem
1336 1620 1555 1669 zeterna:
1583 1612 1894 1668 damnatio—

296 1706 380 1761 nis
408 1705 624 1761 vinculo
653 1705 859 1761 astricti
902 1721 1014 1760 non
1041 1705 1379 1774 dubitantur,
1409 1715 1698 1762 attestante
1734 1707 1895 1763 beato

298 1798 535 1867 Gelasio,
576 1798 629 1853 in
658 1798 889 1854 decretis
908 1800 1043 1865 suis,
1073 1815 1194 1870 cap.
1227 1805 1293 1854 24
1343 1801 1540 1873 (Epist.
1585 1807 1638 1866 6,
1675 1809 1720 1865 t,
1748 1815 1801 1871 q.
1841 1806 1891 1867 ι,

2006 579 2157 636 mine
2184 580 2324 636 furis
2344 580 2626 648 infamari,
2646 580 2799 653 cujus
2827 579 3085 637 furtivam
3108 581 3465 653 irreptionem
3490 598 3599 639 non

2005 675 2221 745 expavit
2258 675 2482 731 imitari.
2516 676 2695 747 Hujus
2723 682 2908 731 autem
2937 675 3372 731 criminosissimi
3396 678 3602 733 merci-

2004 769 2181 822 monii
2224 768 2562 825 mediatores
2590 786 2705 825 non
2744 769 3082 841 negligenter
3122 769 3420 826 attendant
3447 771 3602 826 Giezi

2003 877 2238 932 puerum
2270 863 2447 931 Elisei,
2479 864 2572 936 qui
2602 879 2668 919 ex
2700 872 2855 935 parte
2885 863 3093 919 domini
3121 864 3227 933 sui,
3268 880 3333 920 eo
3381 864 3602 936 quidem

2003 956 2302 1024 nesciente,
2327 973 2557 1013 munera
2587 966 2782 1028 sponte
2812 958 2999 1013 oblata
3027 959 3270 1030 suscepit
3298 975 3329 1015 a
3352 961 3603 1015 Naaman

2003 1052 2162 1124 Syro,
2196 1051 2288 1122 qui
2311 1050 2426 1123 jam
2469 1067 2500 1107 a
2540 1052 2687 1122 lepra
2716 1051 3015 1108 mundatus
3049 1062 3134 1108 est
3173 1053 3241 1109 ab
3270 1054 3450 1109 Eliseo
3479 1069 3602 1125 pro-

2001 1145 2186 1217 pheta.
2238 1144 2396 1202 Idem
2439 1146 2640 1218 quippe
2674 1146 2853 1214 Giezi,
2904 1146 3034 1202 licet
3076 1147 3220 1203 inter
3263 1147 3503 1203 Eliseum
3551 1156 3604 1203 et

2002 1242 2259 1296 Naaman
2283 1239 2500 1297 medius
2526 1239 2736 1296 nefarie
2770 1242 3097 1310 lucraretur,
3126 1249 3391 1297 neutrum
3414 1249 3606 1298 tamen

2002 1349 2191 1391 secum
2219 1334 2472 1407 ejusdem
2502 1336 2722 1392 sceleris
2749 1334 2880 1391 fecit
2916 1334 3232 1391 obnoxium.
3262 1337 3406 1392 Nam
3434 1342 3490 1391 et
3515 1335 3607 1391 ille

2004 1436 2373 1499 spontaneum
2394 1428 2729 1484 oblationem
2746 1430 2886 1485 satis
2901 1430 3179 1501 eleganter
3194 1429 3421 1499 respuit,
3436 1444 3606 1501 quam

1999 1523 2104 1578 iste
2132 1538 2243 1579 non
2270 1523 2428 1594 quasi
2458 1538 2525 1578 ex
2548 1521 2730 1579 debito
2760 1523 3018 1590 ementis,
3048 1522 3142 1579 sed
3171 1539 3236 1579 ex
3271 1522 3509 1594 benigno
3529 1521 3609 1577 af-

2003 1616 2151 1673 fectu
2188 1618 2391 1673 mentis
2420 1616 2717 1673 liberaliter
2761 1616 2982 1673 obtulit.
3015 1616 3122 1673 Sed
3167 1616 3425 1691 quamvis
3455 1615 3609 1673 Giezi

2002 1719 2262 1766 neutrum
2287 1710 2491 1766 horum
2531 1711 2591 1766 in
2627 1712 2839 1767 crimen
2864 1727 3056 1767 secum
3083 1710 3392 1778 attraxerit,
3423 1708 3520 1765 sed
3549 1725 3609 1765 se

2003 1804 2183 1860 solum
2224 1805 2370 1861 inter
2401 1805 2500 1861 hos
2528 1805 2776 1861 medium
2809 1803 3047 1877 simplici
3077 1805 3307 1860 crimine
3335 1804 3611 1875 obligave-

299 1910 343 1948 ο.
372 1898 425 1958 6)
456 1910 471 1949 :
507 1916 530 1941 α
566 1894 717 1962 Quos
765 1907 892 1948 vero
924 1894 1232 1949 constiterit
1271 1893 1526 1965 indignos
1555 1894 1781 1961 meritis,
1811 1909 1897 1949 sa-
1926 1882 1973 1945 Β
2006 1897 2093 1967 rit,
2124 1897 2238 1970 ipse
2275 1909 2466 1956 tamen
2510 1907 2565 1955 et
2618 1915 2809 1955 omnes
2837 1899 2955 1972 ejus
3011 1900 3216 1971 posteri
3264 1915 3361 1970 pro
3410 1898 3607 1953 eadem

299 2003 454 2042 cram
493 1995 762 2042 mercatos
814 2002 930 2042 esse
988 1987 1162 2059 pretio
1217 1986 1567 2060 dignitatem,
1621 1987 1900 2045 convictos

300 2088 520 2152 oportet
544 2081 735 2147 arceri,
767 2096 882 2136 non
902 2081 1019 2136 sine
1042 2080 1283 2154 periculo
1312 2080 1517 2138 facinus
1542 2082 1651 2138 tale
1678 2091 1896 2154 patran-

298 2183 402 2241 tes,
450 2174 575 2246 quia
618 2174 841 2230 dantem
891 2176 1096 2247 pariter
1128 2184 1185 2231 et
1217 2174 1571 2247 accipientem
1614 2175 1893 2232 damnatio

300 2269 559 2337 Simonis,
584 2284 749 2340 quam
770 2284 921 2324 sacra
939 2270 1101 2325 lectio
1127 2276 1380 2334 testatur,
1400 2270 1656 2326 involvit.
1684 2293 1708 2317 ιι
1736 2273 1895 2325 Hanc

298 2371 481 2419 autem
509 2362 821 2435 generalem
855 2364 1205 2431 sententiam,
1249 2363 1441 2420 beatus
1469 2364 1718 2421 Gelasius
1756 2379 1894 2436 papa

301 2474 394 2529 per
436 2465 700 2512 tractatus
752 2456 1089 2529 singulorum
1140 2457 1411 2529 graduum
1456 2456 1895 2514 ordinationibus

301 2551 622 2620 subintulit;
656 2551 797 2608 inter
822 2568 960 2624 quos
990 2553 1156 2608 etiam
1186 2552 1453 2621 ostiarios,
1487 2552 1753 2622 notarios,
1783 2553 1895 2609 sive

300 2645 613 2701 defensores
641 2646 970 2715 numeravit,
996 2648 1089 2718 qui
1118 2662 1219 2701 nec
1244 2662 1341 2715 per
1370 2662 1567 2703 manus
1597 2646 1899 2718 impositio-

301 2756 432 2796 nem
460 2740 805 2808 ordinantur,
855 2756 957 2796 nec
992 2741 1116 2812 ipsi,
1162 2756 1357 2796 manus
1404 2740 1564 2796 alicui
1616 2740 1899 2811 imponere

303 2836 695 2906 permittuntur
720 2834 885 2905 (994).
912 2834 1072 2891 Unde
1094 2842 1150 2890 et
1176 2834 1328 2891 illum
1352 2834 1406 2888 in
1432 2833 1663 2891 decretis
1692 2836 1748 2890 S.
1776 2835 1898 2889 Ale-

302 2928 495 2983 xandri
522 2929 897 2985 Simoniacum
927 2928 1111 2984 vocari
1138 2944 1251 2983 non
1275 2927 1505 2984 dubium
1534 2936 1637 2997 est,
1667 2912 1763 3001 qui
1788 2943 1903 2999 pm-

301 3024 565 3078 nitentem
589 3022 658 3078 ad
689 3023 1188 3079 reconciliationem
1209 3038 1309 3093 pro
1332 3022 1504 3093 pretio
1528 3023 1672 3094 apud
1694 3022 1902 3093 episco-

306 3132 434 3188 pum
456 3117 631 3188 juvat.
665 3119 747 3172 Ex
773 3133 878 3189 qua
903 3133 962 3173 re
992 3119 1069 3185 [ϐ.
1097 3120 1163 3173 Β.
1209 3119 1448 3186 ratione]
1491 3117 1762 3189 colligitur
1790 3132 1902 3172 non

2008 1992 2169 2065 culpa
2198 1994 2457 2064 leguntur
2485 1994 2825 2049 severissime
2849 1993 3044 2065 puniti,
3071 1994 3280 2048 scilicet
3317 1993 3551 2063 lepram,
3577 2007 3609 2045 a

2010 2102 2113 2157 qua
2165 2087 2464 2143 mundatus
2493 2095 2577 2142 est
2605 2090 2879 2154 Naaman,
2918 2088 3072 2156 quasi
3114 2085 3517 2141 haereditariam
3550 2084 3609 2138 in

2009 2180 2411 2251 sempiternum
2429 2180 2609 2234 sortiti
2636 2182 2743 2247 (IV
2756 2183 2884 2250 Reg.
2916 2183 2997 2245 v).
3024 2180 3371 2249 Quapropter
3400 2176 3608 2233 media-

2010 2283 2157 2330 tores
2201 2274 2526 2330 Simoniaca:
2556 2273 2946 2344 negotiationis
2991 2273 3274 2327 attendant
3318 2286 3483 2341 quam
3527 2268 3611 2324 di—

2010 2368 2217 2437 stricte,
2252 2369 2366 2423 imo
2392 2383 2559 2440 quam
2589 2366 2990 2422 districtissime
3028 2365 3136 2421 sint
3160 2362 3488 2429 damnandi,
3519 2364 3615 2435 qui

2012 2480 2120 2520 non
2192 2463 2372 2519 solum
2434 2478 2492 2518 se
2548 2462 2717 2533 ipsos,
2767 2459 2867 2517 sed
2921 2468 2976 2516 et
3026 2460 3151 2515 illos
3204 2474 3441 2530 quorum
3490 2472 3613 2513 me-

2011 2558 2248 2614 diatores
2274 2565 2427 2625 sunt,
2460 2556 2564 2612 sub
2593 2564 2797 2613 aeterna
2823 2554 3175 2612 damnatione
3197 2568 3388 2609 secum
3420 2567 3618 2625 posue-

2012 2658 2158 2706 runt.

2082 2743 2221 2799 Satis
2259 2759 2412 2816 ergo,
2442 2752 2506 2799 ut
2542 2741 2753 2814 opinor,
2787 2739 3123 2796 declaratum
3151 2746 3231 2794 est
3259 2754 3427 2811 quam
3460 2754 3613 2795 sum-

2015 2854 2237 2912 mopere
2284 2835 2572 2909 praedictas
2600 2834 2774 2890 nostri
2805 2832 3092 2906 apostolici
3119 2832 3428 2888 sanctiones
3455 2848 3614 2888 vene-

2014 2935 2124 2991 rari
2150 2942 2207 2989 et
2227 2933 2520 2989 observare
2541 2928 2864 2993 debeamus,
2890 2944 3027 3000 quas
3049 2942 3163 2982 non
3194 2927 3374 2982 solum
3400 2943 3467 2982 ex
3493 2942 3621 3000 syn-

2016 3028 2188 3085 odicis
2217 3036 2272 3084 et
2318 3026 2649 3083 authenticis
2677 3025 2770 3079 SS.
2805 3026 3029 3079 Patrum
3070 3022 3358 3077 sententiis
3392 3037 3616 3095 proma-

2015 3140 2200 3193 nasse,
2233 3121 2330 3179 sed
2353 3122 2521 3178 etiam
2550 3137 2614 3175 ex
2646 3118 2999 3191 propheticis,
3041 3115 3367 3189 evangelicis
3397 3124 3454 3172 et
3480 3132 3620 3189 apo-

305 3210 486 3266 solum
516 3210 638 3266 illos
678 3210 921 3281 reputari
950 3211 1092 3266 inter
1135 3211 1499 3277 Simoniacos,
1539 3211 1630 3283 qui
1661 3226 1756 3282 per
1784 3226 1904 3282 pre-
1934 3231 1979 3295 ο
2014 3218 2222 3277 stolicis
2261 3215 2476 3287 scriptis
2517 3214 2596 3282 [(3.
2647 3216 2712 3271 R.
2743 3212 3061 3284 Scripturis]
3112 3210 3439 3282 processisse
3490 3226 3621 3281 pro-

307 3304 449 3360 tium
474 3303 546 3359 ad
586 3319 778 3359 manus
823 3304 1233 3375 impositionem
1276 3304 1616 3376 perveniunt,
1639 3305 1734 3361 sed
1766 3312 1818 3360 et
1846 3304 1907 3360 il-

308 3397 412 3464 los,
444 3398 534 3469 qui
561 3406 617 3453 et
638 3398 739 3453 alia
754 3398 1080 3454 clericorum
1111 3398 1288 3455 ofﬁcia
1306 3416 1400 3471 per
1418 3400 1710 3471 pecuniam
1732 3398 1908 3470 acqui-

308 3500 460 3547 runt.
513 3493 704 3548 Omnia
752 3498 935 3571 autem
994 3493 1048 3547 in
1096 3492 1369 3566 ejusmodi
1409 3492 1605 3549 ofﬁciis
1654 3496 1909 3564 operatur

308 3590 451 3642 unus
482 3591 643 3657 atque
670 3587 811 3642 idem
855 3589 1080 3657 spiritus
1110 3590 1159 3653 (Ι
1187 3588 1306 3644 Cor.
1340 3591 1477 3655 xu),
1504 3586 1662 3659 cujus
1698 3586 1907 3643 donum

306 3696 420 3736 non
475 3681 662 3753 gratis,
726 3680 823 3737 sed
878 3696 973 3752 per
1020 3681 1261 3753 pretium
1313 3680 1445 3736 dare
1506 3681 1584 3737 vel
1646 3681 1908 3751 accipere,

308 3790 423 3831 non
489 3774 843 3843 catholicum,
913 3773 1012 3831 sed
1085 3774 1454 3831 indubitanter
1510 3783 1594 3831 est
1644 3774 1913 3831 Simonia-

309 3884 461 3925 cum.

383 3963 530 4018 CAP.
570 3963 644 4016 X.
682 3960 1019 4017 Mediatores
1056 3977 1276 4034 quoque
1305 3961 1466 4036 hujus
1507 3960 1915 4019 nefandissimte

311 4055 699 4128 negotiationis
729 4056 797 4112 ab
835 4055 954 4127 ipso
984 4058 1119 4111 Vase
1162 4055 1441 4111 electionis
1469 4055 1797 4111 damnantur
1825 4054 1916 4126 qui

310 4165 407 4206 eos
434 4150 507 4205 ita
546 4150 847 4207 detestatur
892 4171 904 4205 :
939 4172 965 4199 ι
1017 4152 1158 4207 Nam
1202 4149 1349 4221 digni
1389 4156 1519 4204 sunt
1564 4158 1773 4217 morte,
1806 4165 1916 4204 non

311 4244 496 4300 solum
524 4244 613 4317 qui
646 4244 880 4301 nefanda
908 4242 1132 4311 faciunt,
1164 4242 1260 4299 sed
1285 4244 1450 4298 etiam
1480 4243 1572 4314 qui
1598 4241 1918 4300 facientibus

314 4341 666 4396 consentiunt
684 4345 853 4408 (Rom.
881 4345 939 4407 1).
971 4358 999 4391 »
1025 4342 1163 4394 Item
1193 4336 1467 4393 citharista
1493 4345 1682 4393 noster
1703 4336 1876 4393 David
1903 4354 1917 4393 :

320 4453 353 4487 α
390 4435 446 4490 Si
472 4434 710 4503 videbas,
742 4434 934 4507 inquit,
968 4432 1165 4502 furem,
1201 4431 1458 4489 currebas
1495 4447 1625 4487 cum
1662 4446 1727 4487 eo
1751 4432 1917 4499 (Psal.

314 4535 503 4597 χιιι),
537 4550 564 4580 »
598 4536 656 4586 et
684 4528 815 4585 illud
851 4549 863 4585 :
901 4550 925 4577 α
962 4529 1038 4584 Os
1080 4536 1238 4583 tuum
1288 4526 1582 4583 abundavit
1611 4525 1837 4595 malitia,
1868 4532 1923 4582 et

2015 3314 2210 3369 batum
2278 3318 2362 3366 est
2427 3307 2851 3365 evidentissimc.
2904 3310 3029 3377 Ipsa
3099 3305 3355 3361 videlicet
3411 3305 3621 3361 Veritas

2015 3405 2252 3472 easdem,
2286 3411 2341 3459 et
2368 3418 2464 3475 per
2489 3418 2547 3458 se
2587 3402 2784 3473 ipsam,
2817 3409 2872 3457 et
2901 3416 2996 3471 per
3022 3416 3150 3455 suos
3178 3398 3364 3455 ﬁdeles
3400 3398 3619 3454 indubi-

2017 3508 2195 3557 tanter
2225 3497 2611 3570 promulgavit,
2638 3495 2767 3568 quia
2797 3497 2872 3564 [Ο.
2904 3499 2966 3552 It.
2994 3498 3138 3567 quae]
3169 3502 3222 3549 et
3242 3493 3345 3549 sub
3374 3492 3521 3548 ﬁdeli
3542 3499 3622 3547 at-

2018 3594 2309 3651 testatione
2337 3592 2498 3648 nobis
2526 3590 2661 3646 dicit
2692 3609 2705 3646 :
2739 3613 2764 3638 ‹‹
2794 3592 3000 3669 Amen,
3030 3605 3192 3645 amen
3219 3587 3345 3644 dico
3373 3585 3551 3655 vobis,
3577 3584 3624 3641 si

2021 3689 2142 3762 quis
2170 3702 2482 3743 sermonem
2510 3701 2701 3741 meum
2732 3670 3049 3753 servaverit,
3080 3698 3195 3737 non
3227 3680 3439 3738 videbit
3474 3695 3626 3737 mor-

2020 3793 2136 3841 tem
2158 3783 2215 3837 in
2242 3790 2513 3839 aeternum
2545 3782 2713 3849 (Joan.
2748 3783 2917 3845 vui);
2946 3801 2969 3825 υ
2994 3777 3128 3831 item
3159 3774 3289 3830 alibi
3324 3794 3338 3830 :
3379 3793 3407 3825 (ι
3426 3775 3483 3831 Si
3504 3774 3626 3845 quis

2022 3877 2197 3949 diligit
2223 3890 2337 3943 me,
2366 3888 2681 3929 sermonem
2711 3887 2899 3927 meum
2926 3869 3165 3925 servabit
3196 3868 3373 3940 (Joan.
3408 3872 3559 3933 xxv).
3598 3891 3623 3916 ιθ

2023 3974 2167 4043 Ergo
2195 3969 2290 4041 qui
2318 3966 2575 4023 mandata
2604 3966 2725 4038 ejus
2750 3980 2866 4020 non
2911 3964 3184 4030 observat,
3219 3962 3394 4035 ipsam
3423 3961 3628 4017 verita-

2022 4073 2137 4121 tem
2172 4078 2287 4119 non
2314 4069 2481 4117 amat.
2538 4083 2564 4109 ει
2596 4060 2701 4130 Qui
2732 4068 2919 4115 autem
2952 4074 3063 4112 non
3102 4056 3301 4129 diligit,
3332 4063 3628 4112 attestante

2026 4157 2185 4214 beato
2213 4160 2447 4222 Joanne,
2478 4163 2667 4211 manet
2710 4155 2768 4209 in
2794 4161 2973 4208 morte
3006 4155 3052 4218 (Ι
3080 4155 3236 4206 Joan.
3289 4152 3408 4222 ιιι).
3441 4170 3469 4203 ››
3518 4150 3627 4219 Qui

2026 4252 2192 4324 igitur
2206 4251 2389 4306 divina
2412 4257 2687 4320 prmcepta
2714 4246 3041 4315 contemnit,
3064 4245 3372 4301 nullatenus
3389 4252 3627 4300 mortem

2028 4343 2409 4413 subterfugere
2448 4340 2668 4395 valebit.

2100 4438 2246 4493 CAP.
2296 4436 2401 4490 XI.
2431 4432 2679 4490 Tertium
2708 4440 2895 4489 autem
2936 4432 3112 4488 nostri
3140 4431 3424 4502 apostolici
3451 4438 3627 4486 statu-

2030 4540 2149 4587 tum
2180 4528 2329 4602 quod
2357 4526 2831 4584 incontinentibus
2860 4526 3068 4582 clericis
3090 4524 3454 4580 ministerium
3492 4525 3629 4579 alta-

314 4622 504 4696 lingua
549 4631 639 4679 tua
686 4622 1055 4679 concinnabat
1094 4621 1250 4678 dolos
1293 4622 1499 4690 (Ibid.).
1550 4644 1578 4671 ν
1622 4619 1836 4678 Deinde
1863 4619 1919 4674 in
1947 4614 2009 4689 Ι)
2028 4625 2104 4682 ris
2128 4622 2422 4692 interdicit,
2446 4621 2806 4677 nihilominus
2834 4619 3125 4676 deﬁnitum
3156 4627 3240 4673 est
3266 4633 3297 4674 a
3327 4619 3418 4674 SS.
3451 4617 3630 4673 Patri-

316 4720 517 4777 eodem
556 4720 762 4793 psalmo
792 4718 1051 4775 terribilis
1080 4718 1345 4774 sententia
1375 4716 1445 4773 de
1486 4716 1808 4788 hujusmodi
1835 4732 1921 4773 as-

315 4822 597 4871 sentatore
625 4811 922 4886 profertur,
973 4812 1223 4869 videlicet
1248 4810 1396 4883 quod
1425 4826 1456 4866 a
1478 4809 1722 4867 Domino
1750 4810 1820 4866 sit
1838 4825 1926 4866 ar-

315 4908 592 4982 guendus,
622 4923 725 4975 nec
754 4923 850 4979 per
877 4906 1117 4979 aliquem
1147 4922 1178 4961 a
1219 4919 1386 4969 manu
1418 4903 1645 4960 Domini
1670 4902 1927 4974 deinceps

317 5002 645 5075 eripiendus
677 5003 879 5067 (Ibz'd.).
914 5004 1029 5058 Nec
1059 4999 1299 5067 mireris,
1349 4999 1396 5054 si
1432 4998 1730 5069 spiritualis
1758 4996 1926 5053 ofﬁcii

320 5104 608 5154 mercator
641 5096 742 5152 sub
772 5097 1001 5152 nomine
1049 5093 1191 5150 furis
1233 5093 1577 5165 designetur;
1604 5108 1749 5149 cum
1779 5100 1833 5148 et
1859 5092 1925 5148 ab

320 5194 446 5263 ipsa
474 5190 712 5248 Veritate
730 5191 787 5246 in
815 5189 1109 5261 Evangelio
1129 5189 1201 5244 ita
1216 5187 1538 5243 nominetur
1562 5206 1574 5242 :
1601 5210 1626 5235 α
1655 5187 1761 5257 Qui
1781 5187 1927 5243 enim

324 5284 557 5342 aliunde
585 5285 774 5353 intrat,
817 5284 923 5340 nisi
954 5298 1051 5354 per
1079 5283 1307 5349 ostium,
1346 5297 1461 5337 non
1497 5289 1687 5351 pastor
1717 5281 1925 5348 ovium,

324 5378 433 5436 sed
458 5379 553 5435 fur
597 5387 653 5435 et
679 5379 821 5435 latro
848 5380 1026 5447 (Joan.
1059 5381 1120 5443 χ)
1154 5399 1179 5425 ι›
1213 5383 1563 5447 nuncupatur
1595 5391 1629 5431 a
1657 5375 1924 5430 Domino.

322 5476 544 5543 Nempe
566 5473 749 5529 nullus
778 5473 837 5528 in
870 5470 1109 5528 Ecclesia
1138 5470 1398 5542 praelatus
1440 5486 1536 5542 per
1565 5469 1793 5539 ostium,
1826 5468 1930 5526 hoc

323 5574 438 5635 est,
470 5582 566 5639 per
592 5568 777 5639 ipsum
805 5567 1117 5622 Dominum
1155 5564 1225 5621 ad
1253 5564 1580 5636 pastoralem
1606 5581 1799 5622 curam
1838 5565 1929 5621 in-

327 5661 522 5731 travit,
539 5661 632 5733 qui
661 5677 756 5732 per
773 5660 1077 5727 avaritiam,
1109 5658 1164 5715 id
1184 5667 1286 5727 est,
1312 5659 1589 5715 idolorum
1610 5659 1926 5716 servitutem

325 5754 407 5811 ad
456 5754 563 5813 hoc
603 5754 851 5813 ofﬁcium
892 5754 1157 5827 pervenit.
1206 5755 1328 5812 Non
1359 5762 1442 5810 est
1470 5769 1599 5827 ergo
1642 5753 1926 5827 indignum

2032 4720 2153 4778 bus.
2186 4722 2286 4775 Est
2325 4716 2473 4773 enim
2512 4716 2780 4787 scriptum
2806 4714 2863 4769 in
2891 4716 2971 4783 [Ο.
3025 4718 3086 4769 R.
3117 4712 3508 4780 sacratissimo]
3536 4712 3630 4766 Ni-

2032 4829 2187 4871 caeno
2235 4811 2468 4869 concilio
2498 4809 2645 4881 quod
2674 4808 2978 4865 maximum
3022 4816 3105 4863 est
3136 4808 3278 4863 inter
3303 4822 3363 4863 1v
3409 4805 3633 4862 concilia

2034 4904 2345 4977 Evangeliis
2373 4902 2678 4975 adaequata,
2702 4918 2822 4974 cap.
2858 4910 2888 4958 3
2913 4920 2926 4957 :
2959 4925 2984 4951 ι
3019 4899 3308 4959 Interdicit
3327 4915 3422 4971 per
3444 4899 3633 4955 omnia

2034 5014 2233 5071 magna
2274 4995 2521 5070 synodus
2545 5014 2656 5053 non
2687 4996 2962 5068 episcopo,
3010 5012 3123 5052 non
3152 4995 3492 5068 presbytero,
3521 5008 3633 5048 non

2034 5094 2288 5162 diacono,
2328 5108 2433 5149 nec
2460 5092 2625 5148 alicui
2651 5091 2881 5148 omnino
2923 5091 3016 5163 qui
3045 5091 3104 5146 in
3143 5090 3291 5146 clero
3330 5096 3433 5154 est,
3476 5087 3636 5144 licere

2036 5186 2515 5246 subintroductam
2536 5186 2739 5243 habere
2755 5185 3068 5253 mulierem,
3085 5184 3194 5240 nisi
3218 5182 3361 5240 forte
3376 5189 3633 5247 matrem,

2037 5290 2132 5341 aut
2157 5297 2426 5350 sororem,
2478 5288 2575 5338 aut
2597 5281 2850 5349 amitam,
2881 5281 2964 5338 vel
3000 5296 3095 5337 eas
3121 5285 3341 5335 tantum
3374 5290 3637 5348 personas

2037 5393 2161 5450 qua:
2187 5375 2523 5449 suspiciones
2542 5374 2837 5449 effugiunt.
2865 5399 2890 5425 ο

2107 5473 2192 5529 Ut
2216 5478 2403 5528 autem
2430 5469 2597 5544 hujus
2624 5471 2817 5544 capitis
2844 5465 3074 5525 intentio
3114 5462 3318 5521 clarius
3344 5463 3636 5531 elucescat,

2038 5564 2370 5637 apertiorem
2415 5566 2533 5637 ejus
2574 5564 2993 5623 translationem
3027 5558 3353 5617 subnectere
3400 5575 3518 5617 non
3559 5560 3638 5629 pi~

2039 5667 2180 5732 geat.
2221 5658 2575 5717 Omnimodis
2602 5668 2788 5716 sancta
2829 5655 3121 5713 interdixit
3162 5654 3427 5730 synodus,
3464 5669 3641 5723 neque

2039 5753 2319 5827 episcopo,
2349 5770 2527 5828 neque
2572 5754 2915 5827 presbytero,
2959 5768 3138 5826 neque
3183 5750 3437 5818 diacono,
3464 5762 3641 5819 neque

408 5946 551 6011 (994)
575 5942 712 6001 Haec
738 5942 997 6016 periodus
1026 5940 1083 6001 in
1122 5944 1187 6002 Ο.
1215 5942 1292 6002 Β.
1323 5940 1670 6002 desideratur
1697 5942 1759 5999 in
1799 5950 2089 6015 contextu;
2116 5943 2213 6003 sed
2235 5952 2423 6003 tamen
2446 5950 2528 6000 est
2554 5940 2626 6001 ad
2643 5940 2975 6014 marginem.
