4052 6180
481 290 616 344 1119

1479 287 1570 340 AD
1608 285 1833 341 OPERA
1872 286 1928 342 S.
1968 285 2288 356 GREGQRII
2323 287 2760 343 APPENDICES.

3635 284 3764 337 1120

479 412 571 470 ulli
616 414 963 478 clericorum,
1003 409 1274 482 permittit
1321 409 1523 467 habere
1561 426 1747 467 secum
1791 411 2070 468 mulierem
2098 420 2153 483 Α
2182 429 2243 468 ca
2271 430 2287 468 :
2328 434 2352 461 ει
2382 415 2649 469 Praeterea
2669 427 2817 468 curae
2847 418 2956 467 tua:
2983 411 3056 468 sit
3073 409 3294 467 eosdem
3325 409 3525 465 fratres
3548 416 3763 467 nostros

451 516 813 573 ~extraneam,
842 506 946 560 nisi
967 503 1110 559 forte
1126 514 1299 560 mater
1318 505 1410 572 sit,
1434 513 1530 561 aut
1548 522 1724 573 soror,
1753 514 1848 561 aut
1877 507 2063 562 amita.

478 605 542 657 In
570 601 658 656 his
686 614 921 670 namque
962 600 1211 670 personis
1248 609 1304 655 et
1334 599 1534 655 horum
1572 599 1844 656 similibus
1889 600 2070 656 omnis

476 693 713 765 suspicio
740 693 1062 750 declinatur.
1097 693 1202 763 Qui
1243 694 1399 750 aliter
1427 702 1626 766 praeter
1648 695 1764 750 haec
1791 695 1904 766 agit
1933 693 2072 764 peri-

474 787 752 844 clitabitur
792 787 859 843 de
895 788 1038 843 clero
1081 803 1201 844 suo.
1239 788 1477 844 Videsne
1507 789 1671 859 igitur
1695 789 1821 859 quia
1851 789 2070 858 penitus

473 881 680 938 clericis
716 881 1004 954 conjugale
1048 897 1187 954 opus
1227 883 1305 950 [0.
1369 887 1436 939 R.
1489 883 1628 951 istic]
1673 882 2068 938 interdicatur?

473 975 599 1048 quia
625 983 681 1031 et
709 991 806 1048 pro
833 977 950 1046 ipsa
997 975 1401 1032 cohabitatione
1430 993 1527 1033 sua
1576 976 1928 1045 feminarum,
1957 992 2070 1032 non

471 1071 650 1127 solum
674 1070 742 1126 de
781 1069 1086 1126 ministerio
1110 1071 1318 1136 altaris,
1348 1071 1443 1127 sed
1472 1071 1538 1126 de
1566 1071 1823 1127 clericatu
1849 1087 1948 1126 suo
1975 1087 2068 1142 pe-

473 1164 697 1222 riclitari
712 1164 856 1236 jure,
884 1173 1194 1220 censentur.
1223 1168 1334 1221 Nec
1359 1165 1464 1221 hoc
1485 1173 1702 1221 tantum
1724 1165 1790 1220 de
1817 1165 2068 1221 sacerdo-

474 1259 640 1323 tibus,
663 1258 760 1315 sed
783 1258 851 1315 de
881 1259 1138 1316 omnibus
1166 1260 1336 1316 sacris
1358 1259 1643 1316 ordinibus
1668 1259 1949 1315 evidenter
1975 1259 2069 1315 de-

474 1354 732 1410 cernitur.

547 1469 687 1521 Item
715 1469 1165 1523 Neocaesareense
1203 1466 1517 1533 concilium,
1548 1466 1698 1539 quod
1727 1476 1854 1523 ante
1890 1467 2071 1522 Nicae-

473 1576 606 1614 num
639 1562 931 1617 concilium
976 1561 1141 1618 fuisse
1170 1562 1387 1633 legitur,
1433 1562 1506 1616 ita
1537 1578 1655 1633 cap.
1705 1569 1726 1616 1
1771 1561 2015 1617 decrevit
2056 1581 2067 1616 :

479 1676 502 1701 ι
535 1655 842 1726 Presbyter,
889 1657 935 1712 si
967 1672 1198 1712 uxorem
1229 1655 1469 1724 duxerit,
1499 1657 1567 1711 ab
1606 1655 1800 1712 ordine
1830 1657 2066 1728 depona-

476 1756 585 1804 tur.
613 1749 669 1804 Si
707 1765 834 1807 vero
864 1751 1168 1806 fornicatus
1211 1751 1400 1819 fuerit,
1449 1759 1545 1806 aut
1587 1750 1916 1806 adulterium
1949 1767 2071 1822 per-

478 1844 792 1913 petraverit,
838 1847 1074 1917 amplius
1110 1846 1234 1917 pelli
1272 1845 1436 1902 debet
1473 1853 1528 1901 et
1579 1845 1649 1902 ad
1692 1845 2074 1917 paenitentiam

478 1936 670 2009 redigi.
705 1961 731 1988 ι

547 2050 991 2106 Chalcedonense
1021 2051 1187 2105 etiam
1233 2050 1550 2117 concilium,
1591 2050 1742 2122 quod
1781 2051 1926 2121 ipsas
1975 2051 2072 2106 Ni-

478 2157 679 2208 caznas,
709 2145 1208 2208 Neocaesareenses,
1237 2142 1349 2198 imo
1367 2159 1556 2198 omnes
1578 2144 1670 2198 SS.
1702 2147 1929 2199 Patrum
1953 2160 2072 2200 san-

474 2234 678 2289 ctiones
727 2243 851 2290 ante
895 2236 1076 2305 ipsum
1124 2244 1450 2304 transactas,
1501 2244 1562 2290 ut
1591 2236 1917 2307 praedictum
1966 2248 2071 2304 est,

471 2327 784 2394 confirmat,
838 2329 1004 2384 etiam
1045 2329 1367 2385 earumdem
1417 2330 1763 2385 sanctionum
1806 2333 2070 2402 praevari-

473 2428 686 2477 catores
715 2423 1041 2494 generaliter
1083 2423 1159 2478 ita
1189 2423 1537 2492 condemnat,
1570 2440 1690 2496 cap.
1725 2428 1791 2479 10
1831 2446 1844 2480 :
1893 2447 1920 2474 ιι
1964 2429 2072 2481 Eos

473 2524 660 2572 autem
699 2517 790 2588 qui
825 2517 938 2573 ausi
971 2515 1173 2571 fuerint
1194 2526 1319 2589 post
1347 2517 1725 2574 definitionem
1771 2535 1989 2591 magnae
2018 2528 2072 2575 et

472 2610 791 2666 universalis
816 2610 978 2684 hujus
1018 2611 1210 2683 synodi
1239 2611 1546 2683 quidquam
1578 2628 1641 2668 ex
1670 2612 1754 2668 his
1790 2629 1912 2686 qua:
1939 2623 2072 2669 sunt

475 2704 750 2775 prohibita
781 2713 1115 2776 perpetrare,
1143 2705 1384 2762 decrevit
1410 2715 1598 2763 sancta
1629 2707 1867 2780 synodus
1896 2726 1925 2766 a
1953 2725 2072 2781 pro-

474 2799 592 2870 prio
619 2797 789 2870 gradu
812 2799 1082 2855 recedere.
1107 2820 1135 2852 »

545 2911 681 2963 Item
725 2908 1076 2965 beatissimus
1123 2925 1262 2981 papa
1309 2909 1606 2981 Sylvester,
1647 2913 1741 2982 qui
1785 2913 2068 2970 Nicwnam

470 3003 748 3075 synodum
779 3002 1149 3076 congregavit,
1180 3012 1236 3060 et
1264 3004 1513 3060 eamdem
1545 3006 1842 3076 apostolica
1886 3016 2073 3062 aucto-

472 3099 633 3154 ritate
659 3097 1055 3165 corroboravit,
1087 3097 1143 3152 in
1181 3098 1297 3153 suis
1326 3098 1675 3170 synodalibus
1711 3099 1964 3170 decretis,
2002 3101 2069 3156 ita

470 3191 736 3259 decernit,
767 3207 890 3263 cap.
922 3198 956 3248 6
988 3211 1002 3247 ε
1035 3216 1057 3238 ‹ι
1106 3193 1280 3247 Nemo
1332 3192 1612 3264 presbyter
1654 3209 1683 3248 a
1724 3193 1810 3248 die
1844 3192 2070 3250 honoris

471 3286 830 3358 praesbyterii,
861 3294 1043 3341 sumat
1067 3287 1415 3358 conjugium;
1437 3287 1586 3357 quod
1606 3288 1654 3341 si
1679 3287 1800 3359 quis
1826 3290 2070 3361 neglecto

471 3381 595 3449 hoc,
624 3381 782 3436 aliter
824 3381 1016 3453 egerit,
1070 3396 1168 3436 xu
1206 3380 1362 3436 annis
1406 3397 1532 3437 eum
1577 3381 1836 3453 jubemus
1877 3383 2070 3454 privari

475 3473 705 3531 honore.
759 3473 920 3544 Quod
968 3473 1014 3529 si
1061 3477 1185 3547 quis
1241 3483 1430 3531 contra
1487 3475 1591 3531 hoc
1641 3475 2068 3547 chirographum

472 3585 713 3641 praesens
753 3576 808 3624 et
845 3567 1063 3640 publice
1115 3568 1328 3626 dictum
1362 3570 1556 3640 egerit,
1619 3569 1970 3627 damnabitur
2017 3572 2071 3628 in

476 3671 817 3734 perpetuum.
847 3682 877 3712 »

547 3776 688 3828 Item
712 3773 904 3829 beatus
931 3772 1158 3830 Siricius
1181 3790 1322 3848 papa
1352 3774 1406 3830 in
1426 3774 1658 3832 decretis
1682 3776 1812 3845 suis,
1841 3793 1960 3848 cap.
1994 3785 2024 3832 7
2055 3795 2069 3834 :

477 3886 507 3918 «
545 3865 792 3936 Quilibet
863 3867 1170 3938 episcopus,
1231 3870 1512 3940 presbyter
1563 3878 1724 3940 atque
1789 3870 2071 3940 diaconus,

474 3961 619 4032 quod
657 3975 770 4014 non
808 3967 1084 4032 optamus,
1116 3958 1373 4032 deinceps
1405 3963 1750 4019 incontinens
1801 3963 1963 4020 fuerit
1995 3965 2073 4020 iu-

476 4064 688 4124 ventus,
707 4055 820 4128 jam
849 4054 956 4110 sibi
988 4071 1082 4127 per
1111 4071 1211 4111 nos
1236 4071 1460 4112 omnem
1482 4057 1692 4113 aditum
1719 4057 2074 4130 indulgentia?

474 4150 746 4223 intelligat
783 4149 1121 4206 obseratum.
1171 4174 1195 4198 ι»
1232 4153 1389 4219 Item,
1424 4151 1479 4206 in
1519 4150 1748 4220 eisdem,
1780 4169 1900 4224 cap.
1949 4161 2012 4209 12
2059 4174 2070 4209 :

480 4267 502 4290 α
547 4244 826 4313 Feminas,
860 4243 958 4300 sed
983 4260 1099 4300 non
1128 4245 1265 4301 alias
1294 4261 1413 4302 esse
1439 4248 1683 4318 patimur
1729 4248 1788 4302 in
1817 4247 2074 4304 domibus

475 4337 821 4406 clericorum,
866 4338 972 4395 nisi
1013 4355 1103 4395 eas
1167 4347 1404 4412 tantum,
1450 4357 1584 4414 quas
1639 4350 1861 4414 propter
1897 4343 2074 4399 solam

474 4432 938 4489 necessitudinum
979 4449 1201 4489 causam
1244 4433 1489 4491 habitare
1530 4451 1658 4491 cum
1687 4434 1880 4493 iisdem
1907 4451 2074 4509 syno-

475 4525 579 4583 dus
617 4529 838 4585 Nicama
863 4528 1132 4600 permisit.
1167 4551 1192 4576 υ

547 4645 708 4708 Item,
751 4643 1134 4699 sanctissimus
1183 4659 1322 4716 papa
1360 4643 1663 4717 Gregorius
1724 4644 1968 4702 scribens
1997 4645 2066 4703 ad

476 4738 794 4791 Romanum
823 4735 1166 4793 defensorem
1196 4737 1313 4809 (lib.
1341 4753 1445 4806 v11,
1473 4741 1627 4810 epist.
1663 4740 1748 4810 39)
1781 4740 1852 4795 ita
1877 4739 2070 4797 decer-

472 4829 570 4896 nit,
603 4844 725 4899 cap.
764 4834 833 4884 ιο
875 4849 889 4884 :
919 4852 945 4877 α
977 4830 1031 4886 Si
1060 4831 1154 4902 qui
1183 4833 1590 4905 episcoporum,
1622 4850 1761 4906 quos
1787 4835 2067 4891 commissi

474 4921 570 4977 tibi
619 4921 934 4994 patrimonii
978 4923 1100 4978 ﬁnis
1141 4923 1392 4993 includit,
1434 4943 1560 4981 cum
1614 4929 1936 4985 mulieribus
1977 4929 2066 4986 de-

475 5023 630 5088 gunt,
661 5015 761 5071 hos
788 5016 867 5083 [0.
896 5020 958 5072 R.
994 5015 1120 5085 hoc]
1151 5019 1376 5075 omnino
1407 5035 1744 5091 compescas,
1784 5031 1838 5077 et
1865 5022 1934 5078 de
1961 5039 2067 5079 cae-

476 5119 592 5166 tero
619 5125 712 5166 eas
738 5109 845 5165 illic
873 5109 1118 5166 habitare
1152 5111 1300 5167 nullo
1348 5112 1518 5168 modo
1549 5115 1786 5184 patiaris,
1827 5117 2068 5187 exceptis

475 5207 555 5262 eis
590 5221 726 5277 quas
767 5220 1046 5261 sacrorum
1091 5221 1367 5261 canonum
1413 5221 1641 5262 censura
1688 5207 1975 5278 permittit,
2016 5210 2068 5266 id

476 5307 576 5366 est,
613 5307 818 5370 matre,
845 5299 1032 5366 amita,
1063 5315 1339 5371 germana,
1382 5307 1437 5355 et
1473 5300 1596 5355 aliis
1627 5300 1958 5372 hujusmodi,
2000 5303 2067 5359 de

474 5393 672 5465 quibus
701 5409 867 5464 prava
893 5409 1004 5449 non
1035 5394 1203 5465 possit
1231 5409 1348 5450 esse
1375 5393 1628 5464 suspicio.
1657 5395 1853 5452 Melius
1879 5405 2068 5455 tamen

441 5487 701 5548 -faciunt.
743 5487 789 5541 si
817 5487 982 5542 etiam
1042 5487 1232 5543 talium
1277 5487 1687 5546 cohabitatione
1735 5493 2063 5548 contineant.

476 5584 618 5638 Nam
645 5580 842 5653 legitur
866 5581 1014 5652 quod
1042 5582 1232 5638 beatus
1252 5584 1587 5656 Augustinus
1609 5601 1706 5641 nec
1726 5602 1852 5642 cum
1878 5603 2068 5644 sorore

476 5675 724 5732 habitare
748 5675 1105 5745 consenserit,
1128 5675 1320 5734 dicens
1345 5698 1357 5734 :
1384 5700 1410 5728 α
1433 5680 1566 5749 Quae
1585 5696 1711 5737 cum
1738 5697 1928 5738 sorore
1947 5698 2069 5738 mea

475 5776 624 5838 sunt,
643 5785 861 5829 sorores
875 5785 1011 5828 meae
1035 5786 1147 5829 non
1167 5781 1316 5830 sunt.
1342 5797 1368 5822 ιο
1397 5775 1560 5831 Docti
1580 5790 1710 5848 ergo
1739 5776 1839 5831 viri
1859 5776 2069 5831 cautela

478 5877 676 5932 magna
719 5864 880 5922 nobis
927 5865 1091 5925 debet
1130 5884 1265 5926 .esse
1307 5867 1616 5928 instructio.
1657 5871 1726 5925 Et
1767 5877 1891 5940 post
1928 5884 2070 5939 pau-

2174 507 2454 578 episcopos
2498 506 2798 573 adhortari,
2841 514 2902 561 ut
2931 504 3206 577 subjectos
3242 504 3348 559 sibi
3380 503 3437 558 in
3476 504 3648 559 sacris
3685 503 3761 558 vi-

2173 599 2367 656 delicet
2401 600 2688 656 ordinibus
2715 601 3060 666 constitutos,
3090 598 3240 671 quod
3288 598 3392 670 ipsi
3423 605 3672 661 servant,
3703 595 3769 652 ad

2174 693 2590 750 similitudinem
2631 695 2715 750 sui
2754 693 2933 752 modis
2977 693 3238 750 omnibus
3274 707 3494 748 servare
3523 704 3771 746 commo-

2174 797 2358 845 neant.
2381 810 2408 841 »

2247 887 2410 950 Item,
2453 883 2741 940 Zacharias
2786 898 2924 955 papa
2971 883 3024 938 in
3052 881 3285 939 decretis
3322 882 3455 948 suis,
3500 896 3630 952 cap.
3688 888 3710 936 ι
3759 900 3771 936 :

2180 1001 2205 1026 α
2247 979 2612 1034 Decernimus
2652 985 2713 1033 ut
2741 977 2982 1050 episcopi
3026 993 3155 1032 cum
3188 975 3510 1031 mulieribus
3543 975 3776 1030 omnino

2177 1088 2289 1128 non
2315 1072 2584 1138 habitent,
2616 1089 2684 1127 ne
2719 1071 2787 1127 ab
2825 1071 3031 1142 antiqui
3061 1070 3234 1126 hostis
3265 1069 3458 1126 fraude
3498 1069 3775 1140 decipian-

2177 1175 2288 1224 tur.
2337 1191 2358 1215 ιο
2402 1168 2570 1224 Idem.
2623 1167 2677 1222 in
2723 1166 2929 1222 eisdem
2978 1182 3097 1237 cap.
3128 1171 3159 1219 2
3209 1184 3220 1219 :
3259 1188 3284 1213 (ι
3328 1167 3407 1221 Ut
3448 1162 3775 1235 presbyteri,

2178 1263 2258 1317 vel
2287 1262 2504 1319 diaconi
2544 1261 2991 1318 subintroductas
3018 1260 3279 1316 mulieres
3306 1259 3456 1314 nullo
3484 1257 3651 1314 modo
3695 1273 3779 1312 se-

2177 1373 2306 1412 cum
2345 1357 2548 1412 hahere
2590 1356 2845 1424 audeant,
2893 1355 2996 1409 nisi
3037 1353 3175 1409 forte
3213 1361 3573 1408 commatrem
3617 1367 3777 1406 suam

2179 1460 2275 1506 aut
2327 1451 2736 1521 proximitatem
2777 1448 3148 1521 generationis
3190 1447 3294 1502 sibi
3326 1447 3604 1511 habentes,
3654 1460 3779 1517 qua

2179 1545 2517 1617 suSpiciones
2557 1543 2849 1616 effugiunt,
2877 1543 3017 1598 sicut
3043 1542 3095 1596 in
3135 1541 3355 1597 Nicaana
3384 1540 3596 1613 synodo
3639 1554 3777 1594 con-

2181 1641 2408 1695 tinetur.
2459 1640 2517 1694 Si
2562 1638 2684 1710 quis
2736 1647 2933 1709 przeter
2973 1637 3090 1692 haec
3129 1644 3333 1690 statuta
3367 1633 3778 1706 praesumpserit

2183 1750 2361 1806 agere,
2379 1732 2662 1788 sacerdotii
2685 1733 2766 1788 sui
2797 1732 3005 1786 honore
3031 1730 3288 1801 privetur.
3316 1751 3344 1780 »

2258 1831 2397 1883 Item
2444 1827 2631 1882 beatus
2672 1826 3047 1897 Hieronymus
3085 1825 3328 1880 scribens
3365 1822 3433 1878 ad
3475 1824 3780 1886 Oceanum,

2184 1921 2503 1978 authenticis
2529 1921 2831 1976 rationibus
2859 1919 3106 1991 probavit
3138 1934 3250 1974 non
3280 1918 3438 1974 licere
3464 1917 3627 1972 cleris
3652 1933 3785 1972 con-

2185 2018 2383 2072 versari
2397 2031 2525 2072 cum
2541 2015 2761 2072 feminis
2781 2034 2793 2071 :
2812 2017 2882 2070 Et
2897 2015 3196 2086 postmodo
3209 2012 3501 2069 subintulit
3527 2030 3544 2068 :
3578 2035 3602 2059 ι
3623 2009 3782 2080 Quod

2183 2112 2250 2179 si,
2286 2119 2410 2182 post
2438 2119 2623 2165 nostra
2657 2109 2888 2176 monita,
2921 2108 3112 2180 aliquis
3143 2107 3394 2175 clericus,
3425 2121 3551 2162 suas
3582 2120 3782 2178 agape-

2183 2215 2266 2262 tas
2290 2210 2406 2274 [ms.
2439 2212 2739 2277 sagapetas,
2771 2206 3012 2259 mendose
3033 2203 3343 2270 admodum]
3367 2201 3604 2273 amplius
3631 2215 3783 2272 quae-

2182 2300 2336 2356 sierit
2372 2314 2556 2354 amare
2584 2315 2753 2370 quam
2779 2299 3079 2368 Christum,
3124 2296 3428 2353 secundum
3458 2294 3784 2366 synodalem

2183 2395 2432 2466 regulam
2457 2393 2832 2461 conveniatur,
2864 2402 2920 2448 et
2943 2401 3217 2464 praecepta
3248 2395 3475 2447 Patrum
3505 2391 3560 2445 in
3589 2389 3782 2445 Nicata

2183 2490 2399 2546 definita
2444 2490 2490 2546 ei
2536 2490 2806 2562 legantur.
2841 2494 2982 2546 Tum
3013 2506 3160 2557 vero,
3205 2488 3248 2544 si
3276 2495 3602 2554 conventus,
3648 2500 3785 2558 prae-

2139 2631 2143 2636 .
2181 2585 2352 2641 dictas
2399 2584 2596 2656 fugerit
2641 2594 2694 2639 et
2737 2585 3040 2656 reliquerit,
3081 2583 3356 2640 consecuti
3386 2597 3575 2638 sumus
3605 2581 3788 2636 maxi-

2182 2696 2337 2735 mum
2367 2680 2603 2735 lucrum.
2642 2679 2899 2752 Alioquin
2945 2679 3070 2735 talis
3099 2679 3165 2734 ab
3197 2678 3433 2734 Ecclesia
3471 2675 3788 2732 anathema-

2181 2775 2437 2831 tizandus
2480 2783 2584 2832 est.
2615 2773 2943 2832 Germinant
2975 2774 3122 2829 enim
3166 2773 3385 2830 feminae
3432 2772 3615 2843 Spinas
3653 2784 3788 2825 cum

2181 2869 2308 2924 viris
2337 2869 2669 2938 habitantes,
2703 2877 2757 2924 et
2785 2883 2979 2925 arcana
3009 2869 3277 2924 mentium
3307 2875 3472 2923 acuto
3517 2878 3788 2922 mucrone

2181 2963 2512 3034 percutiunt.
2536 2984 2564 3015 »

2213 3075 2232 3085 α
2253 3057 2357 3113 Sed
2386 3057 2516 3128 quid
2547 3057 2723 3113 dicam
2765 3057 3030 3112 ulterius?
3062 3057 3290 3112 Deficiet
3321 3056 3470 3112 enim
3503 3071 3592 3110 me
3637 3063 3791 3111 tem-

2099 3186 2142 3249 Ο
2183 3164 2282 3222 pus
2335 3159 2393 3206 ut
2437 3166 2687 3206 enarrem
2731 3151 2996 3205 virtutum
3042 3150 3122 3216 [0.
3159 3155 3223 3206 Β.
3257 3150 3478 3217 viritim]
3517 3150 3613 3204 SS.
3675 3152 3790 3204 Pa-

2180 3254 2288 3300 tres
2335 3243 2575 3315 praadicti
2610 3243 2781 3299 nostri
2829 3244 3104 3315 apostolici
3153 3245 3374 3300 statutis
3426 3242 3789 3298 subscriben-

2179 3347 2276 3394 tes.
2330 3341 2472 3395 Nam
2519 3353 2710 3394 omnes
2751 3337 3016 3394 Catholici
3045 3338 3238 3394 eadem
3277 3335 3616 3393 observanda
3669 3351 3788 3392 esse

2179 3438 2512 3488 censuerunt
2540 3432 2635 3504 qui
2665 3441 2719 3487 et
2757 3448 2786 3487 a
2833 3432 3214 3488 sacratissimis
3258 3440 3489 3502 quatuor
3530 3429 3790 3485 conciliis

2181 3526 2472 3582 dissentire
2514 3527 2831 3582 noluerunt.
2871 3529 2942 3581 Ex
2993 3527 3193 3597 quibus
3234 3534 3419 3580 noster
3447 3525 3789 3595 apostolicus

2183 3620 2402 3692 praafata
2459 3619 2717 3692 produxit
2773 3619 3008 3676 decreta.
3055 3621 3398 3691 Quapropter
3430 3634 3537 3673 nec
3585 3618 3789 3674 idiotas

2183 3714 2351 3769 latere
2395 3714 2606 3770 aestimo
2649 3729 2815 3785 quam
2876 3713 3206 3784 periculose,
3247 3713 3333 3768 vel
3382 3713 3564 3784 potius
3615 3728 3788 3783 quam

2183 3807 2483 3878 perniciose
2528 3806 2633 3863 sibi
2679 3807 2903 3877 suisque
2954 3806 3311 3862 sectatoribus
3357 3805 3637 3877 desipiant
3667 3806 3790 3876 qui-

2183 3917 2398 3972 cunque
2449 3917 2544 3973 per
2581 3901 2869 3957 Sozomeni
2929 3909 3095 3972 caput
3123 3899 3499 3956 sacerdotibus
3550 3899 3789 3956 inconti-

2181 3996 2422 4050 nentiam
2461 3995 2729 4050 ascribere
2758 4010 2865 4050 non
2897 3993 3217 4050 formidant.
3254 3994 3485 4065 Quibus,
3524 3994 3658 4049 licet
3697 4009 3787 4048 su-

2183 4089 2363 4161 perior
2391 4089 2746 4160 epistolamm
2785 4088 3013 4144 assertio
3045 4087 3296 4143 sufﬁcere
3340 4087 3562 4154 debeat,
3611 4103 3785 4142 unum

2181 4191 2367 4238 tamen
2398 4184 2479 4252 [0.
2512 4187 2575 4239 Β.
2622 4183 2844 4254 iterum]
2895 4198 2989 4238 eos
3031 4196 3376 4253 praemonere
3423 4179 3494 4237 de
3537 4181 3788 4238 cavendo

2183 4277 2530 4333 anathemate
2567 4292 2677 4330 non
2706 4275 2922 4332 taedeat.

2254 4372 2403 4426 CAP.
2431 4373 2566 4425 XII.
2587 4373 3176 4425 VetusTestamentum
3192 4368 3392 4441 partim
3405 4367 3461 4424 in
3479 4370 3791 4441 mysteriis,

2185 4465 2383 4535 partim
2406 4464 2464 4518 in
2493 4463 2792 4518 moralibus
2818 4463 3099 4536 praeceptis
3121 4462 3458 4518 continetur.
3487 4461 3599 4519 Sed
3621 4463 3791 4520 adve-

2098 4571 2148 4635 ι)
2184 4560 2370 4614 niente
2419 4556 2638 4612 Christo
2674 4558 2897 4613 cessavit
2942 4558 3001 4613 in
3052 4557 3329 4628 mysteriis
3373 4563 3427 4610 et
3471 4557 3797 4612 carnalibus

2177 4650 2559 4718 observantiis,
2590 4651 2716 4722 quia
2759 4651 2874 4722 ipse
2922 4659 3005 4706 est
3050 4650 3193 4716 ﬁnis,
3224 4649 3334 4705 sive
3375 4650 3685 4721 completio
3721 4650 3798 4705 le-

2181 4749 2281 4817 gis.
2322 4749 2384 4802 ln
2423 4745 2726 4801 moralibus
2771 4745 2849 4813 [0.
2901 4747 2963 4800 R.
3020 4747 3228 4811 autem]
3287 4744 3574 4815 praeceptis
3601 4743 3795 4800 adhuc

2180 4849 2384 4907 manet,
2433 4841 2561 4913 quia
2602 4855 2819 4910 semper
2859 4847 2941 4894 est
2989 4837 3394 4894 observandum
3439 4857 3454 4895 z
3490 4861 3518 4888 ιι
3573 4839 3796 4910 Diliges

2177 4936 2491 5009 proximum
2538 4942 2694 4988 tuum
2742 4932 2883 4988 sicut
2932 4933 3170 5004 teipsum
3219 4932 3396 5001 [0.11.
3443 4940 3497 4987 et
3547 4932 3791 5004 reliqua]

2180 5025 2395 5098 (Matth.
2431 5039 2500 5090 v;
2525 5028 2682 5080 Deut.
2715 5029 2816 5089 γι).
2842 5045 2866 5070 υ
2897 5022 3222 5094 Quicunque
3243 5021 3407 5094 igitur
3431 5037 3498 5077 ex
3526 5020 3650 5092 lege
3686 5023 3796 5078 ali-

2177 5135 2342 5192 quam
2379 5118 2657 5176 carnalem
2686 5115 3093 5172 observantiam
3122 5119 3278 5172 Novo
3309 5115 3532 5188 quidem
3580 5117 3795 5172 Testa-

2179 5223 2368 5270 mento
2407 5211 2714 5278 adversam,
2746 5209 2929 5266 adhuc
2957 5209 3354 5266 Observandam
3395 5223 3513 5264 esse
3553 5207 3797 5281 dogma-

2178 5309 2326 5377 tizat,
2360 5305 2548 5377 procul
2575 5304 2742 5360 dubio
2790 5321 2916 5360 cum
2949 5303 3178 5370 Galatis,
3210 5303 3322 5358 imo
3347 5317 3477 5358 cum
3510 5303 3797 5359 Hebioni-

2177 5402 2246 5457 tis
2297 5398 2608 5468 [Ebionitis]
2640 5397 2899 5470 judaizat.
2951 5397 3244 5469 Conjugale
3284 5405 3470 5452 autem
3514 5412 3656 5468 opus
3710 5413 3798 5454 sa-

2178 5493 2465 5550 cerdotum
2494 5491 2636 5547 inter
2659 5491 2907 5547 carnales
2932 5491 3062 5564 legis
3089 5489 3469 5546 observantius
3497 5500 3797 5561 computa-

2177 5597 2286 5644 tur.
2327 5585 2534 5656 Quibus
2578 5601 2825 5658 unquam
2868 5586 2950 5652 [Ο.
3005 5589 3068 5640 R.
3111 5585 3356 5656 inquam]
3401 5583 3802 5640 sacerdotibus

2181 5681 2288 5737 hoc
2354 5687 2572 5736 tantum
2639 5680 2695 5735 in
2755 5680 2868 5752 lege
2925 5678 3286 5736 successionis
3355 5693 3520 5733 causa
3579 5676 3793 5746 legitur

2180 5789 2528 5841 concessum,
2573 5774 2702 5847 quia
2755 5790 2822 5830 ex
2869 5773 2971 5829 alia
3019 5772 3165 5829 tribu
3206 5771 3390 5828 nullus
3427 5787 3492 5826 eo
3525 5778 3791 5839 tempore

2181 5869 2428 5943 pervenit
2451 5868 2522 5928 ad
2549 5867 2937 5926 sacerdotium.
2965 5870 3108 5926 Nam
3138 5867 3195 5924 in
3215 5874 3405 5924 nostro
3431 5873 3677 5936 tempore
3710 5879 3791 5919 ex
