4052 6180
252 270 382 323 1121

1169 262 1451 318 APPEND.
1493 262 1577 318 III.
1619 292 1691 303 —
1718 262 2135 320 MONUMENTA
2174 262 2630 319 GREGORIANA.

3414 267 3550 321 H22

249 390 500 463 quolibet
526 402 723 462 genere
764 386 1075 445 sacerdotes
1116 388 1312 461 eligere
1360 388 1506 460 licet,
1549 388 1748 460 quibus
1793 397 1846 446 et
1873 394 1925 457 Α
1958 389 2128 458 hibet,
2164 388 2314 462 quod
2352 404 2551 461 corpus
2590 388 2789 445 Christi
2819 388 3059 460 accipere
3101 403 3214 445 non
3250 391 3552 462 permittit?

254 485 456 542 merito
500 483 841 540 interdicitur
886 482 1174 555 conjugale
1202 497 1361 555 opus,
1402 500 1533 539 cum
1574 498 1691 539 non
1738 483 1849 555 jam

252 580 497 635 habeant
522 592 871 635 successores
912 577 1267 633 necessarios.
1311 577 1660 649 QuaprOpter
1696 578 1851 650 quis-

253 675 397 747 quis,
428 682 483 730 et
518 672 624 729 hoc
650 681 899 744 tempore
924 672 1055 729 illud
1085 672 1379 729 Judaicum
1407 672 1730 745 conjugium
1762 688 1848 727 sa-

252 767 569 826 cerdotibus
611 768 770 824 licere
816 783 942 823 cum
992 768 1327 836 Sozomeno,
1367 767 1451 823 vel
1497 768 1681 839 potius
1726 783 1853 824 cum

260 862 508 919 Bebione
532 861 810 933 [Ebione]
843 861 1199 933 dogmatizat,
1220 878 1335 918 non
1354 862 1697 935 negligenter
1722 860 1855 917 illud

257 956 560 1013 inevitabile
584 956 878 1012 anathema
922 955 1249 1024 consideret,
1281 971 1389 1027 quo
1415 955 1528 1027 ipse
1558 955 1856 1031 Apostolus

254 1049 564 1121 specialiter
592 1049 947 1106 Iudaicarum
989 1050 1439 1107 Observationum
1475 1050 1854 1121 praedicatores

252 1144 699 1214 anathematizat,
749 1144 979 1200 Galatas
1019 1144 1365 1216 judaizantes
1410 1144 1484 1200 ita
1529 1144 1848 1201 deterrens:

258 1262 282 1287 ε
318 1238 425 1295 Sed
442 1239 565 1295 licet
581 1253 704 1304 nos,
731 1246 826 1293 aut
842 1237 1071 1310 angelus
1089 1237 1158 1295 de
1182 1238 1321 1294 caalo
1346 1238 1681 1309 evangelizet
1700 1238 1854 1294 vobis

258 1340 459 1405 praeter
508 1332 656 1404 quod
699 1331 1192 1404 evangelizavimus
1230 1332 1403 1401 vobis,
1453 1332 1747 1388 anathema
1784 1331 1853 1387 sit

257 1428 406 1494 (Gal.
428 1432 493 1493 ι).
528 1450 553 1474 ιο
588 1426 743 1483 Idem
770 1441 902 1481 vero
950 1425 1233 1482 inculcans
1271 1426 1552 1498 subiungit
1582 1445 1596 1481 :
1633 1449 1657 1475 α
1691 1429 1850 1482 Nunc

254 1524 454 1576 iterum
501 1519 670 1577 dico:
702 1520 761 1575 Si
813 1519 937 1593 quis
976 1519 1131 1576 vobis
1175 1520 1625 1592 evangelizaverit
1659 1528 1857 1591 praeter

258 1616 334 1683 id,
380 1614 528 1688 quod
558 1614 864 1685 accepistis,
898 1614 1193 1670 anathema
1222 1614 1292 1670 sit
1317 1615 1471 1682 (Gal.
1505 1618 1605 1682 ιι).
1638 1633 1668 1666 »
1702 1614 1853 1671 Idem

256 1710 456 1781 quippe
494 1710 696 1765 Paulus
738 1709 918 1781 ipsum
967 1708 1270 1780 principem
1313 1709 1692 1781 apostolorum
1739 1712 1853 1763 An-

1956 484 2197 556 quandiu
2229 484 2377 541 enim
2420 484 2624 555 impleo
2667 484 2853 540 mariti
2875 482 3143 553 ofﬁcium,
3184 499 3297 541 non
3343 484 3550 557 impleo

1957 579 2307 635 continentis.
2356 579 2525 635 Jubet
2566 578 2713 635 idem
2751 578 3046 651 Apostolus
3095 579 3152 633 in
3183 578 3288 635 alio
3330 579 3451 635 loco
3491 587 3551 635 ut

1958 689 2177 745 semper
2205 688 2450 730 oremus.
2498 677 2555 739 (Ι
2580 676 2753 729 Thess.
2803 678 2888 741 v.)
2918 671 3081 745 [c.a.
3114 675 3291 745 Ergo]
3319 673 3375 729 Si
3403 688 3548 729 sem-

1961 782 2060 839 per
2101 767 2394 835 orandum,
2439 782 2720 839 nunquam
2762 766 3022 839 conjugio
3062 765 3407 823 serviendum
3441 775 3551 837 est,

1959 860 2203 932 quando,
2234 861 2671 933 quotiescunque
2699 860 2855 916 uxori
2892 859 3143 917 debitum
3172 860 3363 929 reddo,
3396 874 3554 918 orare

1959 970 2073 1011 non
2104 969 2347 1027 possum.
2380 978 2406 1003 υ
2439 956 2527 1011 Sic
2554 963 2609 1012 et
2655 958 2849 1012 Petrus
2878 956 3155 1028 apostolus
3195 955 3359 1013 docet
3392 956 3554 1013 Chri-

1957 1048 2166 1104 stianos
2194 1056 2260 1105 ut
2297 1048 2585 1105 inﬁmiiori
2630 1048 2848 1107 vasculo
2877 1048 3127 1105 muliebri
3154 1048 3424 1107 honorem
3455 1052 3555 1107 tri-

1960 1141 2151 1211 buant,
2181 1143 2251 1199 ab
2287 1158 2451 1215 opere
2494 1143 2766 1216 coniugali
2816 1151 3113 1210 cessantes,
3144 1158 3214 1200 ne
3255 1145 3552 1217 impedian-

1959 1244 2051 1293 tur
2079 1252 2273 1294 eorum
2318 1237 2596 1294 orationes
2624 1240 2685 1305 (Ι
2710 1241 2849 1293 Petr.
2880 1252 2951 1294 ιιι
2966 1250 3004 1305 ).

2029 1332 2165 1401 Quis
2191 1331 2355 1405 igitur
2396 1348 2548 1389 sanae
2594 1334 2799 1389 mentis
2840 1332 3129 1405 praedictas
3158 1334 3406 1405 Apostoli
3437 1350 3560 1391 seu.

1957 1426 2157 1481 tentias
2202 1425 2269 1482 de
2312 1426 2616 1483 exercendo
2661 1427 2931 1499 conjugali
2974 1443 3138 1501 opere
3184 1428 3557 1485 sacerdotibus

1958 1520 2213 1588 ascribat,
2266 1534 2502 1591 quorum
2558 1520 2943 1592 quotidianum
2985 1530 3070 1578 est
3114 1520 3388 1590 ofﬁcium,
3446 1539 3556 1579 non

1965 1614 2132 1671 modo
2162 1630 2341 1685 orare,
2386 1616 2479 1672 sed
2509 1624 2563 1671 et
2586 1616 2766 1674 divina
2798 1626 3142 1674 sacramenta
3188 1627 3557 1687 contrectare,

1964 1710 2263 1781 praesertim
2312 1725 2440 1766 cum
2469 1709 2525 1765 in
2566 1711 2760 1767 eodem
2789 1711 2910 1769 loco
2940 1712 3105 1768 etiam
3147 1712 3373 1770 cuilibet
3399 1713 3560 1769 Chri-

258 1803 501 1873 tiochias,
551 1804 676 1859 licet
718 1801 963 1875 ejusdem
1006 1801 1150 1858 sedis
1179 1802 1516 1875 episcopum,
1565 1802 1857 1858 liberaliter
1889 1789 1935 1850 Β
1962 1804 2159 1871 stiano,
2209 1811 2458 1876 tempore
2521 1805 2783 1861 orationis
2830 1805 3147 1879 injungatur
3187 1808 3563 1864 continentia?

260 1898 550 1969 corripuit,
582 1912 647 1952 eo
675 1896 823 1967 quod
848 1905 1061 1968 gentes,
1091 1912 1201 1952 non
1226 1896 1450 1973 quidem
1476 1894 1853 1967 praedicando,

262 1990 367 2047 sed
397 2007 498 2047 suo
539 1990 791 2062 exemplo
831 1990 1107 2061 judaizare
1131 1999 1371 2063 cogeret,
1411 2006 1537 2047 cum
1567 2006 1626 2047 se
1662 1990 1731 2046 ab
1760 2006 1853 2045 eo-

254 2100 384 2141 rum
414 2084 663 2141 convivio
694 2101 793 2157 pro
823 2085 1024 2141 timore
1043 2083 1365 2141 Iudaeorum
1393 2083 1710 2141 simulando
1731 2082 1858 2140 sub-

256 2178 518 2236 traheret.

326 2276 599 2330 Praaterea
628 2273 743 2345 ipse
772 2272 1164 2330 baeresiarches
1190 2272 1407 2328 Hebion
1435 2288 1564 2329 cum
1594 2272 1858 2328 omnibus

261 2368 376 2424 suis
405 2367 771 2425 sectatoribus
795 2367 933 2423 inter
961 2367 1197 2439 reliquos
1225 2366 1509 2423 haereticos
1537 2358 1857 2422 anathema-

256 2463 462 2519 tizatus
501 2470 586 2519 est
625 2478 655 2517 a
702 2461 1071 2517 sacratissima
1108 2459 1319 2533 synodo
1351 2459 1857 2531 Constantinopoli-

257 2566 387 2612 tana
416 2564 473 2611 et
500 2571 529 2612 a
554 2556 713 2612 beato
734 2555 952 2611 Gelasio
968 2570 1103 2627 papa
1124 2555 1181 2609 in
1207 2554 1508 2626 apostolica
1539 2554 1688 2621 sede,
1711 2553 1858 2626 quod

256 2649 550 2705 anathema
596 2649 781 2705 nullus
845 2648 1225 2721 subterfugere
1289 2648 1510 2719 poterit,
1556 2648 1859 2719 quicunque

256 2745 438 2816 ipsum
482 2742 926 2811 hmresiarcham,
972 2759 1067 2814 per
1109 2742 1401 2799 Sozomeni
1443 2750 1625 2814 caput,
1666 2743 1857 2798 sectari

258 2838 691 2911 pmsumpserit.

328 2934 474 2989 CAP.
524 2934 682 2987 XIII.
721 2930 960 3002 Quidam
1003 2929 1167 2986 etiam
1206 2930 1305 2985 sibi
1335 2930 1569 2986 nimium
1600 2928 1857 2985 videntur

256 3026 436 3091 scioli,
479 3034 782 3081 asserentes
830 3023 1285 3080 incontinentiam
1322 3023 1702 3081 sacerdotibus
1738 3038 1855 3079 esse

258 3135 581 3177 concessam
626 3120 681 3174 in
728 3119 819 3174 illo
866 3118 1159 3190 Apostoli:
1197 3141 1221 3167 ιι
1273 3118 1668 3189 Unusquisque
1696 3132 1852 3172 suam

261 3230 495 3270 uxorem
524 3212 723 3269 habeat
748 3215 806 3279 (Ι
843 3185 969 3269 Cor.
1015 3217 1127 3278 vn)
1154 3232 1207 3266 η.
1250 3212 1356 3282 Qui
1386 3185 1481 3267 aut
1507 3185 1620 3266 non
1649 3210 1853 3267 intelli-
1891 3185 1935 3246 C

260 3316 422 3381 gunt,
454 3323 579 3379 qua:
607 3308 926 3378 loquuntur,
952 3321 1127 3378 neque
1163 3306 1231 3362 de
1256 3306 1457 3378 quibus
1477 3304 1759 3361 afﬁrmant
1806 3308 1864 3372 (Ι

265 3404 401 3457 Tim.
435 3406 519 3467 1);
550 3408 646 3455 aut
674 3400 717 3454 si
744 3400 1079 3471 intelligunt,
1112 3415 1271 3455 suam
1298 3400 1547 3471 ipsorum
1576 3397 1857 3455 conscien-

260 3496 401 3552 tiam
426 3494 766 3566 impugnant.
795 3496 959 3562 Nam,
991 3500 1285 3549 attestante
1313 3493 1473 3549 beato
1498 3493 1857 3565 Hieronymo,

260 3588 528 3646 Corinthii
573 3587 712 3643 inter
753 3596 947 3644 caetera
985 3586 1053 3642 ab
1095 3587 1362 3658 Apostolo
1409 3586 1739 3659 quaesieram
1790 3603 1859 3641 an

258 3698 438 3755 nuper
466 3682 668 3738 renatis
699 3681 755 3736 in
796 3681 1009 3737 Christo
1060 3680 1294 3736 carnalis
1340 3680 1534 3752 copula
1579 3680 1726 3735 licita
1772 3695 1857 3735 es-

256 3780 379 3834 set?
422 3775 618 3848 quibus
662 3776 736 3831 ita
778 3774 1051 3846 rescripsit
1090 3774 1434 3845 Apostolus:
1471 3794 1497 3822 «
1539 3773 1621 3828 De
1658 3773 1860 3845 quibus

263 3879 451 3927 autem
480 3869 777 3942 scripsistis
819 3868 956 3924 mihi
990 3885 1005 3924 :
1055 3868 1261 3925 bonum
1306 3877 1389 3924 est
1419 3867 1633 3923 homini
1663 3867 1862 3923 mulie-

263 3981 385 4021 rem
429 3980 544 4019 non
605 3972 863 4035 tangere;
926 3970 1152 4034 propter
1198 3961 1627 4019 fornicationem
1676 3970 1861 4017 autem

264 4058 646 4129 unusquisque
693 4072 851 4112 suam
881 4072 1110 4111 uxorem
1161 4055 1380 4122 habeat,
1425 4063 1480 4111 et
1523 4068 1865 4127 unaquaeque

270 4154 449 4209 virum
469 4167 632 4208 suum
655 4151 870 4207 habeat.
894 4152 1064 4207 Uxori
1083 4151 1165 4205 vir
1184 4149 1433 4205 debitum
1460 4147 1684 4216 reddat;
1710 4150 1864 4203 simi-

268 4247 396 4303 liter
424 4254 610 4301 autem
640 4260 781 4301 uxor
807 4246 944 4300 viro.
995 4243 1196 4299 Mulier
1233 4242 1317 4298 sui
1347 4242 1595 4313 corporis
1625 4249 1867 4311 potesta-

273 4350 387 4397 tem
433 4355 546 4395 non
575 4338 758 4406 habet,
803 4337 901 4394 sed
932 4338 1030 4393 vir.
1063 4335 1326 4393 Similiter
1367 4341 1553 4391 autem
1584 4343 1641 4391 et
1678 4335 1760 4390 vir
1786 4334 1866 4389 sui

265 4434 514 4505 corporis
544 4440 873 4504 potestatem
900 4447 1011 4487 non
1061 4430 1243 4498 habet,
1273 4429 1371 4485 sed
1420 4428 1636 4485 mulier.
1687 4428 1869 4484 Nolite

1965 1900 2105 1954 Nam
2153 1898 2198 1953 si
2227 1900 2525 1972 Apostolus
2553 1899 2640 1955 hic
2670 1900 2838 1957 etiam
2868 1900 3248 1957 sacerdotibus
3284 1904 3559 1958 carnalem

1964 1993 2216 2064 copulam
2240 1992 2584 2060 concederet,
2616 1991 2861 2065 profecto
2910 1996 3218 2051 contrarius
3253 1995 3358 2051 sibi
3387 2004 3557 2063 esset,

1965 2087 2058 2158 qui
2097 2086 2169 2142 ad
2211 2087 2399 2142 Titum
2443 2087 2688 2142 scribens
2735 2088 2998 2159 praecipit,
3032 2093 3093 2142 ut
3129 2088 3438 2146 sacerdotes
3465 2105 3561 2146 so-

1966 2179 2086 2249 brii,
2112 2180 2245 2253 justi
2273 2180 2405 2246 sint,
2427 2188 2589 2253 atque
2612 2181 2960 2237 continentes
2981 2185 3109 2248 (Tit.
3136 2198 3157 2237 ι
3184 2188 3223 2249 ).
3252 2184 3421 2253 Ergo,
3450 2198 3562 2239 non

1968 2273 2055 2328 hic
2101 2273 2493 2341 sacerdotibus,
2526 2274 2621 2330 sed
2651 2274 2819 2341 laicis,
2869 2282 2925 2331 et
2953 2274 3039 2329 his
3084 2291 3195 2330 non
3224 2275 3463 2331 solidum
3491 2277 3565 2331 ci-

1968 2370 2123 2437 bum,
2155 2367 2251 2424 sed
2300 2368 2536 2425 lacteum
2567 2376 2761 2440 potum
2806 2367 3077 2424 ministrat
3125 2370 3321 2436 (Hebr.
3360 2374 3451 2439 v),
3503 2379 3566 2427 ut

1967 2470 2094 2534 puta
2119 2460 2440 2533 neopbytis.
2469 2462 2561 2533 qui
2588 2462 2837 2519 nondum
2866 2462 2995 2531 sibi,
3025 2461 3262 2519 necdum
3292 2461 3409 2518 aliis
3446 2462 3563 2519 suf-

1969 2557 2212 2610 ﬁcienter
2249 2563 2404 2609 erant
2442 2555 2716 2611 instructi.
2759 2556 3025 2625 Qualibus
3073 2556 3221 2613 idem
3264 2558 3564 2629 Apostolus

1967 2648 2299 2705 sacerdotale
2329 2647 2574 2703 ofﬁcium
2606 2649 2823 2719 penitus
2852 2650 3181 2708 intercludit.

2038 2741 2249 2797 Eadem
2277 2741 2447 2797 etiam
2476 2741 2685 2797 ratione
2715 2742 2980 2814 probatur
3007 2743 3078 2800 ad
3116 2746 3283 2803 Iaicos
3302 2788 3317 2814 ,
3348 2762 3459 2803 non
3495 2748 3562 2804 ad

1968 2835 2283 2892 sacerdotes
2317 2843 2560 2907 spectare
2596 2835 2867 2906 quidquid
2913 2836 3059 2891 idem
3095 2842 3390 2910 Apostolus
3434 2841 3565 2896 scri-

1964 2929 2045 2985 bit
2073 2929 2143 2985 de
2179 2928 2479 2985 exercendo
2516 2928 2786 3001 conjugali
2814 2944 3011 3001 opere,
3058 2940 3118 2986 ut
3147 2931 3282 2987 illud
3305 2976 3318 2999 ,
3357 2956 3380 2982 ι
3415 2934 3563 3005 quod

1963 3024 2005 3079 si
2032 3040 2089 3081 se
2118 3039 2233 3080 non
2253 3024 2571 3092 continent,
2602 3023 2838 3079 nubant.
2865 3024 3063 3081 Melius
3091 3032 3175 3082 est
3193 3025 3335 3082 enim
3358 3027 3567 3085 nubere

1964 3134 2128 3192 quam
2157 3118 2239 3174 uri
2261 3120 2320 3182 (ι
2355 3117 2474 3172 Cor.
2505 3121 2649 3185 vn).
2686 3141 2712 3167 ιι
2752 3120 2823 3172 Et
2846 3118 3043 3175 melius
3082 3128 3164 3175 est
3184 3121 3429 3194 legitimo
3458 3137 3572 3178 ma-

1963 3214 2069 3268 rito
2096 3212 2309 3267 misceri
2340 3227 2506 3282 quam
2544 3210 2821 3268 fornicari.
2866 3216 2936 3268 Et
2966 3213 3098 3269 illud
3142 3234 3154 3269 :
3191 3240 3215 3264 α
3258 3216 3481 3272 Solutus
3508 3230 3566 3272 es

1968 3307 2037 3363 ab
2068 3322 2266 3375 uxore,
2300 3306 2412 3361 noli
2443 3321 2691 3377 quaerere
2730 3324 2979 3363 uxorem.
3031 3309 3085 3364 Si
3129 3310 3401 3381 acceperis
3433 3327 3564 3366 uxo-

1968 3416 2084 3455 rem
2102 3443 2115 3465 ,
2142 3415 2256 3455 non
2292 3399 2549 3471 peccasti.
2602 3400 2659 3456 Si
2688 3402 2940 3472 nupserit
2966 3402 3152 3474 virgo,
3185 3419 3294 3458 non
3323 3405 3567 3474 peccavit

1969 3495 2170 3561 (Ibid.).
2209 3517 2234 3541 ν
2274 3494 2392 3549 Hoc
2433 3493 2611 3565 itaque
2647 3494 2803 3550 nullo
2842 3494 3014 3552 modo
3058 3495 3125 3552 de
3169 3497 3566 3567 sacerdotibus,

1967 3588 2049 3643 vel
2078 3587 2146 3643 de
2175 3587 2291 3643 aliis
2318 3587 2675 3644 continentiae
2702 3587 2965 3645 dedicatis
2993 3590 3216 3662 dicitur,
3245 3591 3339 3647 sed
3368 3590 3435 3647 de
3462 3591 3567 3647 illis

1968 3690 2185 3737 tantum
2236 3682 2330 3753 qui
2370 3681 2609 3753 legitime
2651 3682 2929 3756 conjugari
2961 3693 3209 3756 possunt.
3242 3684 3407 3741 Unde
3442 3686 3569 3741 Hie-

1968 3791 2233 3848 ronymus
2258 3776 2313 3830 in
2350 3775 2667 3846 supradicto
2697 3776 2834 3831 libro
2869 3796 2882 3832 :
2913 3800 2939 3825 α
2971 3778 3047 3845 Si,
3080 3778 3325 3849 inquam,
3365 3794 3565 3851 nupse-

1970 3871 2044 3925 rit
2070 3870 2225 3943 virgo
2262 3886 2377 3926 non
2407 3870 2675 3942 peccavit;
2708 3886 2822 3925 non
2848 3869 2940 3926 illa
2971 3871 3149 3943 virgo,
3180 3887 3304 3944 quae
3326 3887 3385 3928 se
3400 3874 3569 3928 semel

1970 3963 2074 4019 Dei
2120 3962 2288 4019 cultui
2323 3950 2857 4020 dedicavit.7Harum
2900 3965 3048 4019 enim
3078 3966 3125 4020 si
3153 3981 3259 4037 qua
3289 3968 3570 4038 nupserit,

1972 4056 2382 4114 damnationem
2433 4057 2683 4125 habebit;
2730 4058 2855 4130 quia
2899 4058 3135 4129 primam
3165 4060 3328 4115 ﬁdem
3356 4060 3570 4116 irritam

1972 4149 2104 4207 fecit
2146 4154 2194 4217 (Ι
2217 4155 2351 4207 Tim.
2384 4157 2464 4217 v).
2500 4175 2527 4199 ι
2560 4151 2614 4207 Si
2658 4159 2843 4207 autem
2890 4150 2993 4207 hoc
3027 4151 3099 4208 de
3139 4152 3315 4209 viduis
3361 4153 3570 4210 dictum

1975 4244 2242 4316 objecerit
2267 4245 2454 4315 [quis]
2486 4252 2691 4314 quanto
2730 4245 2905 4316 magis
2933 4245 3002 4301 de
3030 4246 3325 4318 virginibus
3364 4264 3570 4321 prmvao

1974 4337 2129 4405 lebit,
2174 4353 2300 4392 cum
2344 4336 2514 4392 etiam
2563 4336 2647 4390 his
2674 4353 2786 4393 non
2830 4337 3007 4405 liceat,
3055 4341 3251 4410 quibus
3280 4342 3572 4414 aliquando

1978 4430 2165 4486 licuit?
2192 4430 2442 4503 Virgines
2468 4429 2617 4486 enim
2646 4446 2768 4501 quae
2790 4439 2911 4501 post
2938 4435 3404 4488 consecrationem
3437 4451 3574 4505 nup-

265 4526 529 4584 fraudare
574 4526 832 4591 invicem,
880 4524 985 4580 nisi
1029 4524 1171 4580 forte
1221 4539 1284 4579 ex
1311 4539 1583 4580 consensu
1610 4522 1679 4579 ad
1723 4530 1868 4578 tem-
1899 4551 1950 4615 Β
1980 4524 2149 4580 serint
2170 4540 2281 4580 non
2310 4533 2427 4580 tam
2458 4523 2718 4581 adulterae
2740 4532 2869 4579 sunt
2893 4540 3060 4597 quam
3100 4524 3333 4581 incestae.
3359 4526 3411 4582 Si
3441 4543 3573 4599 ergo

263 4635 389 4692 pus,
420 4628 483 4674 ut
512 4620 715 4675 vacetis
746 4618 980 4673 orationi
1012 4617 1193 4685 (Ibid.
1214 4617 1251 4687 ).
1284 4640 1308 4665 ι
1340 4617 1498 4687 Quod
1542 4616 1614 4671 ita
1652 4616 1873 4687 exponit

264 4716 324 4771 S.
360 4714 732 4785 Hieronymus
763 4712 819 4767 in
850 4711 941 4767 lib.
977 4719 1168 4767 contra
1207 4711 1561 4766 Jovinianum
1588 4716 1735 4779 (cap.
1768 4714 1830 4774 4)
1858 4726 1870 4762 :

269 4818 314 4856 ι’
340 4808 467 4862 Non
494 4806 635 4862 dixit
664 4806 983 4877 Apostolus,
1020 4813 1242 4876 propter
1266 4802 1683 4859 fornicationem
1713 4802 1875 4858 ducat

269 4899 648 4972 unusquisque
695 4915 945 4955 uxorem.
988 4898 1253 4969 Alioquin
1283 4896 1386 4952 hac
1419 4895 1770 4953 excusatione
1808 4895 1871 4951 li-

271 4993 449 5050 bidini
494 4992 652 5049 frena
700 4993 974 5049 laxasset:
1022 5000 1085 5047 ut
1109 4991 1543 5063 quotiescunque
1572 5005 1712 5046 uxor
1748 5006 1874 5046 mo-

270 5088 435 5153 ritur,
480 5088 639 5143 toties
688 5085 932 5142 ducenda
977 5086 1047 5140 sit
1089 5086 1212 5152 alia,
1240 5099 1328 5140 'ne
1373 5082 1731 5139 fornicemur.
1773 5084 1877 5140 Sed

273 5182 653 5253 unusquisque
695 5195 929 5235 uxorem
972 5194 1131 5235 suam
1178 5178 1405 5246 habeat;
1437 5194 1617 5246 suam,
1663 5177 1875 5250 inquit,

276 5274 502 5341 habeat,
550 5289 649 5329 sua
692 5281 880 5329 utatur
928 5289 1096 5345 quam
1144 5272 1397 5339 habebat,
1427 5281 1721 5344 antequam
1760 5287 1880 5327 cre-

278 5370 441 5427 deret
468 5386 669 5441 :quam
702 5369 910 5424 bonum
936 5377 1053 5424 erat
1087 5382 1199 5424 non
1219 5375 1470 5441 tangere;
1498 5374 1553 5423 et
1582 5375 1705 5439 post
1718 5366 1883 5422 ﬁdem

280 5463 507 5531 Christi,
538 5479 790 5520 sororem
818 5470 1031 5519 tantum
1071 5478 1253 5529 nosse,
1281 5478 1395 5518 non
1437 5462 1748 5535 conjugem,
1780 5461 1884 5517 nisi

280 5556 572 5615 fornicatio
600 5565 813 5613 tactum
834 5557 951 5630 ejus
983 5557 1349 5613 excusabilem
1379 5556 1601 5626 faceret,
1633 5564 1736 5612 etc.
1769 5559 1881 5612 No-

280 5652 378 5708 lite
409 5650 661 5707 fraudare
682 5652 918 5707 invicem
942 5650 1045 5707 nisi
1070 5649 1218 5707 forte
1247 5666 1308 5707 ex
1339 5666 1609 5709 consensu
1645 5651 1713 5709 ad
1742 5659 1884 5708 tem-

282 5762 413 5819 pus,
443 5754 506 5801 ut
542 5746 746 5803 vacetis
773 5744 1027 5802 orationi.

362 5862 388 5883 «ι
433 5840 546 5894 Oro
585 5847 661 5906 te,
693 5838 854 5910 quale
890 5838 1024 5896 illud
1045 5838 1257 5895 bonum
1284 5846 1367 5896 est
1393 5839 1542 5911 quod
1570 5855 1729 5896 orare
1761 5856 1883 5912 pros

1982 4618 2259 4689 praedictas
2305 4618 2550 4690 Apostoli
2578 4619 2860 4674 sententiae
2899 4618 3213 4689 hujusmodi
3242 4620 3571 4677 continenti-

1983 4713 2085 4767 bus
2112 4714 2384 4768 carnalem
2429 4712 2682 4783 copulam
2718 4727 2828 4767 non
2869 4712 3197 4781 concedunt,
3229 4723 3432 4787 quanto
3462 4716 3576 4771 mi-

1985 4822 2089 4862 nus
2128 4804 2525 4872 sacerdotibus,
2569 4806 2810 4863 maxime
2848 4822 2976 4863 cum
3008 4807 3113 4864 illae
3154 4807 3473 4881 simpliciter
3506 4809 3575 4865 ad

1984 4898 2381 4956 continentiam
2408 4899 2521 4955 sint
2547 4908 2903 4969 consecratae,
2927 4901 3005 4957 illi
3030 4911 3214 4958 autem
3248 4903 3377 4974 ipsis
3405 4903 3576 4960 conti-

1984 4993 2242 5049 nentibus
2266 4992 2378 5048 sint
2402 4992 2632 5065 praelati,
2660 5002 2713 5050 et
2741 5010 2841 5067 per
2860 4995 3228 5051 venerandam
3255 5012 3451 5054 manus
3470 4998 3576 5053 im-

1986 5087 2340 5160 positionem,
2388 5094 2446 5145 et
2490 5103 2589 5161 per
2629 5088 2965 5146 sacrosancti
3023 5089 3332 5146 chrismatis
3368 5092 3579 5149 unctio-

1987 5198 2112 5238 nem
2125 5222 2141 5238 ο

2062 5278 2323 5333 Praeterea
2351 5277 2501 5333 idem
2554 5277 2850 5349 Apostolus
2895 5274 3030 5351 ipsis
3059 5275 3254 5350 quibus
3298 5274 3580 5351 conjugale

1992 5385 2128 5441 Opus
2151 5385 2405 5427 exercere
2425 5370 2694 5439 concedit,
2717 5371 2923 5428 eisdem
2950 5372 3118 5426 etiam
3149 5369 3419 5428 secundas
3443 5387 3582 5446 nup-

1990 5462 2093 5518 tias
2120 5464 2344 5519 licenter
2370 5464 2509 5519 inire
2546 5465 2834 5535 permittit.
2885 5448 3077 5519 Soluto
3114 5466 3261 5521 enim
3310 5466 3381 5523 ab
3409 5481 3583 5525 uxore

1994 5557 2157 5612 aliam
2186 5556 2383 5612 ducere
2423 5556 2695 5625 concedit,
2742 5564 2796 5611 et
2835 5555 3013 5611 vidua:
3041 5556 3285 5615 nubendi
3314 5560 3583 5617 licentiam

1995 5650 2244 5708 attribuit
2272 5654 2329 5717 (Ι
2346 5650 2464 5708 Cor.
2496 5656 2636 5717 v11).
2657 5649 2979 5705 Nullatenus
2998 5666 3125 5723 ergo
3145 5654 3457 5711 sacerdotes
3480 5653 3583 5709 sub

1995 5744 2340 5817 permissoria
2382 5743 2617 5801 carnalis
2659 5742 2871 5813 copula:
2915 5745 3177 5800 sententia
3224 5745 3584 5818 comprehen-

1996 5839 2105 5907 dit;
2150 5839 2369 5911 quibus,
2423 5839 2477 5893 in
2508 5836 2769 5908 Epistolis
2797 5836 2865 5893 ad
2894 5837 3249 5895 Timotheum
3290 5847 3347 5896 et
3373 5840 3583 5911 Titum,
