4002 6168
184 189 321 242 H25

1093 184 1378 238 APPEND.
1421 183 1505 239 ΠΙ.
1547 213 1619 223 -
1654 182 2075 240 MONUMENTA
2114 183 2577 240 GREGORIANA.

3321 192 3487 247 -1126

180 329 313 385 pum
355 309 628 383 proximi,
670 317 725 366 et
752 309 883 381 ipsis
909 307 1233 365 diaconibus
1256 308 1629 364 indubitanter
1661 318 1791 365 sunt
1819 315 1872 379 Α
1899 326 2097 367 uxores
2126 318 2353 378 vestras,
2400 308 2538 365 sicut
2565 316 2621 364 et
2649 307 2899 366 Christus
2942 311 3239 370 Ecclesiam
3270 317 3487 385 (Ephes.

180 405 498 477 antepositi.
533 398 648 461 Aut
675 404 822 459 enim
848 419 1124 475 nusquam
1154 402 1223 458 de
1251 402 1599 460 ordinatione
1626 420 1778 475 pres-

180 501 493 573 byterorum
533 499 690 567 dixit,
728 506 823 553 aut
865 498 965 553 sub
1000 497 1224 554 nomine
1266 498 1648 569 episcoporum
1685 514 1781 554 eos
1812 490 1815 495 λ

177 594 485 665 descripsit.
510 593 726 649 Scilicet
748 592 1113 664 incongruum
1143 599 1286 647 esset
1306 600 1382 659 ut,
1409 592 1778 664 praetermisso

178 688 465 759 magistro,
499 686 810 741 ministrum
854 686 971 757 ejus
1012 686 1363 753 describeret,
1414 702 1545 741 cum
1591 694 1780 742 tamen

178 782 441 853 magister
485 780 866 837 ecclesiasticis
907 780 1361 852 dispositionibus
1408 780 1586 852 magis
1636 787 1780 837 esset

177 875 538 932 necessarius.
570 878 836 931 Praeterea
857 890 985 929 cum
1014 874 1311 945 Apostolus
1334 874 1457 930 Tito
1482 873 1778 947 praecipiat,

179 978 237 1026 ut
279 986 373 1042 per
406 969 652 1025 civitates
686 968 1037 1040 presbyteros
1065 967 1306 1035 ordinet,
1336 969 1521 1023 statim
1551 984 1679 1024 eum
1708 968 1779 1024 de

177 1063 519 1121 ordinatione
557 1079 748 1118 eorum
788 1059 1090 1117 informans
1130 1061 1403 1117 subinfert
1448 1082 1459 1117 :
1497 1085 1521 1110 α
1553 1063 1782 1133 Oportet

177 1159 497 1230 episcopum
535 1157 649 1212 sine
673 1156 909 1212 crimine
941 1172 1060 1212 esse
1100 1158 1283 1223 abici.)
1327 1180 1351 1203 υ
1398 1156 1551 1211 Idem
1593 1157 1779 1212 Timo-

176 1252 309 1308 theo
338 1252 533 1307 scribit
573 1268 588 1304 :
641 1273 666 1297 ‹‹
700 1249 824 1306 Noli
868 1250 1136 1322 negligere
1180 1250 1413 1321 gratiam
1466 1265 1589 1321 quae
1635 1250 1689 1304 in
1726 1258 1779 1307 te

177 1353 280 1413 est,
312 1361 434 1418 quae
474 1344 603 1400 data
638 1349 719 1400 est
744 1343 841 1399 tibi
880 1359 976 1415 per
1000 1343 1344 1414 prophetiam
1381 1359 1511 1399 cum
1552 1344 1779 1415 imposi-

182 1442 333 1497 tione
362 1455 626 1496 manuum
666 1438 986 1511 presbyterii
1016 1440 1068 1506 (Ι
1108 1439 1242 1492 Tim.
1287 1442 1350 1503 1).
1394 1461 1417 1486 υ
1451 1437 1569 1506 Cui,
1605 1437 1658 1491 in
1685 1453 1776 1493 se-

178 1535 469 1607 quentibus
495 1534 684 1590 statim
705 1532 841 1588 dicit
862 1555 881 1588 :
913 1556 936 1580 «
969 1532 1188 1587 Nemini
1214 1532 1323 1587 cito
1346 1547 1571 1587 manum
1597 1532 1775 1602 impo-

178 1630 347 1687 sueris
379 1633 429 1697 (I
460 1632 596 1684 Tim.
626 1633 705 1697 v),
745 1648 773 1679 »
820 1626 967 1699 quod
1002 1627 1219 1698 proprie
1248 1626 1627 1698 episcoporum
1670 1634 1771 1681 est.

180 1728 322 1797 Ergo
365 1723 623 1779 eumdem
660 1722 975 1793 cpisc0pum
1014 1721 1169 1789 dicit,
1213 1736 1376 1792 quem
1406 1728 1464 1775 et
1501 1720 1778 1792 presbyte-

177 1834 300 1875 rum
346 1816 671 1873 nominavit.
718 1817 809 1872 Sic
853 1814 1043 1870 beatus
1079 1815 1457 1885 Hieronymus
1497 1814 1681 1886 (995),
1727 1823 1779 1870 et

180 1913 234 1969 S.
276 1915 442 1967 Pater
484 1910 815 1966 Ambrosius
857 1908 1150 1980 praedictas
1189 1908 1440 1979 Apostoli
1484 1908 1778 1964 sententias

180 2004 416 2062 ﬁdeliter
450 2012 810 2076 exponentes,
848 2010 1117 2058 testantur
1157 2002 1299 2074 apud
1340 2002 1595 2073 antiquos
1630 2001 1775 2057 idem

181 2100 343 2156 fuisse
377 2099 698 2170 episcopum
730 2108 784 2153 et
816 2096 1215 2169 presbyterum,
1245 2104 1308 2152 ut
1348 2111 1550 2151 nomen
1577 2111 1775 2165 unum,

180 2202 324 2250 esset
358 2193 546 2259 ofﬁcii,
586 2192 730 2249 aliud
759 2192 951 2248 aetatis.
994 2194 1191 2247 Postea
1227 2198 1431 2258 autem,
1476 2198 1536 2245 ut
1574 2190 1774 2245 Hiero-

180 2304 381 2360 nymus
406 2286 620 2354 asserit,
663 2302 791 2342 cum
826 2285 1205 2357 unusquisque
1235 2300 1328 2340 eos
1353 2299 1494 2356 quos
1523 2283 1775 2355 baptiza-

180 2389 330 2437 verat
361 2396 490 2437 suos
520 2396 637 2437 esse
668 2387 904 2451 putaret,
944 2387 1000 2435 et
1031 2395 1145 2434 non
1173 2378 1397 2445 Christi,
1432 2386 1656 2447 propter
1678 2394 1773 2432 au-

178 2474 400 2531 ferenda
446 2473 779 2541 schismata,
820 2472 876 2527 in
915 2480 1033 2527 toto
1079 2470 1364 2527 decretum
1410 2478 1493 2524 est
1537 2469 1668 2525 orbe
1715 2477 1775 2525 ut

174 2584 320 2625 unus
351 2567 420 2624 de
449 2566 780 2639 presbyteris
810 2573 1219 2637 praeponeretur
1246 2563 1474 2631 cmteris,
1507 2561 1580 2619 ad
1611 2578 1773 2634 quem

175 2658 355 2720 amnis
379 2678 507 2718 cura
550 2661 800 2716 Ecclesiae
830 2659 1145 2730 pertineret.

252 2760 382 2813 Post
405 2755 831 2827 descriptionem
865 2763 1053 2810 autem
1078 2751 1315 2824 episcopi
1344 2758 1401 2807 et
1436 2750 1735 2823 presbyteri
1759 2792 1773 2820 ,

184 2859 345 2907 caute
383 2849 681 2922 Apostolus
718 2848 1002 2920 subjungit
1034 2847 1101 2902 de
1129 2844 1448 2902 diaconibus
1474 2846 1547 2899 ita
1591 2844 1774 2900 decer-

179 2960 316 3001 nens
356 2962 370 2999 :
395 2966 417 2991 α
446 2943 723 2999 Diaconos
744 2942 1018 3008 similiter,
1047 2940 1248 2996 scilicet
1276 2947 1514 3011 oportet,
1545 2937 1774 3009 pudicos

175 3054 315 3107 esse,
344 3046 400 3093 et
420 3037 626 3109 reliqua
648 3039 696 3102 (Ι
730 3038 869 3089 Tim.
917 3035 1032 3106 Ill).
1080 3057 1104 3081 ν
1140 3037 1219 3089 Ac
1256 3033 1303 3087 si
1328 3032 1533 3088 diceret
1564 3052 1578 3089 :
1614 3032 1771 3101 Quod

176 3132 247 3189 de
282 3131 547 3203 episcOpis
573 3139 628 3186 et
655 3128 983 3201 presbyteris
1020 3127 1254 3195 decrevi,
1287 3126 1394 3182 hoc
1434 3125 1578 3182 idem
1623 3134 1678 3182 et
1706 3125 1774 3182 de

176 3225 502 3281 diaconibus
530 3239 619 3279 me
648 3222 832 3279 sciatis
864 3221 1186 3278 decrevisse.
1224 3222 1361 3277 Satis
1389 3236 1517 3292 ergo
1547 3219 1775 3275 eviden-

177 3327 263 3375 ter
295 3326 464 3390 patet,
491 3326 551 3374 ut
572 3318 812 3383 aestimo,
840 3316 1161 3387 Apostolum
1188 3315 1248 3369 in
1270 3314 1644 3385 superioribus
1664 3314 1778 3369 suis

175 3411 593 3468 diffinitionibus
635 3411 801 3467 etiam
847 3409 1199 3482 presbyteros
1242 3425 1366 3463 cum
1416 3408 1683 3479 episcopis
1723 3414 1779 3463 et

178 3506 504 3562 diaconibus
535 3503 1045 3576 comprehendisse.
1078 3502 1242 3559 Unde
1270 3511 1325 3557 et
1360 3502 1564 3557 merito
1610 3500 1775 3572 quili-

72 3639 87 3646 -
180 3601 278 3656 bet
303 3615 496 3657 eorum
524 3615 554 3655 a
586 3599 756 3655 sacris
777 3598 976 3654 ofﬁciis
1013 3596 1347 3663 dimovetur,
1371 3595 1678 3666 quicunque
1712 3611 1775 3651 ex

176 3694 290 3750 illis
335 3694 391 3749 in
438 3710 496 3750 se
559 3692 913 3765 apostolicam
958 3690 1411 3747 informationem
1466 3688 1778 3760 corrupisse

178 3788 463 3860 probatur.
508 3789 721 3857 Nempe
762 3785 1065 3857 Apostolus
1100 3792 1329 3841 testatur
1369 3783 1682 3855 episcopos,
1724 3791 1779 3839 et

180 3881 548 3954 presbyteros,
577 3888 633 3935 et
663 3879 931 3937 diaconos
956 3888 1214 3950 oportere
1251 3878 1423 3949 turpis
1454 3877 1589 3933 lucri
1623 3876 1776 3947 cupi-

178 3976 286 4031 dos
307 3991 419 4031 non
449 3991 570 4030 esse
596 3977 726 4040 (Tit.
756 3975 813 4044 ι).
842 3973 1039 4029 Omnis
1067 3980 1253 4027 autem
1280 3971 1626 4027 Simoniacus
1656 3979 1776 4026 tur-

177 4069 397 4141 pissimi
433 4077 487 4123 et
516 4066 886 4123 nefandissimi
925 4065 1057 4121 lucri
1099 4063 1479 4119 indubitanter
1507 4073 1589 4119 est
1621 4066 1776 4133 cupi-

186 4164 313 4220 dus.
351 4164 496 4233 Ergo
541 4162 679 4217 inter
712 4176 899 4216 sacros
928 4158 1147 4215 ordines
1172 4157 1481 4213 nullatenus
1510 4165 1591 4212 est
1619 4172 1775 4213 com-

180 4255 482 4329 putandus,
512 4256 725 4310 scilicet
743 4255 859 4326 jam
890 4252 1099 4309 dudum
1136 4268 1234 4322 per
1269 4251 1626 4322 apostolicam
1655 4266 1778 4306 sen-

179 4333 412 4407 tentiam
478 4350 692 4420 penitus
745 4350 814 4404 ab
844 4347 1048 4403 eisdem
1092 4353 1420 4418 segregatus.
1466 4345 1779 4401 Notandum

1809 1687 1857 1749 B

1889 410 1945 471 ν)
1958 442 1972 455 .
2008 430 2032 453 ι»
2048 405 2215 462 Unde
2230 405 2597 476 Hieronymus
2616 424 2627 459 :
2652 428 2675 453 «
2698 405 2755 459 Si
2771 403 3040 473 Christus,
3059 407 3257 478 inquit,
3278 420 3485 482 sancte,

1888 501 1933 556 si
1977 509 2145 567 caste,
2193 499 2237 555 si
2290 500 2501 571 absque
2550 498 2659 554 ulla
2706 499 2923 555 macula
2953 500 3129 573 diligit
3157 504 3496 574 Ecclesiam,

1887 593 1983 649 viri
2022 610 2242 665 quoque
2288 594 2343 648 in
2372 594 2619 649 castitate
2648 609 2848 649 uxores
2874 609 2997 650 suas
3030 594 3287 667 diligant;
3321 622 3345 646 ι
3393 608 3483 654 et:

1891 710 1914 735 α
1949 687 2095 743 Sciat
2122 688 2495 759 unusquisque
2522 703 2614 743 vas
2651 703 2816 743 suum
2842 688 3118 759 possidere
3167 689 3220 745 in
3248 692 3487 747 sanctiﬁ-

1887 781 2126 849 catione,
2166 790 2222 836 et
2250 781 2483 849 honore,
2514 797 2623 837 non
2664 781 2719 835 in
2748 782 2999 852 passione
3029 783 3307 853 dssiderii,
3347 787 3488 842 sicut

1886 883 1940 932 et
1967 884 2159 948 gentes
2185 891 2307 947 quae
2336 875 2588 946 ignorant
2606 878 2785 931 Deum
2816 878 2863 942 (Ι
2894 878 3070 933 Thess.
3106 880 3209 943 Iv).
3254 903 3277 925 ιι
3308 881 3487 950 Quem

1887 968 2156 1025 honorem
2176 968 2249 1024 ita
2276 968 2668 1040 interpretatur
2687 969 3054 1043 Hieronymus
3082 990 3094 1026 :
3130 994 3155 1020 α
3183 972 3262 1040 Si,
3286 973 3483 1044 inquit,

1886 1062 2222 1119 abstinemus
2248 1079 2352 1119 nos
2394 1079 2426 1119 a
2473 1062 2639 1130 coitu,
2674 1063 2940 1120 honorem
2977 1064 3227 1121 muliebri
3266 1066 3486 1123 vasculo

1886 1158 2206 1226 tribuimus;
2239 1159 2285 1214 si
2332 1175 2442 1215 non
2484 1158 2843 1228 abstinemus,
2884 1160 3238 1232 perspicuum
3265 1170 3349 1219 est
3386 1162 3485 1218 ho--

1885 1253 2010 1309 nori
2036 1254 2369 1309 contrariam
2398 1268 2513 1310 esse
2542 1254 2951 1310 contumeliam.
2996 1278 3022 1304 ν

1956 1348 2225 1403 Praeterea
2259 1347 2439 1402 omnis
2475 1347 2705 1419 populus
2732 1346 2974 1404 ﬁliorum
3006 1349 3178 1406 Israel
3225 1348 3295 1406 ad
3322 1365 3484 1407 mon-

1886 1447 2000 1496 tem
2059 1442 2137 1507 [C.
2178 1443 2243 1497 R.
2301 1441 2450 1508 Sina]
2487 1457 2824 1511 accessurus,
2870 1450 2926 1497 et
2955 1442 3056 1498 Dei
3099 1443 3372 1515 eloquium
3422 1444 3487 1501 de

1886 1533 2183 1606 longinquo
2211 1542 2429 1590 tantum
2468 1534 2773 1601 auditurus,
2818 1535 3001 1592 triduo
3040 1536 3391 1602 sanctiﬁcari,
3432 1547 3489 1594 et

1886 1644 1942 1684 se
1967 1628 2248 1684 continere
2282 1628 2349 1684 ab
2388 1628 2656 1685 uxoribus
2677 1629 2904 1702 jubetur
2934 1633 3132 1697 (Emod.
3166 1637 3318 1699 xxx).
3353 1632 3384 1685 J
3390 1647 3485 1688 ure

1888 1738 2018 1793 ergo
2064 1722 2359 1793 Apostolus
2396 1739 2680 1781 sacrorum
2730 1724 2991 1780 ministris
3034 1725 3484 1781 incontinentiam

1886 1814 2160 1871 interdicit
2192 1816 2271 1886 [0.
2303 1820 2369 1873 R.
2407 1817 2809 1873 continentiam
2838 1818 3080 1891 indixit],
3113 1820 3205 1892 qui
3231 1828 3284 1875 et
3311 1835 3485 1876 saecu-

1888 1908 2093 1966 laribus
2148 1909 2349 1965 debent
2403 1911 2763 1982 praeeminere
2811 1912 2871 1967 in
2916 1913 3164 1968 castitate
3219 1914 3380 1985 :qui,
3431 1922 3486 1968 et

1885 2001 2052 2073 ipsius
2103 2003 2329 2074 Spiritus
2384 2004 2555 2059 sancti
2604 2004 2933 2060 locutorium
2976 2005 3190 2073 effecti,
3240 2006 3485 2077 quotidie

1887 2096 2190 2151 Dominum
2211 2113 2310 2168 pro
2332 2097 2531 2168 populo
2551 2097 2754 2153 debent
2775 2098 3136 2169 interpellare.
3163 2099 3485 2172 Quicunque

1884 2204 2013 2260 ergo
2040 2189 2241 2244 horum
2270 2189 2610 2245 incontinens
2638 2206 2757 2245 esse
2785 2189 3073 2262 detegitur,
3100 2191 3167 2246 ab
3195 2191 3312 2263 ipso
3335 2199 3484 2264 Apo-

1884 2282 2025 2338 stolo
2055 2283 2218 2338 sacris
2246 2284 2533 2339 ordinibus
2564 2283 2824 2339 interesse
2850 2283 3196 2355 prohibetur,
3230 2301 3356 2340 cum
3388 2302 3486 2358 per

1884 2376 2336 2432 incontinentiam
2365 2376 2678 2447 apostolicae
2701 2377 3038 2433 institutioni
3066 2378 3309 2449 seipsum
3354 2380 3483 2436 sub-

1887 2471 2116 2525 traxisse
2142 2470 2407 2526 videatur.
2432 2473 2575 2526 Nam
2596 2471 2741 2541 quod
2768 2474 3062 2542 Apostolus
3081 2471 3234 2543 dicit,
3267 2496 3292 2521 «
3328 2474 3487 2531 unius

1883 2563 2070 2619 uxoris
2112 2564 2321 2631 virum,
2371 2588 2395 2610 ν
2438 2565 2593 2635 juxta
2624 2564 3035 2621 attestationem
3080 2567 3177 2621 SS.
3224 2570 3484 2638 Patrum,

1883 2664 2012 2713 ante
2040 2656 2445 2712 ordinationem
2485 2665 2724 2722 tantum,
2752 2673 2866 2712 non
2896 2666 3021 2730 post
3054 2658 3253 2729 ipsam,
3281 2667 3363 2715 est
3389 2661 3483 2715 in-

1879 2749 2260 2822 telligendum.
2289 2748 2452 2806 Unde
2482 2752 2537 2806 S.
2561 2750 2861 2821 Cyprianus
2886 2750 2941 2805 in
2973 2752 3067 2805 lib.
3098 2753 3180 2806 De
3211 2766 3305 2807 xu
3338 2753 3481 2809 abu-

1879 2844 2127 2900 siouibus
2145 2843 2306 2914 (996),
2326 2843 2459 2898 dicit
2480 2866 2503 2890 ιι
2526 2842 2678 2914 quod
2688 2841 2807 2898 talis
2823 2858 2942 2899 esse
2959 2842 3157 2899 debeat
3172 2845 3481 2916 episcOpus,

1880 2947 1942 2993 ut
1970 2946 2095 2993 ante
2119 2938 2494 3008 episc0patum
2514 2952 2684 2992 unam
2711 2944 2933 2991 tantum
2956 2953 3185 3007 uxorem
3206 2937 3481 3011 habuerit,

1886 3047 1996 3087 non
2020 3033 2220 3103 plures.
2254 3055 2280 3080 ν
2305 3031 2470 3089 Unde
2490 3039 2545 3087 et
2563 3032 2620 3087 S.
2651 3031 3023 3102 Hieronymus
3044 3031 3101 3086 in
3125 3033 3485 3104 Apologetico

1884 3125 1953 3182 ad
1972 3126 2388 3182 Pammachium
2412 3143 2426 3179 :
2452 3125 2776 3197 «Episcopi,
2794 3124 3111 3197 presbyteri,
3132 3125 3370 3190 diaconi,
3390 3136 3485 3184 aut

1887 3220 2121 3291 virgines
2148 3220 2442 3290 eliguntur,
2474 3227 2567 3273 aut
2612 3218 2783 3287 vidui;
2833 3221 2914 3276 vel
2946 3227 3093 3275 certe
3134 3229 3258 3292 post
3299 3236 3481 3276 sacer-

1885 3313 2101 3369 dotium
2119 3314 2179 3385 in
2194 3323 2466 3369 mternum
2489 3312 2694 3384 pudici.
2722 3336 2748 3362 ιο
2774 3316 2936 3380 Item,
2961 3312 3153 3369 beatus
3171 3314 3483 3381 Zacharias,

1885 3409 1966 3461 vir
1988 3407 2332 3477 {apostolicus
2353 3405 2601 3463 scribens
2627 3406 2694 3462 ad
2721 3408 2776 3463 S.
2805 3406 3154 3463 Bonifacium
3186 3408 3484 3479 Maguntia-

1885 3516 2101 3556 censem
2150 3500 2624 3572 archiepiscopum
2655 3503 2830 3571 (epist.
2886 3498 2937 3571 Ἰ)
2963 3540 2978 3567 ,
3040 3501 3113 3556 ita
3164 3501 3409 3558 decrevit
3465 3523 3477 3559 :

1889 3618 1913 3645 α
1946 3597 2107 3665 Cum,
2139 3595 2336 3666 inquit,
2370 3603 2463 3650 tua
2500 3592 2811 3652 fraternitas
2858 3594 2912 3649 in
2958 3594 3193 3651 concilio
3225 3598 3479 3667 (Mogun-

1883 3688 2024 3756 tino)
2069 3688 2384 3745 consederit
2426 3703 2554 3744 cum
2584 3687 2996 3757 (Carlomanno)
3025 3689 3483 3745 excellentissimo

1886 3783 2023 3851 viro,
2055 3783 2100 3837 si
2144 3798 2281 3853 quos
2324 3782 2587 3852 repererit
2619 3782 2927 3853 episcopos,
2976 3782 3351 3855 presbyteros,
3386 3792 3482 3839 aut

1885 3874 2165 3943 diaconos,
2198 3884 2383 3931 contra
2407 3890 2648 3931 canones
2679 3875 2762 3930 vel
2791 3883 2995 3931 statuta
3026 3877 3254 3931 Patrum
3295 3892 3479 3933 exces-

1885 3970 2039 4038 sisse,
2072 3970 2125 4026 id
2153 3978 2253 4033 est,
2295 3969 2354 4025 in
2392 3969 2689 4037 adulterio;
2725 3970 2825 4037 vel,
2857 3970 2899 4024 si
2929 3969 3112 4040 plures
3157 3985 3355 4025 uxores
3389 3970 3484 4027 ha-

1885 4063 2155 4131 buerunt;
2186 4072 2278 4119 aut
2303 4062 2345 4118 si
2374 4063 2693 4134 sanguinem
2735 4062 3201 4134 Christianorum,
3236 4063 3351 4118 sive
3381 4080 3478 4135 pa-
3554 4084 3557 4087 ·

1884 4171 2171 4227 ganorum,
2194 4154 2508 4211 effuderunt
2530 4157 2611 4209 vel
2640 4157 2805 4210 etiam
2830 4156 2954 4211 aliis
2978 4156 3250 4228 capitulis,
3283 4157 3482 4228 quibus

1888 4248 2186 4304 canonibus
2225 4248 2470 4303 obviasse
2514 4249 2779 4315 repererit
2834 4257 2928 4304 tua
2979 4251 3271 4319 sanctitas,
3334 4251 3481 4306 nulla

1888 4343 2099 4399 ratione
2122 4342 2420 4414 apostolica
2451 4341 2777 4397 auctoritate
2812 4341 3095 4411 permittat
3128 4347 3261 4411 [eos]
3296 4359 3477 4400 sacer-

172 4452 390 4511 autem,
422 4443 467 4500 si
508 4444 812 4515 neophytus
856 4442 997 4497 inter
1030 4456 1216 4497 sacros
1244 4439 1466 4496 ordines
1490 4456 1604 4495 non
1641 4440 1779 4495 reci-
1809 4449 1863 4516 Ι)
1890 4436 2037 4494 dotio
2066 4435 2232 4508 fungi,
2257 4436 2387 4507 quia
2420 4435 2554 4491 tales
2587 4451 2617 4489 a
2643 4450 2742 4490 suo
2765 4434 2983 4506 proprio
3011 4450 3105 4490 ore
3141 4434 3276 4491 falso
3297 4438 3480 4493 nomi-

176 4538 350 4611 pitur,
382 4538 471 4609 qui
506 4546 687 4593 tamen
726 4536 865 4592 inter
903 4535 1068 4591 laicos
1099 4550 1254 4605 posse
1289 4534 1485 4590 salvari
1512 4534 1772 4602 creditur,

174 4637 392 4701 quanto
412 4629 583 4701 magis
604 4629 729 4684 inde
749 4636 875 4684 sunt
895 4628 1215 4701 segregandi
1240 4627 1444 4697 cupidi,
1471 4628 1581 4683 sive
1606 4628 1770 4694 avari,

172 4723 277 4796 qui
334 4730 461 4779 sunt
510 4722 788 4779 idolorum
841 4722 1003 4789 servi,
1057 4721 1168 4793 qui,
1220 4721 1375 4793 juxta
1422 4722 1774 4791 Apostolum,

172 4816 498 4873 nullatenus
537 4816 740 4873 habent
779 4815 1149 4872 haereditatem
1193 4815 1251 4870 in
1294 4829 1463 4886 regno
1503 4814 1697 4871 Christi
1725 4820 1778 4871 et

172 4910 286 4967 Dei
314 4911 526 4982 (Ephes.
560 4913 619 4979 v)
644 4913 665 4965 Ρ

251 5006 393 5060 Item
440 5006 723 5077 apostolus
766 5003 1013 5076 praecipit
1042 5002 1095 5058 in
1125 5000 1522 5074 superioribus,
1553 5011 1614 5059 ut
1657 5003 1773 5075 epi-

169 5098 358 5170 scopi,
387 5097 707 5170 presbyteri,
747 5096 965 5154 diaconi
994 5097 1108 5151 sint
1155 5096 1354 5168 pudici,
1386 5095 1440 5153 id
1480 5104 1565 5152 est
1591 5097 1768 5152 conti—

168 5200 395 5250 nentes.
437 5194 551 5248 Nec
579 5193 805 5258 mirum,
850 5207 977 5247 cum
1003 5199 1055 5246 et
1095 5190 1261 5247 laicos
1287 5189 1355 5246 ad
1384 5190 1773 5247 continentiam

166 5287 433 5344 hortetur
460 5286 647 5343 dicens
677 5303 691 5340 :
729 5309 749 5334 ει
786 5286 923 5341 Volo
950 5293 1135 5339 autem
1173 5284 1428 5340 homines
1457 5300 1592 5353 esse,
1632 5284 1775 5341 sicut

166 5396 270 5437 me
312 5381 492 5450 ipsum
521 5383 571 5446 (Ι
598 5382 718 5435 Cor.
758 5384 877 5446 vn),
920 5402 944 5427 ι)
976 5378 1162 5446 utique
1199 5379 1552 5435 continentes.
1593 5379 1770 5436 Item:

173 5492 202 5519 α
239 5469 535 5541 Reliquum
589 5476 693 5536 est,
736 5478 795 5523 ut
818 5476 873 5522 et
898 5467 989 5539 qui
1019 5465 1225 5523 habent
1270 5481 1488 5535 uxores,
1516 5477 1775 5541 tanquam

1264 5574 1277 5611 :
1315 5580 1339 5604 «ι
1385 5556 1532 5629 Viri,
1570 5558 1777 5631 diligite

248 5685 411 5757 (ῼ95)Δ
429 5686 512 5757 De
551 5682 657 5739 hoc
694 5681 842 5739 dicto
879 5682 936 5739 S.
977 5682 1127 5739 Hier.
1161 5681 1277 5754 lege
1306 5683 1645 5757 Bellarmin.,
1676 5685 1771 5743 lib.

159 5754 239 5811 de
268 5754 515 5823 Clericis,
547 5770 667 5826 cap.
696 5758 781 5811 15.

164 5574 293 5615 non
335 5557 604 5615 habentes
631 5558 741 5612 sint
768 5558 970 5622 (10211.).
1008 5579 1032 5605 ι
1077 5558 1219 5611 Item

1880 4539 2080 4588 nantur
2106 4529 2431 4597 sacerdotes,
2465 4538 2519 4585 et
2546 4528 2759 4600 pejores
2786 4544 2847 4583 ac
2874 4528 3171 4585 deteriores
3198 4531 3478 4587 saeculari-

1883 4628 1987 4683 bus
2016 4641 2134 4682 esse
2159 4632 2483 4691 noscuntur,
2515 4622 2604 4693 qui
2648 4638 2705 4677 se
2733 4638 2915 4693 neque
2942 4638 2971 4677 a
2998 4622 3477 4696 fornicationibus,

1885 4735 2060 4791 neque
2082 4734 2113 4774 a
2138 4717 2362 4773 nefariis
2382 4715 2748 4772 matrimoniis
2776 4716 3069 4783 abstinent,
3095 4734 3271 4791 neque
3292 4719 3360 4776 ah
3382 4720 3479 4777 ho-

1885 4815 2101 4871 minum
2129 4811 2406 4884 sanguinis
2433 4809 2699 4866 effusione
2724 4826 2921 4867 manus
2959 4821 3179 4868 servant
3209 4815 3475 4871 innoxias.

1887 4907 2089 4977 Quales
2130 4922 2192 4962 se
2219 4920 2335 4961 esse
2359 4903 2672 4961 sacerdotes
2710 4904 3046 4974 existimant,
3074 4912 3168 4962 aut
3200 4907 3330 4978 quid
3353 4908 3479 4966 inde

1886 5001 2151 5069 sentiunt,
2168 5000 2379 5056 dicente
2397 5003 2514 5055 Deo
2544 5018 2558 5055 :
2578 4998 2905 5056 Sacerdotes
2921 5002 3032 5057 mei
3052 5002 3216 5057 semel
3231 5000 3479 5060 nubant?

1888 5099 1956 5152 Et
1980 5094 2278 5168 Apostolus
2321 5115 2333 5150 :
2387 5093 2571 5151 Unius
2597 5093 2789 5150 uxoris
2826 5095 3032 5165 virum,
3062 5103 3117 5150 et
3156 5102 3375 5151 caetera.
3410 5099 3479 5152 Et.

1884 5190 1987 5247 hoc
2003 5198 2130 5246 ante
2147 5195 2465 5260 susceptum
2485 5188 2858 5245 sacerdotium
2886 5190 2962 5245 uti
2982 5188 3190 5243 licitum
3211 5195 3309 5243 est.
3334 5190 3477 5255 Nam

1885 5301 1915 5340 a
1944 5284 2038 5341 die
2062 5282 2299 5354 suscepti
2320 5281 2613 5339 sacerdotii
2637 5283 2805 5339 etiam
2825 5283 2894 5338 ab
2918 5282 3034 5352 ipso
3052 5280 3271 5350 proprio
3294 5280 3479 5354 conju-

1886 5378 1975 5450 gio
2010 5376 2337 5448 prohibendi
2368 5384 2517 5432 sunt.
2552 5398 2577 5426 »
2615 5376 2779 5433 Unde
2803 5383 2859 5431 et
2887 5374 3249 5445 Hieronymus
3273 5374 3342 5432 ad
3392 5379 3481 5433 Vi-

1886 5469 2183 5542 gilantium‘
2204 5468 2451 5525 scribens
2489 5476 2721 5524 testatur
2752 5488 2766 5525 :
2796 5490 2821 5515 α
2852 5464 3111 5521 Ecclesiae
3134 5468 3404 5538 Orientis,
3429 5479 3480 5526 et

1886 5558 2139 5631 Egypti,
2193 5568 2248 5616 et
2291 5558 2589 5631 apostolica
2620 5554 2947 5621 sedes,‘aut
2986 5554 3219 5627 virgines
3255 5559 3480 5617 clericos

1958 5688 2101 5753 (996)
2133 5684 2235 5742 Hic
2260 5684 2400 5741 liber
2427 5697 2540 5736 non
2564 5686 2815 5734 censetur
2841 5680 2897 5735 S.
2928 5679 3206 5751 Cypriani.
