4052 6180
605 255 742 308 H27

1605 252 1696 305 AD
1737 249 1964 306 OPERA
2002 249 2059 306 S.
2101 246 2421 306 GREGORII
2458 248 2897 305 APPENDICES.

3685 262 3781 315 “‘28

595 377 894 451 accipiunt,
927 386 1023 435 aut
1045 377 1414 444 continentes;
1439 381 1551 445 aut,
1584 374 1627 432 si
1653 391 1851 433 uxores
1874 375 2190 444 habuerint,
2219 380 2274 443 Α
2299 375 2631 448 nuptiarum,
2672 382 2734 431 ut
2760 373 2908 431 idem
2931 372 3044 429 sint
3067 372 3314 447 virgines,
3344 374 3478 447 quod
3500 378 3678 447 mariti;
3700 392 3783 454 aut,

599 472 781 530 mariti
810 487 926 530 esse
954 471 1242 528 desistunt.
1274 493 1299 519 ››
1334 468 1627 541 Quomodo
1665 469 1812 526 enim
1848 469 2001 542 juxta
2032 486 2193 527 eum-

598 568 727 623 dem
762 565 1112 638 Apostolum,
1154 572 1217 620 ut
1253 564 1577 638 praedictum
1606 572 1710 633 est,
1742 580 1801 621 se
1826 565 2188 634 continerent,

595 663 643 717 si
685 676 811 717 cum
855 659 1175 733 conjugibus
1218 659 1677 717 incontinentiam
1720 675 1973 717 exercere
2026 658 2193 716 debe-

598 762 745 825 rent;
795 770 942 828 quae,
982 754 1111 827 quia
1155 755 1428 812 contraria
1472 763 1621 822 sunt,
1671 754 1978 811 nullatenus
2026 754 2209 811 simul-

593 863 711 906 esse
736 856 966 923 possunt
985 847 1017 907 ῗ

668 966 774 1025 Sed
810 975 867 1024 et
892 967 981 1023 hic
1015 965 1306 1039 diligenter
1340 962 1742 1038 inspiciendum
1786 964 1935 1038 quod
1962 966 2195 1038 Aposto-

597 1064 681 1119 lus
711 1062 939 1135 jusserit
983 1060 1107 1133 eligi
1153 1060 1222 1117 ad
1250 1060 1641 1131 sacerdotium,
1672 1076 1783 1116 non
1818 1060 1914 1133 qui
1944 1060 2067 1133 jam
2097 1076 2194 1132 per

594 1155 1045 1213 incontinentiam
1071 1154 1215 1211 ﬁlios
1235 1162 1539 1227 generaret,
1569 1154 1662 1211 sed
1690 1153 1783 1226 qui
1808 1152 2019 1210 dudum
2047 1153 2192 1209 ﬁlios

594 1250 814 1308 adultos
837 1258 893 1307 et
917 1248 1058 1305 bene
1087 1249 1327 1305 nutritos
1358 1247 1656 1304 habuisset.
1686 1249 1831 1304 Nota
1858 1256 2043 1304 autem
2063 1264 2189 1321 apo-

594 1345 795 1401 stolum
845 1342 1221 1399 inobedientes
1249 1350 1303 1399 et
1345 1342 1667 1413 vaniloquos
1704 1342 2010 1399 nullatenus
2046 1343 2192 1397 inter

594 1453 783 1495 sacros
815 1436 1035 1494 ordines
1077 1444 1451 1510 computasse;
1494 1436 1606 1492 imo
1636 1436 1839 1508 peritos
1878 1435 2192 1492 sacerdotes

593 1533 853 1590 constitui
903 1532 1218 1605 praecepisse
1265 1530 1337 1588 ad
1385 1531 1486 1588 hos
1512 1531 1698 1603 utique
1745 1531 2051 1604 arguendos
2097 1532 2189 1604 qui

594 1629 874 1684 universas
925 1626 1122 1683 domos
1174 1626 1531 1693 subvertunt,
1587 1625 1848 1683 docentes
1907 1641 2030 1698 qua:
2076 1641 2190 1682 non

590 1730 827 1795 oportet,
859 1721 1031 1793 turpis
1057 1721 1191 1777 lucri
1234 1721 1441 1793 gratia;
1483 1735 1621 1792 quos
1650 1720 1819 1776 etiam
1845 1718 1981 1777 dure
2010 1720 2190 1777 incre-

2300 471 2343 526 si
2373 462 2742 527 sacerdotibus
2769 482 2970 525 uxores
2996 482 3107 525 non
3139 467 3264 525 licet
3293 476 3517 542 tangere,
3545 473 3595 528 in
3625 489 3676 530 eo
3696 491 3785 532 san-

2299 565 2370 621 cti
2397 574 2547 633 sunt,
2580 564 2712 638 quia
2736 563 3025 620 imitantur
3053 561 3362 635 pudicitiam
3389 564 3679 637 virginalem.
3706 570 3783 626 Sed

2299 668 2353 716 et
2390 660 2495 716 hoc
2539 657 2892 716 inferendum
2925 680 2945 715 :.
2988 658 3045 714 Si
3070 657 3236 714 laicus
3280 667 3332 714 et
3369 660 3643 732 quicunque
3664 662 3788 720 ﬁdelis

2300 769 2457 811 orare
2485 769 2594 811 non
2618 761 2815 827 potest,
2845 752 2951 809 nisi
2981 759 3161 809 careat
3194 753 3277 819 [G.
3305 757 3366 809 Η.
3393 763 3530 810 vacet
3561 755 3636 824 ab]
3656 756 3788 811 ofﬁcio

2299 848 2595 921 coniugali,
2621 847 2908 916 sacerdoti,
2927 846 3017 905 cui
3033 862 3249 919 semper
3267 863 3361 919 pro
3382 847 3563 920 populo
3578 847 3789 906 offerenda

2298 943 2583 1012 sacriﬁcia,
2615 958 2830 1016 semper
2856 942 3123 1000 orandum
3153 950 3255 999 est.
3291 942 3344 999 Si
3368 958 3563 1016 semper
3586 944 3789 1001 orandum

2300 1047 2409 1108 est;
2439 1055 2571 1112 ergo
2600 1054 2817 1110 semper
2844 1037 3140 1095 carendum
3169 1035 3521 1093 matrimonio.
3552 1039 3666 1092 Nam
3696 1045 3735 1092 et
3755 1039 3792 1093 in

2300 1134 2465 1190 veteri
2496 1134 2629 1206 lege,
2666 1134 2761 1206 qui
2791 1149 2887 1205 pro
2926 1132 3127 1204 populo
3169 1132 3372 1188 hostias
3405 1131 3684 1200 offerebant,
3707 1148 3788 1189 non

2298 1230 2478 1287 solum
2516 1229 2573 1285 in
2594 1228 2853 1286 domibus
2891 1228 3003 1284 suis
3029 1243 3145 1283 non
3184 1235 3359 1297 erant,
3387 1228 3474 1284 sed
3499 1228 3641 1285 etiam
3662 1228 3795 1300 puriﬁ-

2298 1323 2581 1391 cabantur,
2613 1323 2681 1379 ab
2705 1322 2966 1378 uxoribus
2988 1322 3223 1394 separati
3251 1330 3305 1377 et
3335 1321 3510 1377 vinum
3544 1329 3592 1377 et
3621 1322 3793 1378 siceram

2297 1434 2409 1474 non
2439 1418 2703 1475 bibebant
2732 1421 2872 1484 (Leo.
2899 1417 2960 1489 χ)
2995 1432 3118 1489 quae
3151 1416 3325 1473 solent
3351 1414 3605 1471 libidinem
3652 1429 3795 1486 provo-

2297 1530 2440 1571 care.
2484 1512 2769 1587 Eliguutur
2810 1512 2990 1567 mariti
3030 1511 3086 1566 in
3130 1510 3507 1568 sacerdotium.
3555 1512 3655 1566 Non
3694 1524 3793 1580 nego

2299 1608 2424 1681 quia
2455 1622 2569 1662 non
2597 1615 2728 1663 sunt
2769 1605 2902 1661 tanti
2943 1604 3174 1677 virgines
3213 1605 3395 1677 quanti
3435 1610 3553 1661 sunt
3578 1601 3793 1659 necessarii

2299 1701 2625 1759 sacerdotes.
2658 1698 2968 1772 Numquid,
3016 1699 3141 1771 quia
3185 1699 3243 1755 in
3270 1698 3503 1755 exercitu
3536 1696 3793 1753 fortissimus

589 1792 706 1891 pari
729 1818 908 1890 jubet,
939 1792 1009 1873 ne
1043 1792 1284 1874 Judaicis
1310 1815 1512 1874 fabulis
1545 1816 1837 1873 intendant
1860 1824 1914 1873 et
1950 1815 2184 1873 manda-
2219 1797 2268 1863 Β
2297 1797 2524 1891 quisqui?
2565 1794 2845 1867 eligendus
2881 1802 2999 1863 θεῖν
3049 1792 3250 1891 {ddito
3296 1808 3408 1850 ηοη
3440 1798 3732 1891 “summitur
3759 1797 3794 1891 ff

586 1914 655 1969 tis
698 1912 992 1969 hominum
1027 1912 1401 1969 aversantium
1451 1912 1834 1978 [avertentium
1864 1914 1943 1979 se]
1971 1927 2000 1967 a
2040 1910 2187 1967 veri-

590 2015 721 2063 tate.
754 2010 836 2065 Ut
857 2007 956 2075 illi,
987 2006 1076 2078 qui
1099 2007 1259 2078 juxta
1285 2005 1611 2061 mandatum
1643 2006 1790 2062 Pauli
1822 2005 2184 2073 Samosateni,

590 2102 706 2156 sive
752 2101 980 2155 Ebionis
1036 2099 1325 2155 Iudaicam
1364 2098 1819 2154 incontinentiam
1865 2099 2188 2156 Christianis

588 2192 965 2251 sacerdotibus
993 2191 1156 2248 licere
1183 2191 1578 2264 dogmatizant.

659 2312 805 2382 Quid
842 2327 970 2384 ergo
1017 2310 1247 2380 mirum,
1279 2310 1323 2367 si
1364 2319 1419 2366 et
1463 2318 1653 2367 noster
1694 2311 2026 2383 apostolicus
2078 2313 2188 2371 hu-

579 2405 826 2478 jusmodi
854 2404 1239 2461 inobedientes
1279 2420 1311 2460 a
1350 2419 1507 2461 sacro
1545 2403 1727 2461 ofﬁcio
1765 2406 2016 2471 dimovit,
2049 2424 2188 2479 quos

585 2507 639 2555 et
683 2498 981 2571 Apostolus
1019 2498 1156 2554 dure
1197 2498 1487 2570 increpari,
1532 2514 1641 2555 non
1688 2500 1854 2555 sacris
1898 2500 2187 2557 ordinibus

586 2592 935 2649 adnumerari
977 2590 1261 2648 decrevit?
1289 2593 1522 2649 Videsne
1550 2593 1719 2664 igitur
1741 2609 1910 2665 quam
1954 2595 2184 2651 inevita—

586 2687 768 2743 biliter
811 2686 921 2742 sint
950 2685 1290 2742 observanda
1318 2685 1493 2743 nostri
1521 2687 1775 2760 Gregorii
1808 2695 2032 2757 statuta,
2064 2705 2187 2761 qua:

586 2798 617 2836 a
664 2780 1045 2837 sacratissimo
1092 2779 1240 2836 fonte
1280 2781 1688 2851 Scripturarum
1734 2781 1982 2839 videmus
2042 2783 2186 2839 deri-

585 2883 727 2931 vata.

655 2990 950 3047 Sciendum
980 2997 1169 3046 autem
1196 2990 1532 3062 Apostolum
1557 2990 1907 3048 constituisse
1931 2999 1995 3048 ut
2028 2992 2183 3049 ordi-

583 3084 776 3155 nandi,
818 3085 929 3141 sive
959 3084 1217 3150 ordinati,
1255 3084 1369 3139 sine
1408 3085 1641 3142 crimine
1682 3094 1883 3156 essent,
1912 3102 2024 3143 non
2067 3087 2183 3144 sine

584 3187 825 3252 peccato.
863 3181 1003 3234 Nam
1046 3179 1101 3233 in
1128 3178 1335 3233 mundo
1364 3178 1570 3248 nullus,
1593 3179 1751 3250 juxta
1788 3180 2182 3252 Augustinum,

584 3274 822 3344 exceptis
841 3272 1081 3345 parvulis
1101 3271 1410 3343 baptizatis,
1428 3272 1543 3328 sine
1563 3282 1786 3345 peccato
1806 3282 2178 3344 conversatur,

580 3375 873 3424 attestante
919 3366 1039 3438 ipso
1068 3364 1424 3422 dilectissimo
1454 3366 1684 3422 Domini
1731 3370 1944 3424 Joanne
1988 3387 2002 3424 :
2055 3391 2082 3418 α
2122 3369 2179 3425 Si

580 3462 913 3528 dixerimus,
970 3460 1187 3532 inquit,
1237 3459 1359 3531 quia
1399 3468 1685 3531 peccatum
1726 3477 1838 3517 non
1878 3461 2175 3531 habemus,

581 3556 683 3626 ipsi
726 3571 828 3611 nos
876 3553 1224 3621 seducimus,
1276 3561 1331 3609 et
1383 3554 1580 3610 veritas
1627 3555 1684 3610 in
1720 3556 1879 3612 nobis
1922 3572 2038 3613 non
2092 3564 2179 3613 est

579 3652 627 3715 (Ι
662 3652 813 3704 Joan.
867 3653 931 3714 1).
982 3670 1007 3696 ο
1051 3650 1213 3715 Item,
1245 3647 1408 3703 frater
1452 3648 1697 3712 Domini,
1723 3648 2006 3708 Jacobus:
2055 3674 2081 3699 ι
2115 3653 2179 3705 In

580 3741 769 3796 multis
814 3740 960 3795 enim
1006 3739 1338 3797 offendimus
1380 3755 1571 3798 omnes
1613 3744 1747 3809 (Jac.
1782 3746 1901 3813 ιιι).
1956 3767 1982 3793 ιο
2016 3744 2177 3800 Multi

576 3841 762 3889 autem
790 3833 904 3889 sine
932 3833 1163 3889 crimine
1190 3834 1550 3904 reperiuntur.
1594 3834 1756 3891 Unde
1795 3840 1857 3892 Β.
1909 3839 2177 3910 Augusti-

492 3960 495 3961 ν
577 3942 680 3982 nus
705 3927 760 3982 in
802 3933 1041 3981 tractatu
1068 3932 1131 3981 61
1167 3942 1331 3997 super
1358 3929 1724 3998 Evangelium
1750 3930 1978 3985 Joannis
2003 3939 2172 3988 testa-

576 4028 668 4075 tur
701 4038 717 4076 :
751 4041 778 4069 ι
805 4018 1018 4075 Scilicet
1038 4018 1198 4090 plane
1224 4019 1387 4073 multi
1410 4018 1546 4089 justi
1579 4018 1714 4075 dicti
1745 4030 1874 4077 sunt
1896 4022 2017 4078 sine
2041 4039 2173 4095 que-

575 4114 712 4195 rela,
764 4112 917 4187 quod
968 4112 1282 4184 intelligitur
1328 4111 1445 4168 sine
1487 4114 1742 4170 crimine.
1792 4115 1952 4171 Nulla
2005 4117 2181 4176 etiam

503 4211 507 4215 ’
574 4207 796 4279 querela
814 4206 963 4279 justa
993 4214 1079 4263 est
1101 4206 1168 4263 de
1189 4206 1299 4274 his,
1343 4206 1400 4262 in
1426 4207 1592 4264 rebus
1623 4207 1902 4279 humanis,
1931 4210 2025 4283 qui
2061 4227 2172 4267 non

576 4302 781 4359 habent
818 4301 1046 4357 crimen.
1094 4302 1319 4357 Crimen
1367 4317 1495 4358 vero
1541 4311 1627 4359 est
1676 4311 1965 4376 peccatum
2007 4321 2170 4378 grave

572 4396 916 4452 accusatione
950 4403 1005 4451 et
1032 4394 1383 4452 damnatione
1410 4395 1815 4467 dignissimum.
1858 4422 1884 4447 ι
1922 4400 2031 4468 Qui
2069 4400 2170 4472 igi-

571 4500 665 4547 tur
686 4499 803 4548 tam
832 4504 993 4563 grave
1017 4489 1298 4547 admiserit
1327 4498 1632 4562 peccatum,
1659 4491 1807 4562 iuxta
1836 4494 2167 4564 Apostolum

571 4600 792 4641 sacrum
834 4584 1084 4640 ordinem
1125 4584 1377 4640 obtinere
1417 4599 1531 4639 non
1573 4584 1814 4642 debebit.
1864 4588 1944 4642 Ut
1984 4594 2165 4643 autem
2194 4581 2245 4645 D

572 4679 689 4734 haec
720 4678 1016 4749 apostolica
1058 4678 1329 4735 institutio
1374 4677 1444 4734 de
1484 4678 1655 4735 sacris
1691 4678 1973 4735 ordinibus
2007 4680 2167 4737 nobis

573 4770 879 4828 evidentior
924 4770 1053 4837 ﬁat,
1097 4771 1243 4827 beati
1292 4772 1609 4844 Hieronymi
1657 4773 2053 4845 expositionem
2082 4791 2172 4831 su-

572 4881 669 4938 per
709 4862 961 4920 eamdem
1001 4864 1349 4921 considerare
1394 4882 1505 4921 non
1549 4866 1767 4939 pigeat,
1810 4868 1908 4941 qui
1950 4885 2072 4924 eam
2112 4870 2170 4925 in

572 4959 711 5016 libro
753 4965 941 5014 contra
980 4957 1335 5015 Jovinianum
1379 4966 1530 5032 (cap.
1577 4966 1643 5017 19
1683 4967 1735 5017 et
1775 4966 1874 5028 20)
1917 4962 1992 5019 ita
2019 4962 2168 5020 dilu-

570 5052 720 5109 cidat
749 5071 763 5109 :

642 5172 786 5228 CAP.
811 5170 970 5226 XVI.
1001 5191 1025 5219 ι
1054 5167 1164 5226 Sed
1187 5176 1244 5225 et
1260 5168 1377 5240 ipsa
1400 5168 1720 5241 episcopalis
1743 5169 1931 5226 electio
1945 5185 2165 5229 mecum

569 5264 717 5323 facit.
761 5265 885 5322 Non
933 5264 1083 5320 enim
1119 5262 1252 5320 dicit
1287 5263 1519 5334 eligatur
1545 5262 1847 5335 episcopus,
1876 5264 1965 5337 qui
1993 5281 2164 5323 unam

569 5359 715 5417 ducit
743 5373 981 5415 uxorem
1021 5367 1077 5414 et
1116 5357 1261 5414 ﬁlios
1286 5354 1437 5423 facit,
1470 5355 1567 5412 sed
1595 5355 1688 5429 qui
1718 5373 1886 5414 unam
1915 5358 2164 5416 habuerit

570 5467 799 5508 uxorem
826 5461 883 5508 et
920 5451 1064 5508 ﬁlios
1105 5453 1161 5508 in
1190 5451 1342 5508 omni
1371 5449 1616 5507 subditos
1658 5450 1961 5524 disciplina.
1999 5454 2161 5511 Certe

569 5544 850 5602 conﬁteris
880 5562 991 5601 non
1024 5561 1183 5618 posse
1210 5561 1329 5602 esse
1358 5545 1698 5619 episcopum,
1740 5547 1835 5620 qui
1864 5547 1921 5603 in
1944 5549 2159 5621 episco-

568 5648 697 5714 patu
728 5639 866 5695 ﬁlios
913 5638 1097 5696 faciat.
1146 5639 1433 5714 Alioquin,
1464 5639 1507 5697 si
1557 5640 1931 5715 deprehensus
1977 5642 2157 5713 fuerit,

565 5751 679 5793 non
707 5732 865 5808 quasi
892 5732 973 5791 vir
1010 5734 1321 5804 tenebitur,
1348 5734 1447 5793 sed
1487 5737 1645 5808 quasi
1672 5736 1885 5793 adulter
1928 5735 2157 5794 damna-

566 5828 734 5887 bitur.
785 5833 898 5887 Aut
936 5829 1192 5902 permitte
1247 5829 1622 5887 sacerdotibus
1689 5845 1939 5887 exercere
1990 5847 2155 5903 opera

2296 1890 2651 1958 inﬁrmiores,
2673 1904 2799 1945 cum
2826 1901 3019 1946 omnes
3053 1885 3231 1944 fortes
3257 1903 3371 1944 esse
3404 1902 3506 1943 non
3539 1886 3736 1958 possint?
3756 1883 3793 1938 Si

2294 1983 2561 2040 exercitus
2588 1982 2795 2039 viribus
2831 1989 3046 2037 tantum
3068 1989 3350 2038 constaret
3379 1989 3432 2037 et
3458 1995 3560 2035 non
3579 1978 3709 2034 etiam
3730 1992 3795 2029 nu-

2295 2092 2447 2133 mero
2492 2078 2748 2141 militum,
2792 2076 3161 2147 abjicereutur
3205 2074 3577 2132 imbecilliores.
3613 2074 3732 2127 Nunc
3759 2077 3797 2123 et

2293 2171 2661 2228 secundarum
2699 2180 2754 2226 et
2798 2169 3081 2226 tertiarum
3112 2170 3314 2227 virium
3343 2167 3532 2243 gradus
3554 2165 3795 2230 assumitur,

2294 2273 2355 2321 ut
2382 2265 2544 2321 turba
2568 2274 2622 2320 et
2649 2279 2880 2321 numero
2908 2264 3175 2321 exercitus
3205 2263 3551 2336 compleatur.

2369 2382 2395 2409 ι
2425 2362 2497 2415 Et
2534 2358 2833 2431 quomodo,
2864 2358 3091 2431 inquies,
3121 2358 3434 2431 frequenter
3464 2357 3519 2412 in
3542 2352 3799 2412 ordinatione

2294 2452 2609 2510 sacerdotali
2629 2453 2882 2510 sacerdos
2912 2454 3063 2526 virgo
3084 2453 3397 2525 negligitur,
3418 2462 3469 2508 et
3490 2449 3682 2507 maritus
3696 2460 3799 2503 assu-

2294 2548 2498 2604 mitur?
2528 2549 2657 2620 quia
2687 2547 2851 2619 forte,
2883 2556 2940 2604 et
2961 2556 3156 2604 caetera
3197 2563 3364 2621 opera
3398 2562 3505 2603 non
3530 2544 3667 2601 habet
3682 2538 3797 2611 virgi-

2293 2642 2450 2698 nitati
2474 2643 2849 2715 congruentia,
2878 2650 2971 2699 aut
3005 2642 3155 2715 virgo
3180 2651 3426 2715 putatur,
3456 2648 3507 2697 et
3523 2656 3615 2695 non
3634 2644 3709 2699 est,
3732 2640 3799 2688 aut

2292 2744 2375 2792 est
2404 2736 2683 2810 virginitas
2712 2735 2971 2805 infamis,
3023 2744 3119 2792 aut
3152 2744 3306 2794 certe
3358 2737 3463 2808 ipsa
3511 2731 3731 2805 virginitas
3768 2723 3799 2780 ei

2291 2831 2431 2903 parit
2452 2830 2787 2902 superbiam.
2821 2834 2911 2899 Et,
2940 2830 3073 2887 dum
3103 2830 3214 2887 sibi
3243 2829 3510 2904 applaudit
3534 2827 3593 2883 de
3610 2824 3699 2881 sola
3718 2835 3801 2876 cor-

2290 2924 2441 2996 poris
2475 2926 2742 2993 castitate,
2781 2925 3008 2981 virtutes
3041 2933 3279 2982 caeteras
3306 2924 3536 2997 negligit,
3571 2934 3663 2976 non
3699 2916 3801 2972 fovet

2291 3033 2582 3091 pauperes,
2632 3026 2726 3075 aut
2752 3019 2999 3091 pecunia:
3039 3019 3301 3091 cupidior
3338 3026 3435 3075 est.
3476 3014 3645 3072 Evenit
3677 3012 3799 3066 inter-

2292 3110 2426 3167 dum
2466 3120 2526 3168 ut
2566 3113 2776 3169 tristior
2804 3114 3015 3182 vultus,
3059 3112 3368 3171 adductum
3405 3109 3718 3184 supercilium,
3748 3102 3803 3156 in-

2219 3193 2263 3257 C
2294 3220 2477 3261 cessus
2500 3222 2829 3278 pomparum
2854 3206 3074 3263 ferculis
3100 3207 3305 3264 similis
3332 3206 3560 3264 offendat
3581 3199 3799 3273 populum.

2295 3302 2376 3367 Et,
2404 3300 2531 3370 quia
2568 3300 2699 3355 nihil
2728 3300 2891 3357 habet
2920 3300 3069 3372 quod
3091 3301 3462 3373 reprehendat
3489 3300 3536 3354 in
3563 3296 3668 3363 vita,
3690 3287 3804 3345 habi-

2287 3401 2404 3447 tum
2443 3392 2626 3449 solum
2659 3393 2842 3450 oderit
2869 3403 2925 3451 et
2952 3394 3255 3452 incessum.
3293 3394 3446 3451 Multi
3472 3393 3700 3463 eliguntur
3721 3395 3802 3437 non

2286 3502 2473 3543 amore
2492 3488 2597 3556 ui,
2623 3488 2720 3545 sed
2744 3488 2965 3545 alterius
2991 3488 3136 3546 odio.
3170 3490 3245 3546 In
3268 3489 3526 3562 plerisque
3551 3477 3803 3551 ευῆτθείυω

2290 3590 2533 3638 meretur
2574 3583 2689 3637 sola
2725 3582 3064 3655 simplicitas,
3118 3590 3175 3639 et
3219 3584 3441 3640 alterius
3486 3574 3733 3652 prudentiae
3767 3576 3803 3622 et

2287 3674 2565 3731 calliditati
2621 3677 2773 3748 quasi
2834 3676 3040 3733 malitia
3102 3679 3433 3750 opponitur.
3484 3676 3805 3738 Nonnunquam

2287 3777 2435 3824 errat
2480 3769 2654 3841 plebis
2705 3770 2953 3842 vulgique
3018 3769 3326 3843 judicium;
3378 3779 3433 3828 et
3478 3769 3527 3824 in
3574 3756 3800 3821 sacerdoti-

2286 3862 2387 3917 bus
2418 3862 2846 3934 comprobandis
2868 3864 3250 3937 unusquisque
3291 3866 3406 3923 suis
3435 3860 3654 3920 moribus
3679 3853 3802 3913 favet;

2285 3965 2345 4012 ut
2372 3971 2484 4012 non
2503 3964 2616 4012 tam
2637 3958 2850 4015 bonum
2878 3973 3041 4028 quam
3061 3959 3146 4014 sui
3168 3960 3409 4017 similem
3437 3962 3626 4031 quaerat
3646 3959 3801 4023 pml’o'

2283 4050 2479 4107 situm.
2526 4053 2727 4108 Evenit
2753 4052 3037 4124 aliquoties
3064 4060 3127 4108 ut
3156 4053 3362 4117 mariti,
3396 4067 3517 4126 qua:
3548 4061 3654 4121 pars
3680 4038 3805 4109 ωεὶοτ

2284 4145 2338 4199 in
2369 4146 2571 4218 Populo
2600 4154 2701 4215 est,
2731 4146 2968 4215 maritis,
2999 4148 3155 4217 quasi
3185 4148 3317 4216 sibi,
3347 4143 3676 4218 applaudant;
3698 4141 3739 4190 et
3763 4130 3803 4183 in

2280 4254 2346 4294 eo
2389 4254 2447 4295 se
2474 4240 2811 4296 arbitrentur
2861 4241 3105 4296 minores
3149 4256 3265 4298 non
3310 4256 3431 4298 esse
3458 4232 3735 4309 virginibus,
3775 4221 3806 4277 εί

2281 4332 2541 4389 maritum
2565 4333 2758 4406 virgini
2785 4333 3100 4405 praeferant.
3742 4394 3745 4397 _

2356 4448 2381 4474 ι
2429 4426 2625 4482 Dicam
2689 4426 2898 4498 aliquid
2943 4427 3092 4499 quod
3131 4426 3373 4485 forsitan
3413 4440 3537 4485 cum
3574 4419 3808 4481 multorum

2279 4516 2493 4574 offensa
2522 4518 2771 4575 dicturus
2797 4536 2947 4590 sum,
2977 4521 3073 4579 sed
3103 4520 3236 4578 boni
3262 4522 3399 4579 mihi
3422 4536 3530 4578 non
3556 4516 3807 4573 irascentur.

2278 4611 2402 4683 quia
2439 4626 2535 4668 eos
2563 4614 2769 4684 peccati
2800 4614 3128 4671 conscientia
3163 4632 3278 4673 non
3315 4610 3650 4673 remordebit.
3679 4607 3811 4661 Inter-

2280 4704 2416 4761 dum
2436 4704 2542 4763 hoc
2568 4714 2624 4763 et
2645 4707 2970 4779 pontiﬁcum
2998 4709 3126 4765 vitio
3155 4709 3377 4777 accidit,
3408 4709 3529 4782 quia
3551 4718 3648 4761 non
3667 4694 3812 4755 ωειὶοο

2276 4814 2386 4868 res,
2416 4799 2513 4857 sed
2548 4802 2850 4874 argutiores
2877 4804 2934 4858 in
2953 4803 3166 4860 clerum
3190 4805 3423 4878 eligunt,
3455 4807 3508 4857 et
3524 4791 3812 4878 εἰωΡῘίοίθτᾳ

2275 4909 2522 4966 quosque
2544 4904 2706 4968 atque
2734 4896 3056 4953 innocentes
3084 4876 3357 4954 inhabiles
3399 4900 3610 4969 putant;
3636 4885 3707 4943 vel
3728 4876 3813 4938 afﬁ-

2272 4986 2431 5044 nibus
2472 4996 2527 5044 et
2562 4989 2808 5062 cognatis
2846 4990 2998 5062 quasi
3042 4998 3280 5048 terrenae
3309 4990 3521 5047 militia:
3556 4976 3813 5043 ofﬁcialar-

2271 5079 2526 5153 giuntur;
2566 5084 2683 5140 sive
2712 5083 2941 5141 divitum
2993 5084 3265 5141 obediunt
3299 5082 3568 5157 jussioni;
3608 5071 3813 5149 quodque

2269 5173 2354 5230 his
2378 5177 2530 5249 pejus
2553 5184 2656 5247 est,
2685 5177 2788 5233 illis
2814 5179 3100 5235 clericatus
3118 5178 3336 5235 donant
3354 5176 3593 5251 gradum,
3624 5172 3813 5243 quorum

2268 5277 2398 5327 sunt
2422 5271 2694 5343 obsequiis
2729 5271 2954 5327 deliniti.
2989 5272 3227 5344 Alioqui,
3259 5273 3332 5341 si,
3366 5271 3517 5343 juxta
3542 5259 3813 5323 sententiam

2269 5364 2540 5434 Apostoli,
2574 5379 2682 5419 non
2723 5374 2887 5421 erunt
2923 5366 3184 5438 episcopi,
3212 5365 3321 5421 nisi
3352 5362 3548 5430 mariti,
3577 5360 3677 5431 ipse
3698 5356 3813 5421 ΑΡ⁰’

2268 5458 2442 5513 stolus
2477 5458 2762 5530 episcopus
2788 5476 2906 5517 esse
2929 5477 3040 5517 non
3077 5458 3297 5528 debuit,
3330 5459 3426 5531 qui
3457 5454 3592 5513 dixit
3618 5472 3629 5506 :
3656 5472 3678 5498 ο
3702 5441 3811 5500 V010

2268 5557 2457 5606 autem
2489 5566 2684 5609 omnes
2716 5568 2854 5620 esse,
2880 5555 3018 5610 sicut
3051 5569 3151 5627 ego
3172 5568 3299 5609 sum
3328 5554 3377 5625 (Ι
3404 5552 3521 5607 Cor.
3549 5550 3665 5611 vn).
3693 5563 3716 5589 ι
3740 5536 3809 5597 Εἰ,

2264 5645 2498 5701 Joannes
2532 5644 2790 5719 indignus
2814 5647 2920 5705 hoc
2946 5647 3115 5721 gradu
3151 5645 3563 5703 existimabitur.
3602 5640 3681 5728 Et,
3713 5643 3811 5728 om:

2265 5754 2362 5796 nes
2392 5739 2627 5813 virgines
2655 5750 2711 5797 et
2745 5742 3110 5811 continentes,
3138 5739 3343 5813 quibus
3385 5736 3536 5813 quasi
3559 5726 3808 5808 pulcherri-

2267 5834 2375 5892 mis
2405 5834 2638 5907 gemmis
2675 5836 2926 5894 Ecclesiae
2953 5836 3155 5895 monile
3182 5832 3498 5892 decoratur.
3536 5826 3807 5898 Episcopu"
