4052 6180
230 223 348 275 1129

1116 194 1401 277 APPEND.
1446 224 1531 277 ιιι.
1574 253 1641 261 -
1678 223 2094 281 nonnuser
2131 210 2588 284 sannosum.

3362 240 3497 292 1130

226 354 273 399 et
300 344 579 417 presbyter
605 351 659 399 et
674 343 936 400 diaconus
969 360 1079 401 non
1104 355 1229 400 sunt
1256 347 1584 402 meritorum
1614 350 1797 404 nomi-
1828 354 1880 416 Α
1909 351 2177 407 dicatione
2221 368 2250 408 a
2281 352 2335 408 S.
2385 357 2641 409 Romana
2683 354 2920 410 Ecclesia
2956 355 3277 425 deviarunt;
3306 358 3398 414 sed
3442 361 3500 415 in

223 458 305 509 na,
325 439 419 495 sed
445 439 777 496 ofﬁciorum.
798 443 909 496 Nec
939 441 1165 497 dicitur:
1193 442 1247 497 Si
1276 443 1400 513 quis
1416 443 1798 514 episcopatum

224 535 501 603 desiderat,
562 534 770 590 bonum
820 533 1103 591 desiderat
1132 534 1404 608 gradum;
1459 536 1551 592 sed
1590 536 1799 593 bonum

225 645 348 702 opus
400 627 683 685 desiderat
715 632 763 699 (Ι
793 632 930 683 Tim.
968 637 1064 697 Ill)
1104 630 1275 703 quod,
1307 630 1359 685 in
1386 629 1580 702 majori
1612 633 1801 688 ordine

222 724 556 789 constitutus,
589 722 779 794 possit,
822 722 864 778 si
888 722 1034 792 velit,
1091 723 1440 779 occasionem
1471 726 1799 782 exercenda-

222 834 335 873 rum
374 816 572 873 habere
605 817 889 872 virtutum.

291 935 311 961 α
341 915 574 984 Oportet
605 926 737 983 ergo
768 911 1087 983 episcopum
1117 912 1657 985 irreprehensibilem
1682 928 1802 969 esse

226 1010 273 1075 (Ι
302 1010 430 1063 Tim.
464 1014 557 1072 111)
579 1015 638 1062 ut
660 1006 793 1062 nulli
821 1006 957 1061 vitio
984 1008 1329 1079 mancipatus
1353 1008 1446 1075 sit,
1480 1008 1643 1063 unius
1670 1023 1803 1062 uxo-

220 1101 290 1157 ris
325 1101 521 1167 virum,
549 1101 641 1173 qui
671 1115 841 1157 unam
870 1117 1099 1157 uxorem
1121 1100 1394 1171 habuerit,
1429 1118 1540 1158 non
1581 1101 1799 1156 habeat.

221 1196 489 1263 Subrium,
519 1194 649 1265 sive,
680 1204 743 1251 ut
767 1194 961 1251 melius
992 1196 1048 1250 in
1077 1197 1277 1252 Gravco
1317 1196 1533 1264 dicitur,
1567 1196 1801 1267 vigilan-

218 1298 347 1357 tem,
380 1288 434 1344 id
457 1296 560 1357 est,
584 1287 854 1358 νηφάλεον.
882 1288 1167 1358 Pudicum,
1198 1289 1303 1345 hoc
1327 1290 1474 1345 enim
1504 1288 1800 1359 signiﬁcat,

220 1384 439 1453 σώφρονα
462 1384 540 1451 [Ο.
564 1386 654 1447 Β.,
676 1381 1227 1455 Σώφρων].οηιθωιη
1249 1392 1303 1438 et
1327 1383 1577 1439 castitate
1604 1390 1660 1438 et
1689 1396 1805 1437 mo-

220 1476 763 1547 ribus.Hospitalem,
795 1485 857 1530 ut
888 1475 1136 1531 imitetur
1160 1475 1465 1544 Abraham,
1487 1484 1680 1531 etcum
1712 1490 1806 1545 pe-

219 1570 461 1642 regrinis,
494 1570 606 1624 imo
639 1570 691 1624 in
720 1569 1020 1640 peregrinis
1044 1569 1325 1625 Christum
1363 1569 1618 1641 suscipiat
1647 1568 1801 1633 (Gen.

220 1668 417 1729 xvm).
433 1665 757 1727 Doctorem,
778 1663 917 1717 nihil
940 1662 1087 1718 enim
1110 1662 1337 1733 prodest
1360 1662 1695 1719 conscientia
1712 1662 1808 1717 vir-

1863 466 1867 471 λ
1906 445 2023 517 ejus
2051 447 2558 503 communicatione
2584 464 2757 520 usque
2795 449 2862 503 ad
2890 449 3055 505 linem
3084 450 3208 507 vita:
3237 453 3496 524 perdura-

1908 547 2054 593 runt.
2100 540 2164 594 In
2195 547 2413 595 tantum
2443 557 2683 614 namque
2714 542 2901 598 beatus
2927 544 3178 600 Gelasius
3203 546 3265 600 in
3294 546 3500 616 praedi-
3560 614 3563 615 ν

1906 631 2007 686 ctis
2033 631 2264 687 decretis
2288 634 2669 691 auctoritatem
2694 637 2755 691 S.
2795 636 3121 709 Hieronymi
3150 637 3313 693 nobis
3340 655 3500 694 com-

1907 725 2132 781 mendat
2162 735 2222 782 ut
2241 735 2295 782 et
2324 727 2556 783 aliorum
2575 730 2855 799 opuscula,
2882 729 3037 801 juxta
3065 731 3183 801 ejus
3200 729 3499 801 judicium,

1908 818 2216 890 recipienda
2244 822 2323 875 vel
2353 820 2659 893 respuenda
2699 838 2814 878 esse
2843 822 3047 879 ibidem
3070 823 3343 879 decernat.
3365 825 3501 893 Qui-

1907 927 2124 985 cunque
2158 913 2321 985 igitur
2349 913 2592 970 debitam
2637 914 3002 971 obedientiam
3041 918 3357 988 apostolicae
3386 916 3500 973 sedi

1908 1005 2228 1078 impendere
2241 1007 2493 1075 voluerit,
2512 1008 2919 1065 nullatenusvel
2947 1009 3259 1081 hujusmodi
3284 1012 3378 1066 SS.
3403 1014 3505 1067 Pa-

1908 1108 2057 1155 trum
2111 1099 2474 1172 singularibus
2514 1102 2795 1157 sententiis
2824 1103 3165 1173 repugnabit.
3198 1105 3503 1176 Hucusque

1908 1190 2143 1247 sufﬁciat
2180 1193 2378 1249 dixisse
2406 1194 2498 1265 qui
2550 1195 2851 1265 Apostolus
2893 1196 3071 1268 exigat
3119 1212 3148 1251 a
3209 1196 3505 1253 sacerdoti-

1912 1286 2033 1341 bus.
2081 1286 2255 1356 Quod,
2295 1288 2607 1360 quicunque
2635 1288 2867 1344 ﬁdeliter
2897 1290 3244 1361 perspexerit,
3293 1306 3502 1361 nequa-

1913 1392 2077 1449 quam
2129 1386 2331 1435 statuta
2368 1380 2543 1436 nostri
2590 1381 2871 1452 apostolici
2903 1381 3244 1438 obliteranda
3291 1382 3503 1455 judica-

1915 1470 2012 1526 bit.
2044 1473 2198 1540 Quae,
2254 1489 2359 1529 nec
2410 1473 2601 1545 aliquis
2631 1483 2982 1532 contemnere
3026 1476 3248 1548 poterit,
3292 1475 3391 1531 nisi
3444 1484 3501 1532 et

1914 1564 2157 1635 ipsorum
2207 1566 2582 1637 apostolorum
2645 1569 2933 1624 sententiis
2981 1584 3283 1641 repugnare
3346 1554 3502 1637 velit;

1916 1658 2113 1729 quibus
2162 1659 2277 1730 ipsa
2308 1660 2523 1717 Veritas
2569 1662 2625 1716 in
2669 1664 2965 1734 Evangelio
3006 1662 3323 1720 ﬁdelissime
3368 1678 3505 1734 pro-

218 1765 395 1812 tutum
438 1756 576 1822 frui,
619 1757 723 1812 nisi
768 1764 823 1811 et
868 1756 1141 1812 creditum
1171 1755 1277 1811 sibi
1333 1757 1596 1828 populum
1638 1755 1809 1827 possit
1840 1725 1887 1787 Β
1917 1751 2117 1807 mittit:
2154 1774 2182 1801 ί(
2204 1756 2601 1810 Verumtamen
2622 1754 2746 1811 dico
2762 1725 2930 1825 vobis,
2955 1725 3505 1812 terraaSodomo‘rum

220 1850 509 1919 instruere,
542 1859 605 1905 ut
630 1850 808 1906 valeat
833 1849 1110 1905 exhortari
1140 1849 1195 1903 in
1227 1849 1477 1905 doctrina
1509 1860 1564 1905 et
1588 1865 1681 1904 eos
1708 1848 1805 1920 qui

220 1942 599 2000 contradicunt
628 1945 971 2017 redarguere.
1006 1945 1129 1999 Non
1159 1943 1517 2010 vinolentum,
1550 1943 1671 2014 quia
1711 1942 1807 2013 qui

219 2053 434 2109 semper
462 2038 514 2092 in
526 2039 733 2093 sanctis
752 2047 1067 2094 sanctorum
1084 2045 1186 2103 est,
1219 2044 1273 2092 et
1285 2038 1376 2108 qui
1387 2035 1551 2092 offert
1576 2035 1807 2100 hostias,

220 2139 273 2186 et
301 2130 485 2186 vinum
512 2138 567 2186 et
597 2132 835 2186 siceram
854 2147 967 2186 non
983 2129 1122 2185 bibit
1153 2133 1297 2195 (Leu.
1332 2134 1414 2195 χ),
1442 2129 1566 2199 quia
1590 2129 1647 2183 in
1680 2128 1807 2183 vino

220 2225 425 2281 luxuria
462 2234 567 2281 est.
595 2225 683 2281 Sic
726 2225 877 2280 bibat
919 2225 1211 2296 episcopus
1240 2233 1302 2279 ut
1326 2239 1394 2278 an
1424 2223 1621 2278 biberit
1649 2222 1808 2293 igno-

219 2327 382 2374 retur.
416 2321 539 2374 Non
564 2333 967 2390 percussorem,
999 2317 1055 2373 id
1076 2327 1179 2383 est,
1198 2318 1293 2388 qui
1319 2315 1678 2372 conscientias
1699 2330 1810 2370 non

224 2412 484 2483 percutiat
510 2413 892 2485 singulorum;
940 2427 1118 2483 neque
1145 2410 1290 2466 enim
1321 2410 1558 2483 pugilem
1611 2408 1813 2465 descri-

222 2506 303 2562 bit
345 2521 526 2562 sermo
555 2506 910 2577 apostolicus,
939 2504 1034 2560 sed
1066 2504 1383 2575 pontiﬁcem
1432 2502 1661 2558 instituit
1682 2501 1815 2573 quid

222 2598 393 2655 facere
422 2616 535 2655 non
585 2599 805 2655 debeat.
836 2602 1013 2655 Docet
1060 2614 1209 2653 nunc
1240 2614 1269 2653 e
1299 2599 1520 2669 regione
1548 2595 1674 2667 quid
1732 2594 1814 2651 fa-

220 2693 345 2749 ciat.
376 2693 481 2750 Sed
510 2692 846 2761 modestum,
894 2708 1007 2747 non
1033 2692 1364 2763 litigiosum,
1392 2706 1505 2745 non
1528 2689 1811 2759 cupidum,

219 2787 443 2842 domum
473 2803 630 2841 suam
660 2786 798 2842 bene
832 2793 1137 2857 regentem,
1160 2784 1304 2839 ﬁlios
1324 2782 1618 2838 habentem
1637 2781 1814 2837 subdi-

220 2887 303 2936 tos
331 2895 460 2935 cum
491 2879 644 2935 omni
672 2879 941 2934 castitate.
977 2877 1116 2933 Vide
1158 2884 1364 2948 quanta
1396 2874 1660 2946 pudicitia
1691 2874 1810 2930 exi-

220 2982 377 3045 gatur
402 2974 459 3028 in
501 2973 781 3044 episc0po,
811 2980 892 3041 ut,
930 2971 975 3026 si
1009 2971 1101 3025 ﬁlii
1149 2971 1265 3042 ejus
1296 2968 1555 3040 impudici
1585 2967 1809 3036 fuerint,

1918 1845 2204 1901 remissius
2238 1847 2343 1902 erit
2365 1847 2421 1901 in
2449 1847 2537 1903 die
2559 1847 2745 1918 judicii
2782 1872 2807 1898 ι
2828 1865 2993 1921 quam
3030 1850 3134 1905 illis
3163 1850 3257 1921 qui
3290 1866 3505 1907 sermo-

1918 1954 2014 1995 nes
2038 1948 2246 1995 vestros
2265 1955 2375 1995 non
2401 1950 2723 2012 receperunt
2742 1944 2959 2010 (Matth.
2979 1959 3070 2007 x1,
3101 1947 3230 2001 Luc.
3253 1947 3340 2012 ι).

1989 2032 2135 2088 CAP.
2167 2034 2344 2087 XVII.
2379 2033 2648 2101 Quartum
2679 2041 2864 2090 autem
2884 2036 3057 2091 nostri
3086 2037 3369 2107 apostolici
3405 2036 3508 2094 deo
3602 2040 3603 2043 “

1920 2134 2134 2181 cretum
2192 2126 2437 2198 praecipit
2465 2136 2525 2182 ut
2548 2127 2780 2199 populus
2806 2128 3130 2184 clericorum
3187 2127 3367 2187 oﬂicia
3395 2145 3512 2185 non

1920 2220 2165 2291 recipiat,
2210 2235 2351 2292 quos
2378 2222 2548 2277 sacris
2575 2222 2901 2291 canonibus,
2954 2222 3066 2278 imo
3097 2224 3415 2295 evangelicis
3458 2232 3514 2282 et

1920 2314 2237 2384 apostolicis
2266 2314 2707 2371 institutionibus
2749 2314 3024 2372 adversari
3050 2317 3333 2389 percipiat,
3364 2317 3513 2376 vide-

1924 2405 2053 2462 licet
2082 2424 2221 2479 quos
2242 2408 2400 2479 juxta
2432 2424 2720 2465 censuram
2751 2411 2846 2465 SS.
2881 2412 3103 2466 Patrum
3134 2409 3427 2468 damnatos
3452 2412 3513 2469 in

1924 2502 2204 2570 propriam
2240 2517 2438 2556 eorum
2470 2503 2769 2572 perniciem
2791 2499 2947 2558 altari
2964 2503 3278 2561 ministrare
3302 2506 3512 2563 videat.

1926 2596 2138 2664 Nempe
2196 2594 2600 2650 Antiochenum
2662 2595 2977 2662 concilium,
3049 2612 3079 2651 a
3140 2599 3513 2657 sacratissimo

1926 2686 2354 2743 Chalcedonensi
2383 2686 2637 2754 concilio,
2662 2695 2720 2743 ut
2744 2688 3116 2759 prmdiximus,
3138 2690 3519 2748 indubitanter

1924 2780 2271 2848 roboratum,
2306 2778 2485 2835 ofﬁcia
2513 2779 2903 2836 damnatorum
2926 2782 3253 2837 clericorum
3293 2799 3323 2838 a
3349 2800 3519 2855 popu-

1923 2874 1990 2928 lis
2018 2874 2183 2943 recipi
2212 2872 2615 2929 districtissime
2646 2873 2920 2945 prohibet,
2952 2874 3154 2931 scilicet
3175 2877 3418 2933 utetiam
3449 2878 3518 2934 ab

1925 2967 2149 3023 ecclesia
2214 2966 2551 3038 abjiciendos
2606 2981 2724 3022 esse
2774 2967 2977 3038 iudicet
3021 2968 3113 3041 qui
3154 2969 3264 3026 illis
3306 2971 3516 3027 clericis

222 3067 333 3138 ipse
387 3068 676 3138 episcopus
716 3081 834 3121 esse
862 3081 973 3120 non
1012 3064 1213 3135 possit;
1268 3071 1343 3133 et,
1398 3061 1592 3117 eodem
1626 3061 1810 3116 ofﬁcio
1848 3068 1893 3130 C
1920 3063 2111 3119 saltem
2142 3063 2664 3119 communicaverint
2684 3079 2825 3135 quos
2842 3064 3193 3121 interdictum
3220 3066 3326 3122 sibi
3354 3068 3517 3123 mini-

222 3158 464 3216 offendat
488 3162 694 3225 Deum,
714 3174 823 3229 quo
850 3154 1087 3213 offendit
1114 3156 1235 3212 Heli
1264 3154 1508 3228 pontifex
1532 3175 1544 3210 :
1566 3154 1679 3226 qui,
1700 3168 1819 3209 cor-

221 3254 463 3325 ripuerat
490 3251 719 3324 quidem
751 3252 917 3318 ﬁlios,
948 3250 1065 3313 sed,
1096 3250 1228 3321 quia
1257 3267 1367 3305 non
1406 3247 1677 3321 abjecerat
1718 3246 1822 3303 de-

223 3346 552 3418 linquentes,
565 3354 868 3401 retrorsum
881 3342 1075 3400 cecidit
1094 3351 1147 3398 et
1159 3351 1413 3399 mortuus
1423 3344 1818 3412 est:(IReg.1v),

225 3440 444 3494 lucerna
490 3440 593 3493 Dei
626 3447 925 3511 antequam
957 3437 1389 3508 extingueretur.
1417 3435 1699 3499 Mulieres,
1747 3433 1818 3488 si-

222 3532 425 3587 militer
465 3531 708 3602 pudicas,
753 3539 807 3586 et
833 3530 1067 3602 reliqua.
1100 3532 1163 3584 In
1188 3528 1340 3584 omni
1371 3527 1547 3600 gradu
1602 3536 1656 3582 et
1688 3540 1819 3581 sexu

223 3632 373 3682 tenet
402 3623 668 3696 pudicitia
706 3624 1088 3695 principatum.
1115 3623 1303 3678 Cernis
1338 3621 1505 3692 igitur
1533 3619 1680 3690 quod
1708 3618 1823 3689 epi-

223 3734 444 3791 scopus,
478 3716 1061 3789 presbyter,diaconus
1085 3732 1195 3773 non
1216 3714 1345 3772 ideo
1372 3714 1481 3770 sint
1502 3713 1666 3779 beati,
1693 3713 1821 3784 quia

218 3812 462 3885 episcopi
507 3812 591 3868 vel
639 3811 941 3883 presbyteri
988 3811 1116 3877 sint,
1181 3817 1278 3864 aut
1324 3808 1572 3877 diaconi;
1627 3805 1723 3862 sed
1778 3806 1820 3861 si

219 3907 456 3963 virtutes
482 3904 774 3961 habuerint
802 3904 1094 3960 nominum
1140 3918 1371 3959 suorum
1401 3911 1457 3959 et
1487 3899 1821 3957 ofﬁciorum.

219 3997 446 4070 Alioqui
473 3999 521 4054 si
564 3998 832 4055 diaconus
886 3997 1133 4053 sanctior
1180 3997 1441 4068 episcopo
1472 4010 1571 4050 suo
1627 3993 1822 4058 fuerit,

219 4109 341 4149 non
389 4108 457 4148 ex
486 4106 550 4147 eo
590 4091 738 4163 quod
769 4091 996 4147 inferior
1024 4089 1200 4163 gradu
1230 4098 1315 4146 est
1352 4088 1498 4159 apud
1540 4087 1823 4143 Christum

219 4186 469 4243 deterior
497 4186 620 4241 erit.
650 4184 812 4240 Absit
838 4192 901 4239 ut
926 4184 1233 4256 Stephanus
1270 4183 1555 4249 diaconus,
1594 4180 1687 4251 qui
1719 4180 1827 4250 pri-

222 4296 353 4336 mus
393 4278 666 4350 martyrio
704 4286 787 4334 est
820 4284 1137 4344 coronatus,
1168 4277 1349 4331 minor
1391 4274 1607 4330 futurus
1650 4272 1722 4327 sit
1770 4272 1825 4325 in

217 4389 401 4446 regno
450 4372 719 4429 caelorum
774 4371 960 4426 multis
1008 4370 1275 4441 episcopis
1330 4377 1385 4423 et
1438 4365 1730 4423 Timotheo
1761 4379 1825 4419 ac

216 4440 352 4523 Tito
394 4481 554 4537 quos,
611 4474 673 4521 ut
709 4464 977 4537 subjicere
1029 4440 1143 4517 non
1176 4461 1380 4529 audeo,
1433 4462 1507 4515 ita
1540 4476 1642 4521 nec
1671 4465 1823 4514 ante«
1853 4440 1904 4503 D

216 4575 457 4633 ponere.
494 4582 520 4609 η
553 4560 851 4631 Hucusque
881 4558 1278 4629 Hieronymus.

297 4652 411 4722 Qui
437 4660 657 4725 quantae
684 4650 1022 4707 auctoritatis
1052 4649 1238 4715 fuerit,
1263 4647 1422 4704 etiam
1451 4645 1594 4718 apud
1623 4647 1827 4717 episco-

214 4760 327 4818 pos
357 4744 675 4816 apostolicae
704 4744 871 4811 sedis,
909 4744 1124 4819 decreta
1153 4741 1299 4797 beati
1325 4739 1525 4809 Gelasii
1556 4752 1710 4809 papa:
1736 4752 1824 4792 sa-

214 4838 295 4893 tis
329 4837 616 4893 insinuant
645 4841 746 4905 (De
778 4838 1068 4907 apocryph.
1104 4832 1439 4903 Scripturis),
1465 4829 1591 4902 quia
1639 4826 1825 4901 [quae],

213 4932 376 4987 inter
413 4930 750 4986 authenticas
799 4938 854 4984 et
880 4928 1168 4984 canonicas
1220 4926 1528 4983 sanctiones
1567 4921 1827 4994 opuscula

214 5024 408 5097 ipsius
454 5023 762 5095 recipienda
811 5020 1144 5088 decernunt,
1177 5021 1320 5076 sicut
1347 5026 1402 5075 et
1449 5020 1504 5074 S.
1555 5014 1828 5089 Cypriani,

212 5117 542 5184 Ambrosii,
573 5115 864 5189 Augustini
916 5115 1195 5187 opuscula,
1227 5113 1341 5170 sive
1368 5118 1651 5177 tractatus,
1678 5116 1732 5163 et
1751 5123 1831 5164 re-

211 5212 518 5284 liquorum
538 5210 636 5267 SS.
666 5213 913 5277 Patrum,
955 5209 1051 5280 qui
1090 5222 1192 5264 nec
1220 5207 1280 5263 in
1307 5204 1437 5272 ﬁde,
1465 5219 1568 5259 nec
1604 5201 1661 5257 in
1688 5216 1829 5273 prai-

304 5494 525 5556 (997-8)
538 5492 620 5546 De
632 5488 926 5546 Timotheo
941 5488 1127 5545 Ailuro
1148 5487 1262 5561 lege
1281 5487 1578 5545 Baronium
1593 5490 1713 5544 tom
1732 5482 1807 5546 VI
1816 5528 1830 5543 .

207 5578 392 5641 anno
422 5561 795 5641 Christgss‘ll
812 5577 971 5616 num.
1008 5566 1073 5615 12
1095 5568 1150 5641 et
1177 5575 1355 5641 seqq,
1385 5568 1440 5641 e_t
1463 5566 1753 5641 anno_490.
1778 5569 1835 5617 et

206 5640 366 5699 475,
428 5637 557 5697 416,
588 5637 713 5687 477.
744 5634 897 5697 Haec,
934 5647 1056 5701 quae
1098 5631 1184 5686 hic
1218 5631 1348 5687 citat
1394 5633 1675 5701 Bernald.,
1717 5647 1833 5689 non

202 5712 369 5763 sunt
404 5704 627 5759 Patrum
655 5704 866 5775 concilii
896 5702 1381 5775 Chalcedonensis,
1415 5702 1515 5759 sed
1542 5706 1834 5775 episcOpo-

201 5791 368 5835 rum
400 5773 777 5848 quorumdam
811 5775 863 5829 in
892 5775 1119 5846 epistola
1153 5773 1223 5830 ad
1250 5775 1500 5832 Leonem
1536 5773 1669 5848 imp.
1708 5773 1833 5847 qum

532 5866 765 5920 Parnm.
806 5863 1059 5920 CXLVIII.

1928 3157 2153 3213 sterium
2207 3173 2471 3228 usurpare
2499 3158 2871 3229 cognoverint.
2928 3158 3019 3215 Sic
3047 3159 3201 3215 enim
3261 3169 3521 3233 quartum

1931 3251 2172 3322 ejusdem
2185 3251 2399 3306 concilii
2413 3259 2576 3321 caput
2592 3259 2823 3306 testatur
2843 3252 3034 3321 (Apud
3045 3254 3196 3309 Grat.
3219 3258 3303 3319 11,
3317 3272 3372 3324 q.
3396 3260 3522 3322 113,
3552 3312 3553 3321 χ

1930 3363 1974 3399 e.
2005 3348 2059 3412 6)
2098 3364 2111 3399 :
2170 3367 2193 3391 α
2222 3344 2273 3399 Si
2297 3344 2420 3415 quis
2449 3344 2735 3415 episcopus
2769 3344 3059 3400 damnatus
3088 3362 3117 3401 a
3172 3346 3410 3418 synodo,
3440 3348 3523 3403 vel

1932 3437 2207 3509 presbyter
2235 3445 2332 3492 aut
2382 3436 2642 3493 diaconus
2674 3453 2703 3492 a
2728 3453 2828 3493 suo
2854 3438 3132 3510 episcopo,
3162 3439 3279 3495 ausi
3319 3439 3526 3496 fuerint

1928 3530 2129 3603 aliquid
2159 3530 2225 3586 de
2273 3529 2579 3586 ministerio
2635 3546 2793 3587 sacro
2844 3532 3181 3604 contingere,
3223 3533 3334 3588 sive
3377 3534 3521 3605 epis-

1928 3640 2098 3694 copus
2121 3624 2277 3695 juxta
2306 3623 2708 3695 praecedentem
2739 3624 3195 3681 consuetudinem
3235 3626 3346 3681 sive
3395 3642 3522 3698 pre-

1928 3717 2132 3790 sbyter,
2158 3725 2254 3772 aut
2282 3717 2566 3784 diaconus,
2595 3717 2744 3773 nullo
2767 3717 2934 3774 modo
2959 3717 3121 3774 liceat
3146 3718 3199 3774 ei
3222 3733 3323 3774 nec
3343 3718 3398 3774 in
3422 3720 3523 3775 alia

1930 3809 2140 3883 synodo
2164 3809 2525 3866 restitutionis
2563 3825 2719 3881 spem
2740 3819 2833 3866 aut
2859 3811 3041 3867 locum
3081 3811 3283 3869 habere
3312 3812 3527 3871 satisfa-

1931 3903 2146 3959 ctionis.
2196 3902 2305 3960 Sed
2342 3910 2397 3960 et
2438 3903 2909 3959 communicantes
2950 3905 2997 3960 ei
3045 3920 3237 3962 omnes
3273 3906 3431 3979 abjici
3458 3906 3527 3964 de

1931 3998 2158 4054 ecclesia
2180 4005 2414 4069 oportet,
2442 4006 2497 4052 et
2522 3997 2783 4067 maxime,
2817 3998 2886 4068 si,
2919 4008 3209 4071 postquam
3231 4000 3529 4058 didicerint

1934 4091 2220 4147 adversum
2264 4099 2606 4147 memoratos
2664 4092 2934 4163 prolatam
2961 4090 3129 4149 fuisse
3165 4094 3525 4163 sententiam,

1932 4184 2011 4240 eis
2053 4183 2461 4239 communicare
2490 4184 2836 4240 tentaverint.
2876 4209 2901 4233 ι

2003 4280 2162 4332 Juxta
2186 4275 2346 4346 hujus
2373 4276 2564 4346 capitis
2588 4283 2861 4343 tenorem,
2887 4279 3062 4335 sancti
3092 4282 3294 4348 Patres,
3340 4282 3431 4353 qui
3473 4281 3529 4339 in
3612 4267 3616 4271 ’

1934 4374 2145 4435 (997-8)
2184 4368 2530 4425 Chalcedone
2568 4368 2967 4426 sacratissimos
3008 4387 3243 4429 canones
3281 4374 3530 4445 promul-

1933 4470 2208 4534 gaverant,
2235 4477 2428 4518 omnes
2456 4461 2950 4518 communicatores
2970 4463 3256 4535 cujusdam
3283 4465 3528 4521 damnati

1934 4555 2213 4613 Timothei
2284 4555 2534 4628 praesulis
2604 4554 2961 4611 Alexandrini
3022 4558 3529 4617 excommunicatos

1936 4664 2051 4705 esse
2090 4657 2402 4717 censerunt,
2452 4648 2545 4720 qui
2591 4649 2764 4705 Leoni
2794 4648 2926 4719 imp.
2977 4665 3075 4720 pro
3105 4650 3302 4707 eodem
3328 4654 3522 4711 Timo-

1934 4743 2069 4799 theo
2112 4742 2420 4799 consulenti
2475 4741 2582 4797 hoc
2627 4741 2794 4798 modo
2843 4742 3231 4814 rescripserunt
3278 4761 3295 4800 :
3330 4769 3357 4795 κ
3411 4750 3525 4805 Eos

1937 4836 2104 4890 etiam
2158 4835 2270 4906 qui,
2324 4848 2451 4888 cum
2480 4833 2686 4890 scirent
2712 4833 3066 4891 Timotheum
3100 4834 3263 4893 fuisse
3293 4837 3527 4896 damna-

1938 4936 2089 4992 tum,
2132 4926 2539 4984 communicare
2584 4926 2657 4982 illi
2700 4927 2817 4983 sine
2864 4928 3102 4999 periculo
3150 4930 3523 5000 crediderunt,

1939 5028 2230 5077 extraneos
2274 5034 2391 5076 esse
2414 5036 2443 5076 a
2472 5020 2570 5076 Dei
2601 5022 2836 5077 Ecclesia
2856 5022 3193 5095 judicamus,
3223 5026 3527 5082 secundum

1938 5114 2390 5187 consequentiam
2420 5113 2729 5186 regularem
2772 5115 2916 5171 nulla
2956 5118 3035 5172 eis
3063 5119 3243 5185 venia,
3295 5133 3398 5173 nec
3435 5135 3531 5190 spe

1940 5205 2302 5265 restitutionis
2356 5207 2466 5263 ullo
2513 5206 2680 5264 modo
2722 5219 3056 5279 remanente,
3105 5210 3249 5266 sicut
3289 5210 3449 5265 tertia
3478 5219 3533 5265 et

1941 5500 2070 5544 cum
2094 5482 2215 5542 aliis
2262 5481 2509 5555 epistolis
2550 5482 2621 5555 ab
2652 5481 2949 5555 illustribus
2977 5483 3223 5555 personis
3254 5500 3354 5555 pro
3392 5501 3532 5542 cona

1941 5558 2067 5613 cilio
2141 5553 2565 5612 Chalcedonensi
2629 5554 2844 5623 scriptis
2910 5553 3142 5608 habetur
3178 5553 3274 5611 .ad
3329 5556 3531 5611 calcem

1942 5627 2138 5685 concil.
2163 5625 2618 5690 Chalcedonens.,
2660 5622 2797 5678 tom.
2850 5625 2899 5676 Η
2929 5622 3173 5693 Concil.,
3204 5641 3359 5682 nova:
3403 5626 3531 5680 edit.

1942 5700 2135 5757 Colon.
2169 5695 2268 5753 fol.
2310 5702 2432 5764 161,
2458 5696 2708 5752 columna
2738 5700 2789 5747 2.

3121 5856 3187 5907 36
