4052 6180
534 270 685 329 “3t

1540 266 1631 319 AD
1668 262 1894 316 OPERA
1932 260 1986 314 S.
2028 255 2349 313 GREGORII
2382 254 2815 311 APPENDICES.

3688 254 3816 306 H32

534 398 874 469 octogesima
905 396 1090 465 regula
1126 393 1195 448 de
1217 391 1413 447 talibus
1441 396 1627 461 aperte
1662 384 1925 451 decernit,
1963 385 2123 455 cujus
2152 386 2202 450 Α
2238 381 2555 452 hujusmodi
2578 358 3041 452 praesumptorum
3058 374 3240 431 ofﬁcia
3259 376 3500 446 recipere
3529 374 3817 445 prohibuit,

534 493 752 549 initium
781 498 863 545 est
894 510 904 542 :
955 489 1007 543 Si
1048 487 1167 559 quis
1196 486 1483 555 episc0pus
1526 499 1554 537 a
1583 480 1814 554 synodo,
1845 502 1870 528 π
1917 487 1971 533 et
2000 478 2125 532 reli-

534 602 660 657 qua.
746 585 1093 653 Quapropter
1166 588 1222 635 et
1282 588 1466 633 noster
1538 576 1867 647 apostolicus
1927 573 2127 627 merito

537 677 748 748 populis
829 673 1006 729 ofﬁcia
1085 672 1400 745 huiusmodi
1457 670 1783 726 clericorum
1851 665 2130 739 prohibuit

534 784 759 835 eorum,
804 768 1051 838 inquam,
1080 783 1222 839 quos
1250 782 1359 820 non
1390 764 1629 835 tamipse
1653 762 1937 817 damnavit
1963 774 2129 829 quam

536 881 565 919 a
600 864 696 919 SS.
744 864 996 919 Patribus
1039 863 1161 934 jam
1218 860 1429 916 dudum
1477 859 1771 914 damnatos
1801 870 1919 912 esse
1962 869 2121 909 mon-

537 958 756 1014 stravit.

608 1055 879 1108 Praeterea
932 1049 1304 1106 sanctissimus
1358 1064 1497 1119 papa
1530 1044 1840 1101 Alexander
1887 1059 1918 1099 a
1972 1042 2130 1098 beato

540 1150 699 1203 Petro
728 1148 972 1218 quintus,
1027 1145 1118 1216 qui
1150 1144 1329 1215 potius
1382 1142 1439 1197 in
1469 1141 1690 1197 camino
1741 1140 1884 1210 ignis
1913 1153 2133 1193 concre—

542 1242 675 1295 mari
702 1256 869 1311 quam
900 1238 1115 1294 mentiri
1158 1236 1489 1291 fortissimus
1519 1235 1717 1290 athleta
1749 1232 1967 1305 delegit,
1996 1232 2129 1303 ipse,

482 1334 493 1343 “
541 1340 801 1410 inquam,
853 1353 951 1393 nec
996 1334 1328 1407 loquendum
1375 1333 1454 1389 eis
1485 1348 1602 1387 esse
1631 1338 1880 1395 testatur,
1934 1327 2135 1400 quibus

543 1431 625 1487 vel
678 1432 961 1501 episcOpus
992 1446 1087 1501 pro
1142 1428 1432 1483 sceleribus
1462 1442 1654 1482 eorum
1684 1425 1917 1480 sentitur
1945 1422 2132 1478 adver-

542 1540 657 1580 sus.
699 1527 767 1579 Et
796 1523 920 1591 hoc,
948 1539 1011 1577 ex
1041 1523 1211 1593 ipsius
1241 1520 1505 1592 principis
1534 1519 1911 1591 apostolorum
1937 1524 2133 1571 aucto-

538 1617 699 1673 ritate
718 1618 1030 1685 conﬁrmat,
1050 1617 1120 1671 ita
1141 1615 1348 1671 dicens.
1369 1631 1489 1686 cap.
1518 1614 1817 1685 6(epistola
1842 1615 1893 1680 1)
1916 1631 1926 1665 :
1952 1633 1979 1660 σι
2002 1612 2134 1666 Bea-

540 1719 631 1767 tus
685 1715 881 1768 Petrus
928 1714 1007 1779 [C.
1067 1714 1155 1777 11.,
1197 1709 1447 1781 princeps
1490 1707 1909 1779 apostolorum],
1952 1705 2009 1760 in
2038 1720 2135 1760 or-

2236 492 2374 548 quos
2401 474 2778 530 sanctissimus
2820 474 2934 543 ejus
2958 471 3289 542 aequivocus,
3320 480 3373 524 et
3403 486 3637 539 regnum
3668 472 3820 540 culpa

2236 586 2332 626 sua
2366 584 2705 640 prmgravare
2735 576 2789 621 et
2814 567 2915 621 Dei
2949 564 3285 620 iracundiam
3321 565 3375 618 in
3406 579 3464 617 se
3496 563 3671 633 magis
3699 578 3819 633 pro-

2237 680 2430 719 vocare
2457 662 2706 717 asseruit.
2739 662 3015 730 Scriptum
3036 668 3120 714 est
3139 658 3290 713 enim
3326 677 3336 711 :
3374 679 3400 705 ι
3434 657 3540 729 Qui
3566 659 3819 712 averterit

2237 773 2427 813 aurem
2470 772 2648 821 suam,
2672 772 2741 810 ne
2772 753 2959 809 audiat
2982 754 3179 823 legem,
3211 751 3551 807 exsecrabilis
3578 751 3682 805 erit
3710 766 3827 806 ora-

2238 851 2313 907 tio
2361 851 2476 923 ejus
2497 853 2672 918 (Prov.
2708 852 2951 910 xxvm).
2985 871 3009 896 υ
3050 848 3171 914 Quo
3201 846 3429 900 crimine
3466 861 3663 899 omnes
3694 845 3829 899 obli-

2239 954 2441 1017 gantur
2470 945 2782 1015 quicunque
2807 941 3103 997 canonibus
3150 957 3211 995 ac
3258 940 3633 996 sanctionibus
3658 940 3827 995 obsti-

2238 1048 2370 1096 nato
2403 1040 2588 1095 animo
2620 1038 2979 1109 refragantur.
3014 1034 3177 1090 Unde
3203 1042 3257 1088 et
3287 1051 3480 1090 eorum
3499 1033 3685 1089 ofﬁcia
3717 1050 3829 1089 me-

2240 1134 2345 1190 rito
2377 1134 2590 1205 populis
2620 1131 3039 1198 interdicuntur,
3068 1145 3307 1199 quorum
3345 1129 3623 1183 orationes
3651 1129 3833 1183 omni-

2242 1238 2438 1300 potens
2495 1230 2641 1283 Deus
2671 1242 2781 1281 non
2809 1225 2951 1293 dico,
3006 1239 3121 1279 non
3167 1222 3381 1294 recipit,
3430 1222 3528 1278 sed
3581 1238 3832 1279 exsecra-

2241 1331 2357 1379 tur.

2316 1417 2422 1474 Sed
2446 1416 2563 1488 jam
2586 1414 2655 1470 ad
2676 1414 2851 1486 ipsum
2879 1415 2987 1469 Vas
3007 1412 3287 1468 electionis
3314 1410 3615 1477 veniamus,
3656 1411 3759 1484 qui
3784 1419 3836 1468 et

2242 1511 2500 1584 praesenti
2541 1516 2747 1564 statuto
2780 1507 2954 1563 nostri
3002 1506 3293 1579 apostolici
3329 1522 3636 1561 consonare
3724 1521 3834 1561 non

2242 1605 2537 1662 dubitatur.
2567 1626 2592 1651 «ι
2615 1603 2672 1659 Si
2704 1602 2769 1670 is,
2798 1602 2990 1673 inquit,
3021 1602 3112 1673 qui
3144 1600 3313 1657 frater
3342 1601 3665 1655 nominatur
3694 1599 3833 1655 inter

2246 1716 2360 1767 vos,
2392 1706 2474 1754 est
2518 1697 2841 1765 fornicator,
2866 1704 2962 1751 aut
2989 1710 3209 1757 avarus,
3250 1703 3347 1751 aut
3370 1693 3533 1749 idolis
3558 1694 3824 1760 serviens,

537 1804 825 1861 dinatione
854 1806 1022 1860 sancti
1053 1802 1468 1875 praedecessoris
1512 1802 1683 1857 nostri
1725 1800 2026 1857 Clementis
2047 1798 2136 1853 in-
2166 1800 2215 1865 Β
2244 1803 2338 1850 aut
2366 1791 2683 1857 maledicus,
2716 1800 2815 1846 aut
2852 1789 3121 1856 ebriosus,
3164 1798 3258 1844 aut
3286 1805 3475 1860 rapax,
3508 1804 3638 1843 cum
3681 1788 3834 1859 ejus-

540 1908 764 1956 struens
793 1899 1000 1955 clerum
1024 1907 1079 1954 et
1115 1898 1398 1970 populum,
1430 1896 1508 1951 ait
1540 1914 1553 1950 :
1586 1896 1640 1951 Si
1688 1894 1942 1949 inimicus
1970 1892 2137 1948 fuerit

542 1994 794 2051 Clemens
825 1992 980 2047 alicui
1025 2008 1123 2062 pro
1175 1991 1388 2047 actibus
1445 1990 1578 2058 suis,
1610 2004 1707 2043 vos
1737 1988 1910 2043 nolite
1942 2001 2133 2058 exape-

541 2094 689 2141 ctare
704 2094 765 2139 ut
792 2085 905 2154 ipse
933 2082 1089 2139 vobis
1118 2084 1261 2138 dicat
1290 2100 1303 2137 :
1338 2081 1765 2137 Cumillonolite
1788 2080 1954 2135 amici
1985 2094 2131 2149 esse;

541 2178 638 2233 sed
667 2177 961 2233 observare
1008 2176 1301 2247 prudenter
1341 2174 1577 2238 debetis,
1609 2182 1665 2229 et
1700 2173 1967 2228 voluntati
2018 2173 2134 2244 ejus

537 2268 745 2341 absque
769 2270 1205 2325 commutatione
1223 2268 1704 2337 [commonitione,
1734 2270 1806 2321 sic
1831 2270 1979 2322 Rom.
2013 2266 2129 2338 ed.]

539 2363 935 2430 obsecundare,
967 2372 1022 2418 et
1042 2371 1284 2417 avertere
1313 2377 1409 2416 vos
1435 2361 1504 2416 ab
1535 2376 1599 2416 eo
1629 2360 1715 2415 cui
1754 2360 1941 2431 ipsum
1965 2360 2131 2415 senti-

536 2456 607 2511 tis
637 2456 967 2523 adversum;
998 2455 1095 2511 sed
1125 2471 1226 2511 nec
1254 2454 1397 2526 loqui
1428 2454 1511 2509 bis
1537 2453 1734 2525 quibus
1764 2454 1880 2525 ipse
1918 2470 2033 2510 non
2054 2455 2131 2510 lo-

536 2550 747 2623 quitur,
781 2558 843 2605 ut
872 2549 1247 2621 unusquisque
1278 2548 1373 2620 qui
1412 2548 1470 2602 in
1506 2548 1663 2620 culpa
1688 2556 1791 2616 est,
1818 2548 1955 2603 dum
1985 2547 2132 2619 cupit

534 2644 786 2701 omnium
815 2652 1055 2699 vestrum
1091 2643 1361 2698 amicitias
1384 2640 1557 2708 ferre,
1615 2640 1833 2697 festinet
1853 2642 2010 2697 citius
2040 2656 2130 2697 re-

536 2736 813 2795 conciliari
836 2736 883 2791 ei
908 2737 1003 2809 qui
1044 2736 1300 2792 omnibus
1327 2743 1553 2806 praeest;
1587 2742 1642 2790 et
1671 2751 1766 2807 per
1794 2734 1899 2790 hoc
1936 2733 2133 2791 redeat

533 2830 603 2887 ad
618 2830 875 2900 salutem,
896 2846 1024 2885 cum
1047 2829 1266 2886 obedire
1278 2830 1509 2899 coeperit
1525 2828 1747 2884 monitis
1762 2826 2124 2899 praesidentis.

533 2925 589 2981 Si
620 2941 749 2980 vero
800 2924 923 2996 quis
953 2923 1167 2979 amicus
1192 2922 1353 2978 fuerit
1380 2922 1487 2991 his,
1517 2922 1715 2994 quibus
1742 2922 1857 2993 ipse
1899 2938 2012 2976 non
2042 2921 2120 2977 lo-

531 3018 716 3090 quitur
738 3018 957 3089 [quibus
986 3017 1099 3089 ipse
1127 3016 1341 3072 amicus
1366 3031 1478 3071 non
1508 3024 1611 3085 est,
1653 3024 1707 3070 et
1753 3014 1967 3071 locutus
1994 3012 2121 3071 fue-

526 3113 600 3168 rit
628 3112 732 3176 his,
765 3114 841 3167 sic
884 3114 1032 3167 Rom.
1087 3110 1211 3178 ed.],
1242 3126 1382 3165 unus
1409 3116 1493 3164 est
1518 3116 1572 3164 et
1616 3108 1733 3179 ipse
1760 3125 1827 3165 ex
1875 3109 1983 3164 illis
2030 3107 2123 3180 qui

2243 1888 2395 1947 modi
2424 1904 2527 1944 nec
2567 1886 2753 1942 cibum
2793 1900 3009 1940 sumere
3034 1887 3083 1951 (Ι
3114 1884 3235 1939 Cor.
3266 1890 3348 1950 v).
3381 1904 3411 1933 ι
3453 1881 3729 1939 Videlicet
3751 1882 3834 1953 qui

2240 1983 2456 2050 nolunt,
2497 1980 2653 2052 juxta
2710 1978 3099 2035 ecclesiasticas
3144 1977 3478 2042 sanctiones,
3523 1976 3827 2045 emendari,

2241 2076 2369 2134 licet
2420 2074 2586 2131 certis
2665 2082 2721 2130 et
2776 2072 3005 2145 publicis
3057 2070 3374 2126 criminibus
3426 2070 3538 2125 sint
3586 2068 3829 2142 obligati.

2311 2173 2454 2226 Item
2478 2168 2546 2223 ad
2562 2166 3072 2224 Thessalonicenses
3105 2182 3165 2219 εει
3202 2165 3612 2220 Denuntiamus
3641 2172 3831 2220 autem

2241 2264 2417 2330 vobis,
2447 2262 2663 2331 fratres,
2711 2262 2765 2317 in
2795 2261 3017 2318 nomine
3048 2258 3272 2316 Domini
3304 2258 3477 2315 nostri
3513 2260 3644 2315 Jesu
3674 2259 3831 2315 Chri-

2239 2359 2332 2423 sti,
2378 2367 2441 2414 ut
2486 2356 2817 2414 subtrahatis
2861 2372 2959 2412 vos
3009 2356 3077 2411 ab
3111 2355 3263 2411 omni
3315 2353 3480 2409 fratre
3511 2353 3833 2410 ambulante

2240 2451 2549 2509 inordinate
2577 2461 2632 2508 et
2658 2467 2773 2507 non
2813 2451 3117 2507 secundum
3164 2448 3520 2504 traditionem
3550 2464 3726 2519 quam
3754 2464 3834 2506 ac-

2238 2555 2501 2619 ceperunt
2528 2562 2559 2601 a
2601 2545 2761 2601 nobis
2786 2548 2863 2609 (II
2895 2547 3070 2600 Thess.
3122 2548 3240 2609 III).
3275 2566 3301 2592 ιι
3345 2544 3417 2598 Et
3466 2543 3635 2614 paulo
3660 2551 3831 2611 post:

2241 2663 2268 2690 α
2296 2642 2353 2697 Si
2410 2640 2533 2711 quis
2561 2655 2670 2694 non
2714 2637 2901 2694 obedit
2946 2637 3110 2693 verbo
3142 2646 3355 2704 nostro,
3386 2652 3484 2708 per
3534 2636 3828 2707 epistolam

2236 2735 2385 2790 hunc
2412 2743 2620 2801 notate,
2648 2742 2703 2789 et
2728 2750 2797 2789 ne
2822 2731 3294 2789 commisceamini
3314 2747 3442 2787 cum
3466 2731 3583 2799 illo,
3619 2739 3684 2786 ut
3712 2748 3836 2787 con-

2234 2827 2495 2884 fundatur
2526 2829 2733 2901 (Ibid).
2770 2851 2794 2877 υ
2823 2830 2963 2885 Cum
2993 2826 3191 2899 quibus
3237 2826 3401 2898 igitur
3419 2826 3733 2895 Apostolus
3772 2824 3833 2879 ﬁ-

2234 2921 2384 2979 deles
2412 2939 2514 2978 nec
2540 2921 2883 2993 corporalem
2912 2920 3100 2976 cibum
3126 2935 3343 2975 sumere
3372 2919 3670 2991 permittit,
3705 2928 3784 2989 et,
3805 2934 3833 2975 a

2234 3032 2475 3088 quorum
2507 3016 2782 3073 consortio
2806 3014 2995 3071 ﬁdeles
3033 3014 3312 3071 discedere
3332 3014 3602 3087 praecipit,
3634 3012 3708 3069 de
3735 3014 3833 3071 eis-

2234 3108 2361 3164 dem
2390 3110 2707 3181 apostolicm
2738 3109 3102 3165 institutionis
3143 3108 3620 3180 contemptoribus
3650 3116 3713 3164 et
3737 3124 3834 3181 po-

525 3206 886 3263 exterminare
916 3204 1218 3260 Ecclesiam
1246 3203 1345 3259 Dei
1371 3203 1584 3260 volunt.
1617 3205 1708 3270 Et,
1736 3217 1867 3258 cum
1890 3216 2123 3273 corpore
2157 3206 2203 3269 C
2232 3205 2361 3274 pulo
2404 3203 2653 3275 praecipit
2697 3211 2887 3259 noster
2931 3204 3267 3275 apostolicus
3299 3211 3360 3259 ut
3388 3202 3465 3258 eis
3510 3203 3716 3258 saltem
3769 3202 3835 3261 ad

526 3300 809 3358 vobiscum
841 3313 961 3355 esse
990 3298 1263 3366 videatur,
1292 3306 1474 3353 mente
1512 3305 1566 3352 et
1588 3296 1770 3353 animo
1808 3306 2003 3353 contra
2023 3311 2121 3353 vos

524 3400 639 3460 est;
692 3402 747 3450 et
783 3400 865 3449 est
895 3392 1072 3447 multo
1101 3391 1333 3463 nequior
1371 3390 1547 3446 hostis
1578 3389 1664 3445 hic
1710 3406 1875 3461 quam
1928 3390 2001 3445 illi
2028 3390 2119 3461 qui

524 3485 658 3544 foris
691 3494 819 3543 sunt
862 3494 917 3542 et
946 3486 1228 3542 evidenter
1266 3484 1477 3541 inimici
1515 3492 1663 3539 sunt.
1692 3484 1794 3539 Hic
1822 3483 1997 3551 enim,
2022 3500 2119 3555 per

522 3581 891 3636 amicitiarum
928 3580 1188 3651 speciem,
1232 3594 1357 3651 qua:
1396 3578 1622 3635 inimica
1669 3584 1802 3635 sunt
1846 3578 2011 3651 gerit,
2061 3584 2117 3633 et

522 3674 821 3728 Ecclesiam
848 3672 1111 3743 dispergit
1137 3688 1199 3727 ac
1216 3677 1407 3727 vastat.
1442 3695 1468 3720 ι

592 3765 707 3822 Ubi
736 3781 866 3837 ergo
895 3765 1011 3836 ipse
1042 3765 1289 3835 princeps
1318 3764 1692 3835 apostolorum
1720 3772 1836 3821 tam
1864 3763 2115 3821 districta

521 3857 777 3929 prohibet
800 3874 866 3913 ne
896 3858 1019 3928 quis
1044 3859 1122 3913 eis
1145 3858 1343 3913 saltem
1374 3857 1646 3928 loquatur,
1680 3859 1772 3929 qui
1800 3858 2116 3930 apostolicis

518 3950 785 4006 institutis
796 3965 904 4005 non
923 3949 1293 4005 obsecundare
1312 3949 1819 4020 deprehenduntur,
1845 3951 1918 4007 ibi
1945 3955 2115 4008 etiam

518 4044 916 4101 evidentissima
966 4051 1111 4099 vetat
1160 4059 1231 4099 ne
1272 4043 1503 4115 populus
1561 4042 1753 4100 missas
1800 4052 1857 4099 et
1902 4045 2114 4116 reliqua

516 4138 829 4209 hujusmodi
857 4134 1037 4193 ofﬁcia
1060 4138 1127 4192 ab
1148 4136 1226 4192 eis
1248 4136 1469 4208 recipiat
1496 4156 1508 4193 :
1540 4160 1565 4185 α
1599 4139 1721 4193 Mos
1746 4136 1896 4194 enim
1925 4139 2111 4210 populi

524 4231 657 4296 Dei,
688 4253 713 4281 ι
724 4232 883 4303 juxta
915 4231 1287 4303 Augustinum
1305 4234 1487 4301 (epist.
1520 4237 1589 4287 86
1617 4231 1686 4287 ad
1727 4233 2105 4302 Casulanum),

520 4347 545 4374 ι
562 4341 660 4397 pro
672 4325 786 4398 lege
802 4325 1097 4391 tenendus,
1115 4348 1139 4373 ι
1156 4324 1483 4397 comprobat
1497 4325 1655 4381 nobis
1665 4342 1795 4382 cum
1807 4327 2112 4383 canonibus

515 4425 578 4476 ut
626 4421 862 4492 populus
912 4420 1288 4491 cujuscunque
1339 4418 1641 4475 sacerdotis
1671 4420 1870 4477 missas
1899 4420 2106 4489 audiat,

516 4516 631 4586 ejus
660 4516 828 4571 etiam
854 4515 1082 4586 singulis
1119 4513 1537 4570 salutationibus
1569 4513 1626 4567 in
1664 4515 1829 4569 missa
1873 4530 2107 4585 respon-

516 4605 664 4663 deat.
721 4610 1065 4679 Quapropter
1117 4608 1347 4678 populus
1383 4607 1697 4678 liujusmodi
1728 4608 2107 4678 praevaricato-

515 4714 642 4755 rum
691 4700 888 4755 missas
917 4702 1226 4755 nullatenus
1270 4701 1514 4772 recipiet,
1545 4702 1589 4757 si
1636 4701 1805 4773 ipsius
1846 4701 2107 4773 principis

516 4793 891 4863 apostolorum
921 4796 1243 4849 sententiam
1271 4796 1557 4851 observare
1576 4796 1740 4851 volet.

582 4886 722 4941 CAP.
743 4888 946 4941 XVIII.
973 4888 1360 4943 Sanctissimus
1378 4905 1513 4960 papa
1528 4890 1823 4961 Gregorius
1851 4890 1965 4956 (lib.
1988 4904 2101 4959 v11,

513 4981 673 5051 epist.
716 4980 836 5049 116)
882 4978 1134 5036 scribens
1161 4980 1229 5036 ad
1261 4996 1415 5053 reges
1441 4984 1779 5039 Francorum
1816 4984 1883 5039 de
1907 4984 2099 5056 hujus-

509 5072 659 5127 modi
689 5072 1090 5140 sacerdotibus,
1120 5090 1401 5130 canonum
1431 5076 1927 5146 contemptoribus,
1974 5094 2095 5149 cap.

512 5172 612 5223 135
651 5168 723 5235 [0.
761 5171 847 5237 R.,
878 5170 968 5235 75]
998 5174 1232 5222 testatur
1260 5190 1285 5215 α
1311 5168 1459 5239 quod
1487 5186 1721 5240 regnum
1744 5186 1809 5225 ex
1831 5170 1991 5241 culpa
2019 5180 2099 5229 ta-

509 5260 647 5315 lium
676 5262 1026 5317 sacerdotum
1060 5269 1449 5331 praagravetur.
1488 5285 1512 5310 υ
1541 5265 1610 5316 Et
1634 5272 1752 5331 post
1780 5279 1947 5333 pauca
1977 5266 2099 5321 sub-

501 5353 682 5425 junxit
714 5373 727 5409 :
768 5378 791 5402 ‹ι
820 5355 1021 5426 Major,
1073 5354 1265 5424 inquit,
1307 5355 1599 5411 metuenda
1627 5363 1709 5410 est
1737 5356 2094 5416 locisillisca-

504 5445 747 5513 lamitas,
779 5447 869 5502 ubi
899 5449 1034 5503 tales
1074 5447 1459 5503 intercessores
1489 5448 1557 5503 ad
1607 5449 1790 5506 locum
1816 5452 2095 5524 regimiuis

504 5538 873 5606 adducuntur,
901 5542 991 5611 qui
1020 5542 1124 5597 Dei
1156 5541 1334 5613 magis
1358 5542 1416 5595 in
1436 5558 1493 5597 se
1517 5543 1865 5601 iracundiam
1899 5564 2091 5617 provo-

500 5641 644 5698 cent,
686 5648 854 5706 quam
899 5650 995 5705 per
1034 5634 1362 5707 semetipsos
1390 5637 1605 5710 populis
1643 5640 1855 5711 placare
1884 5641 2092 5698 debue-

406 5740 409 5743 ’
496 5737 637 5783 rant.

564 5823 694 5879 Jure
734 5822 901 5894 igitur
940 5824 1115 5882 nostri
1164 5826 1436 5897 temporis
1485 5827 1785 5898 Gregorius
1816 5830 2081 5899 papulum

2233 3297 2585 3353 Dominicam
2627 3313 2880 3353 mensam
2910 3313 3025 3354 non
3053 3297 3509 3362 communicaret,
3544 3304 3600 3351 et
3631 3312 3835 3352 eorum

2229 3391 2472 3446 societati
2502 3406 2560 3446 se
2588 3392 2783 3447 saltem
2810 3407 2877 3447 eo
2906 3400 3154 3463 tempore
3188 3390 3561 3458 subtraheret,
3588 3405 3728 3445 cum
3757 3390 3831 3445 illi

2233 3491 2428 3541 contra
2456 3483 2540 3540 fas
2567 3493 2621 3540 et
2653 3485 2745 3557 jus
2774 3501 2927 3541 sacra
2953 3484 3217 3554 mysteria
3242 3483 3297 3539 in
3336 3482 3640 3555 perniciem
3676 3498 3830 3539 suam

2232 3587 2584 3650 usurparent.
2641 3580 2804 3635 Juxta
2849 3578 3174 3650 Apostolum
3208 3578 3380 3644 enim,
3415 3601 3441 3625 ιι
3475 3576 3832 3649 Quicumque

2228 3672 2583 3729 Dominicum
2613 3688 2811 3743 panem
2858 3679 2915 3727 et
2950 3672 3179 3728 calicem
3227 3671 3398 3727 sumit
3423 3670 3680 3742 indigne.
3711 3685 3831 3727 reus

2230 3768 2335 3821 erit
2362 3766 2608 3838 corporis
2636 3775 2690 3821 et
2734 3766 3015 3837 sanguinis
3046 3764 3299 3836 Domini;
3331 3772 3387 3820 et
3410 3764 3689 3837 judicium
3731 3764 3828 3821 sibi

2226 3860 2527 3915 manducat
2573 3868 2628 3915 et
2650 3859 2789 3915 bibit
2816 3862 2863 3925 (Ι
2902 3861 3022 3917 Cor.
3072 3864 3181 3926 χι).
3210 3876 3241 3912 ι
3282 3857 3446 3931 Quod
3493 3874 3697 3915 omnes
3751 3858 3827 3915 Ia-

2227 3953 2384 4009 ciunt
2419 3954 2513 4025 qui
2554 3952 2992 4017 fornicationem,
3023 3954 3105 4009 vel
3144 3952 3436 4009 avaritiam
3486 3968 3601 4007 non
3648 3953 3829 4009 solum

2227 4062 2502 4115 exercere,
2539 4047 2635 4103 sed
2660 4047 2829 4102 etiam
2852 4046 3337 4104 obstinato‘animo
3375 4044 3677 4102 defendere
3694 4061 3829 4117 pra-

2225 4149 2475 4197 sumunt.
2535 4144 2617 4196 De
2655 4140 2856 4212 quibus
2894 4142 3197 4211 Apostolus
3232 4140 3409 4196 dicit:
3451 4162 3478 4188 ε
3520 4140 3826 4210 Quoniam,

2223 4235 2321 4305 qui
2384 4234 2513 4290 talia
2564 4241 2757 4306 agunt,
2815 4249 3049 4307 regnum
3084 4234 3187 4292 Dei
3250 4250 3366 4291 non
3413 4242 3830 4307 consequentur

2223 4330 2366 4395 (Gal.
2399 4334 2477 4395 v).
2512 4350 2538 4377 ν

2292 4422 2396 4492 Qui
2420 4422 2587 4477 etiam
2613 4437 2712 4493 pro
2742 4422 2951 4479 eisdem
2979 4420 3294 4479 criminibus
3326 4422 3485 4494 juxta
3522 4423 3825 4479 canonica:

2217 4516 2534 4571 sanctiones
2563 4514 2832 4582 damnati,
2856 4515 3209 4572 interdictum
3248 4515 3354 4572 sibi
3375 4514 3627 4573 oﬂicium
3656 4526 3829 4574 teme-

2217 4609 2362 4664 raria
2413 4611 2767 4682 usurpatione
2815 4610 3182 4682 frequentant.
3240 4611 3455 4681 Nempe
3509 4610 3620 4681 ipsi
3688 4625 3828 4684 quos

2218 4702 2434 4774 prOprie
2482 4719 2742 4759 vocamus
2786 4704 3135 4775 poenitentes,
3183 4702 3311 4759 licet
3362 4718 3462 4774 pro
3490 4700 3829 4773 hujusmodi

2215 4796 2542 4854 criminibus
2585 4796 2860 4853 canonica:
2904 4796 3211 4867 disciplinae
3257 4796 3397 4853 colla
3466 4796 3826 4862 submittant,

2216 4906 2330 4946 non
2358 4900 2543 4947 tamen
2586 4891 2777 4946 divinis
2827 4892 3187 4947 sacramentis
3216 4900 3333 4946 tam
3372 4899 3586 4947 temere
3617 4907 3828 4963 appro-

2213 4984 2445 5041 ximant.
2472 4984 2652 5053 Unde,
2679 4983 2837 5057 juxta
2865 4985 3197 5041 sententiam
3228 4987 3292 5039 Β.
3324 4984 3637 5040 Innocentii
3663 5000 3828 5057 papa

2214 5081 2372 5147 (epist
2406 5086 2495 5146 29,
2528 5080 2637 5134 edit
2661 5084 2855 5145 Rom),
2910 5096 3013 5135 nec
3060 5078 3313 5134 inﬁrmos
3347 5080 3713 5149 pmoitentes,
3767 5085 3830 5136 ut

2212 5172 2455 5243 reliquos
2493 5182 2845 5245 aegrotantes,
2900 5189 3059 5229 sacro
3089 5173 3387 5229 chrismate
3443 5174 3574 5245 ungi
3631 5173 3769 5230 licet
3805 5191 3823 5230 ;

2212 5287 2240 5315 ιι
2272 5267 2411 5321 Nam
2442 5267 2656 5337 quibus,
2680 5266 2854 5337 inquit
2876 5271 3023 5335 [item
3040 5267 3105 5321 de
3132 5283 3351 5331 consec.,
3374 5265 3428 5322 d.
3460 5273 3514 5334 3,
3544 5270 3619 5320 De
3644 5270 3827 5337 paeni-

2208 5361 2436 5416 tentibus
2465 5361 2610 5429 vero]
2636 5360 3092 5430 (paenitentibus),
3118 5369 3172 5415 et
3193 5361 3400 5431 reliqua
3427 5367 3711 5431 negantur
3738 5376 3825 5415 sa-

2202 5461 2503 5522 cramenta,
2533 5453 2812 5523 quomodo
2839 5471 3012 5509 unum
3040 5469 3208 5524 genus
3235 5460 3460 5523 putatur
3491 5469 3653 5525 posse
3677 5470 3824 5510 con-

2202 5547 2353 5603 cedi?
2389 5570 2413 5594 ιι
2446 5549 2525 5602 Ne
2553 5547 2651 5602 sibi
2677 5548 2809 5618 ipsis
2840 5547 3253 5603 damnationem
3290 5548 3475 5619 potius
3512 5564 3683 5619 quam
3718 5564 3819 5603 re-

2202 5640 2523 5698 missionem
2554 5640 2852 5713 acquirant,
2899 5642 2945 5696 si
2974 5641 3186 5708 eadem,
3218 5649 3337 5696 tam
3377 5640 3610 5713 indigni,
3657 5656 3814 5697 non-

2199 5734 2335 5792 dum
2360 5750 2491 5790 sane
2534 5752 2629 5807 per
2659 5735 3045 5807 poenitentiam
3068 5734 3139 5791 ad
3160 5734 3383 5806 plenum
3406 5735 3647 5806 purgati,
3674 5750 3819 5805 per-

2145 5917 2149 5921 .
2196 5832 2426 5904 cipiant.
2474 5832 2535 5889 Si
2576 5832 2751 5905 igitur
2790 5833 3120 5906 paenitentes
3177 5830 3347 5888 etiam
3391 5830 3658 5888 canonice
3707 5844 3819 5899 pro
