4052 6180
245 312 376 365 1133

1145 311 1430 365 APPEND.
1474 310 1558 364 lll.
1600 339 1671 349 —
1710 310 2131 366 MONUMENTA
2167 313 2625 368 GREGORIANA.

3395 311 3530 365 1134·

241 433 558 492 criminibus
611 434 720 487 suis
777 432 1175 489 satisfacientes
1223 434 1420 489 divinis
1477 435 1831 489 sacramentis
1861 438 1915 501 Α
1945 435 2012 490 de
2044 436 2318 493 oblatione
2348 416 2655 510 percipere,
2693 437 2989 492 anathema
3022 437 3107 491 sit.
3145 459 3169 484 ι
3216 440 3336 492 Hoc
3365 435 3527 491 etiam

237 529 551 600 judicantur
581 527 810 598 indigni,
852 536 1059 597 quanto
1099 528 1270 600 magis
1300 527 1398 594 illi,
1439 530 1530 598 qui
1564 546 1673 583 non
1717 545 1834 600 po“.-

239 624 443 689 nitere,
481 621 574 675 sed
610 621 797 690 culpas
824 637 948 675 suas
976 622 1087 692 jam
1124 620 1339 677 dudum
1371 622 1673 693 publicatas
1712 640 1834 693 per-

239 716 487 773 tinaciter
516 713 812 770 defendere
841 723 1109 770 conantur
1135 720 1156 771 ?
1191 716 1306 787 qui,
1347 725 1400 770 et
1438 716 1517 789 lC.
1550 720 1637 782 R.,
1664 733 1829 772 cano-

239 811 419 878 nibus]
460 809 737 864 obstinato
779 809 963 865 animo
1000 810 1311 865 resistentes
1355 811 1527 865 etiam
1570 812 1833 881 Spiritum

241 913 494 961 sanctum
520 902 897 981 blasphemare
917 903 1231 973 probantur.
1268 904 1357 959 Sic
1377 904 1516 958 enim
1545 908 1608 959 Β.
1640 908 1835 959 Dama—

241 1014 333 1055 sus
363 1014 499 1070 papa
541 996 599 1052 in
630 996 855 1066 epistola
888 1003 995 1063 (25,
1029 1014 1083 1068 q.
1122 1006 1170 1063 1,
1212 1016 1261 1052 c.
1296 1004 1352 1063 5,
1404 1001 1717 1063 Violatores)
1765 998 1834 1053 ad

243 1095 298 1150 S.
333 1091 618 1147 Aurelium
656 1090 1133 1163 Carthaginensem
1168 1091 1637 1163 archiepiscopum
1672 1101 1835 1148 testa-

243 1196 334 1243 tur
360 1204 373 1241 :
414 1209 437 1234 α
468 1184 793 1249 Violatores,
819 1185 1014 1255 inquit,
1044 1202 1321 1241 canonum
1355 1186 1644 1241 voluntarii
1668 1187 1836 1258 grad-

242 1288 326 1336 ter
364 1296 393 1334 a
436 1282 532 1335 SS.
574 1278 825 1333 Patribus
863 1278 1201 1350 judicantur,
1234 1287 1289 1333 et
1319 1296 1347 1333 a
1379 1290 1568 1335 sancto
1610 1280 1832 1350 Spiritu,

245 1373 423 1447 (cujus
458 1372 715 1428 instinctu
754 1388 816 1427 ac
874 1371 1023 1428 dono
1063 1372 1248 1428 dictati
1287 1378 1431 1438 sunt)
1484 1374 1830 1445 damnantur,

243 1468 504 1541 quoniam
548 1466 929 1539 blasphemare
974 1466 1240 1537 Spiritum
1291 1477 1542 1523 sanctum
1593 1485 1705 1524 non
1748 1469 1834 1523 in-

245 1577 481 1635 congrue
517 1561 772 1617 videntur
795 1560 883 1633 qui
913 1569 1101 1617 contra
1131 1560 1351 1617 eosdem
1384 1578 1569 1618 sacros
1599 1579 1839 1618 canones

244 1672 358 1713 non
370 1655 688 1711 necessitate
708 1655 998 1726 compulsi,
1020 1655 1114 1711 sed
1136 1654 1389 1723 libenter,
1408 1664 1467 1711 ut
1488 1658 1839 1727 praemissum

245 1757 350 1815 est,
374 1749 576 1823 aliquid
596 1757 689 1805 aut
709 1757 958 1820 proterve
980 1758 1164 1822 agunt,
1187 1757 1283 1805 aut
1306 1750 1455 1822 loqui
1470 1760 1834 1823 praesumunt,

1947 541 2131 602 caput,
2175 532 2330 604 juxta
2384 534 2522 586 Petri
2563 531 2794 602 apostoli
2842 531 3243 585 attestatioaem
3294 532 3343 583 in
3375 546 3529 585 suam

1945 625 2188 694 ipsorum
2243 626 2541 696 perniciem
2590 625 2945 696 depravantes
2991 628 3065 689 (II
3112 627 3249 678 Petr.
3295 636 3408 690 III),
3459 624 3529 680 ita

1945 721 2301 790 pronuntiant
2331 741 2342 775 :
2376 744 2400 769 ι
2436 721 2760 792 Quicunque
2785 722 3113 775 recusaverit
3144 720 3370 774 missam
3400 734 3528 773 con-

1938 814 2111 885 jugati
2140 815 2455 885 presbyteri,
2485 814 2773 869 anathema
2798 815 2889 879 sit,
2918 838 2940 859 ι›
2966 814 3171 867 scilicet
3201 821 3261 867 ut
3285 829 3379 867 eos
3398 828 3528 867 aua-

1944 908 2327 964 thematizatos
2356 925 2473 963 esse
2495 908 2873 963 demonstrent
2899 909 3009 978 qui,
3043 908 3352 978 apostolicis
3373 907 3528 961 insti-

1943 1003 2076 1056 tutis
2101 1003 2434 1070 obedientes,
2452 1002 2908 1057 incontinentium
2937 1001 3378 1073 presbyterorum
3404 1002 3531 1056 mis-

1945 1112 2034 1152 sas
2080 1096 2321 1167 recipere
2358 1096 2680 1151 detrectent.
2732 1096 2835 1152 Sed
2887 1095 3108 1150 frustra.
3160 1100 3296 1149 Nam
3328 1094 3531 1166 praedi-

1946 1199 2092 1245 ctum
2115 1200 2278 1260 caput
2308 1191 2426 1245 illos
2452 1199 2668 1247 tantum
2699 1189 3119 1245 anathematizat
3147 1189 3241 1260 qui
3270 1196 3532 1259 respuunt

1945 1284 2241 1356 presbyteri
2290 1286 2648 1351 oblationem,
2696 1302 2811 1339 non
2855 1283 2945 1356 qui
2997 1283 3159 1338 modo
3202 1283 3384 1348 habet,
3439 1281 3534 1337 sed

1944 1378 2033 1448 qui
2058 1378 2339 1450 quondam
2367 1378 2551 1434 habuit
2583 1395 2827 1434 uxorem.
2875 1382 2950 1433 Eo
2991 1376 3134 1432 enim
3164 1385 3432 1446 tempore,
3461 1383 3529 1430 ut

1947 1472 2204 1543 prologus
2251 1472 2584 1545 Gangrensis
2624 1472 2841 1528 concilii
2874 1479 3126 1539 testatur,
3159 1478 3313 1525 erant
3358 1468 3538 1525 haere-

1946 1566 2035 1621 tici
2093 1576 2391 1622 sectatores
2437 1565 2719 1638 cujusdam
2767 1562 2997 1620 Eustasii
3046 1563 3385 1637 [Eustatbii],
3439 1561 3531 1635 qui

1948 1658 2227 1731 legitimas
2251 1661 2471 1731 nuptias
2496 1661 2650 1732 quasi
2680 1660 2910 1715 mortale
2947 1659 3156 1714 crimen
3199 1656 3533 1712 condemna—

1945 1753 2098 1821 bant,
2128 1764 2431 1810 asserentes
2450 1754 2661 1809 nullum
2703 1754 2757 1808 in
2783 1752 3056 1825 conjugali
3098 1752 3269 1823 gradu
3298 1751 3539 1822 positum

246 1852 342 1900 aut
365 1819 537 1900 facere
556 1819 865 1899 volentibus
892 1819 1087 1915 sponte
1115 1819 1488 1899 consentiunt:
1515 1845 1663 1901 Talis
1691 1819 1839 1901 enim
1869 1819 1916 1881 Β
1949 1819 2099 1919 spem
2129 1848 2329 1904 habere
2365 1848 2510 1918 apud
2540 1851 2738 1903 Deum.
2785 1819 3035 1903 Unde'et
3077 1819 3377 1901 oblationes
3414 1860 3540 1915 pre-

246 1938 603 2010 praasumptio
634 1936 923 1993 manifeste
954 1953 1124 1992 unum
1155 1953 1326 2010 genus
1354 1946 1437 1993 est
1464 1938 1842 2009 blaspheman-

245 2033 395 2089 tium
424 2032 679 2101 Spiritum
730 2039 1001 2088 sanctum.
1047 2030 1208 2101 Quia,
1241 2039 1302 2088 ut
1339 2032 1451 2104 jam
1500 2033 1840 2103 praelibatum

248 2134 350 2189 est,
383 2134 572 2182 contra
607 2142 737 2182 eum
777 2125 891 2198 agit
917 2125 1073 2198 cujus
1105 2134 1239 2181 nutu
1269 2135 1323 2182 et
1348 2126 1521 2199 gratia
1550 2128 1722 2183 sancti
1756 2144 1841 2183 ca-

247 2235 418 2277 nones
443 2219 573 2275 editi
602 2230 751 2276 sunt.
783 2243 808 2267 υ

318 2316 511 2386 Itaque
544 2312 617 2368 illi
669 2312 982 2369 sacerdotes
1011 2313 1107 2385 qui
1134 2320 1246 2369 tam
1289 2313 1619 2388 gravissimis
1648 2315 1840 2371 crimi-

243 2408 489 2464 minibus
514 2415 640 2463 sunt
690 2407 941 2478 obligati,
976 2407 1091 2462 imo
1124 2408 1215 2479 qui
1247 2424 1344 2477 pro
1393 2409 1597 2465 eisdem
1642 2425 1843 2465 secun-

246 2501 385 2559 dum
402 2500 660 2557 canonica
683 2501 928 2556 instituta
942 2500 1059 2571 jam
1087 2510 1217 2556 sunt
1236 2501 1514 2570 damnati,
1533 2503 1844 2559 nullatenus

244 2596 357 2652 nisi
400 2596 457 2651 in
488 2595 781 2667 perniciem
811 2610 967 2650 suam
1016 2595 1320 2650 sacriﬁcare
1370 2604 1620 2666 possunt.
1654 2596 1843 2664 Unde,

242 2698 302 2747 et
330 2688 410 2745 illi
453 2705 565 2745 non
596 2705 790 2760 parum
820 2688 1164 2760 deliquerunt
1194 2689 1268 2756 [Ο.
1306 2692 1395 2757 IL,
1426 2689 1843 2761 delinquerent],

242 2784 559 2857 quicunque
582 2782 714 2854 ipsis
740 2784 793 2837 in
820 2782 1097 2853 propriam
1126 2799 1318 2839 necem
1348 2782 1655 2839 sacriﬁcare
1696 2800 1846 2839 usur-

244 2878 529 2951 pantibus,
564 2894 657 2949 per
692 2877 875 2932 solitas
902 2877 1281 2948 responsiones
1310 2876 1364 2931 in
1406 2877 1573 2933 missa
1617 2878 1848 2933 scienter

246 2972 536 3044 cooperari
586 2979 996 3042 praesumerent.
1040 2972 1165 3026 Non
1210 2971 1354 3026 enim
1400 2987 1501 3042 pro
1540 2988 1704 3042 parvo
1736 2972 1846 3027 cri-

246 3067 406 3123 mine
436 3065 748 3133 haberetur,
798 3064 840 3120 si
893 3065 1016 3136 quis
1064 3064 1222 3120 alicui
1270 3065 1509 3136 seipsnm
1556 3064 1850 3121 crudeliter

244 3158 527 3216 occidenti
554 3159 788 3214 scienter
816 3164 1224 3228 cooperaretur.
1272 3158 1675 3231 Sapientissime
1719 3176 1849 3231 ergo

242 3261 441 3311 noster
468 3254 802 3325 apostolicus
849 3252 1112 3325 populum
1146 3252 1457 3325 hujusmodi
1489 3264 1849 3326 praesumpto-

241 3363 383 3404 rnm
413 3347 867 3419 usurpationibus
908 3347 1169 3403 interesse
1210 3346 1520 3418 prohibuit,
1569 3364 1702 3419 quas
1738 3364 1853 3403 non

245 3442 439 3499 solum
469 3440 793 3497 ductoribus
820 3456 1031 3508 earum,
1063 3439 1161 3496 sed
1190 3449 1244 3496 et
1273 3441 1644 3512 receptoribus
1673 3442 1850 3513 perni-

244 3536 433 3592 ciosas
464 3550 582 3591 esse
611 3550 724 3590 non
743 3534 1035 3606 ignoravit.
1069 3534 1157 3590 Sic
1186 3534 1341 3589 enim
1366 3534 1479 3606 ipse
1513 3534 1786 3591 Dominus
1819 3552 1851 3591 a

244 3632 399 3688 Core
424 3628 648 3701 ejusque
678 3627 1026 3699 sequacibus,
1053 3628 1397 3684 sacriﬁcandi
1424 3627 1671 3684 ofﬁcium
1697 3645 1854 3685 usur-

242 3723 539 3799 pantibus,
590 3722 828 3793 reliquos
878 3722 1019 3779 ﬁlios
1068 3722 1231 3779 Israel
1276 3721 1555 3779 discedere
1594 3723 1855 3796 praecepit

243 3819 443 3888 (Num.
467 3822 611 3886 xvr),
644 3832 713 3872 ne
736 3817 970 3887 peccatis
994 3832 1186 3872 eorum
1214 3816 1638 3883 involverentur,
1666 3818 1855 3889 sicque

242 3910 628 3970 crudelissima
660 3918 839 3967 morte
884 3926 1011 3966 cum
1051 3909 1256 3966 eisdem
1286 3911 1535 3967 damnari
1573 3926 1853 3968 mereren-

242 4015 364 4063 tur.
394 4007 536 4061 Nam
563 4005 665 4077 ipsi
698 4004 1098 4073 haeresiarchas,
1129 4003 1396 4070 videlicet,
1423 4006 1583 4069 Core,
1614 4007 1850 4077 Dathan,

246 4108 309 4158 ct
344 4099 575 4168 Abiron,
618 4116 743 4155 cum
773 4100 1022 4155 universa
1065 4113 1262 4153 eorum
1291 4097 1597 4154 substantia
1642 4100 1745 4155 vivi
1783 4100 1856 4158 ad

248 4192 539 4251 infernum
570 4208 631 4249 ex
652 4192 952 4265 improviso
978 4191 1392 4248 descenderunt.
1423 4194 1691 4263 Sequaces
1726 4210 1854 4250 vero

246 4303 452 4345 eorum
482 4303 578 4359 per
596 4289 783 4359 ignem
814 4302 1090 4359 egressum
1111 4301 1141 4341 a
1177 4286 1417 4341 Domino
1450 4286 1669 4357 penitus
1698 4302 1855 4342 com-

244 4382 382 4439 buri
408 4389 734 4437 meruerunt
762 4381 967 4448 (Ibid).
999 4381 1213 4435 Horum
1238 4379 1402 4451 igitur
1431 4379 1771 4436 subitaneam
1801 4389 1856 4437 et

250 4474 665 4532 severissimam
697 4474 963 4529 ultionem
995 4473 1072 4528 illi
1106 4473 1394 4545 diligenter
1427 4475 1732 4542 attendant,
1764 4474 1856 4547 qui

1947 1943 2315 2014 sbyterorum,
2344 1942 2511 1998 etiam
2541 1950 2668 1997 ante
2696 1941 3097 1997 ordinationem
3130 1940 3373 2011 legitime
3403 1955 3540 1996 con—

1941 2035 2288 2108 jugatorum,
2324 2036 2592 2107 respuisse
2632 2034 2942 2089 traduntur.
2978 2034 3191 2105 Quippe
3240 2033 3543 2103 legitimum

1952 2129 2275 2203 conjugium
2320 2145 2418 2200 pro
2464 2128 2687 2183 mortali
2717 2127 2953 2182 crimine
2999 2127 3343 2197 deputantes,
3382 2125 3541 2196 quale

1951 2224 2117 2279 etiam
2146 2223 2187 2278 si
2227 2223 2351 2295 quis
2371 2222 2474 2278 hoc
2502 2230 2753 2292 tempore
2784 2230 3122 2292 perpetrasse
3148 2219 3438 2290 detegitur,
3470 2219 3547 2273 al-

1950 2318 2055 2373 tari
2086 2317 2394 2373 ministrare
2434 2316 2584 2388 juxta
2614 2330 2852 2371 canones
2897 2330 3006 2369 non
3037 2313 3391 2385 permittitur.
3430 2314 3544 2368 Me-

1952 2412 2062 2468 rito
2103 2412 2266 2484 igitur
2294 2409 2741 2466 anathematizati
2781 2417 2912 2464 sunt
2950 2407 3112 2463 iidem
3144 2406 3421 2475 haeretici,
3447 2406 3547 2463 do-

1953 2504 2320 2579 gmatizantes
2360 2512 2550 2559 contra
2598 2503 2726 2557 illud
2770 2502 3021 2573 Apostoli
3068 2522 3081 2556 :
3121 2526 3143 2549 σι
3192 2502 3243 2558 Si
3275 2502 3547 2573 acceperis

1953 2614 2203 2663 uxorem,
2228 2612 2334 2651 non
2357 2596 2583 2667 peccasti
2613 2598 2659 2661 (Ι
2678 2596 2797 2649 Cor.
2822 2600 2950 2660 vn).
2976 2618 3000 2644 »
3028 2598 3096 2650 Et
3119 2595 3249 2649 illud
3277 2615 3287 2649 :
3314 2619 3337 2643 α
3364 2597 3547 2666 Opor—

1953 2698 2033 2745 tet
2060 2692 2377 2761 episcopum
2407 2690 2566 2744 unius
2600 2689 2785 2744 uxoris
2824 2703 2941 2743 esse
2979 2688 3156 2743 virum
3190 2690 3239 2754 (Ι
3269 2692 3403 2743 Tim.
3436 2703 3541 2757 III;

1961 2787 2065 2841 Tit.
2100 2789 2163 2851 1).
2200 2804 2229 2835 ν
2262 2786 2413 2855 Saape
2443 2782 2676 2853 positum
2707 2791 2892 2835 autem
2920 2781 3093 2836 nostri
3123 2781 3407 2852 apostolici
3440 2790 3548 2839 sta-

1955 2886 2135 2934 tutum
2163 2877 2295 2932 nulli
2318 2876 2572 2948 prohibet
2598 2875 2788 2931 audire
2819 2874 3047 2930 missam
3075 2873 3219 2928 illius
3247 2873 3551 2945 presbyteri

1958 2972 2073 3045 qui,
2098 2973 2257 3043 juxta
2286 2970 2643 3041 apostolicam
2684 2968 3121 3041 permissionem,
3164 2976 3290 3023 ante
3332 2982 3552 3025 sacrum

1958 3067 2230 3133 ordinem,
2264 3082 2427 3121 unam
2468 3073 2689 3121 tantum
2717 3080 2949 3120 uxorem
2982 3064 3191 3127 habuit,
3238 3062 3457 3134 quando
3496 3070 3552 3118 et

1959 3162 2077 3217 sine
2105 3161 2333 3216 crimine
2364 3174 2590 3215 uxorem
2620 3158 2820 3214 ducere
2851 3157 3057 3229 potuit;
3098 3157 3215 3225 sed,
3257 3156 3397 3211 illius
3424 3171 3549 3229 pre-

1960 3255 2165 3328 sbyteri
2191 3255 2303 3326 qui,
2349 3264 2539 3308 contra
2579 3252 2926 3324 Apostolum,
2958 3253 3016 3307 in
3053 3251 3283 3307 crimine
3314 3250 3554 3307 fornica-

1961 3348 2125 3404 tionis
2154 3348 2433 3419 detegitur
2462 3346 2663 3419 jacere,
2695 3362 2860 3417 quem
2890 3345 2989 3416 ipsi
3014 3344 3243 3416 apostoli
3275 3352 3331 3400 et
3356 3345 3554 3416 reliqui

1960 3442 2134 3499 sancti
2158 3446 2345 3497 Patres
2369 3455 2763 3511 successorque
2786 3455 2978 3495 eorum
3006 3448 3196 3494 noster
3226 3439 3555 3510 apostolicus

1962 3552 1991 3591 a
2015 3535 2388 3592 sacratissimo
2418 3533 2604 3589 ofﬁcio
2643 3549 3011 3606 segregavere.
3042 3533 3211 3603 Igitur
3234 3534 3554 3605 quicunque

1961 3628 2272 3702 hujusmodi
2298 3629 2739 3701 presbyterorum
2770 3627 2963 3682 missas
2992 3627 3215 3698 respuit,
3247 3627 3557 3683 nullatenus
3624 3668 3627 3675 η

1962 3733 2146 3780 tamen
2206 3723 2472 3794 superiori
2524 3721 2970 3778 Eustasianorum
3017 3721 3553 3791 [Eustathianorum]

1962 3817 2289 3875 anathemati
2306 3816 2626 3889 subjacebit,
2652 3831 2777 3871 cum
2802 3815 3010 3887 Optime
3032 3816 3298 3886 Apostolo
3319 3831 3553 3871 consen-

1966 3913 2066 3969 tiat
2092 3912 2186 3985 qui
2226 3919 2278 3967 et
2310 3909 2685 3967 sacerdotibus
2726 3909 3121 3966 continentiam
3164 3909 3375 3978 indicit,
3405 3917 3460 3965 et
3485 3909 3553 3964 ﬁ-

1962 4007 2108 4063 deles
2164 4005 2676 4079 praevaricatoribus
2729 4018 3049 4060 sermonum
3101 4002 3218 4075 ejus
3262 4002 3552 4060 admisceri

1964 4116 2077 4157 non
2106 4100 2395 4171 permittit.

2034 4194 2355 4250 Notandum
2398 4201 2581 4249 autem
2627 4192 2772 4264 quod
2819 4198 3004 4249 noster
3034 4191 3358 4265 Gregorius.
3396 4189 3555 4264 juxta

1963 4287 2057 4343 SS.
2090 4290 2317 4342 Patrum
2347 4294 2567 4351 statuta,
2593 4286 2743 4356 prius
2772 4285 3180 4341 incontinentes
3210 4285 3554 4358 presbyteros

1965 4380 2150 4437 ofﬁcio
2188 4379 2440 4451 privavit,
2480 4378 2838 4451 postmodum
2867 4380 3069 4450 populo
3096 4395 3165 4434 ne
3208 4394 3401 4433 eorum
3431 4379 3554 4434 ofﬁ-

1964 4477 2046 4531 cia
2076 4474 2340 4547 reciperet
2366 4472 2671 4529 interdixit.
2706 4472 2866 4527 Unde
2894 4488 3011 4528 non
3042 4480 3160 4528 tam
3203 4471 3552 4527 incontinen-

245 4576 451 4624 contra
478 4568 772 4639 apostolica
814 4575 1082 4640 praecepta
1124 4567 1480 4624 interdictum
1522 4568 1627 4624 sibi
1668 4585 1847 4626 sacer-
1879 4581 1932 4645 D
1961 4570 2099 4627 tium
2124 4584 2287 4642 quam
2313 4585 2408 4639 pro
2430 4567 2818 4623 incontinentia
2835 4566 3222 4623 damnatorum
3245 4566 3437 4622 missas
3459 4582 3557 4622 au-

244 4661 440 4719 dotale
465 4660 717 4717 ofﬁcium
745 4661 1023 4717 obstinata
1058 4659 1361 4717 temeritate
1392 4671 1676 4733 usurpant.

330 4757 447 4812 Nec
488 4756 659 4811 otiose
700 4763 939 4810 mortem
983 4756 1115 4811 Ozze
1152 4754 1518 4824 considerent,
1564 4757 1682 4828 qui,
1727 4773 1855 4813 cum

244 4849 440 4906 David
469 4865 651 4905 arcam
686 4848 912 4905 Domini
942 4847 1009 4904 de
1035 4848 1330 4904 Philistiim
1358 4848 1411 4903 in
1436 4864 1580 4903 novo
1609 4850 1852 4920 plaustro

242 4942 564 5011 reduceret,
592 4959 622 4999 a
651 4943 895 4999 Domino
919 4958 1203 5015 percussus
1230 4941 1458 5009 interiit,
1488 4958 1552 4998 eo
1593 4944 1735 5013 quod
1766 4961 1852 5001 ar-

246 5053 406 5103 cam,
442 5037 564 5092 licet
592 5036 710 5107 jam
748 5052 1019 5103 casuram,
1060 5053 1228 5092 manu
1259 5044 1563 5092 sustentare
1590 5052 1857 5108 praesum-

246 5131 440 5204 pserit
479 5132 551 5195 (II
585 5134 716 5200 Reg.
764 5130 863 5201 v1).
912 5129 967 5185 Si
1019 5128 1165 5186 enim
1217 5129 1307 5184 ille
1350 5129 1549 5185 merito
1581 5131 1739 5203 periit
1767 5130 1859 5203 qui

242 5233 477 5281 temere
511 5224 731 5295 quidem
773 5223 867 5279 sed
895 5223 1123 5295 benigne
1156 5239 1343 5279 arcam
1373 5224 1598 5280 Domini
1642 5234 1860 5283 tantum

246 5316 463 5389 tetigit,
490 5326 693 5389 quanto
721 5318 893 5390 magis
918 5317 1028 5385 ille,
1061 5318 1155 5388 qui
1177 5326 1365 5373 contra
1396 5316 1475 5373 fas
1495 5326 1548 5374 et
1569 5319 1658 5391 jus
1682 5320 1860 5391 ipsum

246 5427 468 5482 corpus
496 5411 717 5467 Domini
748 5420 1083 5469 contrectare
1103 5412 1311 5485 sibique
1338 5411 1683 5485 incorporare
1716 5430 1856 5487 preco

243 5504 442 5563 sumit
467 5504 761 5576 indignus?

344 5598 493 5655 CAP.
537 5600 698 5655 XIX.
742 5599 979 5669 Quidam
1017 5606 1207 5655 tamen
1236 5600 1368 5656 satis
1395 5600 1647 5673 imperite
1673 5610 1862 5659 nostro

245 5692 577 5763 apostolico
606 5692 870 5765 objiciunt
889 5703 1148 5766 quartum
1179 5695 1507 5768 Gangrensis
1535 5696 1749 5752 concilii
1773 5712 1863 5752 ca-

244 5785 505 5858 pitulum
540 5802 553 5841 :
602 5809 625 5835 ι
673 5787 995 5859 Quicunque
1034 5788 1301 5844 discernit
1328 5805 1359 5843 a
1398 5790 1737 5863 presbytero,
1773 5790 1866 5861 qui

243 5894 505 5937 uxorem
533 5878 751 5949 habuit,
790 5881 937 5953 quod
970 5898 1085 5942 non
1126 5890 1378 5955 oporteat
1403 5899 1469 5942 eo
1513 5884 1867 5943 ministrante

1964 4664 2079 4721 dire
2126 4662 2430 4736 prohibuit,
2475 4678 2542 4715 ne
2582 4668 2637 4716 et
2666 4660 2898 4732 populus
2934 4660 3090 4732 juxta
3142 4659 3554 4717 Antiochenum

1963 4758 2251 4815 concilium
2299 4755 2400 4811 sub
2430 4754 2996 4810 excommunicatione
3027 4763 3341 4826 poneretur,
3373 4755 3416 4811 si
3456 4772 3555 4812 eo-

1962 4868 2089 4909 rum
2120 4849 2302 4906 ofﬁcia
2337 4849 2574 4921 recipere
2603 4856 2979 4920 praesumeret.
3012 4852 3131 4920 Ipse
3165 4858 3352 4905 autem
3382 4850 3554 4921 Spiri-

1962 4954 2051 5001 tus
2076 4953 2300 5000 sanctus
2314 4958 2411 5015 per
2429 4942 2737 4999 Samuelem
2762 4942 3082 5013 praphetam
3108 4943 3267 4999 docet
3293 4944 3556 5014 populum

1968 5046 2030 5094 ut
2065 5035 2342 5093 canonicis
2381 5035 2812 5091 institutionibus
2854 5037 3023 5092 nostri
3061 5038 3342 5109 apostolici
3374 5036 3556 5107 potius

1968 5131 2188 5188 obediat
2212 5146 2383 5203 quam
2402 5129 2719 5203 hujusmodi
2740 5139 3200 5203 praasumptorum
3219 5130 3478 5187 sacriﬁcia
3498 5131 3556 5186 in

1968 5226 2271 5299 periculum
2320 5241 2478 5281 suum
2532 5226 2781 5297 recipiat.
2831 5226 2981 5282 Dicit
3022 5226 3167 5281 enim
3214 5224 3492 5293 Scriptura
3538 5244 3552 5279 ε

1971 5343 1998 5371 «ι
2046 5320 2246 5376 Melior
2268 5326 2348 5375 est
2372 5317 2675 5375 obedientia
2704 5336 2871 5392 quam
2893 5319 3151 5385 victimae,
3183 5326 3238 5371 et
3255 5317 3560 5373 auscultare

1973 5414 2149 5486 magis
2172 5430 2339 5486 quam
2365 5411 2567 5469 offerre
2592 5413 2809 5485 adipem
2838 5412 3089 5479 arietum,
3118 5410 3384 5483 quoniam
3408 5413 3562 5485 quasi

1971 5514 2264 5581 peccatum
2312 5506 2577 5562 ariolandi
2613 5516 2716 5573 est,
2746 5521 3076 5577 repugnare;
3115 5513 3169 5560 et
3205 5506 3361 5576 quasi
3389 5508 3563 5563 scelus

1972 5600 2319 5668 idololatriae,
2335 5600 2475 5656 nolle
2492 5600 2796 5671 aquiescere
2809 5602 2859 5665 (Ι
2864 5603 2989 5667 Reg.
3006 5603 3133 5665 xv).
3160 5622 3187 5650 υ
3204 5601 3377 5671 igitur
3396 5616 3564 5671 popu-

1977 5696 2093 5763 lus,
2142 5694 2459 5767 apostolicis
2495 5694 2761 5749 institutis
2808 5692 3084 5761 obediens,
3123 5694 3563 5750 inobedientium

1982 5788 2334 5846 sacerdotum
2361 5788 2540 5845 ofﬁcia
2572 5789 2649 5857 [Ο.
2674 5789 2764 5853 Β.,
2793 5786 3072 5855 sacriﬁcia]
3088 5789 3168 5845 vel
3194 5804 3345 5843 sacra
3368 5786 3567 5845 merito

1977 5892 2214 5951 recusat,
2250 5899 2321 5939 ne
2351 5891 2405 5939 et
2426 5884 2542 5953 ipse
2560 5880 2770 5941 crimen
2793 5878 3111 5937 idololatriae
3137 5896 3231 5952 per
3258 5880 3567 5941 inobedien-
