4062 6182
434 358 441 359 ί
530 287 666 340 “35

1529 283 1619 336 AD
1659 281 1886 335 OPERA
1924 281 1977 335 S.
2018 280 2336 335 GREGORII
2374 278 2813 333 APPENDICES.
2846 282 2851 283 ⁷

3684 279 3804 333 1136

528 408 666 465 tiam
702 410 961 465 incurrat.
1025 406 1177 461 idem
1224 405 1499 460 Dominus
1550 404 1679 459 alibi
1724 413 2059 476 protestatur
2109 424 2122 459 :
2151 411 2201 471 Α
2233 403 2423 475 reliqui
2466 418 2529 458 ex
2556 402 2702 457 clero
2740 401 2909 457 etiam
2948 400 3096 456 intra
3124 400 3425 457 Ecclesiam
3465 400 3538 455 ob
3566 400 3810 456 eamdem

534 526 558 551 σι
603 500 1038 557 Misericordiam
1071 499 1224 564 volo,
1270 507 1329 554 et
1368 514 1479 553 non
1519 498 1849 554 sacriﬁcium
1894 498 2119 565 (Matth.

532 601 629 662 ιχ)
662 617 672 649 :
705 617 729 642 υ
766 594 993 660 scilicet,
1025 601 1085 647 ut
1113 592 1290 664 quivis
1323 592 1539 663 placens
1567 594 1687 647 Deo
1736 608 1830 663 per
1874 591 2124 647 obedien-

526 691 654 745 tiam
687 689 868 759 potius
896 688 1091 743 anima:
1125 703 1239 742 suae
1269 687 1590 743 misereatur
1617 689 1797 752 (Eccli.
1837 693 2001 757 xxx),
2031 686 2119 741 cui

525 781 871 853 potissimum
919 790 1000 837 est
1061 780 1463 850 miserendum,
1516 796 1683 851 quam
1750 797 1878 835 cum
1941 780 2123 835 inobe-

524 874 723 930 dientia
755 875 836 930 vel
868 891 964 945 per
1004 890 1060 929 se
1087 876 1175 929 vel
1207 890 1302 945 per
1338 874 1508 929 alium
1545 876 1783 929 Domino
1814 872 2011 929 offerat
2037 889 2120 929 sa-

524 967 809 1023 criﬁcium.

594 1060 757 1117 Libet
791 1070 976 1117 autem
1004 1059 1353 1118 considerare
1394 1076 1564 1133 quam
1593 1061 1897 1116 clementer
1930 1068 2118 1116 noster

522 1155 849 1226 apostolicus
891 1154 1055 1209 etiam
1106 1156 1252 1225 ipsos
1295 1162 1703 1226 contemptores
1752 1170 2028 1211 canonum
2058 1154 2115 1210 in

521 1248 895 1319 superioribus
941 1247 1158 1304 statutis
1204 1248 1469 1304 tractarit.
1521 1250 1670 1317 Quos
1712 1256 1928 1303 tantum
1960 1266 1987 1303 a
2025 1247 2114 1304 tali

523 1339 711 1396 ofﬁcio
740 1341 991 1409 removit,
1024 1340 1171 1412 quod
1202 1350 1384 1396 tamen
1410 1341 1725 1397 nullatenus
1753 1341 1859 1397 nisi
1900 1340 1960 1396 in
1990 1357 2113 1413 per-

521 1433 722 1489 niciem
750 1450 908 1490 suam
937 1434 1210 1490 celebrare
1235 1443 1488 1506 possent;
1515 1435 1559 1490 si
1579 1435 1861 1490 canonicis
1879 1436 2114 1491 sanctio-

520 1526 684 1583 nibus
731 1536 1116 1598 repugnantes,
1168 1528 1348 1599 ipsum
1385 1528 1647 1600 Spiritum
1687 1538 1934 1584 sanctum
1990 1529 2109 1584 bla-

517 1620 806 1691 sphemare
832 1638 945 1676 non
974 1621 1315 1677 desisterent.
1350 1624 1603 1693 Ipsorum
1630 1638 1761 1677 sane
1789 1621 2112 1678 diuturnam

518 1714 943 1770 obstinationem
966 1714 1085 1786 jam
1131 1714 1338 1771 dudum
1373 1716 1553 1771 acrius
1584 1715 1928 1787 plectendam
1965 1733 2109 1773 non-

514 1806 650 1865 dum
691 1807 872 1864 debita
914 1808 1196 1865 severitate
1238 1808 1469 1880 punivit,
1498 1808 1592 1865 sed
1637 1809 1775 1878 illos,
1809 1818 1870 1865 ut
1916 1811 2106 1866 saltem

512 1899 691 1957 adhuc
722 1901 963 1956 redirent
1004 1902 1073 1957 ad
1109 1917 1225 1969 cor,
1258 1910 1487 1973 paterno
1515 1900 1718 1958 affectu
1747 1904 2101 1975 exspectavit,

512 2000 575 2048 ut
604 1994 686 2049 vel
728 1995 784 2048 in
832 1994 934 2049 hoc
964 2012 1122 2050 suam
1154 1994 1570 2051 damnationem
1613 2011 1945 2067 cognoscere
1991 1997 2103 2053 vel-

513 2086 646 2155 lent,
695 2103 823 2142 cum
874 2088 1135 2157 populum
1183 2106 1210 2143 a
1275 2088 1599 2157 recipiendis
1659 2105 1852 2144 eorum
1908 2090 2105 2166 ofﬁciis

502 2178 803 2247 iustissime
823 2178 1163 2249 prohibitum
1190 2195 1390 2251 negare
1416 2196 1526 2235 non
1551 2190 1795 2250 possent.

581 2272 724 2326 CAP.
773 2274 908 2326 XX.
958 2273 1235 2327 Fortassis
1281 2280 1467 2327 autem
1512 2272 1713 2346 aliquis
1754 2274 1946 2330 dicat:
1992 2278 2104 2332 Cur

508 2371 698 2419 noster
717 2364 1017 2435 Gregorius
1040 2373 1153 2420 tam
1178 2366 1455 2421 contraria
1485 2374 1691 2422 nostra
1716 2369 2098 2425 consuetudini

507 2465 712 2513 statuta
752 2456 1027 2512 observari
1079 2458 1431 2529 prazceperit?
1475 2460 1586 2515 Cur
1617 2476 1728 2515 non
1768 2462 1949 2531 potius
1996 2479 2097 2518 no-

502 2558 679 2605 stram
722 2550 1181 2606 consuetudinem
1214 2551 1367 2622 quasi
1398 2552 1742 2608 misericordi
1784 2553 2096 2612 dissimula-

500 2643 650 2698 tione
698 2643 982 2698 tolerarit?
1030 2642 1167 2699 Sed
1199 2644 1287 2699 ille
1337 2644 1524 2700 audiat
1568 2645 1699 2716 quid
1741 2646 1935 2703 beatus
1982 2652 2096 2705 Leo

499 2751 664 2806 papa,
694 2736 790 2807 qui
832 2736 1210 2792 sacratissimo
1242 2737 1672 2794 Chalcedonensi
1702 2741 1928 2796 concilio
1979 2741 2097 2813 [per

498 2827 727 2900 legatos]
760 2828 1001 2898 praefuit,
1024 2829 1290 2886 decernat
1319 2834 1490 2901 (epist.
1516 2838 1609 2899 54,
1651 2832 1722 2888 ad
1754 2834 2090 2893 Martianum

496 2923 853 2993 Augustum),
891 2924 1006 2994 qui,
1037 2923 1280 2979 Anatolii
1309 2925 1559 2995 prazsulis
1584 2926 2089 2999 Constantinopoli-

494 3014 609 3069 tani
634 3016 1121 3086 praesumptionem
1142 3016 1425 3082 cohibens,
1460 3018 1531 3073 ita
1562 3020 1882 3089 pronuntiat
1904 3026 2045 3089 (999)
2072 3042 2086 3078 :

2232 512 2479 563 causam,
2515 495 2654 551 heu!
2700 494 3080 551 crudelissime
3108 494 3271 550 occisi
3304 494 3582 567 leguntur,
3628 494 3807 549 videli-

2233 600 2338 660 cet,
2385 591 2511 663 quia
2570 589 2941 647 sectatoribus
3000 589 3121 644 Arii
3167 590 3225 645 in
3268 588 3567 646 violatione
3612 590 3809 647 Nicaeni

2230 685 2442 741 concilii
2464 684 2728 740 assentire
2750 683 3033 738 nolebant.
3056 684 3191 739 Haec
3212 691 3399 739 autem
3422 692 3478 739 et
3499 682 3812 755 hujusmodi

2230 778 2646 835 innumerabilia
2679 794 2744 833 ex
2771 776 3147 833 ecclesiasticis
3187 776 3436 834 historiis
3463 777 3683 835 affatim
3709 778 3812 834 col-

2228 872 2395 944 ligere
2424 871 2643 943 poteris.

2300 967 2458 1021 Dicat
2485 981 2617 1037 ergo
2646 964 2768 1036 quis
2808 963 3089 1036 quomodo
3126 971 3312 1020 noster
3339 964 3672 1036 apostolicus
3707 966 3813 1022 sine

2223 1076 2324 1116 suo
2355 1058 2591 1131 periculo
2622 1060 2703 1114 vel
2733 1058 2918 1129 potius
2946 1058 3115 1114 exitio
3146 1058 3422 1130 negligere
3451 1067 3640 1131 posset
3684 1060 3814 1132 quin

2220 1164 2334 1209 tam
2377 1151 2774 1208 inevitabilium
2823 1151 3193 1219 sanctionum,
3240 1167 3352 1207 non
3377 1151 3501 1208 dico
3530 1153 3813 1209 violatori-

2222 1248 2345 1315 bus,
2376 1246 2474 1303 sed
2506 1246 2987 1318 impugnatoribus
3015 1260 3086 1301 ex
3110 1244 3298 1300 debito
3324 1245 3485 1301 ofﬁcii
3521 1246 3608 1302 sui
3635 1246 3815 1302 obvia-

2221 1350 2325 1407 ret,
2368 1341 2568 1412 quibus
2612 1340 2760 1410 ipsos
2807 1347 3027 1394 sanctos
3075 1342 3262 1394 Patres
3302 1340 3473 1395 etiam
3520 1355 3700 1411 usque
3752 1339 3812 1396 ad

2221 1436 2542 1507 sanguinem
2585 1432 2846 1490 restitisse
2884 1448 2996 1488 non
3022 1432 3343 1505 ignoraret?
3372 1433 3639 1503 Quamvis
3668 1434 3813 1489 enim

2222 1529 2390 1585 modo
2419 1527 2646 1600 quidam
2676 1543 2789 1583 non
2829 1535 2943 1582 tam
2972 1535 3158 1597 aperte
3186 1514 3313 1582 c’um
3343 1528 3480 1583 Ario
3508 1535 3562 1584 et
3591 1527 3814 1599 reliquis

2224 1621 2601 1678 liaeresiarchis
2631 1620 2800 1676 ﬁdem
2830 1628 3147 1676 sanctorum
3196 1622 3424 1677 Patrum
3458 1620 3810 1693 impugnent,

2218 1727 2409 1775 tamen
2447 1731 2642 1771 eorum
2674 1713 2976 1770 moralibus
3004 1714 3239 1779 statutis,
3276 1731 3408 1771 eum
3446 1716 3562 1784 ipsa
3588 1714 3810 1786 quidem

2143 1776 2190 1837 Β
2218 1810 2323 1867 ﬁde
2355 1826 2450 1882 per
2475 1808 2700 1864 eosdem
2723 1815 2946 1863 sanctos
2974 1809 3160 1863 Patres
3184 1776 3380 1863 eodem
3412 1776 3687 1879 tempore,
3726 1825 3808 1864 ea-

2215 1904 2341 1960 dem
2380 1902 2777 1973 subscriptione
2821 1901 3121 1968 roboratis,
3183 1902 3460 1958 obstinate
3509 1902 3809 1967 resistunt;

2212 2014 2335 2071 quae
2362 2006 2419 2053 et
2445 2013 2570 2053 cum
2600 1994 2790 2052 eadem
2824 1994 2930 2051 ﬁde
2970 2011 3032 2052 ex
3065 1996 3437 2051 sacratissimo
3479 1993 3632 2051 fonte
3673 1996 3809 2052 Scri-

2216 2100 2511 2163 pturarum
2544 2097 2965 2157 emanaverunt;
3002 2088 3100 2145 sed
3146 2089 3199 2144 in
3244 2088 3345 2145 hac
3387 2104 3585 2146 eorum
3618 2088 3809 2145 nefan-

2213 2184 2439 2240 dissima
2486 2183 2805 2250 rebellione,
2848 2182 3015 2239 etiam
3064 2182 3238 2254 ipsam
3285 2182 3453 2238 ﬁdem
3492 2191 3809 2240 sanctorum

2211 2280 2435 2333 Patrum
2483 2276 2786 2348 probantur
2836 2275 3145 2341 adnullare,
3189 2292 3317 2331 cum
3352 2276 3420 2330 in
3463 2275 3811 2332 authenticis

2211 2369 2587 2427 sanctionibus
2637 2368 3022 2425 auctoritatem
3069 2369 3292 2425 illorum
3339 2385 3438 2439 pro
3484 2368 3656 2425 nihilo
3708 2370 3810 2426 du-

2210 2469 2337 2517 cant
2379 2460 2472 2532 qui
2518 2468 2574 2515 et
2603 2457 2768 2515 ﬁdem
2808 2474 2908 2514 sua
2958 2458 3285 2515 auctoritate
3324 2458 3805 2515 conﬁrmaverant.

2207 2554 2531 2609 Nullatenus
2550 2568 2683 2608 sane
2711 2551 2873 2607 alicui
2915 2550 3058 2607 ﬁdes
3076 2561 3401 2607 sanctorum
3434 2554 3664 2609 Patrum
3690 2569 3816 2625 pro-

2206 2647 2349 2702 derit
2368 2647 2459 2718 qui
2476 2662 2665 2702 eorum
2695 2646 2978 2701 canonicis
3005 2653 3168 2717 atque
3194 2645 3502 2701 moralibus
3528 2646 3819 2718 praeceptis

2204 2756 2320 2797 non
2365 2739 2613 2807 obedire,
2658 2737 2756 2794 sed
2804 2738 3162 2808 pertinaciter
3212 2739 3466 2795 resistere
3513 2737 3808 2795 studuerit.

2202 2836 2370 2901 Nam,
2414 2841 2471 2889 ut
2516 2832 2755 2888 Jacobus
2798 2831 2968 2888 frater
2998 2832 3221 2887 Domini
3254 2841 3488 2888 testatur
3537 2850 3550 2885 :
3587 2856 3613 2881 σι
3645 2834 3811 2889 Fides

2201 2929 2323 2985 sine
2348 2927 2602 3000 operibus
2632 2935 2850 2983 mortua
2878 2935 2960 2984 est
2990 2931 3119 2992 (Jac.
3154 2933 3248 2995 ιι),
3292 2952 3316 2976 ι»
3349 2927 3572 3000 qualem
3612 2937 3667 2985 et
3702 2930 3811 2985 dae-

2200 3038 2392 3079 mones
2418 3022 2620 3078 habere
2646 3021 2867 3078 fatetur.
2900 3025 3023 3078 Non
3048 3037 3179 3093 ergo
3217 3023 3405 3078 minus
3431 3031 3517 3079 est
3543 3025 3811 3080 resisten-

497 3134 522 3162 ι
565 3108 714 3180 quod
742 3109 797 3163 in
837 3119 1054 3165 reatum
1090 3111 1325 3165 Romani
1366 3111 1644 3180 pontiﬁcis
1681 3113 1997 3184 deputetur,
2039 3116 2084 3172 si
2116 3131 2161 3194 ρ
2197 3114 2329 3171 dum
2372 3109 2737 3187 pertinacibus
2765 3115 3206 3172 authenticarum
3237 3116 3654 3174 institutionum
3700 3121 3809 3176 im-

495 3201 763 3257 institutio
811 3218 1112 3270 canonum,
1143 3218 1209 3258 eo
1250 3219 1362 3259 non
1403 3204 1752 3275 prohibente,
1796 3216 1851 3261 et
1895 3208 1951 3262 in
1982 3209 2090 3264 hoc

492 3295 645 3366 quasi
674 3296 1022 3363 connivente,
1060 3295 1257 3351 alicubi
1297 3296 1544 3353 violetur.
1580 3321 1605 3345 ι»
1641 3303 1776 3354 Item
1817 3302 2089 3358 sanctissi-

491 3402 617 3444 mus
640 3390 815 3444 nostri
844 3389 1131 3460 apostolici
1172 3389 1549 3462 homonymus
1590 3393 1842 3449 scribens
1875 3396 2089 3452 Victori

490 3481 743 3554 episcopo
774 3486 923 3552 (Reg.
956 3486 1107 3553 epist.
1152 3485 1243 3539 lib.
1277 3500 1338 3549 χ,
1370 3502 1451 3554 ep.
1490 3488 1579 3555 32)
1610 3485 1751 3541 hanc
1785 3488 2087 3545 terribilem

494 3580 546 3629 et
579 3576 891 3646 generalem
935 3578 1273 3632 sententiam
1319 3579 1551 3647 protulit
1593 3598 1604 3631 :
1660 3603 1686 3628 «ι
1718 3580 1973 3651 Quisquis
2019 3582 2086 3639 ad

492 3665 599 3720 hoc
629 3667 840 3722 facinus
880 3668 1149 3732 (videlicet
1178 3670 1507 3726 Simoniaca:
1545 3681 1639 3725 aut
1666 3673 2085 3746 Ncophytorum

488 3757 783 3825 hmreseos)
827 3759 1256 3828 emendandum,
1298 3761 1465 3817 officii
1494 3764 1577 3817 sui
1610 3766 2083 3837 consideratione,

490 3850 845 3907 vehementer
872 3868 983 3907 non
1022 3854 1242 3921 arserit,
1288 3870 1415 3909 cum
1466 3856 1587 3927 ipso
1618 3873 1675 3912 se
1716 3874 1827 3913 non
1878 3858 2091 3917 dubitet

490 3942 691 3997 habere
723 3943 1056 4015 portionem,
1090 3962 1119 3999 a
1161 3960 1271 4016 quo
1303 3947 1455 4017 prius
1482 3948 1587 4004 hoc
1628 3950 1902 4019 piaculare
1932 3953 2085 4025 ﬂagi-

485 4034 625 4091 tium
655 4035 891 4107 sumpsit
919 4036 1222 4093 exordium.
1252 4061 1277 4087 ι
1315 4040 1488 4112 igitur
1517 4050 1572 4096 et
1600 4042 1689 4096 ille
1723 4041 2085 4103 nihilominus

485 4128 717 4186 Ebionis
742 4129 1117 4187 haeresiarchm
1156 4133 1425 4205 particeps
1467 4150 1587 4190 esse
1623 4134 1915 4208 detegitur,
1957 4140 2084 4211 qui-

488 4220 702 4294 cunque
728 4239 828 4295 pro
867 4221 1053 4279 debito
1092 4223 1264 4280 ofﬁcii
1306 4226 1453 4282 illius
1480 4227 1757 4296 haeresim,
1790 4230 1845 4286 id
1883 4241 1967 4287 est
1995 4236 2085 4289 Ju-

485 4314 703 4372 daicam
729 4316 1201 4387 incontinentiam,
1236 4318 1518 4377 modernis
1548 4323 1927 4381 sacerdotibus
1958 4344 2080 4399 pro-

490 4408 680 4466 bibere
714 4426 827 4465 non
860 4410 1152 4467 studuerit.

2204 3209 2599 3281 pugnatoribus
2623 3225 2791 3279 quam
2820 3225 2990 3266 sacrae
3020 3209 3149 3265 ﬁdei
3178 3210 3565 3277 violatoribus;
3590 3226 3734 3267 cum
3760 3220 3813 3267 et

2200 3301 2544 3358 daemonibus
2595 3302 2969 3358 assimilentur
3022 3302 3335 3374 quicunque
3392 3304 3811 3361 institutionem

2199 3405 2515 3452 sanctorum
2536 3397 2762 3451 Patrum
2783 3395 2836 3450 in
2858 3395 2967 3451 fide
2992 3405 3229 3464 tantum,
3258 3412 3369 3452 non
3394 3396 3560 3452 etiam
3584 3396 3642 3452 in
3669 3414 3810 3454 con—

2196 3491 2499 3546 versatione
2542 3506 2639 3561 pro
2682 3489 2890 3545 viribus
2918 3491 3035 3546 suis
3061 3498 3363 3560 sectantur,
3405 3491 3535 3563 quia
3580 3500 3642 3547 et
3686 3494 3807 3548 cul-

2196 3601 2355 3655 pam,
2407 3599 2573 3655 quam
2630 3574 2941 3639 humanum
2987 3582 3100 3640 fuit
3155 3584 3480 3652 comittere,
3528 3583 3808 3641 diabolico

2195 3678 2455 3733 instinctu
2484 3694 2597 3733 non
2626 3678 2821 3733 timent
2850 3677 3199 3750 pertinaciter
3222 3676 3541 3734 defendere.

2267 3772 2519 3843 Amplius
2569 3792 2581 3827 :
2630 3774 2815 3843 Ipsum
2862 3773 2973 3827 Vas
3014 3771 3301 3827 electionis
3328 3772 3385 3826 in
3433 3788 3530 3827 sua
3567 3789 3805 3845 persona

2195 3866 2455 3921 omnibus
2497 3864 2876 3921 ecclesiasticis
2908 3865 3220 3937 pastoribus
3248 3865 3381 3921 dicit
3429 3886 3440 3919 :
3484 3888 3503 3914 ι
3538 3868 3601 3923 Si
3634 3885 3799 3923 evan-

2194 3960 2519 4031 gelizavero,
2541 3974 2655 4014 non
2679 3967 2760 4014 est
2782 3958 2916 4013 mihi
2938 3959 3130 4030 gloria.
3157 3960 3469 4037 Necessitas
3490 3962 3646 4017 enim
3668 3963 3786 4017 mih

2194 4053 2483 4109 incumbit.
2516 4056 2615 4108 Va:
2645 4052 2793 4107 enim
2826 4052 2961 4107 mihi
2988 4061 3099 4119 est,
3136 4052 3182 4107 si
3212 4068 3326 4108 non
3353 4055 3803 4126 evangelizavero

2191 4150 2241 4214 (Ι
2258 4148 2372 4202 Cor.
2397 4152 2501 4213 Ix).
2530 4170 2555 4195 ν
2585 4145 2879 4216 Quomodo
2903 4146 3066 4216 igitur
3081 4154 3266 4202 noster
3288 4149 3628 4218 apostolicus
3648 4148 3806 4205 istud

2190 4257 2267 4297 vce
2299 4239 2674 4312 subterfugere
2703 4247 2905 4312 posset,
2936 4238 2979 4295 si
3007 4254 3226 4311 gregem
3269 4238 3371 4295 sibi
3398 4243 3800 4309 commissum,

2181 4334 2337 4406 juxta
2363 4334 2536 4406 ipsius
2571 4333 2806 4405 apostoli
2835 4342 3102 4405 praecepta
3135 4332 3425 4389 instituere
3454 4335 3807 4408 negligeret?

2191 4430 2423 4484 Sanctus
2459 4428 2628 4483 etiam
2670 4427 2905 4499 Spiritus
2948 4443 3042 4498 per
3084 4426 3428 4483 Ezechielem
3458 4428 3809 4501 prophetam

554 4506 678 4574 Ipsa
704 4521 921 4577 quoque
951 4507 1312 4563 sacratissima
1351 4510 1603 4577 concilia,
1634 4527 1699 4566 ex
1731 4512 1931 4582 quibus
1959 4523 2072 4570 sta-
2103 4512 2153 4574 D
2189 4520 2411 4577 cuilibet
2471 4520 2675 4591 pastori
2726 4520 3020 4576 terribilem
3068 4520 3325 4590 proponit
3366 4520 3760 4579 conditionem
3795 4543 3810 4577 :

484 4602 606 4651 tuta
652 4599 823 4653 nostri
871 4600 1157 4669 apostolici
1202 4602 1612 4672 profluxerant,
1659 4603 1793 4659 adeo
1834 4606 2072 4677 amplexi

480 4695 614 4743 sunt
639 4691 809 4744 sancti
840 4693 1051 4761 Patres,
1078 4701 1156 4761 ut,
1188 4695 1331 4750 sicut
1354 4695 1602 4767 ipsorum
1629 4698 1829 4768 scripta
1863 4706 2075 4755 testan—

483 4788 594 4848 tur,
622 4782 801 4851 potius
829 4783 1037 4855 seipsos
1068 4786 1295 4844 diversis
1322 4790 1616 4846 tormentis
1642 4790 1834 4864 afﬂigi,
1867 4792 1980 4848 imo
2016 4810 2075 4850 se

480 4874 667 4944 potius
695 4874 988 4932 crudeliter
1015 4879 1192 4934 occidi
1239 4883 1618 4951 permitterent
1646 4902 1814 4957 quam
1845 4886 2074 4944 violato-

478 4969 633 5026 ribus
661 4971 981 5028 earumdem
1011 4976 1360 5033 sanctionum
1390 4981 1702 5037 consentire
1732 4984 1949 5040 vellent.
1984 4985 2070 5042 οι)

477 5062 620 5119 hanc
644 5078 867 5120 causam
892 5081 1129 5137 magnus
1155 5069 1490 5128 Athanasius
1511 5075 1820 5144 patriarcha
1838 5079 2071 5135 Alexan-

478 5154 675 5213 drinus
704 5165 830 5229 post
857 5157 1101 5215 diversas
1127 5162 1475 5219 calamitates
1499 5165 1557 5219 in
1591 5167 1847 5225 exsilium
1875 5170 2072 5242 depor-

474 5257 645 5308 tatur.
677 5250 765 5309 Ob
786 5250 892 5309 hoc
917 5251 1082 5309 etiam
1107 5254 1257 5310 Felix
1287 5272 1423 5327 papa
1447 5259 1736 5316 Romanus
1764 5262 1833 5318 ab
1863 5263 2068 5334 episco-

474 5351 608 5415 patu
647 5344 931 5417 depositus
976 5345 1055 5418 [ϐ.
1104 5350 1197 5414 1L,
1230 5350 1510 5420 expulsus]
1557 5354 1825 5426 martyrio
1873 5356 2070 5429 legitur

475 5445 789 5504 coronatus,
819 5447 877 5497 et
928 5439 1089 5496 multi
1135 5441 1251 5513 ejus
1305 5444 1630 5518 presbyteri,
1673 5448 1963 5520 diacones,
2012 5459 2068 5509 et

536 5600 689 5682 (999)
727 5598 910 5682 Locus
940 5601 1110 5682 sancti
1129 5602 1342 5682 _I_._eonis
1383 5604 1438 5660 in
1484 5607 1675 5664 eadem
1722 5611 1953 5682 epistola
1987 5614 2067 5671 sic

472 5666 634 5754 habet
813 5687 985 5726 meum
1017 5675 1189 5754 tendit
1210 5680 1440 5754 reatum,
1478 5681 1528 5734 si
1532 5666 1890 5749 paternarum
1908 5666 2069 5754 Pedi-

474 5740 538 5824 {ga
577 5744 951 5824 ‘saitctionum,
997 5748 1218 5824 quce_in_
1260 5740 1730 5824 synod'OANica’na
1783 5757 1859 5808 ad
1901 5740 2064 5812 totius

471 5810 721 5868 Ecclesia:
784 5810 1053 5883 regimeu,
1114 5810 1328 5887 Spiritu
1385 5822 1485 5876 Dei
1549 5824 1886 5887 instruente,
1936 5810 2066 5882 suat

2158 4644 2161 4645 ν
2187 4638 2213 4665 σι
2245 4614 2320 4682 Si,
2346 4613 2547 4685 inquit,
2577 4629 2691 4669 non
2718 4614 2923 4670 dixeris
2954 4613 3227 4685 peccatori
3261 4633 3273 4665 :
3307 4614 3491 4669 Morte
3519 4617 3811 4683 morieris,

2180 4716 2236 4764 et
2270 4707 2569 4764 ostenderis
2600 4716 2663 4763 ut
2704 4705 2921 4763 recedat
2949 4706 3019 4761 ab
3067 4706 3454 4778 iniquitatibus
3497 4708 3649 4777 suis,
3687 4710 3817 4782 ipse

2180 4796 2404 4870 quidem
2433 4797 2488 4852 in
2518 4797 2752 4869 peccatis
2777 4797 2890 4852 suis
2928 4795 3213 4864 morietur,
3248 4796 3579 4868 sanguinem
3610 4808 3814 4855 autem

2179 4891 2293 4962 eius
2331 4891 2400 4948 de
2444 4907 2615 4947 manu
2656 4899 2749 4945 tua
2788 4889 3089 4961 requiram.
3131 4889 3186 4945 Si
3226 4898 3412 4945 autem
3453 4890 3692 4961 dixeris,
3754 4902 3817 4949 et

2178 4986 2267 5043 ille
2307 4984 2638 5057 contempsit
2692 4991 2745 5040 et
2774 4999 2887 5039 non
2938 4982 3232 5051 obedierit,
3263 4983 3352 5038 ille
3401 4983 3455 5037 in
3485 4984 3817 5043 sceleribus

2177 5082 2290 5138 suis
2331 5080 2616 5135 morietur.
2674 5081 2758 5133 Tu
2806 5085 2995 5132 autem
3041 5076 3287 5132 animam
3332 5084 3489 5131 tuam
3532 5077 3819 5137 liberabis

2177 5176 2389 5242 (Ezech.
2428 5176 2680 5238 χχχιιι).
2723 5192 2749 5221 ››
2790 5173 2909 5226 Hac
2932 5170 3150 5242 quidem
3174 5169 3533 5225 translatione
3562 5184 3821 5230 sanctus

2176 5269 2521 5339 Augustinus
2554 5266 2611 5321 in
2639 5278 2899 5321 sermone
2932 5262 2999 5319 de
3024 5256 3235 5334 pSalmo
3261 5277 3410 5319 χιιι
3430 5263 3657 5332 utitur;
3693 5275 3824 5324 sta-

2174 5361 2384 5432 timque
2406 5359 2518 5416 suis
2551 5356 2902 5415 auditoribus
2922 5355 3213 5429 subjungit
3245 5375 3256 5411 :
3293 5380 3316 5404 ι
3340 5356 3479 5412 Dico
3519 5356 3720 5423 vobis,
3754 5361 3823 5416 li-

2174 5454 2306 5511 bero
2348 5454 2589 5508 animam
2626 5465 2832 5507 meam.
2869 5453 2934 5506 In
2972 5464 3173 5522 magno
3197 5449 3347 5505 enim
3371 5464 3522 5517 sum,
3546 5465 3677 5508 non
3714 5470 3825 5527 pe-

2173 5615 2418 5680 conditce,
2457 5628 2539 5667 me
2590 5611 2751 5681 (quod
2779 5611 2969 5680 absit!)
3008 5610 3355 5675 connivente,
3386 5610 3708 5679 uiolentur;
3758 5618 3815 5671 es

2173 5686 2349 5755 major
2371 5687 2441 5741 sit
2470 5685 2619 5755 apud
2640 5700 2722 5737 me
2742 5685 2901 5737 unius
2928 5683 3127 5747 fratris
3155 5681 3428 5755 voiuntas,
3461 5696 3630 5751 quam
3668 5689 3817 5740 uni.

2170 5753 2339 5814 uersis
2365 5753 2548 5812 domus
2578 5756 2791 5812 Domini
2811 5755 3106 5809 communis
3140 5753 3379 5809 utilitas.
