4062 6182
305 305 443 358 “37

1215 309 1498 365 APPEND.
1540 311 1628 366 Ill.
1668 340 1736 353 -
1773 313 2189 370 MONUMENTA
2226 316 2683 373 GREGORIANA.

3461 326 3597 380 H38

300 426 499 494 riculo,
531 427 627 483 sed
682 428 849 485 exitio
892 430 1244 500 constitutus,
1300 434 1346 489 si
1397 441 1641 492 tacuere.
1694 460 1718 485 ι
1753 438 1892 494 Satis
1920 443 1972 507 Α
2004 442 2128 496 Hoc
2158 441 2342 514 utique
2356 442 2567 499 diversa
2605 446 2990 501 Romanorum
3020 446 3343 517 pontiﬁcum
3374 447 3594 505 decreta

300 536 432 593 ergo
463 529 609 592 patet
658 537 823 593 quam
871 522 1145 580 immerito
1174 526 1395 598 quidam
1443 539 1633 585 nostro
1667 540 1887 602 aposto-

302 615 406 671 lico
435 630 534 686 pro
579 616 957 688 superioribus
985 620 1208 675 statutis
1238 619 1609 692 indignentur,
1642 625 1736 695 qui
1776 634 1891 680 tam

300 708 600 764 inevitabili
628 710 953 766 necessitate
981 720 1202 768 coactus
1227 713 1422 770 eadem
1460 715 1763 772 instituisse
1792 718 1883 774 de-

298 804 520 874 tegitur,
571 803 817 858 videlicet
840 820 909 859 ne
934 807 1172 875 propriae
1202 809 1393 863 mortis
1417 810 1618 865 crimen
1648 810 1889 867 incurre-

297 906 402 963 ret,
432 896 477 952 si
503 913 603 952 nos
626 912 689 952 ex
717 896 904 952 debito
932 898 1098 953 ofﬁcii
1129 901 1210 955 sui
1260 902 1544 957 instituere
1572 905 1885 976 negligerct.

368 991 509 1046 CAP.
540 993 705 1047 XXI.
736 993 1004 1047 Praeterea
1034 994 1079 1048 si
1108 993 1179 1049 ob
1230 994 1332 1050 hoc
1360 1004 1549 1051 nostro
1590 999 1891 1069 apostolico

299 1084 567 1157 indignari
598 1093 869 1156 satagunt,
898 1103 994 1141 cur
1022 1104 1128 1143 non
1150 1089 1336 1160 potius
1358 1090 1461 1145 illis
1484 1105 1767 1147 cccxvm
1793 1094 1888 1149 SS.

298 1179 551 1234 Patribus
582 1179 634 1233 in
668 1180 844 1235 Nicaea
876 1182 1220 1253 congregatis
1241 1223 1255 1249 ,
1289 1193 1344 1238 et
1387 1198 1599 1241 Dcxxx
1640 1185 1891 1241 Patribus

297 1272 353 1327 in
384 1271 727 1328 Chalcedone
758 1276 1102 1346 congregatis
1138 1276 1221 1331 vel
1247 1276 1569 1333 coadunatis
1601 1278 1889 1350 indignan-
1920 1322 1925 1329 .

294 1373 408 1429 tur,
469 1366 584 1437 qui,
633 1375 694 1421 ut
722 1366 1046 1437 praedictum
1076 1374 1180 1439 est,
1236 1378 1425 1425 contra
1472 1371 1808 1429 Simoniacos
1836 1381 1890 1428 et

296 1458 698 1515 incontinentes
728 1460 917 1516 altaris
957 1462 1237 1518 ministros
1265 1464 1441 1519 multo
1494 1465 1732 1522 acriores
1759 1482 1887 1521 sen-

294 1555 492 1609 tentias
535 1556 877 1625 protulerunt
926 1572 1091 1626 quam
1140 1565 1326 1612 noster
1367 1558 1738 1628 apostolicus?
1794 1563 1886 1615 In-

294 1647 594 1718 dignentur
629 1664 757 1704 sane
809 1650 1151 1705 sanctissimo
1193 1666 1348 1722 papa:
1386 1652 1651 1708 Clementi
1711 1654 1805 1725 qui
1834 1662 1889 1709 et

294 1744 564 1812 martyrio
585 1757 684 1797 suo
713 1741 928 1797 decreta
973 1742 1338 1809 conﬁrmavit,
1374 1760 1539 1815 quem
1594 1745 1705 1816 ipse
1730 1747 1881 1818 prin-

294 1850 425 1905 ceps
472 1836 849 1907 apostolorum
883 1836 986 1891 sibi
1028 1838 1404 1893 successorem
1441 1839 1751 1896 destinavit.
1786 1842 1889 1895 Le-
1919 1819 1967 1881 Β

292 1928 445 1999 gitur
465 1929 613 1984 enim
640 1930 696 1983 in
726 1929 957 1985 decretis
1000 1930 1135 2001 ejus,
1174 1934 1341 2003 capit.
1375 1937 1463 2000 46,
1529 1933 1676 2004 quod
1702 1935 1887 1990 incon-

292 2022 534 2077 tinentes
584 2024 802 2093 penitus
838 2024 904 2078 ab
933 2024 1123 2079 altaris
1163 2024 1347 2080 ofﬁcio
1394 2027 1705 2093 removerit,
1734 2028 1885 2099 quod

290 2116 459 2171 etiam
481 2115 943 2171 cohabitationem
981 2126 1360 2173 extranearum
1390 2118 1726 2175 feminarum
1773 2122 1886 2176 cle-

260 2210 416 2264 -ricis
447 2209 803 2280 prohibuerit,
835 2210 981 2281 quod
1010 2212 1303 2268 violatores
1331 2211 1495 2284 hujus
1526 2214 1886 2269 institutionis

290 2319 515 2373 prorsus
543 2304 1109 2360 anathematizaverit.
1159 2306 1521 2378 Indignentur
1549 2306 1715 2362 etiam
1750 2307 1881 2363 bea-

287 2397 506 2451 tissime
540 2413 693 2469 papae
721 2398 1016 2470 Sylvestro,
1040 2400 1132 2470 qui
1157 2400 1211 2454 in
1244 2400 1543 2470 apostolica
1569 2399 1698 2456 sede
1746 2417 1880 2456 con-

289 2491 515 2545 stitutus
554 2492 1002 2547 incontinentiam
1028 2493 1199 2548 totuis
1227 2492 1417 2548 mundi
1444 2494 1796 2565 presbyteris,
1822 2504 1885 2549 ut

286 2584 628 2655 praedictum,
663 2585 959 2656 prohibuit,
992 2593 1046 2639 et
1096 2601 1288 2641 omnes
1313 2585 1441 2640 huic
1468 2586 1688 2642 decreto
1716 2602 1883 2657 repu-

285 2685 516 2749 gnantes
553 2679 609 2732 in
635 2687 960 2750 perpetuum
988 2678 1332 2734 damnandos
1359 2694 1478 2734 esse
1504 2678 1758 2735 decrevit.
1790 2682 1884 2735 In-

285 2772 580 2841 dignentur
606 2772 771 2827 etiam
800 2771 973 2827 beata:
1004 2772 1283 2827 memoriae
1307 2775 1549 2827 Damaso
1575 2788 1748 2844 papae,
1782 2790 1881 2829 cu-

282 2866 376 2936 jus
432 2865 753 2920 auctoritate
798 2864 1030 2923 secunda
1083 2864 1402 2920 universalis
1445 2865 1687 2938 synodus
1738 2866 1886 2921 Con-

285 2959 769 3030 stantinopolitana
801 2959 998 3030 legitur
1022 2959 1302 3026 roborata,
1342 2960 1495 3026 item,
1533 2959 1883 3015 sanctissimo

289 3068 442 3124 papae
480 3053 674 3120 Leoni,
724 3050 1250 3107 Chalcedonensium
1305 3066 1580 3107 canonum
1641 3052 1878 3121 ductori,

284 3162 521 3218 quorum
568 3154 796 3216 uterque
822 3146 1013 3201 eadem
1053 3154 1109 3201 et
1136 3146 1433 3217 apostolica
1471 3147 1797 3202 auctoritate
1823 3148 1881 3201 in

1999 542 2289 605 testantur,
2322 536 2377 591 in
2418 537 2616 609 quibus
2651 537 2750 608 ipsi
2778 537 3003 594 diversis
3060 546 3370 611 temporum
3410 557 3594 599 neces-

1997 629 2249 685 sitatibus
2303 630 2641 687 consuluisse
2680 631 2952 703 leguntur.

2070 723 2149 777 CA
2164 738 2216 777 ι’.
2242 725 2434 778 XXII.
2449 727 2731 780 Incassum
2747 734 2933 781 autem
2948 726 3147 797 publici
3184 737 3593 800 contemptores

1998 816 2311 884 apostolicae
2368 816 2723 873 institutionis
2769 818 3016 875 inducias
3058 836 3172 876 suae
3218 821 3593 879 damnationis

1999 923 2027 962 a
2061 917 2252 963 nostro
2302 910 2599 980 apostolico
2629 920 2918 982 quaerunt;
2962 928 3116 984 quos,
3148 922 3210 968 ut
3261 914 3590 987 praedictum

1998 1010 2099 1067 est,
2130 1002 2220 1056 SS.
2276 1004 2461 1059 Patres
2484 1002 2687 1075 absque
2712 1004 2966 1059 omnibus
3007 1005 3238 1063 induciis
3292 1008 3589 1066 damnave-

1998 1103 2144 1149 runt.
2172 1098 2232 1150 In
2263 1095 2442 1152 dubiis
2473 1096 2617 1151 enim
2645 1096 2829 1165 rebus,
2871 1098 2993 1154 licet
3036 1100 3192 1167 veris,
3220 1102 3471 1158 nondum
3505 1111 3587 1159 ta-

1999 1204 2121 1243 men
2169 1188 2474 1259 publicatis,
2535 1191 2841 1245 necessario
2896 1191 3276 1248 conceduntur
3332 1195 3586 1263 inducim,

1995 1290 2075 1351 ut,
2098 1282 2253 1353 juxta
2281 1284 2590 1338 sanctiones
2614 1284 3042 1353 apostolicorum
3073 1287 3340 1353 virorum,
3373 1288 3587 1356 Felicis,

1996 1383 2051 1429 et
2076 1375 2200 1429 Julii
2224 1383 2277 1429 et
2305 1376 2666 1447 reliquorum,
2700 1377 2814 1449 ipse
2861 1387 3148 1435 accusatus
3176 1380 3347 1449 possit
3365 1394 3422 1434 se
3450 1396 3589 1435 con-

1996 1476 2075 1522 tra
2118 1478 2464 1525 accusatores
2494 1471 2720 1541 pleniter
2748 1487 3041 1543 preparare
3082 1472 3150 1527 ad
3183 1472 3448 1528 abluenda
3479 1473 3591 1528 cri-

1994 1561 2161 1616 mina.
2196 1562 2359 1619 Unde
2388 1572 2443 1618 et
2482 1566 2546 1617 B.
2581 1563 2910 1621 Eleutherus
2952 1582 2983 1621 a
3013 1568 3077 1620 B.
3132 1568 3295 1620 Petro
3333 1566 3590 1622 duodeci-

1996 1670 2141 1722 mus,
2172 1655 2224 1710 in
2253 1655 2486 1713 decretis
2510 1658 2646 1725 suis,
2703 1673 2822 1728 cap.
2859 1664 2909 1725 1,
2958 1666 3190 1713 testatur
3222 1677 3235 1713 :
3273 1680 3301 1710 (ί
3350 1659 3590 1715 Induciaa

1993 1764 2107 1803 non
2138 1748 2371 1806 modica:
2409 1749 2476 1805 ad
2510 1749 2897 1821 inquirendum
2945 1751 3145 1807 danda:
3189 1760 3336 1819 sunt,
3379 1768 3447 1808 ne
3486 1754 3586 1807 ali-

2000 1842 2130 1915 quid
2185 1859 2531 1915 praepropere
2561 1845 2647 1915 agi
2680 1859 2710 1898 a
2756 1860 3084 1916 quacunque
3121 1854 3273 1916 parte
3315 1846 3586 1915 videatur,

1996 1936 2128 2008 quia
2147 1952 2245 2007 per
2263 1937 2676 2007 subreptionem
2699 1938 2875 1993 multa
2895 1939 3238 2010 proveniunt.
3261 1962 3284 1987 »
3300 1940 3331 1992 J
3336 1955 3433 1995 ure
3457 1954 3587 2010 ergo

1996 2029 2067 2084 illi
2105 2030 2307 2101 absque
2333 2030 2566 2085 induciis
2586 2030 2921 2085 damnantur
2941 2033 3034 2103 qui
3062 2032 3280 2105 culpam
3305 2048 3459 2088 suam
3471 2033 3587 2105 jam

1996 2121 2206 2177 dudum
2230 2140 2260 2177 a
2312 2124 2414 2178 SS.
2446 2123 2702 2178 Patribus
2726 2123 2947 2179 deﬁnite
2978 2125 3295 2179 damnatam
3329 2141 3443 2179 non
3486 2141 3587 2182 ne-

1994 2231 2145 2287 gare,
2169 2216 2261 2271 sed
2286 2216 2499 2287 publice
2529 2224 2723 2271 contra
2752 2218 3051 2287 apostolica
3081 2226 3287 2273 statuta
3317 2227 3588 2274 conantur

1994 2309 2300 2365 defensare.
2328 2313 2538 2379 Nempe
2582 2312 2645 2364 B.
2674 2311 2995 2381 Gregorius,
3026 2312 3095 2365 ab
3120 2311 3271 2365 omni
3319 2312 3590 2367 catholico

1994 2410 2212 2474 pastore
2248 2402 2441 2457 merito
2494 2402 2813 2470 imitandus,
2856 2411 3262 2473 contemptores
3289 2403 3437 2460 sedis
3466 2420 3593 2475 apo-

1995 2496 2227 2562 stolicaz,
2258 2496 2424 2551 etiam
2471 2504 2598 2552 ante
2628 2505 2904 2565 peractam
2935 2497 3177 2567 culpam,
3233 2497 3443 2553 solebat
3492 2513 3593 2553 ex-

1995 2590 2425 2645 communicare.
2468 2591 2557 2643 Sic
2577 2590 2721 2644 enim
2755 2590 3061 2645 Maximum
3096 2606 3194 2660 per
3231 2590 3593 2649 ambitionem

1994 2682 2312 2737 Salonitano
2359 2681 2692 2752 episcopatui
2722 2682 3155 2737 inthronizatum
3176 2692 3231 2738 et
3261 2699 3453 2739 omnes
3476 2686 3593 2756 ejus

1996 2775 2340 2830 ordinatores
2367 2774 2875 2840 excommunicavit,
2894 2762 3032 2846 quos
3061 2774 3251 2830 eadem
3282 2791 3593 2833 excommu-

1995 2869 2194 2923 nicatio
2223 2867 2473 2924 nondum
2500 2874 2715 2939 peracta
2743 2867 2925 2937 culpa,
2959 2883 3056 2937 pro
3073 2883 3181 2938 qua
3218 2869 3591 2923 excommuni-

1994 2963 2097 3017 cati
2126 2969 2277 3029 sunt,
2304 2961 2580 3033 obligavit.
2619 2962 2757 3015 Nam
2788 2960 3105 3031 priusquam
3136 2960 3280 3016 idem
3316 2961 3593 3017 Maximus

1993 3056 2362 3122 ordinaretur,
2411 3054 2514 3109 sub
2557 3053 3131 3109 excommunicatione
3187 3053 3467 3125 prohibuit
3531 3055 3586 3111 S.

1934 3154 1961 3220 μ
1991 3149 2290 3220 Gregorius
2320 3164 2388 3203 ne
2420 3148 2524 3203 hoc
2554 3156 2956 3219 praesumerent
2997 3147 3076 3215 [Ο.
3109 3152 3196 3214 R.,
3228 3162 3587 3218 praesumere-

284 3210 522 3295 decretis
550 3240 685 3305 suis,
707 3210 804 3294 ille
832 3238 1072 3309 quidem,
1104 3210 1221 3310 cap.
1253 3248 1312 3305 4,
1341 3240 1433 3295 hic
1472 3248 1657 3295 autem
1684 3240 1881 3311 quinto
1918 3210 1963 3270 Ο
1994 3210 2137 3310 κυνί
2155 3242 2312 3310 Quod
2340 3210 2673 3313 praeceptum
2713 3248 3125 3296 contemnentes
3152 3241 3431 3312 episcopi,
3461 3257 3588 3296 cum

286 3334 360 3387 ita
390 3333 711 3404 generaliter
729 3331 1051 3388 decrevere:
1081 3355 1104 3379 ι
1125 3333 1330 3387 Omnia
1355 3333 1645 3389 decretalia
1662 3342 1883 3389 cuncto-

283 3442 409 3481 rum
439 3425 904 3497 praedecessorum
952 3434 1269 3481 nostrorum
1298 3426 1621 3493 constituta,
1652 3442 1775 3498 quas
1815 3426 1882 3482 de

283 3519 667 3575 ecclesiasticis
687 3519 971 3576 ordinibus
990 3527 1047 3575 et
1072 3534 1350 3575 canonum
1378 3520 1724 3591 promulgata
1754 3529 1882 3576 sunt

282 3613 603 3684 disciplinis,
638 3613 709 3667 ita
741 3612 811 3667 ab
850 3612 1107 3669 omnibus
1136 3612 1402 3684 episcopis
1421 3628 1484 3667 ac
1538 3614 1749 3668 cunctis
1777 3628 1877 3685 ge-

280 3707 537 3763 neraliter
582 3706 959 3763 sacerdotibus
998 3706 1256 3762 custodiri
1302 3705 1500 3761 debere
1525 3706 1874 3775 mandamus,

279 3809 379 3867 ut,
411 3802 455 3855 si
487 3802 611 3871 quis
637 3801 695 3854 in
738 3800 827 3855 illa
853 3800 1207 3867 commiserit,
1241 3800 1451 3855 veniam
1488 3799 1589 3856 sibi
1623 3800 1877 3872 deinceps

277 3894 496 3950 noverit
523 3892 807 3966 denegari.
864 3918 889 3943 ν
924 3893 1283 3965 Indignentur
1333 3893 1502 3949 etiam
1527 3894 1873 3950 sanctissimo

278 3988 458 4043 nostri
483 3988 763 4059 apostolici
789 3987 1089 4059 aequivoco,
1135 3987 1225 4057 qui
1250 3986 1351 4042 sub
1374 3987 1616 4058 generali
1659 3987 1876 4045 anathe-

280 4090 431 4135 mate
476 4080 757 4136 damnavit
803 4095 993 4135 omnes
1021 4095 1052 4134 a
1083 4080 1472 4134 sacratissimis
1519 4095 1586 4133 ιν
1624 4081 1874 4136 conciliis

277 4174 686 4229 dissentientes.
720 4173 824 4229 Sed
866 4190 996 4228 cum
1032 4173 1212 4227 nullus
1252 4187 1399 4227 sanae
1426 4172 1633 4227 mentis
1685 4174 1874 4244 hujus-

280 4268 434 4325 modi
453 4276 772 4324 sanctorum
815 4270 1042 4323 Patrum
1071 4266 1352 4323 sententiis
1400 4265 1733 4336 indignetur,
1780 4282 1874 4337 pa-

278 4372 364 4419 tet
388 4362 800 4418 evidentissime
838 4377 1003 4432 quam
1027 4359 1477 4416 irrationabiliter
1514 4358 1740 4431 quidam
1771 4376 1879 4416 no-

277 4457 378 4513 stri
400 4472 431 4511 a
454 4456 701 4528 postolici
723 4455 989 4510 institutis
1018 4453 1386 4525 indignentur.
1411 4456 1473 4508 In
1499 4468 1736 4524 quorum
1767 4470 1885 4525 pro-

1993 3332 2312 3389 ordinarent
2338 3333 2597 3387 eumdem
2654 3333 2983 3399 Maximum,
3035 3340 3160 3387 ante
3189 3340 3462 3403 peractam
3490 3348 3582 3387 or-

1988 3423 2355 3493 dinationem,
2383 3434 2535 3480 erant
2566 3424 3050 3491 excommunicati,
3085 3426 3238 3496 juxta
3279 3426 3581 3481 attestatio-

1986 3535 2117 3575 nem
2155 3520 2327 3575 sancti
2363 3519 2645 3589 Gregorii;
2693 3518 2881 3574 scribit
2924 3518 3069 3573 enim
3128 3518 3182 3571 in
3225 3519 3453 3589 epistola
3510 3518 3582 3574 ad

1986 3612 2244 3669 eumdem
2271 3614 2381 3677 (lib.
2410 3628 2506 3676 m,
2538 3628 2621 3681 ep.
2655 3616 2742 3675 20)
2764 3619 3224 3683 praesumptorem
3249 3612 3328 3678 [(7.
3355 3613 3582 3675 B.,Ma-

1984 3706 2241 3777 ximum’],
2261 3706 2334 3761 ita
2356 3705 2631 3761 detestans
2657 3704 2775 3776 ejus
2799 3704 3275 3759 consecrationem
3305 3724 3316 3758 :
3345 3727 3371 3752 σι
3403 3706 3582 3773 Quam

1984 3816 2124 3865 rem,
2155 3800 2354 3870 inquit,
2380 3814 2484 3853 nos
2509 3798 2981 3853 consecrationem
3013 3797 3194 3853 dicere
3221 3798 3371 3852 nullo
3416 3797 3581 3853 modo

1984 3908 2295 3967 possumus,
2344 3907 2466 3965 quae
2510 3892 2578 3946 ab
2620 3891 3109 3946 excommunicatis
3153 3899 3236 3946 est.
3267 3891 3583 3946 hominibus

1981 3988 2269 4044 celebrata.
2307 4011 2332 4035 ν
2364 3988 2487 4041 Non
2508 3986 2655 4041 enim
2687 3994 2809 4057 post
2838 3983 3238 4041 ordinationem
3268 3999 3584 4040 excommu-

1983 4080 2265 4149 nicandos,
2310 4078 2407 4136 sed
2460 4081 2514 4133 in
2562 4080 2675 4150 ipsa
2725 4077 3070 4134 ordinatione
3099 4077 3231 4133 dixit
3260 4094 3581 4133 excommu-

1985 4175 2215 4231 nicatos.
2299 4174 2387 4229 Sic
2431 4172 2577 4228 idem
2664 4171 2996 4243 apostolicus
3050 4186 3144 4242 per
3189 4170 3580 4227 subdiaconem

1986 4283 2149 4323 suum
2162 4265 2416 4321 Natalem
2437 4266 2818 4320 Salonitanum
2847 4264 3163 4334 episcopum
3178 4263 3381 4334 absque
3410 4263 3581 4319 indu-

1989 4361 2103 4426 ciis,
2136 4360 2184 4414 si
2209 4365 2482 4429 prmeepto
2520 4356 2639 4427 ejus
2662 4372 2773 4410 non
2804 4356 3101 4422 obedisset,
3136 4356 3299 4427 pallio
3329 4364 3384 4410 et
3420 4372 3577 4412 com-

1992 4453 2250 4509 munione
2276 4450 2486 4505 censuit
2515 4448 2838 4521 privandum
2865 4463 2983 4502 esse
3034 4449 3151 4512 (lib.
3193 4463 3265 4514 ιι,
3302 4451 3463 4517 epist.
3492 4454 3578 4513 14,

278 4551 620 4621 mulgatione
664 4550 974 4604 nullatenus
1011 4563 1042 4603 a
1075 4548 1277 4605 sanctis
1304 4547 1562 4603 Patribus
1594 4547 1874 4617 discrepa-
1908 4561 1958 4623 Ι)
1990 4554 2079 4619 15,
2111 4549 2215 4614 16).
2250 4545 2355 4613 Sic,
2408 4544 2654 4615 inquam,
2700 4542 2815 4613 ipse
2862 4548 2917 4595 et
2964 4540 3152 4611 reliqui
3205 4540 3449 4610 ejusdem
3498 4555 3581 4597 se-

197 4656 205 4665 ‘
276 4646 380 4711 vit,
413 4652 638 4714 excepto
663 4644 719 4697 in
762 4642 868 4697 hoc
899 4649 1109 4697 tantum
1141 4640 1289 4712 quod
1324 4657 1436 4695 non
1463 4650 1577 4696 tam
1602 4656 1791 4697 severe
1820 4649 1882 4696 ut

274 4737 353 4792 illi
394 4735 867 4808 contemptoribus
907 4750 1183 4790 canonum
1233 4734 1487 4788 obviavit.
1556 4734 1684 4788 Illos
1720 4735 1872 4789 enim

273 4831 507 4885 clericos
535 4829 715 4885 ofﬁcio
741 4836 957 4884 tantum
986 4828 1221 4899 privavit
1247 4826 1445 4898 quibus
1470 4826 1640 4881 sancti
1686 4828 1873 4881 Patres

275 4939 393 4979 non
419 4922 586 4978 modo
616 4921 886 4991 ofﬁcium,
918 4922 1012 4977 sed
1043 4930 1097 4976 et
1125 4919 1337 4975 veniam
1364 4928 1420 4975 et
1449 4920 1873 4975 ecclesiasticam

270 5017 727 5073 communionem
759 5016 1115 5087 denegavere.
1156 5014 1241 5070 Nil
1270 5014 1502 5086 denique
1531 5013 1657 5068 novi
1686 5021 1875 5069 noster

273 5110 615 5183 apostolicus
673 5109 834 5165 nobis
910 5108 1312 5165 observandum
1383 5106 1647 5179 injunxit;
1703 5106 1873 5178 quod,

272 5204 446 5260 etiam
468 5205 514 5258 si
533 5202 771 5271 fecisset,
797 5218 909 5258 non
940 5211 1127 5257 tamen
1156 5202 1274 5256 sine
1317 5201 1558 5272 periculo
1598 5199 1719 5271 eius
1746 5215 1874 5255 con-

271 5296 447 5352 temni
507 5304 840 5368 praeceptum
884 5303 1085 5365 posset.
1118 5296 1254 5349 Nam
1278 5293 1575 5365 apostolica
1607 5292 1765 5349 sedes
1807 5308 1874 5348 ex

274 5390 463 5446 divina
487 5388 829 5445 confessione
852 5389 999 5443 hunc
1024 5402 1241 5457 semper
1260 5387 1505 5442 obtinuit
1525 5395 1579 5442 et
1612 5385 1879 5442 obtinebit

276 5483 581 5555 primatum
609 5492 669 5539 ut
698 5482 862 5538 totius
880 5481 1073 5538 mundi
1102 5481 1370 5537 Ecclesias
1396 5496 1507 5536 non
1527 5482 1707 5537 solum
1735 5480 1875 5536 anti-

274 5575 406 5649 quis
443 5575 721 5640 institutis,
748 5574 848 5631 sed
872 5574 1036 5630 etiam
1079 5574 1235 5629 novis
1262 5573 1547 5645 disponat,
1579 5582 1741 5646 prout
1785 5574 1875 5630 di-

276 5684 569 5726 versorum
593 5670 884 5724 necessitas
911 5676 1225 5740 temporum
1237 5668 1543 5740 expostulat
1568 5689 1579 5723 :
1613 5690 1637 5716 ι
1659 5670 1873 5741 Cogunt

277 5762 459 5828 enim,
489 5762 564 5817 ait
586 5763 928 5833 Augustinus
964 5761 1032 5817 ad
1060 5760 1426 5830 Bonifacium,
1475 5761 1680 5817 multas
1734 5760 1874 5817 inve-

276 5857 403 5912 nire
422 5855 722 5913 medicinas
738 5856 1041 5912 multorum
1059 5855 1435 5926 experimenta
1451 5856 1799 5911 morborum.
1845 5877 1870 5903 ι
1922 5876 1943 5885 -~

1989 4645 2075 4702 dis
2105 4639 2342 4714 episcopi
2368 4637 2657 4709 quoslibet,
2691 4643 2748 4690 et
2798 4634 3002 4703 absque
3050 4632 3303 4701 induciis,
3345 4632 3579 4691 damna-

1985 4744 2200 4803 verunt,
2264 4733 2358 4805 qui
2410 4731 2649 4801 aliquam
2696 4743 2813 4783 rem
2855 4728 2958 4783 sub
3012 4727 3580 4784 excommunicatione

1984 4832 2067 4887 vel
2090 4828 2254 4884 ofﬁcii
2303 4823 2663 4895 StISpensione
2689 4820 3023 4893 prohibitam
3070 4823 3365 4877 temerarie
3412 4838 3577 4878 usur-

1985 4930 2275 4997 paverunt.
2330 4922 2445 4975 Has
2495 4918 2657 4990 igitur
2706 4925 2761 4973 et
2815 4915 3128 4988 hujusmodi
3168 4918 3405 4973 rationes
3454 4933 3575 4973 mo-

1984 5017 2138 5075 derni
2165 5021 2593 5089 praesumptores
2625 5019 2780 5067 caute
2801 5010 3170 5078 considerent,
3196 5027 3295 5067 nec
3322 5011 3579 5083 deinceps

1984 5111 2182 5183 injuste
2211 5125 2269 5165 se
2293 5107 2496 5179 absque
2527 5106 2754 5162 induciis
2785 5105 3072 5162 damnatos
3095 5121 3211 5161 esse
3238 5106 3575 5161 existiment.

2062 5206 2204 5261 CAP.
2239 5203 2448 5258 XXIII.
2478 5200 2731 5256 Forsitan
2756 5208 2937 5256 autem
2970 5200 3166 5271 aliquis
3193 5197 3333 5253 adeo
3358 5198 3575 5265 delirat,

1986 5307 2049 5355 ut
2075 5297 2323 5355 subditos
2355 5294 2639 5367 cujuslibet
2690 5293 2923 5364 episcopi
2955 5307 3049 5364 per
3098 5292 3279 5361 ipsum
3340 5298 3577 5357 tantum,

1984 5407 2094 5447 non
2123 5406 2220 5463 per
2240 5392 2555 5445 Romanum
2577 5386 2912 5458 pontiﬁcem,
2935 5384 3181 5440 damnari
3228 5396 3385 5452 posse
3410 5381 3575 5439 dicat.

1986 5483 2096 5540 Sed
2126 5483 2203 5539 illi
2251 5483 2365 5553 ipsa
2387 5482 2602 5538 Veritas
2639 5481 2695 5535 in
2737 5477 3031 5549 Evangelia
3057 5475 3400 5543 contradicit,
3431 5492 3577 5549 quae,

1983 5580 2049 5633 B.
2082 5576 2242 5631 Petro
2285 5575 2658 5646 principaliter
2707 5570 2847 5627 inter
2896 5569 3137 5639 reliquos
3165 5571 3441 5641 apostolos
3473 5570 3580 5626 hoc

1984 5668 2324 5743 privilegium
2352 5668 2627 5725 concessit
2658 5686 2671 5721 :
2698 5689 2723 5714 ι
2767 5661 3150 5734 Quodcunque
3200 5664 3451 5736 ligaveris
3484 5678 3579 5719 su-

1988 5778 2085 5835 per
2109 5770 2344 5829 terram,
2374 5762 2479 5817 erit
2516 5762 2744 5831 ligatum
2774 5765 2828 5812 et
2857 5756 2911 5811 in
2940 5756 3095 5812 cmlis
3123 5756 3338 5821 (Matth.
3362 5758 3512 5821 xvr).
3548 5778 3575 5805 ι

1982 5857 2093 5925 Qui
2138 5856 2286 5912 enim
2338 5853 2669 5926 generaliter
2695 5864 2890 5905 omnes
2939 5849 3255 5920 apostolicae
3320 5849 3580 5917 potestati
