4062 6182
498 263 633 316 1139

1498 254 1591 307 AD
1629 253 1855 308 OPERA
1891 250 1948 305 S.
1990 250 2310 308 GREGORII
2352 248 2783 307 APPENDICES.

3652 250 3778 303 lHO

501 384 749 457 subjecit,
778 384 928 438 nullo
950 380 1118 436 modo
1153 379 1381 450 alicujus
1409 377 1641 449 episcopi
1674 376 1955 432 subditum
1997 392 2084 431 ex-
2113 380 2169 445 Α
2196 376 2490 447 impertivit
2516 376 2770 431 Ecclesiis
2801 382 2860 431 ut
2907 375 2960 429 in
2987 382 3201 445 partem
3228 382 3434 430 vocata
3484 373 3595 427 sint
3640 372 3782 426 solli-

502 480 660 551 cepit.
691 478 852 533 Unde
882 476 1022 530 idem
1054 473 1352 544 apostolus,
1389 480 1444 526 et
1463 487 1493 526 a
1520 471 1825 526 senioribus
1854 470 1937 525 sui
1964 478 2094 525 tem-

503 574 668 645 poris,
699 571 750 625 id
781 578 880 630 est,
914 567 1259 640 presbyteris,
1282 566 1392 621 sive
1421 565 1705 636 episcopis,
1738 565 1873 619 etab
1898 579 2091 620 eorum

506 664 741 721 subditis
790 661 1152 715 obedientiam
1183 660 1507 731 generaliter
1550 660 1748 730 exegit,
1792 673 1941 723 cum,
1975 667 2089 712 tam

503 757 734 814 subditis
787 771 951 827 quam
1003 754 1254 826 praelatis,
1310 762 1422 807 tam
1475 752 1694 809 feminis
1751 767 1916 823 quam
1967 750 2095 805 viris

503 850 756 923 specialia
794 848 1007 904 vivendi
1039 856 1305 919 praecepta
1354 847 1407 901 in
1449 846 1691 917 epistolis
1720 845 1830 899 suis
1856 843 2095 898 tradide-

503 946 591 1001 rit.
614 944 773 1013 Quod
801 943 1075 997 incassum
1107 942 1219 1013 ipse
1270 940 1490 1007 laceret,
1536 941 1580 994 si
1614 956 1725 993 non
1770 938 2096 1008 generaliter

505 1054 698 1093 omnes
719 1045 835 1109 ejus
864 1035 1221 1090 institutionis
1255 1034 1482 1089 obedire
1522 1033 1804 1089 deberent.

578 1133 772 1186 Beatus
817 1145 1035 1201 quoque
1069 1129 1359 1183 Anacletus
1406 1126 1475 1181 ab
1510 1126 1626 1197 ipso
1678 1125 1924 1197 principe
1955 1140 2083 1195 apo-

506 1226 776 1283 stolorum
815 1222 1095 1295 presbyter
1131 1222 1435 1289 ordinatus,
1471 1220 1523 1274 in
1544 1220 1776 1274 decretis
1807 1219 1940 1285 suis,
1973 1234 2092 1289 cap.

510 1326 636 1386 111,
667 1326 933 1373 testatur:
972 1337 993 1367 ι
1026 1320 1372 1371 Sacrosancta
1424 1318 1675 1369 Romana
1728 1322 1782 1368 et
1805 1313 2097 1383 apostolica

508 1412 773 1480 Ecclesia,
820 1427 927 1465 non
954 1410 1022 1464 ab
1055 1410 1335 1479 apostolis,
1363 1409 1458 1463 sed
1489 1408 1555 1462 ab
1586 1408 1701 1477 ipso
1732 1407 1975 1461 Domino
2004 1422 2100 1461 no-

510 1516 624 1563 stro
653 1507 950 1576 primatum
982 1504 1233 1571 obtinuit,
1256 1503 1397 1557 sicut
1426 1502 1536 1572 ipse
1568 1502 1628 1555 B.
1665 1504 1825 1555 Petro
1847 1501 2096 1570 apostolo

510 1601 647 1656 dixit
677 1603 753 1653 Tu
777 1615 827 1653 es
859 1602 1065 1663 Petrus,
1106 1622 1129 1644 »
1174 1606 1227 1651 et
1258 1596 1488 1667 reliqua.
1524 1597 1671 1666 Ergo
1704 1596 1820 1650 haec
1880 1604 2097 1665 aposto-

510 1695 608 1749 lica
639 1693 793 1748 sedes
818 1693 982 1746 cardo
1013 1700 1065 1745 et
1089 1698 1252 1761 caput
1281 1690 1530 1745 omnium
1552 1689 1919 1743 Ecclesiarum
1942 1705 1970 1743 a
1998 1692 2099 1743 Do-

510 1788 688 1853 mino,
715 1803 823 1841 non
842 1786 910 1841 ab
935 1785 1153 1847 alio,e.st
1181 1785 1498 1839 constituta.
1535 1785 1603 1837 Et
1621 1783 1761 1838 sicut
1777 1782 1998 1838 cardine
2016 1798 2099 1837 os-

511 1881 646 1937 tium
677 1882 901 1951 regitur,
930 1880 1009 1934 sic
1035 1878 1194 1950 hujus
1238 1886 1437 1933 sanctae
1468 1878 1613 1932 sedis
1648 1877 1968 1932 auctoritate
1986 1892 2103 1932 om-

513 1992 612 2032 nes
641 1976 911 2039 Ecclesiae,
966 1973 1205 2027 Domino
1244 1973 1583 2043 disponente,
1635 1982 1923 2042 reguntur.

584 2074 723 2124 ltem
773 2071 837 2122 B.
888 2068 1154 2128 Gelasius,
1186 2065 1379 2120 doctor
1430 2065 1781 2135 apostolicus,
1835 2081 1954 2136 cap.
2000 2071 2102 2119 11:

518 2186 545 2213 ι
586 2164 791 2217 Cuncta
836 2176 929 2231 per
972 2159 1239 2214 mundum
1270 2159 1423 2212 novit
1454 2159 1695 2213 Ecclesia
1725 2156 1873 2228 quod
1920 2174 2107 2214 sacro-

517 2262 705 2312 sancta
726 2256 979 2308 Romana
1010 2252 1244 2306 Ecclesia
1274 2251 1342 2306 de
1364 2252 1511 2305 omni
1542 2251 1782 2306 Ecclesia
1813 2250 1893 2306 las
1912 2252 2109 2308 habeat

510 2348 788 2421 judicare;
819 2363 920 2401 nec
942 2346 1198 2417 cuiquam
1232 2344 1301 2399 de
1348 2344 1467 2414 ejus
1495 2344 1650 2398 liceat
1680 2344 1926 2415 judicare
1960 2345 2110 2417 judi-

526 2444 629 2498 cio.
663 2442 717 2497 Si
744 2440 963 2513 quidem
995 2439 1063 2494 ad
1089 2439 1234 2493 illam
1251 2437 1317 2493 de
1343 2438 1586 2509 qualibet
1614 2438 1805 2493 mundi
1836 2447 1990 2509 parte
2019 2456 2112 2511 ap—

522 2536 837 2608 pellandum
861 2542 961 2600 est,
1009 2534 1078 2587 ab
1108 2532 1192 2586 illa
1230 2539 1413 2586 autem
1440 2532 1645 2585 nemini
1675 2533 1948 2601 appellare
1988 2549 2109 2605 per-

515 2629 648 2685 miss
694 2644 754 2683 m
789 2638 873 2683 est
892 2628 968 2695 [ϐ.
994 2629 1087 2689 Β.,
1116 2641 1285 2681 nemo
1308 2632 1391 2679 est
1408 2625 1680 2695 appellare
1699 2626 2046 2699 permissus]
2082 2650 2106 2676 ν

588 2722 694 2777 Sed
725 2736 826 2776 nec
848 2720 935 2775 illa
963 2719 1307 2790 praeterimus
1322 2718 1467 2788 quod
1485 2718 1781 2789 apostolica
1799 2720 1977 2786 sedes,
1996 2721 2112 2775 sine

432 2796 445 2803 ί
518 2814 625 2871 ulla
666 2813 877 2885 synodo
913 2812 1270 2883 praecedente,
1336 2811 1648 2866 exsolvendi
1682 2827 1820 2883 quos
1870 2814 2114 2884 oportuit

520 2907 775 2964 habuerit
802 2906 1116 2963 facultatem
1147 2910 1350 2972 (1000).
1383 2907 1451 2959 Et
1472 2904 1574 2959 hoc
1602 2906 1868 2961 nimirum
1900 2923 1995 2977 pro
2010 2924 2109 2963 suo

517 3002 853 3074 principatu,
876 3014 1039 3072 quem
1074 3002 1137 3056 B.
1174 3000 1367 3054 Petrus
1407 3000 1684 3070 apostolus
1729 3000 1952 3054 Domini
1980 3016 2112 3055 voce

2137 1739 2184 1802 B

2198 470 2470 538 citudinis,
2499 484 2608 524 non
2633 470 2691 524 in
2715 468 3108 540 plenitudinem
3140 467 3443 538 potestatis.
3477 490 3501 515 η
3528 463 3700 521 Unde
3725 465 3786 519 li-

2200 564 2366 637 quido
2391 563 2796 619 demonstratur
2824 561 2971 634 quod
2998 562 3224 634 quilibet
3255 562 3539 632 episcopus
3574 575 3680 614 nec
3699 575 3788 613 su-

2200 675 2296 731 per
2334 674 2556 729 gregem
2591 658 2688 712 sibi
2719 657 3072 712 commissum
3102 664 3308 709 tantam
3334 661 3663 723 potestatem
3696 651 3788 706 ba-

2202 754 2325 807 beat
2354 760 2615 823 quantam
2663 752 2861 823 praesul
2905 748 3264 820 apostolicus,
3295 747 3411 819 qui,
3442 748 3574 802 licet
3597 762 3789 802 curam

2202 862 2356 901 suam
2400 847 2455 901 in
2495 845 2740 917 singulos
2783 843 3065 914 episc0pos
3096 840 3359 908 diviserit,
3408 841 3558 895 nullo
3626 840 3792 895 modo

2202 947 2384 994 tamen
2412 939 2651 1010 seipsum
2687 953 2783 993 sua
2817 935 3102 992 universali
3139 944 3194 991 et
3218 935 3492 1007 principali
3525 941 3795 1005 potestate

2206 1034 2454 1103 privavit,
2497 1034 2637 1086 sicut
2657 1046 2754 1086 nec
2784 1046 2875 1086 rex
2900 1046 3055 1085 suam
3086 1029 3322 1100 regalem
3362 1027 3674 1099 potentiam
3712 1026 3797 1081 di-

2205 1127 2422 1192 minuit,
2458 1126 2580 1181 licet
2608 1140 2835 1198 regnum
2864 1140 3026 1179 suum
3055 1124 3107 1178 in
3139 1122 3381 1179 diversos
3404 1122 3591 1190 duces,
3624 1121 3798 1177 comi-

2204 1228 2307 1288 tes,
2336 1221 2443 1274 sive
2455 1219 2687 1293 judiees,
2710 1218 2966 1274 diviserit.

2275 1317 2412 1371 Cum
2442 1315 2603 1386 igitur
2642 1313 2877 1369 domnus
2895 1311 3221 1385 apostolicus
3270 1312 3327 1367 in
3356 1310 3506 1367 omni
3557 1311 3802 1367 Ecclesia

2206 1419 2320 1465 tam
2350 1408 2699 1480 principalem
2727 1416 3049 1478 potestatem
3087 1406 3284 1461 habeat
3315 1414 3397 1472 ut,
3428 1406 3597 1461 etiam
3629 1406 3804 1461 invito

2206 1504 2459 1575 episcopo
2515 1502 2801 1572 cujuslibet
2850 1501 3122 1567 Ecclesiae,
3165 1515 3395 1572 quaeque
3449 1500 3507 1554 in
3560 1514 3621 1554 ea
3654 1499 3803 1571 juxta

2206 1597 2493 1653 canonicas
2516 1586 2824 1650 sa'nctiones
2880 1594 3049 1666 possit
3091 1593 3400 1665 diSponere,
3458 1593 3587 1664 quis
3636 1592 3803 1647 dena.

2212 1707 2338 1762 gare
2392 1690 2593 1761 poterit
2616 1690 2747 1760 quin
2778 1688 2983 1761 ubique
3006 1689 3254 1760 gentium
3277 1691 3393 1743 tam
3416 1686 3672 1741 subditos
3691 1687 3806 1757 epi-

2210 1800 2502 1856 scoporum
2531 1798 2698 1854 quam
2730 1783 2878 1853 ipsos
2899 1783 3182 1855 episcopos
3227 1781 3541 1852 apostolicae
3584 1781 3804 1835 institu-

2211 1880 2372 1936 tionis
2416 1884 2823 1950 contemptores
2898 1880 3161 1931 damnare
3224 1875 3427 1945 possit?

2286 1975 2433 2030 CAP.
2464 1974 2681 2028 XXIV.
2706 1972 2804 2025 His
2822 1978 3004 2025 autem
3028 1969 3333 2025 rationibus
3354 1977 3407 2023 et
3427 1968 3534 2023 hoc
3564 1967 3805 2023 declara-

2214 2077 2322 2132 tur,
2351 2067 2494 2139 quod
2506 2066 2742 2137 cujusvis
2765 2065 2943 2136 episco
2952 2064 3002 2135 pi
3024 2063 3388 2135 parochianus
3405 2063 3583 2132 potius
3600 2064 3806 2117 domno

2214 2162 2511 2234 apostolico
2559 2175 2721 2231 quam
2767 2158 2991 2230 pr0prio
3045 2159 3297 2229 episcopo
3343 2156 3568 2212 obedire
3619 2155 3806 2221 debet,

2216 2272 2342 2311 cum
2388 2254 2685 2310 auctoritas
2733 2252 2938 2324 proprii
2983 2252 3218 2323 episcOpi
3247 2250 3553 2306 nullatenus
3581 2266 3717 2305 eum
3747 2250 3809 2305 ab

2216 2348 2508 2421 apostolica
2538 2346 2893 2401 damnatione
2935 2345 3108 2400 valeat
3146 2346 3398 2408 liberare,
3425 2346 3472 2400 si
3497 2345 3813 2416 apostolicis

2218 2443 2503 2515 praeceptis
2528 2440 2845 2496 inobediens
2873 2440 3161 2495 exstiterit.
3198 2441 3266 2494 Et
3295 2445 3535 2502 econtra,
3566 2438 3811 2495 domnus

2218 2536 2569 2609 apostolicus,
2599 2534 2641 2589 si
2664 2535 2715 2590 ei
2741 2534 3026 2601 obedierit,
3055 2533 3313 2589 eumdem
3329 2533 3397 2587 ab
3422 2534 3572 2589 omni
3604 2533 3813 2588 violen-

2217 2632 2291 2687 tia
2324 2630 2526 2701 pr0prii
2552 2628 2793 2701 episcOpi
2824 2626 3073 2682 facillime
3103 2628 3300 2698 poterit
3322 2624 3639 2694 defendere,
3661 2626 3811 2682 vide-

2220 2726 2344 2781 licet
2371 2724 2451 2779 vel
2502 2724 2683 2794 ipsum
2751 2720 3143 2793 parochianum
3183 2722 3299 2793 ejus
3332 2720 3530 2776 ditioni
3598 2722 3816 2792 penitus

2221 2816 2637 2889 emancipando,
2680 2815 2765 2870 vel
2794 2815 3113 2887 episcopum
3151 2814 3218 2869 ab
3247 2814 3440 2886 injuria
3485 2830 3585 2885 per
3624 2829 3818 2870 corre-

2220 2911 2463 2984 ptionem
2490 2910 2568 2965 vel
2598 2908 3007 2964 damnationem
3036 2907 3331 2977 apostolica
3378 2908 3709 2963 auctoritate
3740 2922 3818 2963 re-

2223 3004 2506 3060 frenando.
2536 3001 2803 3058 Attendat
2848 3017 2980 3057 sane
3020 3000 3253 3072 cujusvis
3278 3001 3519 3073 episcopi
3536 3000 3815 3067 subditus,

520 3104 575 3151 et
594 3096 787 3159 tenuit,
813 3104 867 3149 et
896 3109 1112 3165 semper
1138 3093 1412 3148 retinebit.
1449 3094 1546 3146 His
1570 3102 1756 3149 autem
1782 3094 2107 3150 sanctissimi
2138 3102 2183 3167 ί)
2221 3114 2290 3152 ne
2322 3098 2403 3153 vel
2434 3096 2655 3169 prOprio
2676 3096 2936 3166 episcopo
2964 3102 3154 3149 contra
3186 3094 3489 3164 apostolica
3540 3104 3818 3167 praecepta

518 3191 731 3256 Patres,
759 3189 1015 3252 Calistus,
1037 3187 1338 3253 Fabianus,
1426 3194 1487 3238 ut
1506 3202 1565 3247 :s~
1591 3188 1888 3257 eyzvester,
1912 3187 2111 3255 Julius,

522 3290 577 3338 et
596 3282 792 3354 reliqui
823 3280 1246 3336 innumerabiles
1273 3279 1656 3351 astipulantur.
1687 3280 1791 3350 Qui
1821 3280 1956 3336 adeo
1990 3296 2110 3336 am-

522 3376 720 3447 plexati
748 3383 877 3430 sunt
913 3375 1175 3430 unitatem
1207 3374 1282 3445 [Ο.
1318 3377 1407 3437 R.,
1450 3375 1777 3442 veritatem],
1818 3384 1880 3429 ut
1936 3375 2115 3446 potius

526 3470 669 3524 mori
709 3485 873 3541 quam
905 3468 1114 3523 mentiri
1140 3466 1518 3523 deliberarent.
1564 3468 1741 3539 Hujus
1763 3468 1928 3539 igitur
1954 3469 2115 3540 privi-

523 3562 643 3633 legii
670 3562 989 3617 auctoritate
1001 3563 1062 3616 B.
1083 3561 1402 3632 Simplicius
1420 3578 1554 3633 papa
1574 3563 1768 3616 XLIX
1783 3563 2112 3633 Gregorium

522 3656 890 3711 Mutinensem
905 3656 1239 3725 episcopum,
1257 3656 1595 3709 Ravennatis
1606 3656 1988 3727 archiepiscopi
2000 3656 2115 3712 suf-

524 3746 873 3817 fraganeum,
896 3764 925 3800 a
955 3746 1157 3801 ditione
1187 3748 1434 3818 ejusdem
1465 3748 1850 3821 archiepiscopi
1900 3751 2115 3821 penitus

526 3839 779 3895 absolvit.
811 3843 879 3893 Et
906 3839 1010 3893 hoc
1034 3840 1176 3905 ideo,
1210 3839 1335 3909 quia
1366 3841 1506 3895 idem
1524 3842 1964 3914 archiepiscopus
1988 3860 2114 3899 eum

527 3932 757 3988 invitum
806 3930 1101 3987 Mutinensi
1145 3933 1420 3989 cathedrae
1449 3934 1859 3990 inthronizavit.

602 4026 737 4080 ltem
791 4026 848 4080 S.
900 4025 1199 4095 Gregorius
1269 4027 1457 4089 (Νίκη
1527 4030 1683 4095 epist.
1742 4036 1827 4095 14,
1888 4034 1973 4096 15,
2030 4035 2115 4098 16)

528 4120 881 4176 Honoratum
904 4118 1234 4174 Salonitanee
1260 4120 1514 4174 Ecclesiae
1540 4120 2116 4196 archidiaconum,qui

521 4214 637 4285 jam
663 4229 726 4268 ex
757 4212 1199 4268 archidiaconatu
1230 4212 1299 4267 ad
1326 4214 1725 4287 presbyterium
1754 4216 1989 4285 devenit,
2035 4219 2115 4273 iu-

528 4308 641 4362 vito
692 4306 806 4377 ejus
835 4307 1117 4377 episc0po,
1148 4307 1217 4361 ad
1250 4308 1534 4378 pristinum
1592 4311 1821 4381 gradum
1870 4311 2110 4381 reduxit;

527 4398 779 4472 deposito
802 4400 1025 4471 quidem
1057 4416 1123 4455 eo
1163 4417 1325 4472 quem
1359 4402 1503 4457 idem
1529 4404 1875 4460 Salonitanus
1902 4407 2119 4476 episco-

2219 3191 2439 3248 obediat
2478 3190 2533 3243 in
2560 3189 2924 3260 aliquo.Cum
2962 3196 3178 3243 sanctus
3224 3188 3522 3260 Gregorius
3551 3189 3676 3257 (lib.
3745 3203 3817 3254 ιι.

2220 3288 2375 3357 epist.
2414 3290 2495 3351 I5,
2532 3289 2617 3349 16)
2641 3282 3084 3338 archidiaconum
3128 3282 3500 3338 Salonitanum
3535 3280 3591 3335 in
3623 3282 3821 3338 locum

2222 3381 2494 3438 BonOrati
2528 3380 2646 3451 jam
2693 3379 2925 3451 depositi
2966 3378 3319 3447 subrogatum
3366 3378 3705 3449 deposuerit,
3755 3394 3819 3432 eo

2221 3474 2369 3547 quod
2393 3474 2543 3530 idem
2573 3474 2793 3545 proprio
2823 3473 3079 3544 episcOpo
3106 3488 3165 3528 se
3189 3474 3247 3527 in
3276 3471 3460 3527 locum
3488 3471 3632 3526 illius
3661 3471 3817 3527 ordi-

2222 3570 2343 3624 nari
2373 3576 2501 3639 post
2520 3566 2872 3639 apostolicam
2901 3566 3331 3637 prohibitionem
3349 3564 3640 3621 obedierit.
3670 3566 3819 3619 Hinc

2223 3664 2392 3719 etiam
2424 3670 2593 3734 patet,
2620 3676 2784 3731 quam
2814 3660 3155 3731 apertissime
3183 3659 3255 3713 illi
3286 3658 3565 3730 desipiant
3591 3659 3687 3730 qui
3735 3658 3819 3713 di-

2224 3764 2355 3812 cunt
2395 3754 2545 3827 quod
2591 3754 2795 3809 subditi
2848 3752 3139 3825 cujuslibet
3192 3752 3451 3823 episcopi,
3506 3753 3821 3823 apostolica:

2225 3849 2341 3906 sedi
2368 3851 2679 3904 nullatenus
2704 3845 2925 3902 obedire
2953 3846 3208 3911 debeant,
3238 3846 3281 3901 si
3327 3846 3552 3917 proprio
3585 3846 3815 3901 antistiti

2238 3943 2514 4009 obediant,
2540 3958 2667 3997 cum
2689 3958 2717 3995 a
2746 3942 2801 3996 S.
2833 3940 3101 4012 Gregorio
3126 3948 3181 3995 et
3202 3940 3292 3994 ille
3322 3940 3525 3994 merito
3551 3938 3820 4011 degrada-

2226 4047 2395 4101 retur,
2429 4036 2521 4108 qui
2561 4044 2615 4090 et
2658 4051 2754 4106 per
2784 4034 3153 4089 obedientiam
3207 4032 3446 4104 episcopi
3499 4034 3820 4105 apostolicae

2225 4130 2337 4187 sedi
2370 4131 2627 4185 adversus
2655 4128 2824 4184 fuisse
2851 4126 3146 4199 detegitur.
3181 4130 3390 4198 Nempe
3426 4126 3616 4182 nullus
3668 4126 3821 4182 debi-

2225 4234 2339 4281 tam
2369 4223 2735 4280 obedientiam
2758 4221 2979 4293 proprio
3010 4221 3267 4291 episcopo
3306 4220 3563 4276 exhibere
3594 4221 3821 4293 poterit,

2225 4320 2326 4374 nisi
2359 4318 2450 4390 qui
2472 4326 2526 4371 et
2554 4315 2864 4386 apostolicae
2892 4314 3006 4370 sedi
3044 4314 3417 4385 principaliter
3444 4314 3680 4370 obedire
3714 4325 3827 4371 stu-

2225 4413 2425 4469 duerit.
2447 4410 2642 4465 Omnis
2664 4410 2810 4463 enim
2841 4409 2934 4480 qui
2965 4410 3077 4463 vult
3102 4424 3221 4463 esse
3249 4408 3542 4479 episcopus
3568 4408 3683 4465 hoc
3708 4424 3827 4464 ma-

528 4510 628 4566 pus
658 4496 711 4549 in
755 4496 936 4549 locum
966 4494 1084 4565 ejus
1113 4495 1401 4549 ordinavit.
1444 4497 1792 4567 Quapropter
1836 4501 2113 4569 apertissi-
2145 4494 2197 4556 D
2226 4506 2371 4561 xime
2412 4504 2647 4559 subditis
2693 4504 2805 4558 suis
2840 4503 3093 4569 inculcat,
3123 4511 3184 4557 ut
3228 4511 3547 4558 sanctorum
3594 4504 3829 4558 Patrum

526 4603 617 4643 me
645 4588 944 4657 desipiunt,
976 4604 1141 4659 seque
1167 4604 1290 4644 reos
1310 4590 1625 4659 apostolicae
1642 4592 1983 4647 auctoritatis
1998 4593 2114 4649 effi-

528 4681 699 4747 ciunt,
730 4683 1039 4752 quicunque
1070 4684 1188 4753 ejus
1218 4684 1474 4754 potestati
1497 4692 1702 4740 temere
1745 4686 2115 4757 prtejudicant,

528 4788 657 4828 cum
682 4774 972 4844 cujuslibet
992 4775 1231 4845 episcopi
1270 4776 1514 4832 subditos
1542 4794 1650 4833 non
1682 4795 1776 4850 per
1800 4785 2116 4837 Romanum

529 4866 875 4937 pontiﬁcem,
910 4866 1003 4921 sed
1026 4870 1411 4925 tantummodo
1434 4874 1715 4943 proprium
1731 4874 2031 4931 antistitem
2057 4875 2114 4931 li-

530 4960 645 5030 gari
672 4960 752 5014 vel
782 4960 914 5013 solvi
941 4977 1101 5030 posse
1134 4962 1465 5033 confingant.

603 5055 874 5109 Praeterea
918 5056 979 5108 B.
1013 5056 1125 5109 Leo
1154 5071 1309 5125 papa,
1354 5056 1445 5127 qui
1474 5066 1726 5128 quartam
1756 5061 2115 5117 universalem

527 5146 797 5217 synodum
822 5146 1163 5203 Chalcedone
1191 5152 1562 5221 congregavit,
1588 5152 1717 5206 item
1747 5152 1973 5223 Vigilius
2025 5171 2117 5225 pa-

528 5256 615 5311 pa,
666 5241 766 5296 sub
796 5256 903 5312 quo
953 5243 1141 5314 quinta
1176 5242 1492 5298 universalis
1520 5245 1759 5315 synodus
1806 5250 2113 5305 Constanti-

529 5336 775 5405 n0polim
806 5336 1060 5391 convenit
1081 5355 1096 5401 ;
1117 5337 1252 5391 item
1284 5336 1483 5391 beatus
1501 5340 1663 5393 Pater
1692 5339 2018 5411 Gregorius;
2037 5343 2116 5413 bi,

525 5425 775 5497 inquam,
807 5430 1023 5501 singuli,
1078 5430 1271 5485 eadem
1300 5432 1625 5487 auctoritate
1657 5435 1927 5505 praecipui,
1976 5453 2114 5508 pene

529 5520 721 5575 eadem
752 5537 883 5577 voce
919 5524 973 5577 in
1008 5523 1239 5579 decretis
1263 5524 1373 5580 suis
1403 5527 1683 5583 verissime
1713 5537 1983 5586 testantur
2012 5532 2117 5587 hoc

524 5614 693 5669 modo
724 5633 736 5669 :
770 5633 800 5666 ιι
825 5616 1027 5672 Sancta
1050 5620 1297 5674 Romana
1328 5622 1565 5678 Ecclesia
1590 5623 1733 5679 vices
1752 5639 1877 5680 suas
1904 5625 1977 5681 ita
1997 5625 2115 5681 aliis

2227 4599 2496 4656 institutis
2519 4598 2721 4669 absque
2746 4598 2897 4653 omni
2910 4598 3338 4653 contradictione
3352 4598 3631 4653 obediant.
3662 4600 3829 4668 Qua,

2228 4702 2288 4749 ut
2322 4691 2643 4765 praedictum
2693 4700 2795 4758 est,
2838 4692 3152 4762 apostolicae
3200 4692 3312 4747 sedi
3344 4692 3726 4763 principaliter
3766 4693 3834 4748 ab

2234 4788 2495 4842 omnibus
2525 4784 2895 4841 obediendum
2930 4800 3050 4840 esse
3081 4785 3420 4840 denuntiant.

2297 4881 2623 4953 Quicunque
2676 4880 2843 4951 igitur
2893 4895 2993 4934 suo
3042 4879 3281 4951 legitimo
3333 4879 3537 4950 pastori
3576 4877 3834 4936 debitam

2225 4974 2595 5029 obedientiam
2645 4973 2929 5039 tribuerit;
2971 4974 3135 5027 etiam
3189 4971 3563 5043 principaliter
3603 4973 3836 5029 domno

2227 5069 2532 5139 apostolico
2563 5066 2784 5122 obedire
2814 5066 3071 5121 studebit.
3104 5068 3269 5133 Nam,
3300 5067 3445 5136 juxta
3468 5065 3647 5136 ipsius
3671 5067 3837 5123 Veri-

2226 5162 2349 5218 tatis
2379 5162 2643 5227 edictum,
2671 5184 2694 5207 οι
2730 5176 2841 5215 non
2865 5168 2947 5215 est
2969 5160 3263 5231 discipulus
3292 5175 3452 5231 supra
3487 5161 3836 5230 magistrum

2226 5257 2439 5321 (Matth.
2476 5260 2548 5320 χ).
2572 5275 2599 5305 »
2633 5255 2685 5309 Si
2718 5262 2902 5309 autem
2937 5253 3177 5309 domnus
3229 5254 3562 5325 apostolicus
3594 5256 3837 5326 proprio

2226 5357 2281 5404 et
2319 5348 2558 5419 legitimo
2591 5348 2791 5417 pastori
2824 5347 2951 5418 jure
2983 5347 3341 5420 prmponitur,
3387 5355 3597 5418 quanto
3638 5348 3836 5419 magis

2226 5441 2303 5496 illi
2330 5441 2421 5512 qui
2448 5457 2549 5495 nec
2578 5441 2770 5497 nititur
2793 5457 2910 5498 esse
2930 5442 3077 5513 quod
3107 5441 3308 5497 dicitur
3329 5444 3351 5497 ?

2297 5536 2409 5589 Has
2429 5534 2596 5605 igitur
2614 5544 2668 5590 et
2685 5535 2996 5607 hujusmodi
3027 5536 3263 5591 rationes
3286 5536 3599 5606 quicunque
3616 5534 3834 5590 saltem

2223 5642 2253 5682 e
2288 5627 2518 5683 rudibus
2546 5628 2776 5685 ﬁdeliter
2818 5630 3080 5701 inspicere
3122 5628 3454 5700 dignabitur,
3505 5628 3839 5685 nullatenus

595 5801 776 5873 (1000)
802 5800 863 5864 Ο.
889 5805 995 5867 IL,‘
1020 5821 1149 5875 quos
1170 5810 1401 5877 synodus
1433 5814 1617 5881 iniqua
1661 5812 2029 5878 damnaverat,
2056 5822 2107 5871 et
2132 5815 2433 5873 damnandi
2456 5818 2613 5876 nulla
2637 5821 2896 5874 existente
2923 5818 3145 5887 synodo.
