4062 6182
267 268 392 324 1141
1174 263 1462 320 APPEND.
1505 265 1588 320 lll.
1630 295 1701 307 —
1736 267 1826 323 ΜΟ

1931 269 2152 325 ΜΕΝΤΑ
2192 270 2653 328 GREGORIANA.
3429 285 3563 339 1142

261 391 521 465 pradicta
550 389 730 447 nostri
754 389 1033 462 apostolici
1072 395 1282 446 statuta
1321 390 1660 461 proscribere
1692 408 1856 448 eona-
1885 397 1939 461 Α
1969 395 2301 451 sideratione
2333 398 2689 468 pratermisi,
2721 415 2791 456 ne
2810 402 2994 474 gravis
3023 415 3200 460 essem
3223 404 3431 472 idiotis,
3461 409 3558 479 qui

259 486 432 555 bitur,
458 484 762 555 praesertim
793 499 918 538 cum
943 482 1125 539 videat
1148 483 1551 540 evidentissime
1574 485 1764 541 eadem
1789 503 1854 542 ex
1963 488 2064 544 bus
2139 489 2228 545 hic
2274 490 2576 561 specialiter
2644 493 2953 551 satisfacere
3019 500 3298 569 pr0posui,
3364 500 3562 571 quibus

257 580 356 636 SS.
423 581 647 635 Patrum
696 578 1011 645 sententiis,
1062 579 1176 635 imo
1227 596 1290 636 ex
1322 579 1521 635 divinis
1563 582 1855 653 Scripturis
1963 597 2132 654 pauca
2184 599 2251 639 ex
2299 584 2483 640 multis
2524 593 2637 641 tam
2688 587 3005 645 indubitata
3033 592 3277 646 veritatis
3306 593 3559 649 sufﬁcere

257 689 562 730 emanasse.
598 675 853 729 Poteram
885 689 1015 729 vero
1054 690 1219 746 quam
1247 674 1425 746 plures
1453 674 1584 730 alias
1621 675 1855 731 rationes
1964 685 2216 748 possunt,
2265 678 2311 732 si
2342 678 2661 746 indaganda
2701 683 2881 752 potius
2921 684 3135 740 veritati
3183 702 3348 757 quam
3389 685 3558 741 infru-

255 767 626 838 superioribus
645 767 958 832 adnectere,
985 776 1039 822 et
1058 768 1476 823 innumerabilia
1501 770 1595 825 SS.
1628 772 1854 826 Patrum
1963 779 2168 827 ctuosa
2195 772 2528 829 contentioni
2557 789 2780 846 operam
2805 776 2934 832 dare
2962 778 3171 835 volunt.
3202 783 3374 838 Finis.

255 861 500 933 exempla
546 860 789 932 prafatis
816 857 1032 917 statutis
1059 862 1356 934 assignare,
1383 862 1481 918 sed
1511 879 1570 918 ea
1600 863 1687 919 hic
1723 880 1854 920 con-

254 1035 3553 1063 ...Ἦ

965 1177 1603 1235 PREFATIUNCULA
1648 1181 1724 1234 IN
1761 1181 1946 1236 ΤΒΕὸ
1997 1181 2422 1249 SEQUENTES
2461 1183 2873 1240 EPISTOLAS.

321 1489 738 1572 Videntur_tres
769 1490 896 1572 ista
917 1490 1162 1572 epistola
1191 1491 1411 1572 scripta
1436 1500 1565 1572 ante
1585 1499 1882 1572 tractatum
1902 1497 2359 1572 D-e_sacrarnent_is
2390 1499 2996 1572 ert-communicatorum,
3015 1499 3112 1572 cui
3143 1499 3282 1554 inter
3309 1499 3430 1555 hac
3456 1516 3551 1569 pro

246 1563 514 1632 Gregorio
543 1563 642 1617 Vll
671 1563 929 1634 opuscula
959 1563 1199 1633 primum
1228 1564 1404 1618 locum
1432 1563 1757 1629 tribuimus;
1787 1580 1914 1618 nam
1944 1564 2031 1618 hic
2060 1567 2213 1634 quasi
2237 1566 2417 1621 adhuc
2439 1567 2632 1622 incerti
2663 1569 2923 1623 ﬂuctuare
2947 1563 3198 1625 videntur
3223 1563 3551 1628 Adalbeftus

248 1634 653 1712 et_1_3ernaldus
686 1633 822 1712 quid
849 1633 937 1712 _de
964 1634 1351 1712 controversiis
1401 1651 1462 1712 ea
1491 1643 1648 1691 atate
1670 1635 1927 1712 excitatis
1959 1633 2303 1712 sentiendum
2333 1647 2490 1712 esset.
2525 1641 2586 1693 In
2616 1642 2877 1711 opusculo
2907 1650 3091 1695 autem
3124 1641 3385 1712 pradicto
3415 1647 3550 1698 Ber-

245 1705 445 1760 naldus
468 1703 1020 1779 sententiamuabsque
1059 1705 1164 1760 ulla
1195 1705 1530 1779 hasitatione
1561 1703 1789 1777 prdert,
1823 1708 2042 1761 tametsi
2070 1707 2276 1762 indicat
2311 1711 2480 1763 multa
2509 1703 2673 1779 super
2702 1713 2801 1766 hac
2824 1703 3190 1767 controversia
3219 1714 3362 1767 inter
3408 1729 3466 1767 se
3496 1723 3549 1768 et

247 1776 591 1852 Eernardum
613 1792 730 1852 esse
766 1776 1086 1852 disceptata;
1119 1778 1215 1852 qui
1241 1776 1690 1852 Bernardusnon
1733 1789 1815 1852 est
1861 1779 1996 1852 alius
2045 1794 2212 1852 quam
2266 1780 2520 1850 magister
2567 1776 2653 1836 ille
2688 1781 3000 1838 scholarum
3030 1784 3549 1852 Constantiensium,

245 1847 315 1903 de
345 1864 647 1926 qu9__supr_a
678 1849 735 1926 in
764 1847 1080 1926 prafatione
1107 1848 1176 1903 ad
1203 1849 1304 1926 hos
1333 1849 1669 1926 tractatulos,
1691 1859 1754 1926 et
1782 1851 1835 1926 i_n
1858 1847 2209 1926 testimoniis,
2245 1867 2343 1926 pro
2360 1847 2634 1926 Gregorio
2675 1856 2797 1926 VII,
2826 1863 3012 1924 postea
3050 1856 3311 1926 magister
3337 1847 3548 1912 schola;

246 1919 375 1974 rum
416 1919 977 1998 Hildesbeitnensium
999 1928 1061 1998 _et
1089 1920 1312 1974 tandem
1350 1920 1653 1998 monachus
1678 1921 2018 1998 (got-beiensis
2041 1922 2099 1976 in
2128 1919 2362 1998 saltauia
2393 1919 2588 1998 factus,
2619 1925 2710 1995 qui
2737 1934 2798 1980 ut
2828 1919 2892 1998 ex
2924 1919 3174 1998 secunda
3191 1927 3419 1998 epistola
3451 1944 3548 1998 ap-

245 1999 424 2072 paret,
458 1989 854 2072 ferventissime
883 1989 1108 2072 quidem
1138 2007 1362 2072 causam
1394 1993 1446 2072 S‘.
1497 1993 1643 2072 Petri
1685 1991 2046 2072 defendebat;
2078 1994 2175 2072 sed
2199 1994 2337 2072 dum
2345 1989 2616 2072 ardorem
2635 1989 3072 2072 'per__scientiam
3125 1989 3548 2054 ecclesiasticam

243 2062 359 2138 non
395 2070 693 2138 temperat;
737 2062 1290 2138 nonnihilAimpegitt
1314 2071 1372 2116 ut
1408 2062 1570 2138 docet
1597 2062 1708 2138 ipse
1739 2064 2040 2118 Bernaldus
2079 2064 2134 2117 in
2165 2079 2265 2118 suo
2296 2065 2586 2119 Chronico.
2624 2062 2950 2138 Adalbertus
2979 2068 3066 2121 ille
3096 2077 3196 2132 est,
3227 2085 3390 2138 quem
3417 2073 3546 2124 Ber-

243 2134 430 2208 toldus
458 2149 550 2188 seu
574 2134 875 2189 Bernaldus
895 2134 949 2186 in
978 2134 1253 2208 Chronico
1279 2133 1382 2188 hoc
1409 2134 1584 2205 elogio
1615 2133 1935 2208 cohonestat
1962 2150 2110 2188 anno
2135 2140 2278 2208 1079
2306 2153 2318 2189 :
2348 2139 2544 2190 Doctor
2569 2137 2902 2192 Adalbertus
2929 2141 3075 2204 facto
3113 2133 3382 2208 verboque
3404 2141 3550 2194 diser

243 2210 352 2268 tus,
373 2206 496 2274 jam
525 2208 761 2278 triginta
787 2209 950 2258 annis
976 2206 1175 2278 mundo
1217 2208 1504 2278 cruciﬁxus
1534 2210 1583 2260 et
1612 2208 1668 2278 in
1693 2208 1798 2275 ﬁne
1828 2205 1901 2259 ad
1929 2207 2289 2278 evangelicum
2307 2209 2683 2276 perfectionem
2715 2209 3026 2278 perductus,
3057 2205 3308 2277 migravit
3342 2211 3415 2263 ad
3441 2214 3548 2266 Do-

241 2279 452 2360 minum
503 2280 660 2331 tertio
709 2277 890 2333 Nonas
919 2277 1237 2333 Decembris.
1265 2277 1441 2346 Quem
1471 2276 1695 2333 honoris
1724 2291 1885 2332 causa
1922 2277 2229 2332 Bernaldus
2270 2277 2323 2332 in
2355 2278 2587 2334 secunda
2617 2276 2844 2352 epistola
2879 2280 3113 2350 appellat
3139 2276 3352 2336 Patrem
3374 2286 3422 2335 et
3451 2282 3545 2336 do-

238 2363 469 2402 mmum.

2365 2528 3542 2558 __..__________r_____.____

1301 2685 1479 2796 DE
1566 2681 2476 2798 DAMNATIONE

1760 2875 2026 2938 EORUM

452 3015 583 3086 QUI
633 3018 879 3072 ΡΑΡΑΜ
907 3014 1325 3085 TOTAMQUE
1375 3017 1744 3072 ΒΟΜΑΝΑΜ
1775 3015 2138 3073 SYNODUM
2167 3016 2730 3100 DEAUCTORARE
2758 3017 3323 3084 TENTAVERUNT,

843 3187 982 3276 ET
1059 3187 1204 3274 DE
1285 3185 2036 3278 SACRAMENTIS
2120 3183 2919 3276 DAMNATORUM.

1856 3546 1904 3607 B
1937 3540 2136 3596 dubias
2180 3540 2406 3612 quidem
2457 3556 2544 3596 res
2590 3541 2956 3598 discutiendas
3001 3541 3238 3599 inducia
3280 3542 3539 3616 leguntur

1940 3649 2233 3703 1201106888,
2305 3643 2367 3690 Ut
2412 3636 2649 3690 accusati
2696 3651 2755 3691 se
2799 3644 2986 3692 contra
3039 3645 3382 3692 accusatores
3409 3653 3538 3694 SUOS

733 3544 1077 3601 EPISTOLA
1098 3545 1332 3600 PRIMA
1343 3584 1358 3610 ,

589 3651 934 3697 ADALBBBTI
963 3654 1045 3694 AD
1076 3651 1470 3694 BBBNALDUH.

301 3737 524 3790 Domno
540 3747 602 3788 ac
618 3730 930 3788 venerando
945 3731 1219 3786 sacerdoti
1238 3733 1437 3787 BERNA
1448 3744 1559 3786 imo
1579 3727 1828 3785 doctrina

213 3844 289 3884 ac
326 3827 577 3882 moribus
597 3826 884 3893 adornata,
926 3828 1331 3882 ADALBBBTUS
1361 3823 1645 3897 presbyter
1681 3822 1828 3879 indi-

210 3937 371 3994 gnus
409 3920 638 3993 ejusque
687 3920 892 3976 bonum
941 3923 1126 3986 (1001)
1157 3917 1493 3982 indeﬁciens,
1542 3915 1693 3989 quod
1745 3924 1828 3972 est

208 4015 494 4071 Christus.

291 4107 529 4164 Multum
571 4105 640 4163 de
685 4116 863 4163 vestra
902 4106 1236 4163 salutatione
1286 4105 1454 4177 gavisi
1483 4118 1696 4170 sumus,
1731 4103 1826 4160 sed

209 4201 406 4258 multo
428 4201 548 4272 plus
575 4201 960 4271 gauderemus,
992 4201 1038 4256 si
1059 4214 1284 4271 quoquo
1305 4197 1474 4253 modo
1499 4197 1567 4253 ad
1594 4196 1823 4252 invicem

206 4295 582 4352 conveniendi
612 4304 667 4350 et
693 4296 852 4350 dulce
881 4293 1214 4365 colloquium
1245 4290 1560 4348 conserendi
1588 4290 1822 4346 faculta-

206 4397 338 4445 tem
362 4388 706 4444 haberemus.
733 4389 894 4458 Quod
924 4405 1050 4443 cum
1080 4387 1240 4443 nobis
1272 4387 1606 4442 diversarum
1631 4399 1821 4457 rerum
1849 4463 1852 4466 π

205 4482 524 4538 necessitas
543 4482 890 4550 intercludat,
913 4483 1107 4537 saltem
1127 4487 1381 4537 mutuam
1396 4478 1819 4536 collocutionem

209 4577 530 4632 litterarum
563 4577 746 4632 ofﬁcio
777 4576 1163 4631 commendare
1191 4591 1300 4630 non
1330 4575 1533 4646 pigeat.

289 4670 480 4739 (1002)
536 4673 615 4725 De
639 4669 842 4742 judicio
895 4670 1052 4740 igitur
1091 4669 1281 4724 domui
1326 4667 1609 4739 apostolici
1653 4681 1820 4737 super

207 4763 474 4836 publicos
523 4772 576 4818 et
603 4772 950 4819 contumaces
979 4763 1290 4834 apostolica
1316 4761 1460 4816 sedis
1489 4760 1820 4832 proscripto-

205 4875 308 4914 res
338 4857 534 4928 aliquid
581 4858 736 4912 nobis
780 4857 1082 4913 rescribere
1106 4857 1299 4921 velitis,
1326 4853 1496 4909 sicubi
1525 4852 1821 4925 quidquam

1939 3734 2153 3806 possint
2203 3747 2532 3805 praparare.
2584 3736 2649 3788 In
2701 3749 2809 3805 quo
2851 3732 3064 3806 judicio
3109 3735 3412 3790 necessaria
3453 3741 3536 3790 est

1936 3827 2227 3899 prasentia
2274 3826 2517 3882 accusati
2573 3835 2627 3882 et
2672 3827 3020 3882 accusatoris.
3071 3827 3310 3884 Publica
3352 3835 3533 3884 autem
3572 3821 3578 3826 ⁷

1936 3921 2299 3978 contumacia
2349 3936 2627 3993 nusquam
2681 3921 2914 3992 legimus
2942 3921 3200 3984 inducias,
3233 3937 3298 3976 ex
3346 3922 3533 3977 debito

1935 4031 2054 4072 esse
2074 4015 2471 4072 concedendas.
2497 4014 2830 4087 Hujusmodi
2853 4014 3002 4070 enim
3025 4031 3186 4070 causa
3207 4031 3317 4070 non
3335 4015 3533 4088 indiget

1934 4119 2267 4177 accusatore,
2315 4109 2398 4164 vel
2427 4108 2655 4164 testium
2686 4107 3076 4176 conductione,
3108 4125 3235 4163 cum
3267 4108 3378 4179 ipse
3408 4124 3533 4163 reus

1933 4219 2048 4258 non
2082 4202 2475 4257 verecundetur
2513 4202 2718 4256 crimen
2767 4217 2925 4256 suum
2956 4203 3262 4273 propalare,
3308 4216 3408 4255 nec
3438 4216 3533 4271 per

1931 4295 2234 4351 absentiam
2265 4294 2674 4349 damnationem
2725 4309 2880 4348 suam
2933 4295 3097 4349 debet
3135 4292 3378 4349 differre.
3424 4293 3529 4348 Sed

1930 4387 2033 4444 hos
2087 4387 2227 4443 duos
2273 4387 2493 4442 ordines
2527 4386 2808 4458 judicandi
2842 4402 2938 4456 per
2965 4388 3212 4456 exempla
3244 4387 3397 4440 vobis
3426 4387 3523 4440 de-

1926 4481 2110 4539 notari
2139 4496 2250 4536 non
2273 4479 2643 4536 necessarium
2690 4479 3052 4544 astimamus,
3083 4495 3208 4533 cum
3251 4479 3527 4533 scientiori

1927 4575 2186 4649 qualibet
2212 4574 2458 4647 ingerere
2485 4588 2699 4645 magna
2715 4572 2994 4644 judicetur
3019 4571 3394 4642 impudentia.

1996 4673 2162 4727 Juxta
2207 4668 2374 4723 'hunc
2426 4667 2658 4721 modum
2705 4664 2944 4720 domnus
2991 4665 3324 4736 apostolicus
3353 4665 3528 4736 publi-

1930 4781 2025 4822 cos
2089 4773 2144 4819 et
2190 4769 2546 4818 contumaces
2587 4758 2897 4830 apostolica
2941 4758 3088 4813 sedis
3135 4759 3527 4832 proscriptore8

1934 4860 2067 4914 satis
2089 4855 2348 4912 canonice
2372 4853 2654 4908 damnavit
2677 4852 2844 4907 etiam
2866 4851 3139 4908 absentes.
3176 4853 3316 4922 Quid
3345 4863 3526 4908 autem

206 4951 600 5007 authenticum
651 4950 831 5006 eidem
867 4952 1075 5022 judicio
1123 4949 1412 5005 adversum
1455 4947 1819 5002 invenissetis.
1857 4933 1900 4995 (ἶ
1930 4954 2085 5010 vobis
2115 4949 2238 5004 inde
2269 4948 2536 5014 videatur,
2565 4947 2806 5003 charitas
2847 4957 3021 5003 vestra
3051 4948 3205 5002 nobis
3234 4950 3527 5003 rescribere

206 5047 367 5100 Nam
392 5060 498 5098 nos
527 5044 654 5098 nihil
686 5044 863 5100 adhuc
890 5044 962 5098 illi
987 5044 1323 5099 contrarium
1352 5040 1668 5112 reperimus,
1699 5040 1822 5095 licet

206 5138 569 5194 diversorum
611 5142 832 5193 Patrum
872 5147 1074 5193 statuta
1102 5136 1358 5207 singulari
1381 5134 1653 5206 diligentia
1680 5134 1822 5188 evol-

203 5234 511 5287 vissemus.
543 5234 602 5286 ln
640 5232 740 5286 illis
766 5249 896 5286 sane
925 5232 1064 5286 duos
1094 5230 1413 5302 judiciarios
1439 5228 1651 5283 ordines
1675 5227 1824 5284 inve-

204 5327 431 5380 nimus.
474 5327 666 5380 Unum
719 5325 786 5380 de
816 5324 1048 5396 publicis
1088 5324 1437 5386 criminibus;
1471 5320 1723 5388 alterum,
1753 5320 1822 5377 de

206 5417 430 5487 dubiis,
459 5418 584 5472 licet
614 5419 773 5486 veris,
804 5419 1050 5475 nondum
1088 5425 1275 5473 tamen
1317 5415 1622 5487 publicatis.
1656 5416 1729 5469 Et
1751 5412 1823 5470 ad

292 5608 489 5679 (_|0_0|)_
509 5607 731 5664 Lacuna
765 5617 845 5665 est
871 5609 925 5664 in
957 5625 1085 5674 ms.;
1123 5608 1228 5679 leg.
1254 5608 1476 5679 ejusque
1504 5605 1822 5673 Bernaldus,

205 5686 279 5732 ut
309 5675 447 5728 infra
475 5676 534 5730 in
564 5682 719 5735 tertia
760 5681 1002 5749 epistola.

294 5750 484 5821 (1002)
515 5746 912 5821 Manuseriptus
941 5751 1113 5807 codex
1141 5766 1254 5808 non
1287 5750 1352 5804 ad
1379 5751 1680 5818 marginem
1725 5746 1821 5802 sed

204 5821 272 5876 in
339 5818 449 5887 ipsa
494 5818 946 5881 contextus'serie
974 5824 1077 5879 hoc
1122 5826 1392 5895 glossema
1419 5822 1600 5877 habet.
1635 5823 1708 5875 De
1731 5822 1824 5873 hoc

1932 5065 2043 5105 non
2075 5053 2353 5118 gravetur.
2384 5046 2529 5100 Nam
2564 5053 2800 5099 vestram
2849 5043 2917 5098 de
2962 5044 3064 5100 hac
3091 5061 3254 5101 causa
3301 5053 3521 5100 senten-

1930 5143 2069 5198 tiam
2143 5139 2495 5196 libentissime
2573 5139 2891 5210 recipimus,
2941 5155 3103 5209 quem
3157 5154 3266 5209 pra
3314 5138 3526 5194 cateris

1932 5234 2334 5307 diligentiorem
2381 5241 2436 5288 et
2482 5231 2866 5288 discretiorem
2911 5232 2970 5286 in
2997 5231 3164 5287 sacris
3193 5231 3385 5285 litteris
3413 5245 3527 5285 non

1931 5329 2269 5386 dubitamus.

2003 5427 2086 5479 De
2114 5421 2460 5478 confectione
2488 5421 2655 5478 etiam
2684 5425 3154 5477 sacramentorum
3196 5429 3228 5470 a
3255 5415 3524 5474 Simonia-

1922 5605 2154 5676 judicio,
2177 5606 2236 5658 in
2256 5606 2501 5674 epistola,
2524 5620 2645 5674 qua:
2683 5606 2844 5659 istam
2866 5600 3020 5676 tertio
3042 5599 3528 5676 locosnbsequitur,

1933 5673 2358 5745 diligentissime
2387 5673 2679 5732 tractatum
2732 5674 3023 5733 invenitur,
3070 5673 3338 5738 videlicet,
3368 5687 3530 5741 quam

1929 5751 2142 5816 nefa-tie
2165 5751 2256 5801 isti
2277 5751 2334 5801 in.
2354 5750 2695 5818 apostolicam
2720 5745 2890 5818 sedent.
2912 5749 3263 5813 peccoverint.
3294 5749 3342 5798 et
3369 5757 3532 5812 quam

1932 5822 2177 5875 canonice
2200 5815 2437 5875 Romana
2462 5817 2697 5885 synodus
2729 5831 2810 5870 eos
2838 5815 3197 5871 damnaverit.
