4062 6182
525 316 659 370 1143

1522 315 1613 368 AD
1654 315 1878 371 OPERA
1917 317 1971 372 S.
2013 315 2335 371 GREGORII
2374 315 2807 370 APPENDICES.

3676 314 3813 367 1144

523 440 622 507 cis,
656 456 753 496 seu
779 456 809 496 a
836 436 1165 512 quibuslibet
1185 439 1673 495 excommunicatis
1695 449 2105 513 usurpatorum,
2138 444 2193 507 Α
2228 440 2388 496 rium.
2431 440 2607 507 Salve,
2649 440 2774 495 cmli
2814 440 3103 507 luminare,
3135 439 3323 496 lucens
3363 437 3818 509 inexstinguibili-

524 534 655 606 quid
705 532 948 588 videatur
1002 530 1184 596 vobis,
1240 532 1377 587 scire
1430 533 1720 600 vellemus,
1776 536 2007 607 quippe,
2068 536 2116 591 si

524 634 739 683 careant
768 625 1006 681 veritate.
1054 626 1442 687 Sanctissimus
1472 628 1619 683 enim
1653 633 1809 684 Pater
1848 630 2115 700 Augusti-

525 736 626 775 nus
655 721 727 775 ita
757 728 989 775 testatur
1015 741 1026 775 :
1066 744 1089 767 «ι
1120 721 1271 787 Veri,
1299 722 1495 792 inquit,
1540 724 1787 779 sacrificii
1821 725 1975 779 locus
2003 738 2117 778 non

525 822 607 871 est
660 821 813 870 extra
866 814 1194 869 catholicam
1243 816 1568 871 Ecclesiam.
1628 842 1653 864 ιι
1708 818 1903 873 Nullus
1954 817 2119 889 igitur

524 909 675 963 locus
700 908 811 964 veri
841 907 1092 964 sacriﬁcii
1116 916 1197 964 est
1217 908 1362 981 apud
1392 909 1698 972 haereticos,
1741 912 1857 966 sive
1903 925 2119 965 excom-

526 1002 861 1057 municatos.

596 1095 952 1152 Beatissimus
1004 1112 1223 1167 quoque
1252 1112 1389 1167 papa
1440 1098 1574 1164 Leo,
1614 1098 1767 1169 cujus
1796 1098 2120 1153 auctoritate

527 1198 918 1262 congregatum
990 1199 1071 1245 est
1126 1198 1180 1245 et
1234 1191 1620 1246 confirmatum
1672 1191 2119 1247 Chalcedonense

529 1285 820 1339 concilium
852 1300 880 1338 a
905 1292 1095 1339 sancto
1121 1284 1383 1355 Gregorio
1406 1284 1694 1355 Evangelio
1714 1295 2117 1357 comparatum,

533 1378 679 1449 ipse,
726 1377 977 1448 inquam,
1021 1378 1193 1433 Leoni
1225 1380 1470 1448 Augusto
1525 1378 1717 1433 scribit
1769 1378 1835 1434 de
1881 1378 2121 1450 quodam

530 1472 786 1529 damnato
832 1470 1124 1526 Timotheo
1152 1472 1408 1543 episcopo
1437 1476 1621 1540 (1003)
1669 1472 1764 1544 qui
1806 1487 1934 1527 reus
1973 1472 2118 1527 occi-

529 1566 699 1621 sionis
747 1564 1100 1620 Alexandrini
1147 1566 1395 1636 praesulis
1443 1564 1738 1637 [Proterii],
1794 1565 1979 1621 sedem
2007 1564 2123 1636 ejus

530 1659 841 1715 Simoniace
867 1657 1075 1714 invasit.
1126 1661 1209 1713 De
1245 1658 1407 1731 hujus
1431 1658 1597 1732 igitur
1624 1659 1919 1715 Simoniaci
1944 1674 2121 1715 sacra-

2220 544 2303 590 ter
2320 535 2373 590 in
2398 535 2579 590 medio
2600 534 2834 589 nationis
2858 533 3016 590 malm
3038 542 3198 605 atque
3221 548 3488 604 perversae
3516 534 3593 597 (II
3614 536 3725 587 Pet.
3754 538 3810 596 ι).

2292 628 2561 685 Jussionis
2608 629 2770 700 igitur
2803 635 2910 683 tuae
2956 628 3361 683 exsecutionem
3390 626 3514 681 licet
3554 625 3691 680 mihi
3720 641 3813 696 pro

2222 724 2506 780 sanctitate
2544 722 2746 794 negotii
2775 720 3062 777 interdicat
3099 720 3453 783 conscientia,
3502 720 3632 774 licet
3678 735 3809 790 prm-

2219 826 2529 874 sumentem
2557 832 2642 871 me
2666 816 2719 871 in
2752 814 2945 871 faciem
2972 816 3145 887 ipsam
3165 814 3321 870 cedat
3345 814 3594 878 stultitia,
3623 829 3813 885 aggre-

2224 912 2346 968 dior
2390 921 2597 977 tamen,
2666 919 2848 965 certus
2898 910 3021 981 quia
3068 909 3167 963 etsi
3229 924 3353 980 quae
3405 915 3659 978 oporteat
3711 907 3813 962 dici

2224 1007 2432 1073 nescio,
2464 1005 2517 1059 in
2542 1004 2645 1060 hoc
2672 1012 2852 1059 tamen
2883 1004 3057 1058 sciens
3080 1018 3202 1058 sum
3229 1001 3376 1073 quod
3409 1001 3527 1069 tibi,
3560 1002 3812 1065 Domine,

2225 1100 2441 1156 obedio.
2470 1098 2636 1153 Jubes
2654 1098 2841 1168 igitur,
2874 1106 2934 1153 ut
2960 1106 3049 1152 tua
3081 1096 3249 1167 ipsius
3280 1095 3438 1150 verba
3462 1111 3696 1167 ponam,
3723 1094 3817 1149 tibi

2227 1211 2257 1250 a
2286 1209 2375 1249 me
2419 1192 2587 1249 scribi
2614 1192 2679 1248 de
2718 1190 2924 1262 judicio
2960 1189 3150 1246 domui
3192 1188 3471 1261 apostolici
3500 1204 3670 1259 super
3718 1204 3820 1259 pu-

2228 1288 2398 1344 blicos
2429 1296 2485 1343 et
2509 1295 2861 1343 contumaces
2884 1284 3026 1340 sedis
3055 1282 3367 1354 apostolicae
3397 1282 3820 1354 proscriptores,

2227 1381 2399 1437 sicubi
2433 1380 2732 1453 quidquam
2768 1377 3141 1434 authenticum
3182 1375 3363 1433 eidem
3384 1374 3589 1449 judicio
3636 1374 3821 1431 adver-

2228 1491 2351 1531 sum
2390 1474 2710 1531 invenerim.

2297 1568 2472 1636 Sedis,
2524 1571 2712 1633 Pater,
2771 1565 3085 1636 apostolicae
3131 1572 3241 1629 est,
3282 1573 3346 1619 ut
3391 1564 3560 1619 divini
3591 1563 3827 1619 conscia!

2231 1663 2436 1730 arcani,
2468 1669 2648 1718 rotare
2671 1661 2847 1715 claves
2871 1658 3023 1729 regni
3050 1658 3339 1714 caelorum.
3372 1681 3397 1704 ιι
3436 1660 3562 1730 Ipsa
3593 1657 3774 1721 enim,
3801 1680 3824 1704 υ

532 1754 736 1807 mentis
761 1749 1017 1822 praefatus
1046 1767 1183 1823 papa
1205 1754 1316 1807 Leo
1341 1752 1413 1806 ita
1441 1760 1672 1808 testatur
1713 1752 1782 1808 ad
1809 1758 2120 1823 Augustum
2158 1787 2203 1847 Β
2234 1767 2296 1815 ut
2323 1756 2616 1813 Anacletus
2635 1771 2770 1827 papa
2796 1753 3009 1823 scribit,
3037 1777 3060 1802 α
3085 1754 3379 1810 constituta
3408 1761 3492 1809 est
3512 1769 3542 1809 δ
3564 1754 3834 1819 Domino,

533 1846 733 1917 (epist)
762 1852 829 1901 75
862 1865 873 1901 :
911 1870 936 1895 α
988 1845 1340 1901 Manifestum
1368 1854 1469 1914 est,
1504 1846 1701 1916 inquit,
1742 1862 1838 1916 per
1861 1846 2121 1902 crudelis-

529 1940 730 1996 simam
781 1939 1290 2011 insanissimamque
1346 1939 1612 1994 saevitiam
1664 1955 1830 1994 omne
1888 1939 1998 1994 illic
2054 1939 2126 2005 (in

530 2032 897 2089 Alexandrina
924 2032 1069 2097 sede)
1104 2032 1412 2088 caelestium
1440 2042 1912 2087 sacramentorum
1940 2034 2125 2087 lumen

532 2127 885 2182 exstinctum.
918 2128 1221 2195 Intercepta
1264 2133 1347 2180 est
1375 2126 1625 2180 sacriﬁcii
1657 2124 1896 2192 oblatio;
1927 2124 2129 2180 defecit

536 2218 851 2274 chrismatis
896 2218 1277 2283 sanctiﬁcatio;
1329 2226 1382 2273 et
1413 2218 1836 2288 parricidialibus
1880 2217 2128 2273 manibus

535 2312 835 2383 impiorum
857 2311 1045 2366 omnia
1069 2327 1127 2365 se
1156 2310 1475 2365 subtraxere
1505 2311 1780 2383 mysteria,
1806 2334 1830 2359 ν
1860 2320 1964 2366 etc.
1996 2312 2128 2366 San-

537 2414 657 2461 ctus
706 2420 924 2476 quoque
951 2404 1246 2476 Gregorius
1273 2403 1513 2459 scribens
1564 2404 1631 2460 de
1659 2405 1947 2460 temeraria
1975 2405 2125 2460 ordi-

536 2499 753 2554 natione
785 2497 1003 2553 Maximi
1029 2498 1323 2553 Salonitani
1353 2497 1586 2568 episcopi
1626 2500 1746 2563 (lib.
1775 2514 1871 2565 III,
1901 2515 1982 2569 ep.
2014 2505 2124 2565 20),

544 2593 625 2647 ita
655 2591 959 2647 detestatur
988 2590 1242 2646 eamdem
1278 2610 1289 2645 ε
1328 2611 1353 2641 ››
1397 2593 1523 2645 Post
1551 2590 2015 2657 interdictionem,
2048 2593 2131 2647 in-

538 2686 672 2757 quit,
702 2699 917 2756 quoque
963 2692 1230 2749 nostram,
1262 2700 1385 2754 qua:
1414 2684 1513 2738 sub
1561 2685 2129 2740 excommunicatione

540 2787 633 2834 tua
657 2777 1142 2849 ordinantiumque
1180 2785 1233 2832 te
1273 2776 1413 2832 facta
1445 2784 1543 2843 est,
1591 2778 1746 2833 caesis
1777 2778 2128 2850 presbyteris,

540 2870 963 2941 diaconibusque
1012 2878 1317 2942 caateroque
1362 2870 1528 2937 clero,
1584 2886 1748 2926 manu
1790 2871 2009 2926 militari
2062 2872 2129 2928 ad

542 2964 786 3020 medium
824 2962 1024 3019 diceris
1052 2962 1339 3030 adductus,
1372 2979 1537 3034 quam
1564 2980 1684 3020 rem
1709 2980 1811 3021 nos
1841 2980 2130 3023 consecra-

544 3059 752 3114 tionem
796 3056 978 3112 dicere
1018 3056 1168 3111 nullo
1216 3055 1383 3111 modo
1423 3072 1733 3127 possumus,
1782 3072 1910 3128 quae
1940 3058 2007 3112 ab
2036 3073 2131 3112 ex-

2235 1868 2347 1908 non
2379 1851 2447 1907 ab
2487 1851 2613 1915 alio,
2649 1859 2815 1921 caput
2841 1857 2895 1905 et
2916 1848 3083 1904 cardo
3122 1848 3507 1903 Ecclesiarum.
3542 1870 3567 1893 ιι
3597 1848 3675 1901 Et
3703 1846 3841 1901 sicut

2233 1946 2456 2003 cardine
2500 1944 2699 2001 ostium
2728 1943 2949 2015 regitur,
3001 1942 3080 1997 sic
3124 1941 3288 2012 hujus
3316 1948 3522 1997 sancta:
3550 1938 3707 1995 sedis
3750 1956 3841 1995 au-

2234 2040 2485 2097 ctoritate
2524 2054 2721 2095 omnes
2771 2036 3033 2092 Ecclesiae
3084 2035 3327 2091 Domino
3391 2033 3730 2106 disponente
3770 2049 3845 2088 re-

2236 2142 2461 2207 guntur.

2305 2227 2447 2282 Hinc
2488 2227 2553 2281 B.
2606 2224 2854 2282 Gelasius
2905 2224 2957 2278 in
3012 2224 3251 2296 generali
3294 2222 3519 2279 decreto
3552 2220 3621 2277 ad
3655 2237 3843 2278 omnes

2233 2321 2518 2392 episcopos
2563 2318 2631 2375 de
2655 2318 2915 2374 institutis
2939 2316 3319 2373 ecclesiasticis
3376 2315 3508 2372 dicit
3555 2336 3571 2372 :
3630 2338 3658 2364 ι
3707 2318 3841 2373 Cum

2233 2414 2391 2470 nobis
2422 2421 2616 2469 contra
2659 2412 2981 2468 salutarium
3007 2410 3372 2467 reverentiam
3393 2409 3722 2482 regularum
3752 2426 3837 2465 cu-

2234 2510 2449 2581 piamus
2491 2515 2699 2562 temere
2739 2506 2815 2561 nil
2867 2506 3051 2574 licere,
3098 2512 3152 2560 et
3191 2520 3321 2559 cum
3350 2503 3506 2559 sedes
3536 2503 3838 2575 apostolica

2236 2617 2397 2673 super
2447 2600 2527 2655 bis
2558 2599 2833 2664 omnibus,
2864 2597 3078 2654 favente
3129 2597 3395 2663 Domino,
3437 2612 3564 2668 quae
3595 2597 3838 2667 paternis

2235 2694 2533 2751 canonibus
2561 2702 2687 2748 sunt
2708 2692 2945 2763 praeﬁxa,
2972 2692 3061 2763 pio
3082 2691 3387 2762 devotaque
3412 2689 3640 2746 studeat
3661 2698 3848 2745 tenere

2237 2787 2537 2861 proposito,
2564 2786 2697 2842 satis
2734 2785 3019 2853 indignum
3060 2794 3143 2840 est
3182 2799 3519 2856 quemquam
3550 2783 3632 2838 vel
3673 2786 3851 2854 ponti.

2238 2881 2429 2948 ﬁcum,
2463 2880 2543 2937 vel
2572 2879 2829 2936 ordinum
2863 2877 3337 2949 subsequentium,
3363 2877 3505 2933 hanc
3550 2875 3851 2933 observan-

2238 2976 2374 3031 tiam
2402 2973 2660 3041 refutare,
2689 2988 2855 3044 quam
2887 2975 2950 3027 B.
2992 2972 3137 3027 Petri
3170 2970 3364 3027 sedem
3397 2979 3451 3025 et
3479 2970 3635 3042 sequi
3666 2969 3855 3026 videat

2251 3076 2307 3124 et
2335 3069 2564 3134 docere;
2613 3067 2850 3138 satisque
2888 3065 3213 3121 conveniens
3254 3064 3411 3120 situt
3436 3072 3619 3119 totum
3653 3078 3857 3134 corpus

543 3149 968 3207 communicatis
1008 3157 1092 3205 est
1136 3150 1451 3205 hominibus
1479 3150 1766 3207 celebrata.
1812 3174 1836 3198 ιι
1882 3151 2131 3221 Episcopi
2168 3150 2213 3211 C
2240 3160 2501 3217 Ecclesiae
2518 3160 2573 3214 in
2587 3159 2687 3215 hac
2706 3159 2926 3215 sibimet
2949 3158 3330 3215 observatione
3344 3156 3661 3223 concordet,
3686 3172 3851 3229 quam

544 3245 691 3300 enim
734 3242 1189 3300 excommunicati
1233 3251 1407 3313 erant,
1459 3242 1549 3315 qui
1592 3258 1719 3299 eum
1777 3259 2135 3300 consecrave-

545 3346 694 3394 rant.

616 3434 876 3488 Vestrum
923 3431 1088 3503 igitur
1144 3429 1405 3502 judicium
1456 3439 1833 3502 exspectamus
1878 3430 2011 3504 quid
2067 3431 2137 3488 de

547 3523 867 3596 hujusmodi
894 3524 1247 3580 sacramentis
1264 3524 1510 3595 judicare
1538 3524 1853 3580 debeamus.

622 3621 800 3690 (1004)
850 3622 974 3674 Post
1003 3621 1472 3687 interrogationem
1498 3620 1582 3672 hic
1610 3622 1805 3689 incipit
1831 3621 2019 3675 valens
2045 3634 2141 3674 re-

552 3716 779 3781 sponsio,
811 3718 962 3767 caute
988 3716 1169 3768 tamen
1196 3711 1420 3781 legenda
1438 3716 1497 3767 in
1522 3713 1781 3769 ulteriore
1800 3719 1975 3783 parte.

1120 3861 1473 3916 EPISTOLA
1495 3863 1568 3928 u,

910 3968 1215 4009 BERNALDI
1236 3970 1317 4009 AD
1346 3968 1785 4010 ADALBRRTUM.

625 4070 841 4127 Areolze
860 4070 1140 4139 aromatis,
1170 4072 1324 4142 cujus
1354 4071 1468 4127 lilio
1499 4088 1726 4143 capreus
1755 4073 1952 4130 Libani
1978 4077 2145 4147 pasci-

552 4174 665 4234 tur,
694 4164 850 4238 cujus
894 4166 951 4220 in
1005 4163 1199 4220 umbra
1240 4165 1354 4236 ipse
1398 4164 1604 4221 cubans
1654 4166 1999 4237 meridiatur,
2030 4171 2144 4227 viro

554 4258 875 4315 deliciarum
892 4257 1213 4325 Adalberto,
1236 4258 1303 4314 de
1316 4269 1785 4317 sacramentorum
1800 4261 2147 4320 confectione

554 4350 870 4408 Bernardus
910 4350 1246 4407 cauteriatus
1281 4353 1452 4408 instar
1478 4354 1751 4427 Ethiopis
1802 4356 1859 4410 in
1902 4357 2151 4413 taberna-

554 4445 689 4502 culis
714 4445 915 4511 Cedar,
961 4445 1254 4501 damnatus
1292 4446 1522 4517 pistrino
1549 4448 1603 4502 in
1654 4450 1724 4503 Ur
1747 4450 2146 4520 Chaldaeorum,
2206 4454 2218 4464 ‘

2251 3254 2362 3310 illic
2392 3254 2574 3326 vigere
2602 3253 2902 3323 conspiciet
2956 3252 3045 3309 ubi
3072 3253 3347 3309 Dominus
3376 3249 3625 3308 Ecclesiae
3675 3251 3857 3307 totius

2245 3347 2427 3420 posuit
2457 3346 2845 3419 principatum.
2890 3370 2915 3395 υ

2320 3444 2435 3497 Leo
2462 3456 2681 3513 quoque
2708 3439 2776 3496 ad
2801 3440 3155 3495 Anastasium
3183 3437 3708 3496 thessalonicensem
3737 3439 3851 3509 epi-

2247 3550 2475 3607 scopum
2496 3537 2665 3604 (epist.
2694 3538 2785 3599 84)
2810 3551 2823 3587 :
2850 3556 2877 3583 ι
2910 3533 3124 3602 Quibus
3145 3556 3171 3581 ιο
3196 3532 3631 3599 (sacerdotibus),
3651 3533 3851 3604 inquit,

2252 3652 2279 3679 ι
2319 3644 2446 3684 cum
2486 3627 2554 3683 sit
2584 3627 2822 3699 dignitas
2860 3627 3195 3696 communis,
3236 3641 3350 3682 non
3379 3636 3466 3682 est
3495 3634 3689 3680 tamen
3717 3626 3855 3681 ordo

2250 3722 2539 3794 generalis,
2610 3720 2867 3792 quoniam
2904 3728 2959 3777 et
3000 3721 3147 3777 inter
3184 3720 3526 3775 beatissimos
3572 3721 3857 3789 apostolos

2253 3816 2306 3871 in
2350 3813 2700 3870 similitudine
2747 3813 2974 3871 honoris
3025 3813 3125 3869 fuit
3161 3812 3417 3885 quaedam
3459 3812 3720 3869 discretio
3761 3829 3855 3883 po-

2252 3908 2479 3964 testatis.
2508 3911 2578 3963 Et
2606 3923 2733 3963 cum
2761 3906 3011 3963 omnium
3032 3923 3130 3979 par
3148 3914 3293 3963 esset
3312 3905 3528 3972 electio,
3552 3907 3647 3961 uni
3669 3914 3854 3961 tamen

2253 4001 2443 4057 datum
2480 4010 2562 4057 est
2601 4007 2663 4056 ut
2697 4000 2909 4056 caeteris
2947 4001 3347 4072 praemineret.
3385 4023 3410 4049 ι
3451 4002 3518 4055 Et
3551 3999 3676 4070 quia
3712 3984 3860 4053 hanc

2253 4094 2625 4151 excellentiam
2667 4109 2901 4150 summae
2952 4094 3097 4150 sedis
3146 4110 3259 4149 non
3300 4093 3502 4149 minuit
3555 4091 3863 4162 indignitas

2255 4187 2618 4260 prmsidentis,
2661 4195 2894 4243 testatur
2939 4186 3083 4243 idem
3115 4189 3228 4243 Leo
3281 4206 3295 4243 :
3348 4208 3375 4235 α
3428 4186 3537 4242 Etsi
3586 4200 3865 4242 nonnun-

2254 4296 2442 4352 quam,
2494 4280 2763 4351 inquiens,
2835 4280 3047 4336 diversa
3101 4282 3299 4337 merita
3358 4279 3677 4352 praesulnm,
3728 4279 3865 4349 jura

2257 4384 2444 4430 tamen
2494 4382 2819 4445 permanent
2871 4373 3106 4442 sedium,
3165 4374 3365 4445 quibus
3414 4372 3617 4444 possint
3665 4373 3869 4428 aemuli

2258 4467 2723 4538 perturbationem
2765 4468 3001 4539 aliquam
3026 4465 3257 4522 fortasse
3286 4465 3507 4533 inferre,
3527 4481 3634 4521 non
3664 4477 3870 4522 tamen

557 4555 657 4595 nec
681 4538 803 4611 jam
841 4539 1148 4595 subsistens
1192 4539 1249 4594 in
1280 4540 1532 4607 miseriis,
1578 4557 1692 4595 non
1723 4540 1845 4597 dico
1877 4545 2134 4615 corporis,

2255 4568 2483 4631 possunt
2510 4559 2752 4615 minuere
2781 4538 3124 4633 dignitatem.
3155 4559 3310 4617 Sedis
3331 4569 3515 4614 tamen
3540 4557 3711 4629 hujus
3744 4575 3876 4615 san-

558 4630 654 4687 sed
693 4632 954 4701 exposita:
990 4633 1110 4703 jam
1171 4632 1334 4687 morti
1382 4633 1600 4700 animae,
1632 4634 1897 4706 quidquid
1926 4653 2146 4709 gemens

559 4724 854 4794 peccatoris
902 4724 1141 4793 devotio,
1189 4726 1455 4797 angelica:
1508 4728 1795 4783 sanctitati.
1848 4732 1969 4785 Deo
2017 4730 2147 4788 fonti

556 4816 1060 4873 misericordiarum
1106 4826 1161 4874 et
1208 4820 1351 4874 Patri
1403 4822 1574 4876 totius
1600 4823 1995 4880 consolationis
2024 4842 2144 4898 gra-

557 4909 667 4964 tias
692 4907 857 4965 corde
884 4919 939 4965 et
969 4926 1099 4967 voce
1124 4910 1259 4968 itero
1281 4920 1515 4984 utroque
1545 4915 1692 4986 quod
1722 4932 1809 4971 me
1836 4917 1914 4973 tui
1946 4919 2150 4974 saluta-

557 5002 708 5058 tione
734 5009 886 5071 tunc,
917 5003 1073 5075 cujus
1091 5003 1285 5061 audito
1313 5007 1538 5062 nomine
1565 5024 1806 5077 recreor,
1831 5010 2148 5069 dulcissima

558 5094 811 5166 dignatus
853 5103 937 5151 est
980 5097 1359 5153 collocutione.
1410 5099 1583 5168 Salve,
1634 5104 2005 5173 corruptelam
2051 5122 2148 5161 ne-

558 5188 733 5243 sciens
760 5186 919 5245 cedre
950 5188 1209 5261 paradisi,
1239 5192 1405 5259 salve,
1436 5192 1619 5264 auriga
1650 5194 1838 5262 Israel,
1868 5196 2016 5251 salve
2055 5198 2154 5255 im-

560 5282 948 5338 mortalitatem
998 5282 1214 5354 spirans
1280 5299 1315 5338 o
1362 5284 1668 5341 animarum
1723 5286 1959 5357 medela,
2008 5291 2155 5348 salve

558 5382 707 5443 petra
753 5391 923 5447 quam
968 5375 1193 5431 callidus
1233 5390 1453 5447 serpens
1483 5377 1595 5433 suis
1637 5379 1874 5452 signasse
1914 5385 2151 5457 vestigiis

560 5482 672 5521 non
700 5468 924 5539 gaudet,
962 5470 1074 5523 imo
1117 5469 1185 5524 ab
1216 5470 1367 5525 omni
1396 5486 1675 5542 corporeae
1708 5472 1841 5529 labis
1869 5478 2150 5549 aSpergine

558 5574 691 5629 pure
753 5559 1030 5617 detersam
1080 5562 1355 5619 abhorret.
1414 5564 1596 5632 Salve,
1643 5582 1873 5624 aureum
1941 5586 2148 5628 mensae

555 5652 865 5709 Salomonis
892 5670 1001 5711 non
1022 5655 1386 5727 significativi,
1407 5656 1505 5714 sed
1524 5658 1832 5731 signiﬁcati,
1858 5664 2147 5721 reclinata-

620 5780 1058 5857 (17003)J_ntruso_
1068 5781 1446 5857 Alexandrino,
1460 5786 1550 5840 cui
1567 5801 1876 5857 cognomen
1898 5788 2017 5845 Elu
2026 5806 2136 5846 rus.

627 5852 809 5915 (1004)
837 5851 921 5907 Ita
958 5850 1138 5908 codex
1175 5854 1595 5925 manuscriptus.

2255 4660 2358 4709 ctaz
2377 4652 2634 4724 praesules
2656 4669 2686 4707 a
2707 4654 2965 4725 subjectis
2983 4654 3195 4709 moneri
3247 4669 3492 4725 persaepe
3514 4652 3873 4719 tolerabant;

2254 4746 2505 4817 spiritum
2534 4747 2592 4801 in
2622 4746 2702 4803 eis
2730 4746 3073 4819 exstinguere
3103 4746 3393 4810 nolebant;
3428 4746 3646 4801 demum
3678 4748 3877 4802 eccle-

2256 4840 2473 4896 siastica
2503 4841 2619 4913 lege
2656 4840 2793 4896 duce
2837 4848 2891 4895 et
2920 4840 3175 4911 magistra
3210 4840 3394 4911 potius
3423 4839 3518 4911 ipsi
3546 4840 3876 4896 secundum

2250 4934 2505 5013 instituta
2530 4950 2802 4990 canonum
2827 4934 3009 4990 vivere
3039 4950 3207 5007 quam
3237 4949 3301 4989 ex
3328 4932 3602 4989 canonicis
3634 4931 3881 4990 institu—

2255 5027 2326 5081 tis
2376 5026 2649 5099 subjectos
2693 5026 3003 5097 opprimere
3045 5026 3315 5082 volebant.
3348 5026 3606 5096 Princeps
3630 5038 3881 5097 aposto-

2257 5120 2437 5175 lorum
2489 5136 2617 5175 cum
2646 5119 2699 5174 in
2727 5119 2810 5174 sui
2839 5120 3189 5175 simulatione
3214 5127 3403 5192 gentes
3432 5127 3648 5191 cogeret
3664 5120 3879 5190 judai-

2257 5228 2399 5280 zare,
2447 5212 2596 5267 Pauli
2626 5213 2969 5283 correptione
3000 5213 3362 5286 suggerentis,
3396 5228 3503 5268 nec
3531 5211 3779 5271 Judaos
3812 5217 3881 5270 ab

2263 5304 2574 5377 hujusmodi
2632 5313 2890 5376 tanquam
2945 5322 2974 5361 a
3026 5304 3252 5362 nefariis
3302 5305 3705 5377 prohibendos,
3778 5325 3880 5364 nec

2257 5398 2481 5470 gentiles
2510 5396 2580 5453 ad
2622 5413 2684 5453 ea
2714 5406 2974 5469 tanquam
3003 5399 3070 5454 ad
3111 5399 3417 5455 necessaria
3445 5398 3880 5471 compellendus

2258 5492 2525 5565 sententia
2564 5499 2835 5546 mutatum
2881 5497 3081 5559 (I005).
3122 5516 3146 5541 ι

2331 5603 2354 5628 ι
2402 5581 2533 5651 Ego,
2566 5604 2589 5629 ι
2622 5581 2801 5653 inquit
2822 5583 2886 5636 B.
2919 5582 3230 5654 Gregorius,
3266 5602 3296 5634 ι(
3327 5592 3383 5638 et
3412 5583 3652 5640 minores
3680 5599 3877 5647 meos.

2256 5683 2396 5739 quos
2424 5667 2492 5723 ab
2540 5668 2738 5725 illicitis
2770 5670 3062 5741 prohibeo,
3096 5671 3155 5726 in
3206 5672 3355 5727 bono
3386 5671 3589 5728 imitari
3640 5687 3880 5744 paratus

2322 5798 2506 5859 (1005)
2540 5797 2736 5863 Locus,
2758 5804 2819 5851 ut
2845 5794 3078 5864 videtur,
3102 5795 3348 5852 mutilus.
