4062 6182
319 323 453 376 {liii

1223 320 1508 375 APPEND.
1554 322 1636 374 lll.
1681 351 1749 359 —
1787 321 2201 377 MONUMENTA
2241 322 2696 377 GREGORIANA.

3472 327 3609 380 1146

312 462 470 514 sum,
498 446 694 502 stultus
723 448 871 503 enim
899 462 1073 503 essem
1115 446 1263 519 [est],
1302 445 1394 517 qui
1418 445 1473 501 in
1498 460 1562 519 eo
1593 461 1649 501 se
1671 446 1909 517 primum
1940 452 1987 513 Α
2019 447 2247 517 nifestis,
2282 450 2370 503 cui
2417 447 2655 504 inducim
2680 448 2912 503 minime
2936 448 3048 503 sint
3077 448 3458 516 concedenda,
3483 450 3608 520 quia

313 540 568 608 aestimat,
594 549 658 598 ut
685 539 827 597 bona
848 556 969 613 qua:
994 539 1188 595 viderit
1209 539 1413 595 discere
1439 547 1772 594 contemnat.
1802 540 1900 595 llle

311 633 481 690 etiam
513 634 606 706 qui
644 650 754 690 non
784 633 854 689 ab
895 633 1114 689 homine
1155 632 1339 692 didicit
1364 632 1678 705 auctoritati
1709 632 1901 689 Corin-

312 727 555 783 thiorum
597 729 763 783 cessit
808 726 993 783 dicens
1040 746 1115 783 τοι
1162 728 1259 783 Cui
1308 725 1509 798 aliquid
1554 725 1799 783 donastis
1850 735 1902 781 et

314 836 416 892 ego
443 823 517 888 (11
543 821 660 877 Cor.
690 823 781 891 ll).
810 845 834 870 ιι
874 821 1013 877 Hinc
1042 819 1349 893 colligimus
1378 836 1504 875 cum
1553 820 1695 876 sedis
1740 820 1902 891 hujus

313 931 475 986 super
521 924 753 987 petram,
798 931 921 987 quae
967 915 1221 972 Christus
1264 924 1367 982 est,
1418 912 1661 969 fundatae
1714 915 1808 987 jus
1847 922 1903 970 et

313 1008 615 1067 dominium
665 1017 899 1078 constet,
944 1025 1052 1064 non
1092 1024 1251 1081 posse
1296 1008 1593 1080 abrogari:
1639 1008 1926 1080 praesules

312 1111 497 1158 tamen
524 1103 638 1173 ejus
664 1101 923 1159 concedat
941 1104 1077 1159 ratio
1092 1101 1366 1159 interdum
1390 1102 1754 1158 commoneri.

383 1198 467 1251 De
491 1195 694 1268 judicio
718 1206 906 1252 autem
941 1196 1224 1267 apostolici
1255 1195 1397 1251 facto
1427 1210 1587 1268 super
1616 1193 1718 1252 hos
1766 1210 1903 1267 quos

312 1299 373 1347 tu
402 1305 562 1346 vocas
594 1290 839 1362 publicos
868 1298 922 1346 et
950 1298 1304 1346 contumaces
1348 1290 1762 1361 proscriptores,
1804 1304 1902 1361 pro

309 1392 499 1440 nostra
553 1383 949 1455 respondemus
991 1382 1235 1439 stultitia.
1279 1383 1431 1438 Fecit
1493 1382 1715 1455 quidem
1765 1398 1901 1454 papa

310 1476 457 1548 quod
483 1484 567 1533 est
594 1476 975 1547 apostolicum,
1007 1476 1141 1532 dum
1168 1475 1452 1531 damnavit
1506 1491 1645 1547 quos
1684 1475 1903 1531 dixeras

311 1570 558 1642 publicos
585 1579 639 1625 et
684 1579 1055 1637 contumaces,
1084 1569 1127 1624 si
1174 1578 1391 1625 tantum
1421 1569 1562 1624 hanc
1602 1571 1761 1637 (fort.
1805 1569 1901 1625 sed

310 1664 468 1731 hanc]
513 1662 845 1719 dubietatem
894 1679 1124 1736 sequens
1180 1663 1402 1735 epistola
1449 1662 1580 1719 satis
1608 1661 1901 1719 elucidabit

309 1772 436 1830 quze
466 1773 561 1813 eos
601 1767 721 1829 post
748 1758 1130 1813 litteratoriam
1173 1756 1570 1813 confessionem
1611 1755 1900 1813 damnatos

309 1849 627 1919 declarabit,
659 1859 720 1907 ut
760 1851 979 1906 Acatius
1006 1849 1309 1922 patriarcha
1337 1849 1899 1922 Constantinopolita—

310 1960 419 2000 nus
447 1961 478 2000 a
515 1952 701 2000 sancto
731 1944 909 2001 Felice
960 1959 1098 2017 papa
1138 1944 1334 2015 legitur
1381 1943 1897 2010 anathematizatus,

307 2046 501 2111 utpote
530 2038 720 2094 litteris
756 2037 1055 2110 professus,
1096 2038 1243 2093 nulla
1292 2044 1478 2093 autem
1508 2036 1771 2110 synodica
1810 2052 1902 2091 vo-

307 2132 524 2189 catione
555 2140 890 2203 praeventus;
911 2141 1008 2188 aut
1028 2130 1312 2187 confessos
1339 2130 1623 2200 veraciter,
1651 2139 1746 2186 aut
1765 2146 1897 2186 con-

310 2226 482 2282 victos
504 2225 849 2297 regulariter;
878 2233 1001 2293 aut,
1052 2225 1094 2280 si
1126 2226 1300 2281 vocati
1348 2225 1627 2293 canonice,
1665 2223 1734 2280 ad
1779 2223 1902 2280 red-

308 2318 504 2375 dendae
530 2320 754 2375 rationis
776 2319 1045 2391 judicium
1073 2319 1253 2374 venire
1300 2319 1613 2374 noluerunt.

383 2412 549 2478 Audi,
582 2416 758 2479 Pater,
807 2412 941 2485 quid
983 2414 1040 2468 S.
1088 2411 1445 2483 Augustinus,
1486 2412 1578 2482 qui
1619 2411 1899 2483 Carthagi-

306 2507 464 2563 nensi
480 2507 731 2573 concilio,
748 2523 813 2564 ex
827 2506 1121 2579 apostolica
1139 2505 1455 2561 auctoritate
1470 2514 1525 2561 et
1538 2504 1899 2561 ducentorum

307 2600 697 2671 septemdecim
722 2603 947 2656 Patrum
977 2599 1194 2655 ﬁrmato
1221 2598 1487 2666 interfuit,
1515 2598 1582 2654 de
1633 2599 1901 2654 sententia

305 2694 551 2764 ejusdem
580 2693 793 2750 concilii
814 2693 880 2749 ad
901 2694 1113 2749 clerum
1136 2701 1189 2749 et
1210 2692 1423 2764 plebem
1456 2691 1900 2764 Hipponensium

313 2788 454 2843 inter
476 2786 579 2843 alia
611 2786 744 2843 dicit
773 2790 944 2858 (epist.
982 2792 1098 2852 137)
1136 2805 1149 2841 :
1187 2808 1212 2834 (ι
1247 2788 1432 2857 Nuper
1456 2784 1510 2839 in
1532 2784 1761 2840 concilio
1797 2785 1906 2857 epi-

311 2896 609 2953 scOporum
667 2881 1026 2937 constitutum
1083 2887 1165 2935 est
1212 2880 1423 2934 nullum
1483 2878 1745 2934 clericum
1811 2878 1906 2950 qui

309 2973 557 3030 nondum
588 2975 868 3030 convictus
905 2974 979 3029 sit
1019 2972 1275 3044 suspendi
1306 2988 1337 3027 a
1380 2971 1767 3028 communione
1812 2972 1905 3029 de-

311 3069 466 3139 bere,
495 3069 597 3123 nisi
629 3067 699 3123 ad
745 3084 967 3123 causam
1016 3083 1171 3123 suam
1219 3065 1637 3123 examinandam
1684 3081 1743 3123 se
1791 3081 1905 3122 non

2009 558 2119 597 non
2166 542 2503 609 necessarias,
2533 551 2587 596 et
2631 543 2919 614 posteriori
2945 542 3050 597 hoc
3094 542 3290 598 ordine
3323 559 3523 615 papam
3552 544 3608 599 in

2009 644 2362 690 contumaces
2413 620 2696 707 episcopos
2760 635 3059 707 apostolica
3099 651 3259 690 usum
3316 642 3604 707 potestate.

2009 728 2348 800 Recipimus,
2380 726 2626 797 domine,
2658 727 2803 799 quod
2829 729 3045 795 asseris,
3088 729 3135 783 si
3164 728 3607 800 conjunctionem

2012 821 2147 877 hanc
2176 837 2299 893 quae
2327 830 2408 877 est
2439 826 2671 890 tantum,
2708 837 2819 876 non
2849 821 3147 878 addideris.
3196 824 3332 877 Sunt
3378 821 3607 894 quidem

2011 916 2122 972 duo
2158 915 2425 988 judiciarii
2456 915 2676 971 ordines
2713 925 2774 971 ut
2799 916 2907 971 duo
2935 924 3225 988 praecepta,
3256 925 3317 972 ut
3348 916 3459 973 duo
3485 932 3607 987 pec-

2009 1008 2164 1065 candi
2190 1025 2391 1080 genera
2422 1029 2433 1064 :
2467 1026 2642 1065 unum
2674 1010 2872 1065 scilicet
2895 1010 2955 1064 in
3016 1009 3331 1077 Dominum,
3371 1010 3602 1067 alterum

2012 1105 2065 1159 in
2106 1102 2386 1167 homines;
2414 1110 2475 1159 ut
2502 1102 2613 1158 duo
2642 1102 2907 1159 adventus
2938 1102 3159 1159 Domini
3200 1124 3214 1159 :
3247 1119 3388 1159 unus
3415 1103 3606 1159 occul-

2012 1206 2122 1264 tus,
2154 1197 2288 1252 alter
2328 1195 2679 1265 manifestus;
2712 1214 2854 1252 unus
2902 1196 2972 1251 de
3013 1212 3126 1268 quo
3167 1197 3433 1268 scriptum
3473 1205 3558 1252 est
3591 1212 3603 1250 :

2016 1316 2042 1342 α
2076 1292 2376 1348 Descendet
2404 1294 2546 1348 sicut
2584 1292 2761 1364 pluvia
2793 1291 2961 1347 vellus
2992 1292 3153 1356 (PsaI.
3183 1290 3375 1361 ιιχι),
3403 1310 3426 1341 ι
3471 1291 3609 1345 alter

2009 1385 2077 1442 de
2103 1401 2212 1457 quo
2240 1386 2505 1457 scriptum
2522 1394 2605 1441 est
2629 1402 2645 1439 :
2679 1408 2703 1432 α
2730 1389 2879 1440 Deus
2902 1382 3190 1439 manifeste
3212 1384 3388 1439 veniet
3431 1383 3605 1451 (Psal.

2010 1483 2203 1547 XLIX).
2257 1502 2283 1529 ι
2350 1482 2433 1534 De
2484 1478 2649 1551 priori
2702 1479 2867 1550 igitur
2910 1476 3209 1549 judiciario
3239 1476 3433 1533 ordine
3473 1474 3603 1533 dicit

2010 1574 2325 1644 Apostolus:
2354 1593 2381 1624 (ι
2397 1573 2451 1627 Si
2464 1573 2585 1644 quis
2600 1571 2769 1627 frater
2780 1570 3098 1626 nominatur
3112 1570 3436 1637 fornicator,
3454 1590 3480 1621 ››
3500 1578 3605 1625 etc.

2008 1671 2058 1735 (Ι
2084 1670 2200 1724 Cor.
2228 1672 2303 1733 v).
2341 1689 2366 1714 α
2386 1668 2522 1721 Eam
2544 1666 2980 1721 nominationem
3027 1664 3254 1736 intelligi
3286 1664 3494 1731 volens,
3548 1672 3611 1719 ut

2009 1761 2137 1817 dicit
2166 1760 2522 1832 Augustinus,
2552 1759 2607 1813 in
2636 1759 2729 1814 lib.
2762 1763 2841 1814 De
2865 1758 3209 1829 poenitentia,
3247 1780 3272 1806 α
3307 1772 3433 1829 quae
3465 1756 3527 1811 fit
3552 1756 3606 1811 in

2009 1870 2349 1927 quemquam
2377 1868 2503 1909 cum
2527 1854 2801 1907 sententia
2818 1851 3010 1907 ordine
3024 1850 3339 1923 judiciario.
3369 1873 3393 1897 ν
3419 1849 3608 1905 Noluit

2007 1949 2154 2004 enim
2178 1947 2463 2003 hominem
2483 1946 2550 2001 ab
2578 1944 2802 2002 homine
2823 1945 3056 2016 judicari
3087 1960 3150 1999 ex
3180 1944 3406 1999 arbitrio
3427 1943 3607 2015 suspi-

2005 2040 2198 2109 cionis,
2228 2042 2310 2095 vel
2340 2040 2503 2095 etiam
2569 2038 3007 2094 extraordinario
3063 2046 3322 2108 usurpato
3374 2036 3602 2108 judicio,

2007 2134 2103 2192 sed
2126 2135 2307 2207 potius
2328 2150 2392 2189 ex
2411 2134 2528 2204 lege
2557 2133 2678 2200 Dei,
2706 2129 3015 2187 secundum
3044 2131 3297 2186 ordinem
3329 2130 3605 2193 Ecclesiae,

2006 2230 2121 2286 sive
2167 2230 2313 2285 ultro
2365 2226 2695 2296 confessum,
2739 2228 2851 2283 sive
2904 2234 3245 2295 accusatum,
3285 2233 3447 2298 atque
3475 2240 3606 2281 con-

2007 2324 2232 2381 victum.

2078 2420 2240 2473 Hunc
2263 2424 2445 2494 autem
2476 2414 2727 2471 ordinem
2770 2414 3005 2486 qualiter
3058 2412 3352 2486 procedere
3382 2428 3444 2467 ac
3490 2420 3611 2469 tra-

2009 2512 2141 2568 ctari
2172 2517 2424 2581 oporteat
2439 2508 2701 2564 describit
2717 2510 2778 2561 B.
2800 2508 3101 2579 Gregorius
3126 2506 3178 2562 in
3204 2507 3608 2563 commentario

2011 2605 2083 2661 ad
2110 2608 2382 2660 Joannem
2412 2602 2779 2658 Defensorem
2806 2603 2920 2667 (lib.
2958 2615 3050 2668 χι,
3073 2605 3227 2671 epist.
3255 2601 3364 2671 56),
3388 2608 3610 2656 euntem

2014 2701 2069 2755 in
2113 2698 2429 2769 Hispanias,
2458 2696 2759 2752 decernens
2789 2704 2843 2750 et
2880 2694 3207 2749 catholicum
3259 2703 3504 2749 statuens
3553 2700 3614 2748 ut

2012 2791 2352 2849 considerata
2381 2804 2668 2845 causarum
2699 2787 2961 2875 qualitate
2984 2787 3075 2841 alii
3104 2787 3212 2842 sint
3234 2794 3600 2854 accusatores,

2014 2885 2107 2942 alii
2151 2892 2339 2953 testes,
2369 2891 2423 2939 et
2464 2890 2545 2949 ut,
2593 2888 2857 2952 praesente
2887 2886 3161 2946 accusata,
3224 2878 3327 2935 sub
3400 2878 3614 2950 jureju-

2014 2978 2186 3036 rando
2240 2977 2451 3034 dicatur
2506 2975 2877 3031 testimonium
2958 2972 3171 3043 scriptis
3214 2972 3515 3043 alligatum,
3555 2979 3612 3026 et

2014 3081 2301 3130 accusatus
2351 3066 2728 3142 respondendi
2760 3075 2817 3123 et
2844 3064 3181 3122 defendendi
3239 3080 3303 3120 se
3330 3065 3509 3119 locum
3552 3063 3620 3118 ha

311 3162 738 3235 Pfiesentaverit-
767 3186 792 3208 υ
812 3165 993 3233 Ipsam
1013 3170 1199 3217 autem
1221 3160 1698 3234 Ρτωεθηῐᾶὶὶοηθῐη
1723 3160 1901 3233 ipsum
1935 3175 1979 3239 C
2009 3170 2154 3235 beat,
2212 3174 2263 3223 et
2314 3162 2641 3221 examinatio
2702 3176 3059 3233 personarum
3113 3159 3488 3214 accusantium
3513 3161 3518 3167 ’
3547 3173 3614 3212 ac

308 3256 653 3312 demonstrat
679 3255 993 3324 concilium,
1034 3254 1281 3311 videlicet
1328 3263 1389 3309 ut
1416 3260 1510 3309 aut
1535 3253 1650 3325 ipse
1678 3269 1897 3310 accusa-

310 3359 403 3405 tus
424 3349 494 3405 ad
541 3365 762 3405 causam
815 3366 971 3405 suam
1002 3348 1292 3405 dicendam
1321 3348 1411 3403 die
1457 3356 1660 3403 statuta
1708 3348 1903 3404 litteris

311 3451 569 3500 evocatus
615 3452 893 3509 occurrat;
942 3450 1038 3498 aut
1087 3442 1295 3514 aliquas
1360 3457 1510 3497 veras
1574 3440 1905 3497 necessitatis

309 3553 507 3594 causas
535 3538 750 3609 probet,
776 3538 976 3608 quibus
997 3551 1282 3592 occurrere
1303 3551 1413 3591 non
1444 3536 1687 3607 potuisse
1722 3535 1905 3589 mani-

310 3630 519 3687 festum
568 3632 659 3687 sit.
691 3633 763 3686 Et
792 3629 1191 3687 attendendum
1236 3628 1362 3699 quia
1404 3628 1552 3695 dicit,
1588 3650 1613 3676 σι
1654 3643 1767 3683 non
1808 3644 1902 3700 po-

312 3724 503 3797 tuisse,
553 3748 577 3773 »
624 3740 723 3780 nec
782 3724 928 3790 dicit,
977 3739 1091 3778 non
1132 3722 1401 3792 voluisse;
1452 3721 1699 3779 similiter
1745 3730 1801 3777 et
1839 3720 1906 3777 de

312 3826 656 3886 accusatore,
684 3819 727 3873 si
745 3817 815 3873 ad
831 3817 1123 3873 concilium
1148 3817 1450 3873 universale
1472 3815 1905 3872 anniversarium

312 3928 602 3969 occurrere
627 3912 887 3968 noluerit.
909 3912 1088 3979 Certe,
1116 3912 1226 3965 sive
1248 3918 1532 3965 accusator
1552 3910 1664 3965 sive
1688 3925 1909 3965 accusa-

312 4013 406 4061 tus
422 4020 708 4061 occurrere
729 4004 897 4060 voluit
912 4013 965 4059 et
984 4019 1095 4058 non
1118 4002 1305 4069 valuit,
1328 4003 1764 4075 Carthaginensis
1780 4018 1910 4057 con-

312 4099 423 4154 cilii
442 4098 675 4154 decretis
697 4098 979 4154 absolutus
1005 4095 1130 4152 erit.
1158 4097 1443 4153 Consentit
1463 4104 1517 4150 et
1544 4093 1800 4150 Africana
1819 4112 1908 4169 sy-

311 4191 498 4248 nodus
518 4191 699 4247 dicens
721 4208 731 4245 :
753 4214 777 4238 α
803 4191 855 4246 Si
878 4189 1017 4245 infra
1040 4205 1247 4243 annum
1270 4204 1489 4243 causam
1507 4203 1659 4242 suam
1682 4205 1911 4261 purgare

313 4285 719 4357 contempserit.
751 4304 779 4335 in
812 4287 951 4340 Nota
978 4282 1139 4338 verba
1171 4302 1183 4338 :
1215 4298 1324 4336 non
1355 4281 1506 4349 dicit,
1534 4304 1557 4328 α
1592 4297 1705 4341 non
1735 4283 1914 4337 volue-

314 4379 412 4447 rit,
434 4400 462 4431 ιο
487 4378 584 4434 sed
603 4402 627 4425 α
649 4376 1058 4449 contempserit.
1084 4398 1111 4425 η
1132 4375 1292 4432 Unde
1319 4375 1655 4447 Augustinus
1676 4375 1731 4429 in
1773 4374 1911 4430 libro

318 4477 400 4529 De
423 4472 733 4544 paenitentia
760 4491 771 4527 :
801 4496 824 4519 ιι
847 4474 957 4526 Nos
976 4485 1101 4526 vero
1122 4484 1153 4525 a
1168 4470 1556 4526 communione
1575 4484 1914 4541 quemquam

2011 3259 2414 3318 testiﬁcantium
2458 3256 2778 3328 regulariter
2802 3253 2913 3308 ﬁat.
2948 3255 3113 3308 Hunc
3140 3252 3304 3307 etiam
3336 3249 3607 3322 judiciarii

2011 3354 2217 3411 ordinis
2260 3351 2490 3407 modum
2519 3348 2789 3404 Dominus
2821 3347 3022 3414 innuit,
3061 3360 3191 3401 cum
3220 3346 3274 3400 in
3304 3344 3597 3400 resuscita-

2010 3450 2162 3504 tione
2190 3445 2382 3518 puellae
2410 3445 2469 3498 in
2497 3443 2668 3498 domo
2684 3440 2916 3513 jacentis
2946 3444 3199 3507 mortuae,
3227 3454 3289 3493 ac
3309 3439 3353 3493 si
3377 3438 3429 3493 in
3458 3452 3611 3493 reve-

2013 3542 2214 3598 latione
2244 3553 2421 3597 causa:
2467 3552 2581 3592 non
2630 3535 2892 3591 omnibus
2939 3542 3108 3601 notae,
3134 3530 3407 3606 quosdam
3446 3529 3612 3586 disci-

2013 3636 2269 3708 pulorum
2289 3647 2519 3687 suorum
2550 3636 2717 3684 testes
2741 3627 2941 3683 scilicet
2969 3635 3022 3683 et
3050 3634 3263 3698 patrem
3293 3633 3347 3681 et
3379 3633 3611 3680 matrem

2016 3728 2209 3802 puellae
2250 3741 2438 3782 secum
2482 3722 2728 3779 adhibuit
2757 3722 2976 3790 (Matth.
3011 3736 3099 3789 1x,
3134 3723 3257 3775 Luc.
3302 3722 3465 3786 νιιι).

2086 3820 2334 3891 Qualiter
2403 3825 2588 3874 autem
2660 3815 2730 3869 sit
2797 3813 3214 3870 determinanda
3292 3808 3616 3881 hujusmodi

2016 3912 2394 3986 conjecturalis
2442 3907 2831 3975 controversia,
2866 3906 3124 3963 describit
3166 3908 3279 3961 Leo
3326 3905 3392 3960 ad
3422 3903 3615 3960 Rusti-

2016 4024 2143 4065 cum
2171 4006 2577 4063 Narbonensem
2622 4004 2944 4075 episcopum
2979 4021 2994 4056 :
3035 4024 3059 4049 -
3096 4000 3233 4070 Quia
3262 3996 3614 4056 sacerdotum

2016 4102 2243 4158 Domini
2271 4109 2485 4156 matura
2509 4099 2760 4154 volumus
2785 4094 3142 4167 essejudicia,
3168 4093 3300 4149 nihil
3326 4108 3617 4165 possumus

2020 4198 2075 4251 in
2113 4195 2277 4251 rebus
2332 4191 2634 4264 incognitis,
2668 4191 2723 4245 in
2764 4190 3099 4261 cujusquam
3139 4188 3311 4260 partis
3364 4184 3621 4258 praejudi-

2019 4288 2166 4343 cium
2206 4286 2454 4354 delinire,
2494 4283 2809 4354 priusquam
2842 4283 3093 4337 universa
3136 4296 3258 4352 quae
3306 4288 3457 4352 gesta
3488 4286 3616 4334 sunt

2023 4379 2283 4436 veraciter
2307 4377 2612 4433 audiamus.
2662 4398 2685 4422 υ
2719 4376 2790 4428 Et
2820 4375 2950 4428 item
2981 4374 3105 4428 alibi
3132 4373 3345 4443 egregie
3368 4372 3572 4427 dicitur
3599 4389 3612 4425 :

2026 4498 2049 4522 α
2087 4475 2207 4529 Non
2231 4472 2443 4544 justum
2469 4468 2855 4532 mediatorem,
2892 4468 2985 4538 qui
3016 4466 3070 4519 in
3100 4465 3318 4519 incertis
3343 4464 3418 4519 sic
3447 4478 3615 4519 unam

316 4566 608 4639 prohibere
660 4582 775 4621 non
828 4580 1141 4637 possumus,
1192 4564 1442 4636 quamvis
1474 4563 1589 4645 haec
1620 4562 1913 4635 prohibitio
1941 4576 1991 4638 [ι
2022 4575 2230 4641 partem
2289 4565 2459 4633 audit,
2502 4572 2562 4618 ut
2598 4561 2756 4618 alteri
2780 4561 2919 4631 parti
2947 4558 3080 4614 nihil
3112 4566 3370 4614 reservet.
3404 4581 3430 4607 ι
3466 4556 3617 4627 Quid

316 4661 563 4716 nondum
588 4661 655 4714 sit
676 4659 943 4723 mortalis,
968 4656 1063 4713 sed
1084 4656 1450 4724 medicinalis,
1476 4657 1577 4711 nisi
1599 4666 1696 4712 aut
1715 4665 1908 4729 sponte

314 4753 652 4822 confessum,
684 4761 776 4808 aut
798 4754 853 4807 in
882 4752 1063 4823 aliquo
1092 4751 1205 4806 sive
1233 4749 1499 4813 saeculari,
1527 4750 1637 4805 sive
1655 4749 1909 4805 ecclesia-

316 4849 457 4904 stico
473 4847 683 4919 judicio
698 4845 1042 4901 nominatum
1060 4853 1225 4915 atque
1256 4842 1591 4898 convictum.
1630 4843 1907 4913 Quisenim

315 4942 425 4997 sibi
457 4950 749 5012 utrumque
777 4938 942 4995 audet
992 4953 1268 4993 assumere
1298 4945 1360 4990 ut
1403 4935 1657 5007 cuiquam
1698 4938 1812 5008 ipse
1841 4936 1911 4992 sit

315 5043 600 5094 accusator
625 5042 679 5089 et
694 5032 893 5105 judex?
920 5054 943 5077 ι
968 5060 1038 5072 -
1063 5054 1087 5078 α
1119 5031 1269 5099 Ideo,
1290 5052 1316 5079 ι
1348 5029 1525 5101 inquit
1545 5032 1599 5085 S.
1630 5030 1907 5098 Gelasius,

322 5153 347 5175 ι
383 5136 611 5184 vocatur
630 5127 697 5183 ad
726 5125 990 5197 judicium
1019 5132 1167 5181 certa
1195 5138 1535 5195 quaecunque
1564 5138 1817 5193 persona,
1849 5132 1911 5180 ut

316 5228 419 5279 aut
457 5219 691 5277 fateatur
720 5218 956 5291 objecta,
984 5225 1080 5274 aut
1107 5217 1460 5273 convincatur
1498 5216 1738 5290 objectis.
1771 5236 1799 5268 »
1844 5221 1911 5274 Et

318 5313 651 5372 Antiocheni
680 5327 919 5369 canones
952 5331 965 5365 :
1020 5333 1046 5361 ι
1078 5313 1141 5366 In
1172 5311 1435 5379 consiliis,
1489 5311 1766 5382 inquiunt,
1812 5309 1910 5365 ad-

317 5410 431 5465 sint
452 5422 649 5464 omnes
678 5407 775 5479 qui
805 5422 862 5462 se
892 5406 1051 5463 laesos
1080 5404 1425 5471 existimant,
1450 5413 1503 5461 et
1533 5404 1726 5477 synodi
1754 5420 1913 5476 expe-

318 5503 541 5558 riantur
567 5516 814 5558 examen.
844 5523 868 5547 υ

393 5595 499 5653 Sed
524 5603 585 5651 tn
606 5594 741 5651 dicis
778 5593 920 5649 duos
947 5607 1065 5649 esse
1081 5591 1405 5665 judiciarios
1429 5592 1655 5649 ordines
1682 5610 1696 5648 :
1741 5609 1910 5649 unum

288 5688 390 5745 ~de
417 5686 617 5756 dubiis,
643 5688 770 5745 licet
798 5686 961 5755 veris,
992 5686 1086 5758 qui
1109 5694 1165 5743 et
1191 5684 1434 5757 indigeat
1475 5686 1728 5751 induciis,
1761 5686 1910 5742 scili-

322 5789 409 5837 cet
449 5789 511 5839 ut
543 5790 834 5839 accusatus
867 5777 1207 5837 consulendo
1245 5776 1351 5834 sibi
1370 5778 1657 5849 provideat
1682 5779 1912 5851 qualiter

322 5873 393 5929 de
429 5873 658 5947 objectis
688 5872 979 5931 commode
1006 5870 1357 5945 respondeat;
1389 5874 1643 5941 alterum,
1688 5873 1754 5929 de
1785 5888 1908 5930 ma-

2020 4678 2145 4717 vero
2174 4661 2246 4716 sit
2278 4658 2612 4722 faciendum,
2645 4656 2687 4710 si
2729 4661 3013 4709 accusatus
3065 4659 3185 4724 post
3215 4652 3504 4708 canonicas
3530 4651 3619 4706 in-

2018 4754 2205 4811 ducias
2256 4768 2356 4808 nec
2393 4752 2507 4823 ipse
2556 4748 2784 4817 venerit,
2819 4764 2919 4803 nec
2959 4746 3336 4818 impedimenti
3387 4738 3620 4802 necessi-

2017 4858 2157 4906 tates
2188 4845 2518 4918 probaverit,
2548 4842 2833 4915 prescribit
2863 4844 2919 4897 S.
2959 4840 3255 4912 Gregorius
3297 4840 3349 4895 in
3378 4838 3620 4911 predicto

2016 4939 2418 4997 commentario
2447 4938 2635 4994 dicens
2668 4937 2785 5002 (lib.
2816 4951 2906 5002 χι,
2942 4938 3098 5006 epist.
3130 4937 3220 5001 56)
3247 4953 3259 4988 :
3290 4956 3313 4982 υ
3347 4932 3619 5006 Quoniam

2017 5034 2243 5108 quidam
2272 5040 2367 5088 aut
2392 5031 2535 5104 apud
2564 5032 2812 5086 locorum
2843 5028 3177 5097 defensores,
3215 5035 3309 5083 aut
3338 5026 3483 5098 apud
3511 5025 3619 5080 cla-

2016 5127 2267 5185 rissimos
2303 5125 2710 5199 provinciarum
2783 5122 3017 5195 judices,
3049 5130 3142 5177 aut
3170 5122 3358 5188 etiam,
3388 5128 3447 5174 ut
3467 5135 3621 5177 asso-

2012 5216 2117 5291 let,
2144 5246 2169 5273 ιο
2198 5221 2283 5277 hic
2307 5218 2452 5292 apud
2482 5219 2661 5274 virum
2691 5216 3062 5273 clarissimum
3097 5239 3121 5264 ν
3149 5214 3472 5285 magistrum
3494 5230 3619 5269 cen-

2018 5332 2110 5372 sus
2141 5314 2544 5387 ingrediuntur,
2580 5334 2604 5359 ι
2633 5319 2687 5366 et
2709 5320 3017 5383 queruntur
3042 5330 3067 5355 σι
3100 5316 3368 5377 tanquam
3400 5305 3469 5360 ab
3512 5306 3619 5363 alio

2021 5408 2169 5479 passi
2196 5406 2404 5479 aliquid
2434 5413 2629 5461 contra
2658 5405 2825 5476 leges,
2856 5410 2951 5456 aut
2970 5399 3125 5456 aliter
3145 5398 3279 5466 laesi,
3316 5406 3410 5454 aut
3435 5398 3621 5456 damni

2019 5500 2153 5557 facti
2195 5507 2362 5556 testes
2389 5499 2631 5553 volentes
2687 5496 3009 5568 producere.
3044 5499 3115 5547 At
3142 5507 3210 5548 ne
3250 5500 3439 5563 postea
3489 5494 3622 5563 obji-

2019 5596 2195 5651 ciatur
2221 5594 2300 5651 eis
2332 5617 2358 5644 ιι
2385 5594 2508 5666 quia
2549 5608 2644 5665 per
2689 5605 2855 5647 unam
2900 5595 3114 5659 partem
3178 5597 3325 5662 gesta
3368 5587 3623 5645 confecta

2020 5696 2169 5756 sunt,
2206 5710 2232 5737 α
2264 5695 2484 5760 oportet
2520 5688 2677 5743 illum
2706 5682 2797 5755 qui
2826 5681 3111 5752 impetitur
3138 5682 3199 5737 in
3228 5682 3345 5751 ipsa
3405 5680 3620 5735 civitate

2020 5782 2403 5853 constitutum,
2436 5781 2526 5836 ubi
2570 5773 2881 5834 testimonia
2928 5774 3152 5844 dantur,
3192 5773 3542 5829 admonitum
3590 5789 3621 5827 a

2015 5875 2197 5948 judice
2223 5876 2336 5933 sive
2362 5891 2392 5930 a
2421 5873 2707 5929 defensore
2743 5867 3001 5925 advenire
3047 5870 3101 5924 et
3148 5865 3339 5923 audire
3385 5872 3620 5921 attesta-
