4062 6182
513 254 644 307 1147

1502 252 1592 305 AD
1630 251 1854 307 OPERA
1893 250 1949 306 S.
1990 250 2314 308 GREGORII
2352 252 2796 308 APPENDICES.

3655 253 3780 306 1H8

506 377 707 435 tiones.
741 380 797 435 Si
842 394 966 434 vero
1004 375 1239 432 noluerit
1263 373 1533 441 advenire,
1564 375 1659 431 sed
1674 378 2088 448 contempserit,
2118 383 2172 446 Α
2200 377 2621 433 celebrationem
2693 377 2796 432 sibi
2864 378 3048 434 missae
3100 377 3473 433 interdicentis
3540 384 3783 447 proterve

508 480 569 526 ut
610 488 673 528 ex
718 472 821 527 hoc
849 471 915 526 ab
962 486 1064 525 una
1110 477 1264 540 parte
1306 468 1615 524 testimonia
1660 470 1919 525 adversus
1965 486 2091 526 eum

508 566 715 621 inutilia
766 565 896 631 sint,
948 564 1230 619 sancimus
1287 561 1600 633 hujusmodi
1662 563 1977 619 testimonia
2016 565 2090 621 ita

505 658 701 723 valere,
743 673 805 712 ac
849 658 897 712 si
945 674 1057 712 non
1096 673 1158 712 ex
1205 674 1309 712 una
1359 666 1508 727 parte
1554 662 1940 727 consisterent,
1994 658 2091 714 sed

502 753 668 807 etiam
706 751 823 824 ipso
865 761 1129 824 praesente
1151 750 1384 808 fuissent
1412 751 1571 808 facta.
1610 754 1663 807 Si
1704 753 1847 808 enim
1874 769 2090 808 recusa-

500 845 658 910 verit,
692 853 746 901 et
773 847 949 901 venire
973 846 1231 915 noluerit,
1262 854 1317 902 et
1346 846 1531 902 audire
1562 862 1684 918 quae
1721 846 2087 918 deponuntur,

498 956 625 996 cum
655 940 841 1011 utique
866 941 938 995 iin
965 940 1181 1012 publico
1213 940 1305 1008 sit,
1334 949 1388 995 et
1414 957 1520 995 non
1552 957 1614 996 ex
1647 941 1936 996 inevitabili
1960 956 2089 1012 qua-

498 1033 628 1090 dam
657 1035 975 1090 necessitate
996 1035 1179 1089 venire
1199 1050 1307 1089 non
1338 1035 1525 1105 possit,
1555 1034 1747 1090 similis
1779 1034 2088 1089 advenienti

496 1128 621 1195 erit,
662 1137 715 1183 et
738 1128 888 1183 nulla
924 1127 1125 1183 utilitas
1157 1144 1221 1183 ex
1247 1137 1568 1199 contemptu
1597 1144 1695 1184 suo
1731 1128 1776 1183 ei
1804 1128 2088 1184 adhibebi-

498 1228 608 1289 tur,
653 1221 753 1276 sed
781 1221 1106 1277 videbuntur
1134 1220 1361 1292 quidem
1386 1237 1448 1277 ex
1482 1221 1768 1293 utriusque
1799 1222 2084 1293 praesentia

498 1314 849 1386 probationes
888 1313 1069 1372 factas.
1116 1318 1327 1381 «Ecce,
1386 1339 1410 1363 υ
1466 1315 1638 1386 inquit
1671 1318 1727 1370 S.
1770 1316 2084 1387 Gregorius,

503 1430 527 1458 α
568 1408 948 1465 admonendus
974 1418 1056 1464 est
1078 1424 1290 1480 semper
1306 1408 1666 1475 adversarius,
1690 1417 1749 1464 ut
1770 1409 1837 1465 ad
1862 1409 2084 1465 audien-

498 1501 599 1557 dos
635 1512 800 1558 testes
829 1502 1109 1571 adveniat;
1144 1504 1385 1575 alioquin
1437 1518 1657 1558 necesse
1687 1512 1773 1559 est
1822 1512 1883 1557 ut
1938 1503 2087 1575 quod

497 1606 686 1652 contra
714 1598 854 1670 leges
881 1606 1066 1654 actum
1097 1606 1177 1653 est
1206 1598 1517 1654 firmitatem
1546 1615 1657 1654 non
1696 1598 1911 1656 habeat.
1947 1622 1972 1647 ι

569 1694 929 1747 Demonstrat
949 1693 1114 1748 etiam
1146 1691 1464 1748 Bonifacius
1492 1708 1623 1765 papa
1661 1696 1833 1763 (epist.
1868 1698 1919 1760 2)
1955 1694 2088 1749 scri-

500 1784 633 1840 bens
683 1786 753 1842 ad
800 1795 1007 1857 septem
1048 1787 1358 1858 provincias
1385 1785 1454 1841 de
1485 1788 1750 1855 Maximo,
1793 1788 1882 1859 qui
1912 1789 2086 1843 multo

496 1880 727 1935 crimine
760 1878 1056 1936 infamatus
1102 1880 1415 1951 praesentari
1438 1880 1647 1951 judicio
1687 1882 1880 1949 noluit,
1922 1899 2087 1955 regu-

495 1973 683 2030 lariter
708 1983 950 2031 vocatus.
983 1998 1008 2024 σι
1040 1975 1256 2042 Nullus,
1285 1975 1558 2047 inquiens,
1596 1974 1809 2030 dubitat
1838 1976 1983 2047 quod
2015 1978 2086 2032 ita

490 2067 759 2139 judicium
815 2083 1023 2123 nocens
1086 2067 1443 2139 subterfugit,
1502 2068 1973 2138 quemadmodum
2028 2078 2087 2125 ut

496 2160 809 2215 absolvatur
857 2161 948 2232 qui
995 2169 1077 2216 est
1118 2160 1379 2216 innocens
1411 2161 1631 2232 quaerit;
1669 2160 1765 2216 sed
1792 2170 1969 2217 astuta
1998 2179 2087 2218 ca-

493 2253 700 2307 villatio
730 2269 922 2309 eorum
953 2255 1046 2325 qui
1102 2256 1335 2308 versutis
1374 2255 1645 2326 agendum
1692 2254 1925 2310 credunt
1969 2271 2085 2313 esse

496 2344 742 2401 consiliis
776 2362 1063 2418 nunquam
1091 2347 1416 2403 innocentiae
1433 2363 1640 2402 nomen
1668 2349 1908 2420 accipiet.
1940 2351 2085 2405 Con-

494 2438 680 2494 litetur
707 2439 853 2503 enim
883 2439 950 2495 de
991 2440 1269 2506 omnibus,
1303 2440 1550 2513 quisquis
1603 2456 1661 2497 se
1705 2442 2085 2514 subterfugere

486 2531 757 2613 judicium
800 2531 1153 2588 dilationibus
1183 2542 1355 2605 putat.
1392 2553 1419 2586 »
1456 2535 1521 2589 Et
1558 2534 1887 2606 quibusdam
1918 2536 2081 2592 inter-

493 2626 686 2697 positis
718 2646 730 2681 :
767 2649 789 2674 ι
827 2627 1201 2693 Decrevimus,
1228 2626 1426 2699 inquit,
1450 2636 1693 2683 vestrum
1723 2628 1918 2684 debere.
1946 2630 2082 2687 intra

492 2719 833 2790 provinciam
865 2736 980 2775 esse
1011 2719 1309 2792 judicium,
1350 2730 1403 2776 et
1432 2723 1753 2794 congregari
1784 2724 2079 2795 synodum,

491 2822 617 2868 ante
658 2812 805 2868 diem
833 2813 1205 2869 Kalendarum
1234 2815 1649 2883 Novembrium,
1677 2824 1768 2883 ut,
1811 2817 1857 2871 si
1896 2817 2083 2874 adesse

492 2907 743 2975 voluerit,
787 2922 1052 2979 praesens,
1097 2909 1142 2962 si
1188 2908 1435 2978 conlidit,
1480 2909 1549 2964 ad
1592 2909 1806 2981 objecta
1855 2927 2083 2983 respon-

489 3000 638 3056 deat.
674 3001 732 3056 Si
754 3017 883 3057 vero
914 3000 1100 3057 adesse
1129 3002 1444 3074 neglexerit,
1468 3002 1779 3059 dilationem
1801 3007 2086 3061 sententiae

490 3093 559 3149 de
588 3094 834 3150 absentia
865 3111 979 3151 non
1002 3096 1257 3151 lucretur.
1287 3099 1429 3152 Nam
1460 3096 1817 3152 manifestum
1846 3107 1928 3153 est
1953 3114 2082 3153 con-

490 3187 630 3242 ﬁteri
659 3203 787 3243 eum
816 3187 883 3244 de
911 3189 1163 3256 crimine,
1193 3188 1287 3261 qui
1310 3189 1523 3245 indulto
1548 3199 1603 3245 et
1631 3192 1795 3245 toties
1836 3191 2084 3265 delegato

482 3280 692 3354 judicio
710 3281 975 3355 purgandi
1009 3298 1066 3337 se
1095 3283 1378 3339 occasione
1408 3299 1520 3338 non
1547 3284 1741 3339 utitur.
1761 3284 1905 3340 Nihil
1934 3286 2083 3341 enim

495 3375 722 3431 interest
742 3384 927 3430 utrum
949 3375 1007 3431 in
1025 3377 1276 3448 praesenti
1301 3376 1550 3434 examine
1574 3377 1763 3433 omnia
1793 3394 1916 3449 qua:
1942 3379 2083 3435 dicta

492 3478 620 3525 sunt
656 3469 1101 3540 comprobentur,
1153 3486 1283 3526 cum
1311 3471 1429 3543 ipsa
1464 3487 1679 3543 quoque
1744 3488 1843 3543 pro
1872 3474 2086 3529 confes-

492 3562 649 3618 sione
679 3571 964 3633 procurata
997 3564 1160 3619 toties
1190 3573 1407 3620 constet
1441 3564 1709 3621 absentia.
1754 3567 1867 3621 Nos
1897 3575 2084 3622 autem

492 3670 588 3727 per
616 3670 805 3711 omnes
839 3656 1145 3727 provincias
1174 3658 1377 3712 litteras
1406 3657 1725 3729 dirigemus,
1766 3675 1835 3715 ne
1858 3676 2084 3715 excusa-

493 3747 703 3803 tionem
719 3749 820 3803 sibi
841 3749 1195 3820 ignorationis
1218 3750 1498 3815 obtendat,
1528 3760 1588 3806 ut
1620 3751 1689 3807 ad
1733 3754 2082 3810 Provinciam

493 3840 679 3895 venire
739 3848 986 3912 cogatur,
1026 3851 1081 3898 et
1137 3843 1242 3897 illic
1286 3858 1343 3898 se
1391 3845 1693 3900 constituto
1753 3856 2085 3917 praesentare

494 3931 716 4005 judicio.
746 3956 771 3980 υ

566 4026 743 4082 Simili
786 4028 1131 4083 exsecutione
1174 4030 1386 4084 vocavit
1414 4038 1468 4085 et
1491 4033 1827 4102 exspectavit
1851 4036 1916 4088 B.
1949 4037 2087 4091 Gre-

492 4122 678 4194 gorius
705 4122 1008 4177 Maximum
1032 4123 1414 4180 Salonitanum
1433 4124 1772 4196 episcopum,
1802 4126 2086 4183 evidenter

493 4231 647 4270 reum
669 4224 1126 4295 et'contumacem
1147 4216 1262 4287 (lib.
1288 4233 1348 4283 v,
1385 4221 1541 4289 epist.
1588 4219 1845 4286 3)dicens
1869 4244 1879 4277 :
1906 4245 1929 4269 α
1951 4225 2088 4278 Hor-

494 4318 681 4364 tamur
706 4319 770 4364 ut
788 4310 858 4366 ad
887 4325 989 4364 nos
1023 4311 1202 4365 venire
1232 4313 1385 4367 omni
1410 4314 1713 4384 postposita
1738 4317 2087 4373 excusatione

492 4401 732 4470 festines,
761 4412 1052 4477 quatenus,
1085 4413 1295 4461 servata
1318 4406 1555 4477 justitia,
1596 4406 1714 4463 haec
1755 4408 1837 4478 (de
1890 4411 2090 4483 quibus

2200 471 2439 537 discidit,
2472 468 2601 542 quia
2622 470 2786 538 hunc,
2820 472 3062 543 inquam,
3094 472 3197 526 nisi
3218 471 3481 527 canonice
3502 480 3785 535 vocatum,

2200 565 2299 620 nisi
2329 565 2648 637 regulariter
2675 574 3067 636 exspectatum,
3100 566 3377 645 damuare_
3395 565 3594 620 noluit.
3630 560 3790 620 Unde

2198 667 2249 713 et
2277 660 2387 730 ipse
2414 658 2483 713 ad
2527 661 2861 715 Martianum
2910 662 3027 729 (lib.
3063 676 3130 727 lt,
3164 662 3314 730 epist.
3364 664 3450 727 27)
3494 664 3566 729 εἱσι
3600 659 3791 715 Nullus

2199 752 2314 808 sine
2356 754 2671 825 cognitione
2716 752 3060 809 damnandus
3103 762 3203 809 est.
3240 776 3264 802 η

2272 846 2419 902 Alter
2461 847 2727 919 jndiciarii
2760 846 2973 902 ordinis
3013 846 3212 902 modus
3259 854 3363 913 est,
3413 862 3578 919 quem
3635 854 3694 902 et
3739 856 3795 902 tu

2198 939 2435 1007 dixeras,
2463 957 2588 995 cum
2637 941 2847 996 crimen
2886 957 2997 995 non
3039 950 3286 1011 negatur,
3319 957 3446 995 cum
3470 942 3587 1013 jam
3640 942 3795 1012 quasi

2198 1042 2347 1089 extra
2378 1039 2591 1105 portam
2637 1034 2891 1098 civitatis,
2943 1034 3238 1090 sceleribus
3286 1034 3601 1102 [scelerum]
3644 1050 3801 1089 exse-

2196 1127 2336 1199 quiis
2367 1143 2492 1183 reus
2516 1126 2762 1182 effertur.
2802 1129 2965 1181 Hunc
3005 1127 3253 1191 modum,
3282 1127 3387 1181 nisi
3433 1136 3523 1181 tua
3570 1127 3655 1180 vel
3681 1143 3801 1197 pro-

2197 1220 2426 1276 videntia
2471 1220 2627 1275 aliter
2684 1220 3025 1292 judicaverit,
3080 1220 3133 1274 in
3185 1219 3326 1276 duos
3370 1219 3547 1275 adhuc
3596 1220 3800 1274 modos

2195 1314 2612 1377 subdividimus,
2628 1322 2681 1369 et
2696 1314 2921 1369 modum
2937 1323 3231 1386 utrumque
3250 1314 3304 1368 in
3319 1313 3593 1387 synodum
3611 1316 3798 1379 (I006)

2196 1409 2376 1463 vocari
2399 1418 2453 1464 et
2469 1425 2534 1463 ex
2549 1408 2757 1481 judicio
2774 1407 3123 1463 determinari
3145 1409 3418 1463 volumus.
3437 1411 3559 1463 Una
3583 1408 3799 1462 scilicet

2195 1500 2469 1557 manifesti
2489 1501 2764 1572 jndiciarii
2795 1501 3000 1556 ordinis
3022 1502 3222 1572 species
3247 1510 3349 1565 est,
3384 1517 3511 1556 cum
3541 1518 3674 1556 reus
3696 1517 3799 1556 nec

2196 1610 2272 1662 se,
2298 1612 2396 1651 nec
2425 1594 2749 1664 admissum,
2781 1595 2932 1666 quod
2973 1595 3245 1666 objicitnr,
3302 1594 3571 1659 defendit,
3605 1594 3664 1649 id
3693 1603 3798 1661 est,

2196 1705 2321 1743 cum
2352 1689 2549 1745 fatetur
2578 1698 2631 1744 et
2654 1704 2711 1744 se
2744 1687 2935 1744 fecisse
2953 1698 3005 1743 et
3029 1687 3282 1744 faciendo
3309 1704 3579 1761 peccasse.
3608 1691 3675 1743 In
3700 1687 3800 1744 bac

2123 1746 2173 1813 Β
2199 1800 2386 1852 causa,
2426 1782 2828 1839 accusatoribus
2859 1784 2932 1837 nil
2964 1781 3314 1851 facientibus,
3338 1799 3465 1837 rens
3486 1792 3709 1838 tantum
3731 1783 3799 1838 ad

2189 1879 2463 1951 judicium
2494 1888 2751 1961 vocatur,
2790 1894 3051 1950 passurus
3080 1878 3227 1948 quod
3257 1876 3508 1933 confesso
3551 1879 3634 1933 vel
3662 1895 3797 1933 con-

2196 1973 2341 2028 victo
2380 1972 2787 2028 medicinaliter
2826 1972 3192 2041 praescribunt
3222 1988 3354 2043 pene
3399 1972 3611 2045 singula
3663 1971 3797 2027 folia

2194 2082 2487 2122 canonum.
2512 2067 2827 2121 Secundum
2847 2064 2995 2121 hunc
3012 2066 3244 2123 modum
3266 2066 3480 2121 videtur
3498 2067 3799 2137 Apostolus

2194 2160 2391 2217 dixisse
2411 2159 2480 2215 ad
2500 2159 2818 2216 Corinthios
2847 2178 2859 2213 :
2884 2183 2907 2206 α
2932 2163 3046 2231 Ego
3074 2160 3294 2229 quidem
3320 2160 3514 2215 absens
3539 2176 3799 2232 corpore,

2194 2270 2437 2326 praesens
2493 2262 2679 2310 autem
2717 2253 2934 2324 spiritu,
2973 2254 3088 2325 jam
3127 2253 3389 2325 judicavi,
3418 2262 3478 2308 ut
3526 2269 3800 2325 praesens,

2195 2364 2323 2404 eum
2352 2348 2448 2420 qui
2500 2348 2575 2403 sic
2601 2357 2854 2419 operatus
2883 2356 2985 2414 est,
3018 2348 3075 2402 in
3106 2348 3336 2403 nomine
3368 2348 3597 2403 Domini
3620 2349 3803 2405 nostri

2191 2444 2321 2497 Jesu
2347 2441 2569 2509 Christi,
2597 2443 2943 2514 congregatis
2971 2442 3141 2508 vobis,
3174 2450 3227 2496 et
3254 2457 3380 2497 meo
3422 2442 3641 2512 spiritu,
3673 2458 3803 2498 cum

2191 2536 2391 2590 virtute
2414 2536 2634 2611 Domini
2667 2536 2837 2590 nostri
2863 2539 2895 2590 J
2900 2552 2990 2591 esu
3011 2535 3213 2591 Christi
3236 2534 3457 2591 tradere
3479 2535 3803 2608 bujusmodi

2190 2630 2405 2685 Satanae
2434 2630 2491 2684 in
2535 2628 2820 2684 interitum
2851 2630 3033 2685 carnis
3061 2632 3111 2696 (Ι
3137 2630 3254 2685 Cor.
3290 2634 3373 2695 v).
3405 2650 3431 2678 ιο

2261 2726 2424 2790 Nota,
2455 2722 2604 2795 quod
2650 2722 2790 2779 dixit
2818 2740 2831 2774 :
2870 2746 2891 2771 α
2926 2722 3279 2795 Congregatis
3304 2722 3461 2778 vobis
3485 2723 3544 2778 in
3567 2724 3801 2779 nomine

2189 2816 2339 2882 Jesu,
2376 2840 2401 2864 ι»
2427 2817 2581 2888 quasi
2611 2816 2846 2871 diceret:
2872 2816 3111 2872 Collecto
3132 2832 3163 2871 a
3186 2816 3338 2871 vobis
3365 2816 3625 2882 concilio,
3650 2815 3802 2872 facto

2192 2925 2221 2965 a
2252 2909 2401 2965 vobis
2430 2918 2708 2966 conventu
2764 2911 2820 2964 in
2849 2910 3080 2965 nomine
3124 2910 3371 2977 Domini,
3422 2909 3477 2965 id
3507 2918 3589 2965 est
3626 2926 3802 2966 cano-

2192 3003 2340 3069 nico,
2373 3002 2449 3057 ibi
2496 3019 2586 3059 me
2627 3003 2984 3074 spiritualiter
3011 3004 3292 3058 vobiscum
3323 2998 3616 3075 praesente,
3673 3019 3803 3060 reus

2187 3095 2484 3168 judicetur,
2509 3097 2587 3151 ibi
2626 3112 2655 3151 a
2689 3097 2971 3151 consortio
3004 3096 3270 3152 Ecclesiae
3297 3097 3635 3162 eliminatur;
3665 3106 3803 3154 tunc

2195 3189 2485 3244 manifeste
2512 3189 2559 3245 ei
2588 3199 2930 3245 monstretur
2957 3190 3082 3262 quia
3106 3190 3382 3262 peccando
3429 3190 3546 3261 ejus
3574 3206 3633 3244 se
3655 3192 3804 3263 jugo

2192 3283 2519 3355 subjugavit,
2552 3283 2671 3355 ejus
2703 3284 2849 3348 dico,
2877 3284 2970 3355 qui
2994 3284 3186 3357 jugum
3215 3284 3441 3340 Domini
3473 3283 3695 3354 abjecit.
3728 3288 3803 3341 Et

2193 3376 2297 3432 hoc
2321 3393 2433 3431 non
2454 3378 2681 3447 privatae
2702 3386 2950 3449 respectu
2969 3378 3205 3448 injuriae,
3230 3393 3341 3432 non
3361 3377 3463 3432 alia
3485 3378 3802 3433 intentione

2192 3470 2299 3525 nisi
2336 3479 2395 3524 ut
2433 3470 2491 3524 in
2521 3486 2587 3526 eo
2613 3471 2847 3526 intereat
2870 3472 2924 3525 in
2950 3479 3189 3525 mortem
3214 3486 3442 3541 vergens
3463 3471 3797 3538 carnalitas;

2191 3564 2476 3634 resipiscat
2513 3573 2716 3619 azterua
2766 3580 3015 3635 quaerens
3046 3566 3432 3635 spiritualitas;
3492 3580 3656 3619 carne
3690 3566 3797 3620 scio

2192 3656 2322 3712 licet
2352 3657 2607 3725 intereat,
2650 3666 2709 3713 ut
2739 3658 2930 3729 spiritu
2967 3659 3230 3713 salvetur.
3264 3661 3403 3713 Item
3429 3658 3597 3729 paulo
3629 3674 3799 3731 supe.

2193 3752 2307 3805 rius
2336 3769 2348 3806 :
2375 3774 2398 3799 α
2429 3760 2490 3805 ut
2532 3752 2755 3806 tollatur
2780 3751 2846 3805 de
2878 3752 3057 3807 medio
3100 3760 3365 3819 vestrum,
3400 3752 3493 3822 qui
3521 3751 3629 3806 hoc
3655 3769 3799 3824 opus

2195 3842 2319 3899 fecit
2337 3847 2539 3914 (Ibid).
2569 3870 2589 3892 υ
2609 3845 2766 3914 Quod
2786 3862 3064 3917 exponens
3083 3846 3407 3902 Ambrosius
3426 3850 3503 3912 (in
3522 3850 3549 3902 1
3568 3847 3691 3902 Cor.
3716 3853 3795 3914 ν),

2192 3937 2323 3993 dicit
2358 3960 2368 3993 :
2397 3961 2420 3986 α
2446 3940 2675 4011 Cognito
2696 3954 2859 4009 opere
2880 3940 3001 4006 isto,
3028 3939 3336 4011 pellendum
3359 3940 3512 3995 illum
3538 3942 3794 4011 (peccan-

2192 4034 2324 4099 tem)
2370 4029 2537 4087 fuisse
2587 4033 2653 4087 de
2683 4040 2831 4088 coetu
2878 4032 3239 4088 fraternitatis.
3274 4035 3486 4088 Omnes
3520 4034 3667 4089 enim
3691 4036 3795 4088 cri-

2195 4141 2319 4179 men
2353 4126 2468 4198 ejus
2495 4126 2763 4191 sciebant,
2796 4134 2988 4181 etnon
3032 4127 3359 4199 arguebant.
3393 4127 3616 4181 Publice
3639 4127 3788 4179 enim

2193 4235 2489 4274 novercam
2515 4234 2671 4275 suam
2702 4219 2819 4274 loco
2862 4221 3050 4274 uxoris
3101 4218 3351 4275 habebat.
3388 4224 3448 4274 In
3480 4235 3668 4291 quare,
3696 4236 3789 4273 ne.

2192 4329 2297 4385 que
2337 4313 2567 4368 testibus
2591 4329 2727 4384 opus
2761 4321 2900 4381 erat,
2926 4329 3100 4384 neque
3130 4314 3583 4385 tergiversatione
3613 4314 3797 4385 aliqua

2199 4414 2408 4476 poterat
2428 4408 2532 4478 tegi
2566 4389 2795 4461 crimen.
2832 4432 2856 4455 ι)

493 4498 783 4565 accusaris)
821 4507 873 4553 et
897 4514 1226 4571 cognoscere
1258 4508 1313 4553 et
1350 4500 1523 4567 linire,
1564 4502 1871 4558 secundum
1914 4521 2079 4560 cano-
2109 4527 2160 4590 ι)
2260 4499 2446 4553 Altera
2513 4500 2785 4555 manifesti
2831 4500 3101 4573 jndiciarii
3152 4500 3361 4557 ordinis
3426 4501 3638 4572 ερθοῑθε
3683 4508 3798 4566 θείς

490 4588 611 4643 nica
652 4590 917 4656 instituta,
950 4592 1168 4647 Christo
1198 4593 1487 4659 revelante,
1521 4595 1819 4665 possimus.
1870 4599 1944 4652 Ita
1977 4614 2077 4653 au-

490 4687 602 4735 tem
633 4681 721 4737 fac
745 4691 805 4737 ut
853 4684 923 4739 ad
953 4686 1277 4741 veniendum
1309 4687 1543 4758 amplius
1574 4688 1686 4760 jam
1730 4704 1916 4744 moras
1968 4707 2080 4746 non

491 4775 727 4845 ingeras,
750 4792 820 4830 ne
842 4777 955 4848 ipsa
985 4786 1037 4833 te
1062 4779 1233 4849 magis
1254 4780 1495 4835 absentia
1519 4782 1824 4838 obnoxium
1851 4784 1936 4838 his
1961 4800 2081 4855 quae

490 4867 749 4923 dicuntur
774 4870 1042 4941 assignet;
1086 4880 1139 4925 et
1176 4888 1275 4927 nos
1302 4874 1361 4928 in
1390 4883 1444 4930 te
1475 4874 1592 4931 haec
1626 4892 1734 4943 res,
1768 4893 1878 4932 non
1902 4878 2081 4933 solum

490 4970 712 5033 prapter
738 4963 881 5017 dicta
913 4963 1163 5032 crimina,
1195 4980 1317 5035 quae
1345 4984 1577 5040 purgare
1606 4970 1956 5043 subterfugis,
1986 4972 2081 5027 sed

491 5056 662 5112 etiam
692 5064 915 5128 propter
952 5056 1335 5115 inobedientiaz
1364 5062 1577 5129 culpam
1632 5040 1823 5118 durius
1855 5040 2080 5135 scilicet,

489 5156 552 5204 ut
575 5150 629 5204 in
654 5161 1038 5206 contumacem
1056 5160 1215 5221 cogat
1237 5170 1298 5207 ex
1317 5155 1552 5208 concilio
1573 5152 1711 5209 ferre
1725 5155 2024 5228 judicium.
2054 5182 2077 5206 ιι

559 5245 748 5312 Vides,
780 5245 1033 5313 domine,
1078 5244 1207 5316 quia
1260 5247 1321 5301 B.
1412 5248 1712 5315 Gregorius
1778 5250 2081 5307 Maximum

489 5338 898 5406 Salonitanum,
957 5348 1013 5396 et
1094 5347 1582 5410 praesumptorem,
1667 5350 1721 5397 et
1792 5355 2079 5400 contuma-

488 5446 629 5499 cem,
660 5434 749 5504 qui
771 5433 1020 5489 ordinem
1048 5433 1240 5488 illicite
1282 5434 1541 5506 suscepit,
1575 5437 1669 5507 qui
1700 5436 1905 5494 litteras
1925 5455 2079 5512 papa:

566 5593 747 5659 (1006)
782 5592 917 5647 Haec
954 5600 1010 5646 et
1046 5601 1337 5664 sequentes
1378 5595 1786 5654 notatiunculae
1833 5598 1900 5653 ad
1943 5598 2081 5655 hanc

494 5663 780 5734 epistolam
830 5670 1003 5739 erant-
1038 5665 1092 5718 in
1126 5663 1374 5739 margine
1434 5670 1788 5739 manuscripti
1846 5671 2079 5738 Codicis,

496 5742 723 5811 cautela:
767 5736 937 5811 gratia
965 5735 1073 5811 sive
1111 5739 1178 5791 ab
1222 5735 1336 5811 ipso
1370 5738 1663 5794 Adalberto
1705 5735 1759 5794 et
1788 5735 2078 5811 Bernaldo,

494 5806 607 5859 sive
636 5809 702 5860 ab
747 5809 852 5862 alio
894 5807 1152 5878 quopiam
1179 5806 1422 5880 adjectae.
1452 5812 1555 5866 Hic
1581 5813 1887 5866 cautissime
1930 5806 2080 5869 voca;

2188 4608 2315 4648 cum
2358 4595 2664 4665 purgatorie
2710 4596 2920 4649 crimen
2961 4594 3295 4659 conceditur,
3342 4593 3439 4649 sed
3492 4595 3657 4665 culpa
3712 4610 3802 4649 rc-

2190 4692 2477 4754 movetur;
2521 4686 2576 4742 id
2599 4696 2702 4754 est,
2730 4704 2855 4742 cum
2883 4686 3043 4759 [quis]
3068 4687 3266 4742 fatetur
3290 4704 3347 4742 se
3364 4686 3511 4759 quod
3533 4687 3805 4759 objicitnr

2190 4779 2396 4846 fecisse,
2419 4780 2655 4835 afﬁrmat
2688 4789 2871 4835 autem
2901 4797 2957 4835 se
2990 4783 3224 4848 [contra]
3255 4781 3430 4853 legem
3460 4780 3806 4836 ecclesiasti-

2190 4889 2309 4928 cam
2342 4874 2571 4929 minime
2597 4874 2652 4929 in
2685 4875 2786 4930 hoc
2812 4873 2953 4929 facto
2978 4874 3335 4929 exorbitasse.
3365 4874 3509 4929 Huic
3533 4885 3804 4931 accusata

2190 4983 2522 5039 magnopere
2550 4968 2850 5023 suademus
2897 4967 3308 5023 concedendam
3358 4968 3661 5043 synodum,
3692 4970 3806 5025 sci-

2192 5062 2318 5115 licet
2366 5072 2424 5117 nt
2454 5071 2547 5117 aut
2575 5063 2947 5129 convincatur,
2981 5071 3077 5116 aut
3109 5062 3392 5132 probando
3420 5077 3547 5116 suas
3610 5073 3806 5133 partes

2192 5155 2522 5210 absolvatur.
2562 5156 2682 5210 Hoc
2733 5154 2899 5209 modo
2953 5171 3141 5210 secum
3169 5155 3253 5227 agi
3312 5155 3512 5211 debere
3546 5156 3807 5213 clamant

2191 5267 2334 5305 nunc
2367 5251 2655 5320 proscripti
2687 5250 2754 5304 ab
2785 5252 3090 5320 apostolico
3132 5250 3377 5322 prmsule.
3417 5252 3602 5322 Hujus
3642 5253 3802 5323 judi-

2190 5344 2345 5397 ciarii
2380 5343 2591 5397 ordinis
2638 5342 2872 5398 formam
2902 5344 3109 5399 dabant
3134 5345 3296 5401 nobis
3328 5345 3511 5416 plures
3560 5355 3806 5417 propter

2181 5437 2413 5508 justitia:
2462 5435 2837 5492 defensionem
2887 5438 3145 5504 accusati,
3198 5439 3381 5508 plures
3438 5439 3805 5511 tyrannidem

2187 5597 2366 5653 bulum
2387 5612 2623 5653 saneea
2654 5614 2759 5653 non
2783 5600 3073 5664 adiectum,
3106 5614 3197 5653 nec
3224 5599 3380 5653 aliud
3407 5601 3803 5655 universitatis

2188 5671 2623 5737 designativum;
2654 5686 2724 5724 ne
2748 5686 2807 5725 eo
2839 5672 3043 5738 adjecto
3070 5672 3372 5739 apostolica:
3389 5672 3507 5725 sedi
3520 5671 3801 5741 prejudi-

2188 5748 2405 5796 caretur
2431 5758 2449 5793 :
2481 5757 2643 5810 quam
2672 5748 2808 5797 certe
2833 5744 3173 5796 contumacia
3204 5743 3527 5811 synodicam
3543 5745 3794 5797 vocatio-

2187 5829 2308 5867 nem
2336 5828 2441 5866 non
2469 5818 2694 5883 cogatur
2719 5813 3070 5881 praetendere.
3812 5830 3819 5835 '
