4062 6182
251 285 388 339 1149

1159 286 1451 341 ΑΡΡΕΝΙ).
1488 286 1577 341 IIl.
1619 313 1688 328 -
1724 285 2141 343 MONUMENTA
2179 286 2640 346 GREGORIANA.

3405 295 3542 349 1150

245 408 600 481 praelatorum
624 410 853 480 experti.
874 408 1087 477 Quibus
1112 408 1166 463 in
1187 418 1458 465 conventu
1480 411 1704 477 auditis,
1730 411 1832 483 ipsi
1872 416 1923 481 Α
1952 412 2240 468 anathema
2279 431 2291 469 :
2324 429 2496 468 unum
2526 413 2765 482 scilicet,
2815 436 2840 462 α
2879 413 2922 469 si
2963 415 3030 471 ad
3059 415 3331 488 synodum
3360 416 3542 489 quisli-

245 518 485 574 pcrsaepe
520 501 717 575 objecti
746 502 1084 559 honestatem
1115 501 1396 559 suadendo
1426 512 1555 559 sunt
1584 505 1838 573 absoluti,

244 612 651 669 compressores
676 612 893 662 eorum,
926 596 1093 652 relato
1127 596 1181 651 in
1204 613 1262 653 se
1291 598 1541 665 crimine,
1572 598 1837 655 damnati.

242 692 333 747 Sic
383 688 700 746 Constantia
755 691 1074 761 episcOpum
1124 691 1549 747 Carlomannum
1604 696 1838 764 (1007),

243 786 333 857 qui
372 801 491 840 eam
529 800 593 840 ex
623 783 988 841 inobedientia
1015 786 1324 853 accusavit,
1358 794 1607 858 perorata
1649 786 1840 842 inobe-

243 879 468 935 dientiaa
515 879 807 951 dignitate,
855 879 1009 952 quasi
1052 877 1372 936 infernalem
1418 879 1615 936 furiam
1663 880 1839 937 exsuf-

242 972 415 1029 ﬂavit.

316 1066 495 1139 Hujus
541 1074 726 1122 autem
776 1065 1021 1137 regulam
1052 1074 1106 1122 et
1133 1067 1407 1125 actionem
1446 1070 1837 1126 controversiae

243 1160 544 1233 praescribit
593 1160 887 1217 concilium
941 1159 1265 1217 Sardicense
1318 1184 1329 1217 :
1369 1186 1393 1211 σι
1442 1163 1497 1218 Si
1554 1164 1838 1235 episcopus

242 1256 365 1328 quis
393 1254 529 1309 forte
572 1254 867 1309 iracundus
897 1252 1078 1326 (quod
1120 1269 1237 1310 esse
1274 1272 1388 1311 non
1436 1256 1654 1325 debet),
1703 1258 1835 1327 cito,

240 1364 449 1420 aspere,
502 1356 920 1403 commoveatur
980 1347 1240 1404 adversus
1286 1350 1690 1423 presbyterum,
1730 1352 1838 1408 sive

239 1439 540 1497 diaconum
585 1456 769 1506 suum,
815 1448 872 1496 et
916 1441 1279 1497 exterminare
1311 1458 1437 1498 eum
1484 1442 1554 1498 de
1598 1444 1837 1499 Ecclesia

240 1535 490 1603 voluerit,
540 1533 935 1607 providendum
982 1543 1067 1590 est
1094 1551 1162 1591 ne
1212 1536 1481 1592 innocens
1509 1536 1833 1605 damnetur,

240 1636 337 1684 aut
366 1628 557 1700 perdat
584 1629 1056 1684 communionem.
1099 1631 1168 1683 Et
1195 1628 1338 1701 ideo,
1373 1629 1569 1686 habeat
1594 1640 1836 1702 potesta—

239 1730 352 1777 tem
384 1723 429 1777 is
459 1722 551 1794 qui
582 1721 826 1794 abjectus
863 1730 946 1777 est
974 1730 1035 1777 ut
1063 1723 1350 1795 episcopos
1380 1723 1642 1780 ﬁnitimos
1671 1726 1839 1781 inter-

241 1815 422 1887 pellet,
471 1824 528 1870 et
567 1831 727 1871 causa
758 1815 875 1887 ejus
904 1816 1156 1872 audiatur
1180 1832 1241 1872 ac
1282 1817 1598 1890 diligentius
1626 1828 1831 1875 tracte~

238 1917 351 1977 tur,
383 1909 509 1981 quia
534 1925 645 1965 non
679 1917 896 1981 Oportet
915 1909 963 1964 ei
996 1910 1180 1982 negari
1210 1910 1542 1967 audientiam
1582 1914 1824 1985 roganti.

237 2006 309 2059 Et
333 2003 419 2058 ille
439 2004 739 2075 episcopus,
762 2004 853 2074 qui
885 2012 982 2058 aut
1010 2003 1151 2074 iuste
1181 2012 1274 2058 aut
1304 2005 1505 2076 injuste
1534 2022 1662 2061 cum
1693 2007 1836 2078 abjc-

237 2097 316 2152 cit
362 2096 630 2169 patienter
671 2096 906 2169 accipiat
954 2106 1015 2152 ut
1061 2097 1339 2169 negotium
1385 2098 1726 2169 discutiatur,
1775 2109 1837 2154 ut
1891 2098 1903 2111 ‘

236 2191 318 2245 vel
350 2190 615 2262 probetur
656 2191 931 2246 sententia
961 2191 1079 2261 ejus
1108 2207 1137 2246 a
1169 2191 1438 2263 plurimis,
1467 2194 1545 2248 vel
1578 2193 1837 2249 emende-

236 2291 344 2339 tur.
378 2287 585 2339 Tamen
614 2286 933 2356 priusquam
970 2284 1154 2339 omnia
1194 2284 1488 2356 diligenter
1518 2293 1573 2340 et
1607 2284 1836 2342 ﬁdeliter

237 2379 637 2447 examinentur,
678 2394 807 2433 eum
851 2379 941 2450 qui
984 2376 1162 2434 fuerat
1196 2394 1227 2433 a
1270 2378 1658 2434 communione
1681 2396 1833 2452 sepa-

236 2480 388 2527 ratus
425 2480 547 2527 ante
576 2472 951 2544 cognitionem
980 2471 1162 2527 nullus
1200 2471 1364 2528 debet
1389 2487 1744 2543 praesumere,
1773 2482 1835 2528 ut

235 2566 617 2621 communioni
650 2567 839 2621 societ.
884 2588 909 2613 ι

306 2660 582 2715 Notentur
615 2660 775 2715 verba
809 2674 930 2732 quae
958 2658 1233 2728 dicuntur,
1274 2680 1297 2709 ι
1341 2667 1405 2715 ut
1427 2661 1694 2717 sententia
1718 2660 1834 2732 ejus

236 2754 522 2827 probetur,
563 2756 644 2810 vel
676 2754 1022 2822 emendetur,
1070 2776 1097 2803 ιι
1140 2754 1349 2810 scilicet
1396 2762 1457 2810 ut
1498 2754 1832 2812 discussione

235 2848 404 2916 facta,
434 2849 706 2903 sententia
738 2848 856 2921 ejus
884 2849 978 2920 qui
1005 2846 1379 2917 damnaverat,
1403 2848 1450 2903 si
1473 2848 1621 2921 juste
1644 2864 1830 2905 secum

234 2942 369 3015 agit,
408 2942 699 3013 probetur;
741 2941 786 2997 si
834 2942 1043 2997 ratione
1087 2950 1259 3008 caret,
1300 2942 1643 2998 emendetur.
1691 2943 1831 2999 Cum

233 3051 366 3108 ergo
394 3035 649 3090 neminen
689 3049 1033 3107 praepmpere
1078 3050 1173 3090 seu
1202 3045 1537 3106 praepostere
1580 3035 1831 3092 damnari

1954 506 2044 561 bet
2080 507 2343 562 canonice
2388 514 2610 562 vocatus
2662 507 2845 562 venire
2889 511 3305 580 contempserit;
3356 526 3545 566 secun-

1950 598 2106 667 dum,
2145 601 2189 655 si
2236 609 2599 671 przesentatus
2646 602 2928 672 praeceptis
2963 601 3391 659 sacerdotalibus
3432 620 3542 660 non

1952 692 2243 761 obedierit;
2282 694 2523 760 tertium,
2564 694 2609 748 si
2649 703 2775 749 ante
2808 695 3019 750 ﬁnitam
3051 711 3229 752 causae
3274 712 3392 753 suae
3422 713 3544 753 exa—

1950 786 2303 842 minationem
2365 804 2395 842 a
2470 788 2678 861 synodo
2739 788 3001 860 profugus
3065 790 3211 845 abire
3284 807 3543 861 praesume

1948 879 2139 951 pserit.
2172 903 2199 929 υ
2226 882 2307 935 Ne
2334 896 2463 935 vero
2485 882 2602 936 haec
2624 880 2869 954 synodus
2889 898 2953 937 ex
2984 882 3086 938 loci
3114 883 3422 939 humilitate
3451 886 3543 941 de-

1947 982 2222 1030 mereatur
2248 974 2648 1039 auctoritatem,
2696 974 2952 1030 audiatur
2995 976 3241 1031 Gelasius
3280 978 3339 1031 in
3366 979 3532 1049 epist.

1947 1068 2015 1125 ad
2041 1069 2325 1140 episcopos
2368 1084 2464 1139 per
2511 1067 2847 1123 Dardaniam
2894 1069 3223 1125 constitutos
3254 1089 3266 1125 :
3304 1093 3327 1119 α
3361 1072 3541 1128 Conﬁ-

1945 1161 2152 1227 dimus,
2199 1161 2475 1233 inquiens,
2515 1161 2664 1234 quod
2698 1162 2877 1217 nullus
2911 1162 3024 1235 jam
3073 1164 3336 1219 veraciter
3383 1165 3539 1221 Chri-

1944 1256 2150 1312 stianus
2191 1256 2402 1329 ignoret
2449 1256 2878 1327 uniuscujusque
2921 1255 3112 1328 synodi
3151 1258 3539 1326 constitutum,

1946 1349 2089 1422 quod
2147 1349 2463 1405 universalis
2505 1349 2761 1405 Ecclesiae
2806 1349 3055 1420 probavit
3093 1365 3370 1418 assensus,
3415 1351 3540 1406 nul-

1945 1444 2055 1499 lam
2086 1442 2222 1517 [non
2269 1443 2461 1511 aliam]
2503 1442 2675 1515 magis
2704 1443 2923 1513 exsequi
2968 1443 3153 1498 sedem
3195 1459 3305 1515 prae
3333 1445 3543 1499 caeteris

1946 1546 2197 1610 oportere
2224 1553 2389 1609 quam
2429 1536 2662 1608 primam
2693 1556 2704 1591 :
2735 1552 2858 1608 quae
2900 1545 2955 1591 et
2984 1552 3429 1610 unamquamque
3461 1553 3542 1610 sy-

1943 1630 2152 1686 nodum
2184 1646 2278 1685 sua
2301 1630 2624 1686 auctoritate
2656 1629 2968 1693 conﬁrmat,
2995 1637 3049 1684 et
3075 1630 3389 1685 continuata
3423 1646 3544 1685 mo-

1945 1723 2219 1781 deratione
2238 1724 2494 1792 custodit,
2534 1740 2633 1795 pro
2661 1740 2760 1779 suo
2791 1723 2995 1780 scilicet
3020 1724 3347 1795 principatu,
3377 1738 3541 1794 quem

1946 1819 2135 1874 beatus
2190 1822 2380 1875 Petrus
2448 1818 2728 1888 apostolus
2776 1817 3006 1873 Domini
3053 1833 3183 1872 voce
3228 1825 3541 1889 perceptum

1946 1915 2167 1978 (Matth.
2196 1912 2357 1984 xw),
2391 1912 2629 1967 Ecclesia
2675 1911 3038 1967 nihilominus
3067 1912 3453 1984 subsequente,
3489 1917 3543 1967 et

1944 2007 2116 2061 tenuit
2146 2022 2366 2077 semper
2386 2014 2442 2061 et
2485 2006 2708 2061 retinet.
2744 2029 2769 2052 υ
2832 2020 2843 2031 ’

2013 2102 2083 2154 Et
2111 2099 2302 2155 beatus
2333 2099 2591 2154 Isodorus
2620 2100 2731 2164 (lib.
2770 2114 2857 2165 v1,
2887 2116 2931 2153 c.
2970 2102 3049 2163 15)
3079 2107 3203 2169 post
3226 2098 3542 2171 descriptio-

1943 2208 2073 2248 nem
2102 2192 2535 2248 authenticarum
2567 2192 3001 2260 Scripturarum,
3030 2199 3085 2245 et
3114 2180 3372 2257 Nicaenae,
3400 2192 3544 2247 Con-

1939 2286 2453 2358 stantinopolitanae,
2518 2285 2821 2357 Ephesinzc,
2883 2283 3351 2339 Chalcedonensis
3404 2300 3542 2356 quo-

1941 2398 2043 2454 que
2074 2380 2290 2454 synodi,
2314 2378 2525 2435 addidit
2560 2396 2573 2434 :
2610 2402 2633 2425 «ι
2668 2378 2721 2433 Si
2749 2393 2855 2450 qua
2877 2386 3005 2432 sunt
3026 2377 3251 2432 concilia
3275 2394 3304 2432 a
3331 2379 3426 2433 SS.
3451 2379 3543 2433 Pa-

1939 2475 2113 2531 tribus
2140 2474 2417 2537 instituta,
2445 2481 2566 2544 post
2594 2473 2823 2527 istarum
2845 2487 2906 2527 Iv
2929 2472 3339 2539 auctoritatem,
3372 2479 3428 2527 et
3448 2487 3542 2527 cu-

1942 2567 2231 2625 stodienda
2270 2575 2324 2621 et
2346 2566 2652 2637 recipienda
2686 2565 3050 2621 decrevimus.
3101 2587 3125 2614 ιο
3160 2565 3304 2620 Hinc
3346 2573 3403 2620 et
3429 2569 3540 2622 Au-

1941 2660 2191 2732 gustinus
2217 2662 2298 2715 De
2344 2675 2468 2715 vera
2495 2658 2757 2729 religione
2794 2662 2977 2723 (tom.
3014 2660 3033 2712 Ι
3067 2658 3323 2728 Operam)
3355 2658 3489 2713 dicit
3522 2676 3536 2715 :

1947 2776 1970 2804 κ
2012 2756 2290 2809 lEternam
2352 2752 2527 2825 legem
2570 2750 2795 2806 mundis
2834 2751 3026 2806 animis
3076 2750 3155 2805 fas
3203 2760 3283 2805 est
3330 2766 3539 2822 cogno-

1943 2862 2114 2913 scere,
2145 2861 2261 2901 non
2290 2852 2374 2901 est
2403 2844 2483 2901 fas
2513 2843 2778 2917 judicare.
2808 2862 2836 2895 »
2868 2845 2935 2897 In
2964 2843 3075 2897 istis
3109 2850 3295 2898 autem
3326 2851 3538 2914 tempo-

1941 2939 2144 2995 ralibus
2174 2938 2404 3009 legibus,
2439 2952 2751 3010 quanquam
2775 2935 2841 2991 de
2869 2935 2955 2990 his
2983 2935 3236 2990 homines
3253 2935 3536 3008 judicent,

1941 3050 2065 3090 cum
2096 3049 2185 3089 eas
2225 3032 2541 3099 instituunt,
2585 3039 2728 3098 tum,
2759 3046 2886 3086 cum
2918 3028 3117 3085 fuerint
3160 3029 3425 3085 institutae
3461 3037 3539 3084 at-

233 3129 319 3185 lex
376 3129 616 3201 patiatur
657 3128 1038 3194 ecclesiastica,
1088 3128 1446 3200 probabiliter
1475 3130 1736 3199 dicimus,
1785 3130 1829 3184 si
1873 3164 1918 3227 Ο
1944 3143 2050 3200 que
2082 3127 2331 3195 ﬁrmatae,
2358 3142 2469 3182 non
2498 3125 2679 3181 licebit
2701 3123 2874 3197 judici
2909 3122 2979 3178 de
3001 3122 3129 3195 ipsis
3152 3122 3415 3195 judicare,
3440 3121 3537 3179 sed

232 3223 328 3296 qui
378 3222 757 3303 episcOporum
802 3238 830 3277 δ
878 3237 1014 3294 papa
1072 3223 1389 3293 regulariter
1447 3223 1515 3279 ad
1562 3223 1835 3296 synodum

230 3316 409 3372 vocati
454 3304 565 3371 non
604 3324 881 3382 venerant,
930 3317 1008 3371 vel
1043 3324 1218 3372 certas
1245 3316 1621 3387 impedimenti
1649 3332 1833 3374 neces-

230 3409 426 3466 sitates
454 3426 564 3465 non
585 3410 964 3481 probaverant,
998 3408 1167 3465 ofﬁcii
1194 3410 1611 3481 suspensionem
1636 3416 1832 3477 (1008)

228 3512 571 3575 meruerant,
589 3502 860 3559 audiendo
878 3512 1066 3559 tamen
1086 3503 1328 3559 humano
1341 3505 1829 3575 Augustini(epist.

231 3604 327 3666 50,
354 3597 492 3653 circa
524 3596 723 3662 ﬁnem)
756 3597 983 3653 consilio
1008 3598 1064 3652 in
1090 3596 1318 3668 epistola
1349 3597 1419 3652 ad
1446 3596 1789 3653 Bonifacium
1814 3616 1828 3653 ε

233 3714 263 3741 ι
307 3693 371 3745 In
398 3690 709 3762 hujusmodi
738 3691 936 3757 causis,
971 3689 1058 3746 ubi
1087 3706 1183 3760 per
1210 3706 1398 3762 graves
1425 3690 1832 3747 dissensionum

229 3785 505 3841 scissuras
544 3800 656 3838 non
697 3782 858 3856 hujus
905 3792 1000 3839 aut
1028 3784 1176 3839 illius
1208 3784 1452 3839 hominis
1491 3793 1577 3840 est
1619 3785 1830 3856 pericu-

228 3879 373 3957 lum,
396 3878 489 3933 sed
517 3879 845 3949 populorum
868 3886 1075 3949 strages
1091 3877 1298 3949 jacent,
1322 3876 1722 3934 detrahendum
1751 3887 1834 3935 est

229 3971 434 4044 aliquid
464 3970 757 4038 severitati,
788 3980 846 4026 ut
895 3971 1202 4043 majoribus
1229 3972 1388 4026 malis
1416 3971 1677 4028 sanandis
1704 3972 1831 4029 cha-

229 4065 413 4122 ritatis
431 4065 643 4121 sincera
667 4064 979 4130 subveniat;
1007 4087 1030 4112 »
1065 4072 1119 4119 et
1140 4067 1323 4119 Leone
1350 4067 1532 4133 (epist.
1558 4070 1649 4132 92,
1682 4066 1750 4122 ad
1773 4066 1833 4122 ﬁ-

229 4162 399 4227 nem)
457 4157 525 4214 ad
572 4158 863 4213 Rusticum
925 4157 1343 4212 Narbonensem
1392 4158 1710 4228 episcopum
1746 4158 1830 4214 di-

228 4259 391 4309 cente
418 4270 433 4308 :
463 4275 488 4300 α
522 4252 677 4307 Sicut
700 4251 955 4323 quaedam
985 4259 1136 4317 sunt,
1167 4265 1290 4321 quae
1320 4250 1465 4304 nulla
1491 4258 1722 4321 possunt
1746 4267 1831 4307 ra-

226 4346 386 4402 tione
428 4345 679 4411 convelli,
715 4346 789 4399 ita
839 4345 1105 4400 nonnulla
1139 4343 1377 4411 [multa]
1416 4353 1543 4399 sunt
1588 4360 1709 4415 quae
1734 4353 1830 4400 aut

231 4456 334 4513 pro
364 4439 803 4495 consideratione
848 4448 1097 4505 aetatum,
1143 4446 1237 4493 aut
1265 4454 1362 4510 pro
1391 4438 1715 4494 necessitate
1744 4454 1829 4495 re-

1945 3222 2250 3278 secundum
2309 3221 2472 3293 ipsas.
2542 3221 2611 3275 Et
2662 3235 2755 3289 per
2795 3216 3247 3288 (‘arthaginenses
3300 3231 3539 3272 canones

1943 3315 2140 3372 dicitur
2173 3332 2185 3370 :
2210 3338 2235 3361 ‹‹
2260 3315 2395 3383 Quae
2425 3313 2506 3368 vel
2527 3310 2691 3377 facta,
2723 3312 2804 3366 vel
2825 3310 2971 3366 dicta
3001 3310 3252 3383 superius
3291 3325 3539 3382 compre-

1940 3408 2106 3464 hensa
2148 3416 2294 3474 sunt,
2337 3406 2418 3462 vel
2465 3407 2532 3461 ab
2579 3406 2695 3461 aliis
2743 3404 2991 3459 conciliis
3044 3404 3375 3474 conscripta,
3410 3419 3534 3476 qua:

1940 3501 2244 3559 secundum
2270 3501 2446 3573 legem
2471 3500 2843 3566 inveniuntur,
2871 3497 3146 3553 custodire
3172 3513 3273 3552 nos
3299 3504 3533 3569 oportet.

1941 3597 1996 3653 Si
2040 3596 2158 3669 quis
2209 3610 2335 3650 vero
2385 3601 2588 3648 statuta
2649 3607 3029 3664 supergressus
3075 3591 3400 3663 corruperit,
3451 3590 3535 3646 vel

1942 3706 2040 3763 pro
2058 3688 2230 3744 nihilo
2260 3687 2512 3743 habenda
2545 3688 2815 3759 putaverit
2849 3706 2860 3741 :
2889 3685 2933 3741 si
2966 3684 3134 3741 laicus
3160 3692 3262 3751 est,
3294 3700 3538 3740 commu-

1940 3782 2133 3849 nione;
2168 3784 2213 3838 si
2243 3782 2492 3847 clericus,
2526 3780 2737 3836 honore
2765 3778 3024 3852 privetur.
3052 3804 3076 3828 ι

2014 3878 2114 3931 His
2133 3876 2199 3932 de
2221 3875 2428 3948 judicio
2476 3890 2628 3946 papae
2658 3873 2954 3946 responsis,
2999 3888 3099 3945 pro
3142 3888 3267 3928 mea
3309 3871 3535 3929 stultitia

1940 3980 2072 4039 tuae,
2104 3972 2282 4039 Pater,
2323 3969 2551 4041 iussioni
2600 3969 2761 4023 liceat
2797 3983 2908 4034 me,
2938 3975 3228 4039 antequam
3257 3966 3323 4022 de
3360 3965 3537 4022 Simo-

1939 4064 2110 4121 niacis
2135 4073 2188 4119 et
2211 4062 2703 4119 excommunicatis
2726 4061 3112 4134 respondeam,
3142 4060 3389 4132 quaedam
3414 4075 3537 4132 quae

1937 4174 2039 4213 nos
2081 4158 2264 4214 idiotas
2305 4158 2562 4229 utrinque
2603 4154 2936 4211 conferimus
2986 4163 3169 4210 tecum
3198 4152 3408 4225 agendo
3436 4153 3537 4208 de-

1940 4251 2123 4307 liciari.
2166 4253 2401 4305 Persona
2446 4249 2610 4319 igitur
2652 4249 2935 4319 apostolici
2979 4249 3141 4319 exigit
3185 4248 3251 4302 ab
3304 4262 3367 4301 eo
3398 4255 3461 4301 ut
3488 4248 3532 4300 si

1939 4344 2192 4399 Ecclesiae
2236 4359 2358 4414 quae
2383 4357 2440 4396 se
2464 4357 2564 4396 suo
2609 4341 2838 4395 credidit
2885 4341 3190 4411 patrocinio
3221 4341 3533 4395 consultum

1938 4437 2187 4502 voluerit,
2234 4437 2275 4490 si
2306 4436 2357 4490 id
2401 4434 2547 4506 quod
2577 4433 2775 4489 dicitur
2803 4448 2919 4487 esse
2946 4432 3263 4497 decreverit,
3294 4432 3532 4501 gladium

229 4550 357 4590 rum
390 4542 639 4605 oporteat
664 4533 973 4605 temperari,
1009 4533 1099 4588 illa
1142 4548 1361 4603 semper
1384 4532 1699 4589 conditione
1732 4550 1833 4589 ser-
1865 4525 1918 4589 D
1947 4529 2163 4601 spiritus
2200 4529 2446 4599 evaginet
2492 4529 2544 4582 in
2583 4525 2868 4597 episcopos
2908 4527 2998 4596 qui
3038 4540 3150 4579 non
3194 4539 3292 4595 per
3331 4522 3533 4577 ostium

231 4636 381 4693 vata,
412 4637 470 4683 ut
493 4629 547 4683 in
579 4627 662 4682 his
683 4643 804 4699 qua:
842 4627 920 4682 vel
948 4625 1113 4682 dubia
1142 4624 1347 4682 fuerint
1374 4635 1467 4682 aut
1497 4626 1747 4695 obscura,
1775 4627 1829 4683 id

228 4721 552 4777 noverimus
580 4720 943 4793 sequendum,
974 4719 1123 4792 quod
1155 4736 1256 4775 nec
1286 4721 1569 4791 praeceptis
1603 4736 1830 4792 evange-

229 4814 348 4870 licis
371 4815 736 4883 contrarium,
763 4829 866 4870 nec
892 4812 1126 4870 decretis
1155 4815 1247 4870 SS.
1278 4816 1505 4869 Patrum
1529 4814 1832 4869 inveniatur

228 4908 522 4964 adversum
537 4951 549 4963 .
590 4932 615 4957 ι

305 5006 511 5072 (1009)
558 5005 827 5059 Praeterea
858 5000 1071 5058 decreta
1101 4999 1451 5057 Triburensis
1483 4998 1675 5073 synodi
1700 5015 1832 5055 con-

228 5097 364 5163 cilii,
392 5096 480 5153 cui
507 5095 758 5152 interfuit
782 5096 1084 5151 catholicus
1122 5093 1385 5151 Arnolfus
1428 5109 1545 5161 rex,
1589 5094 1833 5163 praescri-

229 5191 376 5248 bunt
403 5190 562 5246 nobis
600 5197 819 5246 tantum
862 5189 983 5257 tria,
1014 5203 1137 5261 quae
1178 5195 1490 5244 mereantur
1527 5187 1832 5260 episcopale

306 5423 510 5486 (1007)
554 5418 985 5474 Carolomannus
1026 5417 1120 5487 qui
1165 5424 1222 5471 et
1270 5415 1521 5487 Carolus
1548 5414 1831 5486 episcopus

229 5491 672 5548 Constantiensis
712 5490 954 5545 intrusus
1000 5486 1055 5542 et
1096 5488 1438 5543 Simoniacus
1478 5486 1546 5542 ab
1597 5487 1829 5541 Henrico

227 5564 307 5619 IV
335 5565 551 5619 Caesare
582 5578 709 5616 ann.
750 5568 907 5617 1069.
949 5562 1084 5617 Vide
1120 5559 1425 5631 catalogum
1450 5562 1829 5631 episcoporum

228 5635 528 5691 Constant.
553 5648 728 5705 nuper
743 5634 949 5689 editum
964 5648 991 5685 a
1007 5636 1072 5687 D.
1102 5628 1353 5697 Pistorio,
1372 5638 1427 5685 et
1446 5628 1825 5698 Lambertum,

233 5712 380 5763 1069
406 5713 461 5760 et
499 5711 659 5770 I07t;
692 5706 860 5761 Couc.
902 5705 1187 5758 Sardicens
1217 5743 1233 5768 ,
1264 5718 1313 5756 c.
1355 5709 1442 5756 l7.

311 5779 513 5842 (1008)
557 5778 657 5834 Hic
686 5777 991 5832 cautissime
1035 5790 1139 5829 non
1177 5773 1445 5841 adjectum
1477 5791 1493 5823 :
1521 5770 1665 5842 quod
1684 5786 1831 5841 papa

229 5850 439 5918 absque
478 5850 679 5919 synodo
724 5850 991 5903 neminem
1029 5848 1201 5915 possit
1247 5844 1523 5898 damnare.
1568 5846 1705 5901 Nam
1735 5845 1827 5898 hoc

1938 4625 2295 4691 intraverant,
2338 4620 2427 4694 qui
2474 4637 2601 4677 eum
2632 4620 3039 4691 praecipientem
3064 4617 3213 4688 quod
3241 4615 3535 4688 apostolica

1941 4718 2143 4773 clamat
2174 4715 2464 4771 auctoritas
2505 4730 2619 4769 non
2656 4711 2961 4779 audierant,
3004 4710 3056 4766 id
3100 4710 3199 4766 sibi
3246 4710 3537 4765 necessita-

1943 4812 2016 4866 tis
2039 4811 2397 4882 imponentes,
2430 4816 2491 4863 ut
2522 4808 2576 4861 in
2616 4807 3012 4861 correctionem
3043 4804 3532 4861 ecclesiasticarum

1943 4920 2105 4975 opera
2144 4910 2330 4958 utatur
2376 4901 2739 4969 smeularium,
2776 4908 2834 4955 ut
2882 4915 3117 4970 quorum
3166 4907 3305 4954 esset
3348 4913 3534 4969 specu-

1940 4998 2055 5053 lum
2100 4996 2222 5052 vitae
2268 4995 2590 5051 clericorum
2657 4994 2724 5049 de
2782 4993 3004 5065 agendis
3067 4993 3371 5059 consulere,
3432 4991 3537 5047 sibi

1941 5090 2113 5147 modo
2149 5098 2406 5162 arrogent
2446 5088 2657 5144 clericis
2701 5088 3042 5160 magi~trare.
3095 5090 3294 5142 Tracta
3342 5084 3532 5156 igitur,

1941 5184 2091 5259 quod
2119 5186 2293 5252 aiunt,
2317 5200 2346 5239 a
2378 5192 2533 5254 tergo
2576 5181 2710 5253 legis
2739 5182 3119 5238 ecclesiasticae
3146 5179 3396 5245 materia,
3420 5193 3532 5232 non

1942 5414 2265 5484 adjectivum
2326 5413 2626 5483 apostolicae
2672 5411 2999 5467 auctoritati
3048 5405 3412 5479 prajudicare
3457 5408 3534 5461 vi-

1941 5486 2181 5541 deretur.

2011 5561 2201 5620 (1009)
2230 5553 2307 5607 Hi
2322 5555 2470 5609 modi
2498 5555 2901 5609 anathematum
2923 5550 3253 5606 diswtiendi
3265 5555 3389 5605 sunt
3414 5552 3535 5621 qui-

1941 5627 2060 5682 dem
2088 5628 2362 5696 episcopis,
2404 5644 2513 5681 non
2544 5630 2737 5695 utique
2786 5628 2843 5678 in
2886 5626 3215 5696 contumacia
3243 5623 3533 5696 publicatis

1934 5694 2158 5769 p-rceﬁaii
2182 5698 2455 5765 videntur,
2503 5705 2565 5752 ut
2598 5694 2664 5751 ea}
2692 5698 2910 5769 lecticae
2939 5695 3174 5763 ejusdem
3201 5696 3413 5747 concilii
3439 5694 3533 5746 col-

1942 5766 2155 5838 ligitur,
2183 5772 2457 5839 quietiam
2483 5769 2629 5823 modi
2642 5766 3009 5837 prcejudicare
3027 5782 3131 5820 non
3152 5770 3383 5835 possunt
3406 5780 3532 5835 apo-

1940 5842 2137 5896 stolicae
2175 5842 2512 5895 auctoritati.
