4062 6182
540 289 666 342 1151

1539 291 1629 343 ΑΙ)
1667 289 1892 345 OPERA
1929 290 1986 346 S.
2028 289 2348 346 GREGORH
2386 287 2818 345 APPENDICES.

3689 291 3824 342 H52

540 429 636 484 per
665 416 869 471 ostium
908 415 1244 470 intraverant
1271 418 1469 480 (1010)
1513 415 1603 486 qui
1634 414 1773 485 apud
1803 431 1947 484 suas,
1987 431 2119 487 quas
2151 420 2202 482 Α
2237 423 2321 470 ter
2348 413 2680 481 extenditur,
2711 429 2840 469 cum
2871 428 2969 485 pro
3003 415 3304 468 reverentia
3337 409 3545 467 ordinis
3575 418 3828 483 peccator

539 523 685 565 nunc
709 516 970 579 occupant
993 508 1172 575 sedes,
1197 525 1308 564 non
1339 509 1486 580 prius
1507 509 1663 565 electi
1696 525 1863 582 quam
1889 511 2120 582 recepti,

539 600 632 658 sed
658 600 767 657 heu
795 610 1123 673 praepostere
1152 603 1302 674 prius
1329 603 1531 675 recepti
1560 618 1726 675 quam
1755 603 1941 672 electi;
1972 603 2124 676 prius

540 707 784 767 persaepe
828 693 1068 751 ordinati
1115 709 1279 767 quam
1324 696 1520 767 (1011)
1559 712 1753 754 omnes
1799 713 2017 765 manus,
2069 705 2126 753 et

535 787 756 860 lingute,
781 803 876 844 seu
904 804 1180 862 corporea:
1208 790 1508 860 servitutis,
1544 807 1658 847 non
1685 791 1803 848 solo
1827 791 2126 862 spiritualis

538 882 662 939 vitae
725 883 1056 950 interventu,
1117 892 1175 939 et
1219 884 1696 940 commendatione
1737 886 2005 957 promoti;
2056 883 2124 940 de

538 989 775 1046 quorum
821 976 1072 1049 contagio
1111 978 1354 1033 Ecclesia
1389 978 1506 1050 jam
1551 977 1607 1035 id
1656 979 1790 1034 labis
1816 979 2124 1047 contraxit,

539 1069 685 1140 quod
731 1086 866 1142 pene
905 1071 988 1126 sui
1017 1079 1378 1136 sacramenta,
1411 1071 1466 1128 id
1513 1081 1595 1128 est
1623 1071 1996 1128 ordinationes
2023 1074 2126 1129 cle-

540 1164 806 1226 ricorum,
854 1166 1283 1221 consecrationes
1316 1165 1689 1234 ecclesiarum,
1737 1175 1793 1222 et
1836 1166 1935 1222 alia
1979 1182 2125 1239 qum-

539 1256 666 1311 dam
695 1259 777 1313 sui
804 1258 1034 1330 insignia
1064 1258 1320 1330 perdidit,
1348 1275 1475 1315 cum
1501 1277 1532 1316 a
1560 1260 1760 1317 talibus
1787 1268 2124 1328 consecrata,

543 1351 719 1421 potius
755 1350 823 1407 ab
850 1351 938 1407 his
982 1352 1287 1409 maledictis
1316 1353 1389 1409 sit
1434 1353 1744 1420 maledicta,
1773 1354 2018 1410 Domino
2048 1355 2126 1410 eis

542 1459 636 1514 per
665 1445 984 1516 prephetam
1023 1447 1238 1503 dicente
1266 1468 1278 1503 :
1315 1455 1348 1495 α’
1382 1446 1709 1504 Maledicam
1736 1447 2124 1504 benedictioni-

541 1535 644 1593 bus
673 1539 861 1596 vestris
892 1539 1058 1606 (Mal.
1094 1544 1192 1606 ιι).
1233 1563 1258 1590 ι

610 1635 805 1699 (1012)
827 1633 958 1688 Haec
981 1633 1260 1699 dicuntur,
1283 1635 1396 1690 imo
1411 1635 1768 1708 deplorantur
1784 1635 1838 1690 in
1861 1634 2126 1708 quosdam

542 1722 772 1780 istorum
814 1742 912 1798 pro
961 1727 1194 1783 miseriis
1234 1730 1521 1800 praesentis
1546 1737 1720 1785 status
1749 1729 2123 1796 ecclesiastici,

539 1797 1198 1892 clamaturiapostolicus,
1234 1797 1311 1877 ‘ut
1357 1824 1642 1880 subveniat
1684 1823 1935 1879 Ecclesia:
1977 1822 2126 1878 labo-
2160 1797 2208 1858 Β

439 1987 442 1990 Δ
542 1913 705 1968 ranti.
725 1913 816 1968 isti
843 1922 1068 1972 econtra
1098 1931 1195 1987 pro
1225 1931 1284 1972 se
1309 1925 1362 1971 et
1393 1918 1447 1972 in
1466 1917 1830 1990 apostolicum
1857 1917 2128 1985 clamant;

538 2006 688 2079 quod
717 2007 830 2080 ipse
855 2023 971 2074 eos,
1021 2016 1083 2065 ut
1122 2018 1218 2065 tuo
1256 2010 1422 2066 verbo
1465 2019 1610 2078 utar,
1639 2011 2022 2082 proscripserit
2049 2018 2133 2082 ty-

537 2098 779 2166 rannice,
809 2115 920 2156 non
965 2102 1356 2170 ecclesiastico;
1404 2102 1625 2174 privatae
1662 2104 1746 2158 sui
1796 2103 1963 2174 ipsius
1991 2103 2127 2174 inju-

537 2192 678 2259 ria,
702 2205 812 2248 non
860 2203 1112 2266 respectu
1150 2194 1425 2267 aequitatis
1455 2195 1707 2267 publica).
1751 2198 1823 2251 Et
1855 2196 2128 2260 maxime,

540 2284 664 2355 quia
708 2283 764 2340 id
804 2295 1040 2358 agentes,
1069 2288 1220 2359 quod
1260 2303 1368 2343 non
1398 2304 1496 2359 pro
1525 2289 1900 2361 magnitudine
1928 2288 2133 2361 negotii

541 2376 867 2447 discussum,
926 2378 1023 2435 sed
1072 2381 1153 2436 rei
1225 2384 1493 2438 Romanae
1543 2381 1926 2453 periculosum,
1978 2381 2132 2440 omni

461 2470 470 2480 ‘
541 2484 670 2526 vero
695 2472 952 2529 Ecclesiae
979 2473 1081 2528 erit
1107 2472 1460 2530 damnosum.

610 2563 813 2621 Dicunt
841 2564 1062 2638 quidem
1093 2567 1431 2640 Stephanum
1458 2584 1650 2640 papam
1680 2573 1894 2637 (10I3),
1917 2571 2010 2641 qui
2043 2585 2137 2625 an-

538 2666 624 2712 tea
667 2659 1000 2732 Fridericus,
1040 2659 1269 2717 fratrem
1307 2661 1574 2718 Gotefridi
1607 2662 1778 2731 ducis,
1837 2663 1894 2717 in
1921 2663 2136 2734 publica

538 2751 770 2822 synodo,
820 2753 956 2824 ejus,
991 2755 1085 2826 qui
1129 2770 1273 2810 nunc
1316 2763 1576 2827 papatum
1598 2763 1750 2812 tenet
1795 2764 1848 2811 et
1883 2757 2136 2812 omnium

416 2871 418 2873 ν
487 2923 489 2926 ι
539 2844 630 2916 qui
662 2845 886 2901 aderant
911 2862 1202 2916 consensu,
1235 2847 1542 2904 decrevisse
1580 2857 1658 2916 ut,
1689 2857 1950 2921 regnante
1974 2850 2138 2905 Hein-

537 2937 671 3006 rico,
701 2954 864 3010 quem
906 2955 1052 2995 nunc
1089 2957 1274 3012 regem
1301 2940 1587 3009 habemus,
1633 2942 1750 3015 ejus
1780 2943 1837 2998 in
1875 2943 2134 2999 electione

539 3033 782 3087 Romani
817 3033 1083 3104 pontificis
1108 3042 1513 3106 exspectaretur
1540 3050 1866 3092 consensus.
1905 3038 2136 3092 Testan-

538 3133 628 3180 tur
653 3125 824 3181 etiam
869 3127 962 3198 qui
1001 3126 1087 3183 hic
1115 3127 1263 3183 idem
1297 3144 1428 3200 papa
1479 3129 1536 3183 in
1580 3128 1772 3185 eadem
1798 3129 1986 3199 verba,
2013 3145 2131 3185 ora—
2166 3163 2210 3226 Ο

538 3219 622 3273 rio
649 3219 853 3275 collum
886 3229 1132 3289 ornatus,
1177 3221 1263 3276 bis
1281 3222 1565 3294 juraverit.
1598 3224 1673 3278 Et
1697 3238 1762 3278 ex
1793 3222 1876 3279 his
1903 3223 2131 3297 subjun-

539 3312 686 3384 gitur
728 3313 858 3384 quia
883 3329 949 3369 ex
984 3313 1087 3370 hoc
1116 3313 1285 3388 [quo]
1324 3315 1541 3388 quidem
1582 3324 1843 3389 papatum
1884 3331 2135 3374 conscen-

537 3405 709 3473 derat,
740 3422 901 3462 suum
923 3406 1251 3465 decretalem
1267 3425 1623 3477 consensum,
1658 3425 1813 3466 suam
1843 3409 2135 3482 professio-

537 3515 688 3568 nem,
719 3515 876 3556 suam
921 3502 1380 3574 subscriptionem
1428 3504 1726 3575 negaverit,
1768 3519 1934 3575 seque
1959 3503 2138 3575 perju-

537 3609 679 3655 rum,
723 3593 872 3666 quod
912 3593 1066 3650 nefas
1094 3603 1176 3651 est
1215 3595 1348 3664 dici,
1384 3611 1496 3651 non
1526 3596 1706 3652 solum
1735 3605 1870 3652 tunc
1912 3595 2136 3666 fecerit,

539 3685 908 3756 suscipiendo,
939 3686 1034 3741 sed
1079 3688 1326 3758 quotidie
1357 3687 1523 3744 faciat
1570 3689 1890 3745 obtinendo.
1938 3690 2141 3746 Audiat

539 3777 680 3833 dicta
710 3777 925 3834 decreta
952 3780 1390 3853 Carthaginensis
1424 3783 1680 3838 concilii:
1715 3801 1742 3835 ‹‹
1765 3782 1820 3838 Si
1862 3784 1982 3856 quis
2006 3799 2140 3840 con-

538 3879 622 3924 tra
657 3885 819 3926 suam
866 3870 1260 3943 professionem
1291 3878 1504 3940 (1014),
1557 3876 1640 3930 vel
1684 3876 2140 3948 subscriptionem

540 3963 751 4018 venerit
801 3963 854 4019 in
884 3965 1086 4037 aliquo,
1135 3965 1251 4038 ipse
1291 3982 1349 4022 se
1377 3967 1588 4023 honore
1616 3968 1861 4039 privavit.
1898 3993 1922 4018 υ
1974 3973 2042 4026 Et
2069 3987 2140 4026 ne

539 4072 599 4112 ex
622 4056 724 4113 loci
748 4057 984 4113 culmine
1019 4067 1172 4130 putet
1195 4059 1295 4115 sibi
1328 4059 1515 4115 omnia
1541 4059 1718 4130 licere,
1747 4060 1935 4117 audiat
1961 4062 2136 4128 illum,

538 4153 693 4226 cujus
718 4153 939 4208 nomine
954 4151 1178 4223 gaudet,
1206 4154 1537 4225 Gregorium
1572 4159 1759 4222 (1015)
1794 4175 1806 4210 :
1839 4177 1866 4205 α
1888 4157 2024 4226 Nos,
2049 4160 2140 4231 qui

541 4261 868 4318 praesumus,
913 4261 1024 4301 non
1074 4261 1136 4302 ex
1181 4247 1429 4303 locorum
1461 4264 1563 4304 nec
1609 4249 1821 4321 generis
1848 4249 2138 4322 dignitate,

536 4339 634 4396 sed
665 4355 886 4395 morum
913 4339 1196 4396 nobilitate
1220 4339 1562 4398 innotescere
1591 4341 1877 4411 debemus,
1905 4361 2010 4400 nec
2042 4361 2138 4401 ur-

540 4434 688 4489 bium
731 4435 998 4501 claritate,
1049 4434 1143 4490 sed
1188 4433 1309 4490 ﬁdei
1351 4436 1613 4506 puritate;
1652 4459 1676 4484 υ
1719 4437 1774 4492 id
1804 4445 1908 4505 est,
1954 4437 2138 4494 Adam

2232 508 2552 564 honoratur.
2590 505 2795 563 Audiat
2823 514 2876 562 et
2905 522 3103 579 papam
3133 504 3469 576 Simplicium
3503 527 3515 561 :
3549 528 3573 554 ι
3607 505 3826 560 Privile—

2234 602 2389 672 gium
2431 609 2675 656 uteretur
2714 599 2988 666 amittere,
3028 598 3119 670 qui
3149 597 3414 669 permissa
3444 598 3552 653 sibi
3582 596 3828 653 abutitur

2233 702 2501 766 potestate
2523 737 2537 751 .
2575 717 2600 743 ιδ
2624 693 2829 750 Audiat
2849 701 2903 749 et
2929 693 3333 765 Hieronymum
3358 696 3465 758 (11,
3493 709 3548 761 q.
3570 697 3624 761 3,
3652 709 3698 746 c.
3721 697 3824 754 63):

2240 811 2264 838 ι
2307 790 2434 844 Non
2462 786 2619 844 facile
2649 795 2731 842 est
2771 795 2917 842 stare
2947 787 3000 841 in
3028 785 3151 841 loco
3195 785 3342 840 Petri
3385 793 3437 840 et
3467 784 3646 851 Pauli,
3675 794 3732 840 et
3756 795 3828 840 te-

2234 897 2362 937 nere
2389 881 2707 937 cathedram
2736 880 3081 952 regnantium
3111 895 3240 934 cum
3268 877 3515 946 Christo;
3548 878 3681 950 quia
3706 877 3833 933 hinc

2234 975 2480 1032 dicitur:
2526 978 2649 1031 Non
2692 971 3004 1030 sanctorum
3037 973 3132 1029 lilii
3175 981 3306 1028 sunt
3351 974 3444 1045 qui
3477 981 3676 1030 tenent
3718 974 3833 1029 loca

2233 1081 2572 1140 sanctorum,
2607 1070 2703 1126 sed
2745 1071 2835 1143 qui
2885 1079 3138 1127 exercent
3167 1086 3330 1142 opera
3373 1085 3585 1125 eorum.
3630 1091 3660 1118 ι
3693 1052 3835 1125 Hinc

2235 1174 2290 1222 et
2317 1167 2601 1238 Augustin.
2624 1169 2707 1220 De
2733 1149 2898 1220 serm.
2936 1164 3157 1221 Domini
3198 1164 3253 1218 in
3289 1171 3512 1219 monte:
3545 1187 3568 1211 α
3596 1163 3837 1218 Maxime

2234 1259 2288 1315 hi
2318 1267 2527 1315 temere
2569 1258 2826 1331 judicant
2867 1258 2958 1330 qui
2987 1259 3162 1330 magis
3207 1265 3393 1312 amant
3438 1258 3758 1328 vituperare
3786 1266 3838 1312 et

2235 1352 2496 1409 damnare
2525 1367 2690 1424 quam
2725 1351 3027 1408 emendare
3073 1359 3240 1422 atque
3285 1349 3577 1422 corrigere.
3619 1374 3647 1398 ι»
3681 1349 3838 1422 Quod

2236 1446 2426 1502 vitium
2465 1453 2546 1502 est
2575 1445 2825 1517 superbia
2856 1445 2936 1500 vel
2962 1443 3276 1500 invidentia.

2308 1543 2542 1595 Demum
2591 1548 2653 1596 ut
2708 1539 2957 1594 canonici
3009 1537 3288 1594 canonicis
3329 1538 3525 1610 jaculis
3571 1539 3838 1592 canonica

2237 1631 2576 1705 praetendant
2641 1631 3047 1704 propugnacula
3101 1630 3331 1686 dicunt:
3373 1631 3516 1687 Cum
3577 1629 3840 1686 dominus

2239 1742 2377 1798 papa
2397 1741 2498 1781 nos
2527 1742 2642 1781 non
2670 1726 2936 1781 canonice
2980 1732 3224 1791 vocatos,
3256 1739 3358 1780 nos
3383 1725 3568 1779 venire
3592 1724 3838 1796 prohibi-

2240 1828 2327 1876 tos
2345 1818 2662 1888 damnarat,
2691 1819 2880 1876 audire
2905 1819 3150 1890 oportuit
3170 1817 3629 1889 praedecessorem
3660 1833 3844 1878 suum,

2238 1913 2394 1985 cujus
2420 1913 2643 1969 nomine
2671 1912 2893 1986 gaudet,
2925 1912 3277 1984 Gregorium,
3327 1912 3594 1984 episcopo
3647 1911 3842 1966 Joanni

2239 2007 2442 2078 injuste
2457 2005 3306 2062 excommunicanti‘scribentem
3329 2009 3498 2071 (1016
3517 2007 3535 2069 )
3563 2024 3574 2058 :
3601 2022 3631 2055 α
3657 2006 3847 2059 Cassa-

2241 2100 2308 2155 tis
2336 2100 2488 2170 prius
2530 2109 2692 2171 atque
2721 2099 2788 2155 ad
2834 2098 3070 2154 nihilum
3111 2098 3348 2155 redactis
3389 2096 3678 2170 praedicta:
3722 2113 3842 2152 sen-

2239 2193 2428 2249 tentia:
2454 2201 2563 2248 tua:
2583 2192 2834 2257 decretis,
2862 2208 2927 2248 ex
2952 2192 3094 2248 beati
3118 2193 3262 2247 Petri
3294 2192 3676 2263 apostolorum
3706 2191 3847 2262 prin-

2240 2287 2372 2358 cipis
2398 2287 2726 2342 auctoritate
2773 2287 3121 2342 decernimus
3148 2285 3370 2357 triginta
3419 2285 3642 2340 dierum
3675 2286 3843 2357 spatio

2241 2395 2396 2436 sacra
2419 2387 2472 2436 te
2497 2381 2892 2437 communione
2913 2380 3210 2452 privatum,
3234 2379 3304 2435 ab
3325 2380 3711 2450 omnipotente
3733 2382 3844 2434 Deo

2241 2482 2432 2530 nostro
2464 2476 2599 2530 tanti
2629 2489 2885 2530 excessus
2922 2473 3142 2529 veniam
3173 2489 3298 2528 cum
3320 2487 3540 2527 summa
3571 2471 3844 2544 poeniten-

2241 2567 2314 2623 tia
2339 2576 2394 2623 et
2421 2567 2678 2642 lacrymis
2697 2582 2944 2623 exorare.
2971 2566 3132 2638 Quod
3157 2567 3200 2622 si
3231 2566 3372 2621 hanc
3395 2565 3732 2621 sententiam
3756 2581 3842 2620 no-

2243 2669 2414 2717 stram
2442 2669 2498 2717 te
2529 2661 2950 2734 cognoverimus
2977 2659 3233 2732 implesse
3262 2659 3569 2726 remissius,
3597 2659 3844 2730 nonjam

2242 2763 2450 2810 tantam
2507 2755 2858 2827 iniustitiam,
2915 2753 3013 2809 sed
3053 2753 3457 2810 contumaciam
3529 2752 3840 2807 fraternita-

2241 2849 2312 2904 tis
2352 2857 2462 2905 tuaa
2499 2863 2819 2921 cognoscas,
2865 2847 3086 2920 iuvante
3133 2847 3396 2914 Domino,
3451 2847 3697 2902 severius
3745 2863 3845 2917 pu-

2243 2941 2500 2999 niendam
2512 2985 2525 2998 .

2313 3038 2383 3090 Et
2421 3035 2552 3092 item
2582 3035 2705 3090 alibi
2735 3054 2748 3091 :
2780 3058 2805 3083 «ι
2852 3034 3012 3109 Quod
3035 3035 3080 3090 si
3123 3044 3316 3090 contra
3345 3033 3462 3090 haec
3491 3049 3618 3105 quae
3649 3035 3842 3088 statui.

2242 3143 2387 3195 mus,
2419 3129 2663 3199 quolibet
2686 3136 2958 3200 tempore,
2989 3127 3228 3200 qualibet
3251 3128 3540 3184 occasione
3579 3127 3664 3182 vel
3709 3127 3841 3181 sub-

2240 3221 2512 3293 reptione,
2554 3221 2736 3276 venire
2777 3221 3093 3287 tentaveris,
3147 3236 3299 3276 sacra
3352 3229 3405 3276 te
3449 3219 3849 3275 communione.

2241 3315 2537 3388 privatum,
2556 3330 2657 3370 nec
2677 3330 2800 3370 eam
2822 3323 2896 3383 te,
2925 3323 3150 3386 excepto
3181 3313 3374 3369 ultimo
3407 3314 3525 3369 vitae
3558 3321 3673 3367 tua:
3705 3321 3847 3368 tem-

2243 3425 2410 3483 pore,
2436 3408 2544 3465 nisi
2587 3425 2718 3464 cum
2747 3423 3001 3465 concessa
3025 3408 3259 3464 Romani
3291 3406 3561 3480 pontificis
3589 3405 3846 3461 decerni-

2245 3519 2375 3559 mus
2394 3503 2642 3575 jussione
2669 3503 2926 3576 recipere.
2976 3503 3112 3558 Haec
3157 3502 3306 3557 enim
3353 3516 3594 3556 consona
3642 3501 3847 3555 sanctis

2246 3597 2500 3654 Patribus
2528 3596 2843 3653 deﬁnitione
2885 3597 3188 3663 sancimus,
3238 3604 3297 3651 ut
3338 3596 3429 3668 qui
3470 3593 3643 3650 sacris
3673 3593 3850 3649 nescit

2246 3689 2468 3746 obedire
2501 3689 2831 3759 canonibus,
2853 3705 2952 3746 nec
2982 3691 3152 3745 sacris
3177 3688 3566 3744 administrare
3589 3688 3672 3743 vel
3701 3703 3848 3744 com-

2247 3785 2566 3841 munionem
2590 3799 2782 3857 capere
2811 3784 2884 3839 sit
2911 3783 3112 3856 dignus
3140 3783 3422 3839 altaribus.
3462 3807 3487 3831 ν

2318 3878 2525 3933 Mirum
2569 3877 2716 3948 quod
2763 3892 2872 3932 non
2919 3876 3072 3933 audit
3099 3879 3344 3932 Leonem
3407 3874 3478 3930 ad
3525 3876 3846 3930 Anatolium

2247 3975 2443 4038 (1017)
2469 3989 2481 4027 :
2521 3994 2547 4020 α
2576 3971 2771 4027 Virum
2792 3969 3146 4038 catholicum,
3174 3979 3229 4025 et
3252 3969 3590 4041 prmeipuum
3622 3969 3846 4023 Domini

2245 4063 2604 4133 sacerdotem,
2650 4064 2793 4120 sicut
2833 4063 2984 4118 nullo
3029 4079 3216 4119 errore
3243 4062 3532 4133 implicari,
3581 4063 3647 4116 ita
3689 4062 3845 4116 nulla

2247 4164 2466 4230 oportet
2509 4157 2806 4228 cupiditate
2863 4156 3178 4228 corrumpi,
3233 4154 3451 4211 dicente
3494 4156 3770 4223 Scriptura
3828 4171 3843 4207 :

2248 4253 2379 4307 Post
2403 4248 2866 4321 concupiscentias
2912 4257 3035 4304 tuas
3066 4261 3178 4304 non
3209 4263 3314 4304 eas.
3346 4250 3531 4313 (Eccli.
3563 4252 3784 4310 xvnt).
3821 4272 3845 4292 -

2248 4345 2372 4399 Non
2401 4341 2710 4399 considerat
2738 4342 3069 4399 sententiam
3093 4341 3388 4398 Justiniani
3417 4340 3668 4396 catholici
3704 4340 3850 4412 imp.

2249 4453 2415 4508 quam
2444 4435 2640 4508 probat
2668 4444 2724 4492 et
2770 4445 2948 4492 servat
2976 4435 3238 4504 Ecclesia,
3279 4433 3552 4490 dicentem
3579 4439 3662 4498 (1,
3700 4454 3760 4504 q.
3794 4444 3851 4498 6,

541 4529 753 4599 primus
780 4527 948 4584 homo
980 4544 1078 4599 pro
1107 4537 1330 4600 peccato
1352 4505 1427 4584 ide
1457 4529 1711 4600 paradiso
1741 4529 1986 4602 dejectus
2015 4541 2100 4588 est
2119 4552 2131 4590 :
2151 4505 2214 4620 ’.Β
2243 4505 2286 4585 c—.
2318 4535 2401 4595 11)
2423 4505 2497 4584 :—«
2518 4531 2597 4586 Ut
2615 4545 2777 4585 nemo
2798 4530 3287 4601 episcopus,nemo
3314 4527 3590 4600 presbyter
3613 4542 3858 4582 excom-

540 4619 644 4674 hoc
691 4629 793 4687 est,
839 4623 932 4693 qui
975 4621 1319 4678 nobilitatem
1363 4622 1461 4677 Dei
1508 4639 1539 4679 a
1583 4623 1817 4696 sejecit,
1849 4625 2133 4681 nobilitate

542 4712 647 4768 loci
678 4713 937 4785 privetur,
975 4713 1031 4768 id
1061 4723 1162 4784 est,
1197 4717 1253 4770 in
1295 4716 1607 4787 exemplum
1651 4717 1810 4789 culpa
1839 4718 2132 4775 vehemen-

617 4912 816 4974 (1010)
849 4909 952 4963 Hic
978 4924 1083 4964 ms.
1117 4909 1373 4966 lacunam
1401 4911 1586 4970 habet.

613 4981 812 5051 (1011)
844 4979 1019 5034 Etiam
1051 4980 1139 5035 hic
1177 4981 1397 5048 lacuna,
1428 4999 1530 5039 nec
1554 4999 1745 5039 sensus
1773 4992 2009 5040 constat.

614 5056 818 5116 (1012)
846 5051 1060 5105 Abhinc
1089 5053 1434 5107 calumniosce
1462 5055 1781 5124 objectiones
1805 5060 2138 5125 conspirata-

545 5139 672 5195 rum
692 5125 751 5177 in
763 5138 967 5196 papam
981 5128 1300 5196 sequuntur,
1313 5140 1547 5193 quarum
1559 5126 1807 5195 quaedam
1821 5128 1880 5180 in
1899 5132 2142 5196 sequenti

542 5196 766 5264 epistola.
786 5195 1126 5266 refelluntur.
1152 5195 1288 5260 Illw,
1311 5199 1554 5263 inquam,
1584 5211 1703 5264 qua:
1726 5195 2010 5266 apostolico
2032 5201 2138 5253 ali-

541 5267 673 5334 quid
719 5267 895 5342 obesse
939 5265 1285 5342 uidebantur.
1317 5267 1457 5320 Nam
1501 5267 1710 5342 decreta
1746 5265 1840 5342 SS.
1881 5270 2135 5342 Patrum,

542 5353 662 5405 quae
691 5338 798 5412 sibi
822 5338 1146 5412 depravant,
1188 5338 1327 5412 ipsos
1359 5340 1532 5412 magis
1562 5352 1734 5407 quam
1776 5339 1929 5393 illum
1963 5338 2136 5412 impuL

545 5423 711 5476 gnare
741 5408 1015 5470 videntur,
1056 5409 1106 5462 si
1129 5415 1264 5462 recte
1291 5408 1690 5475 intelligantur.

615 5483 811 5543 (1013)
840 5478 1146 5548 Stephanus
1173 5480 1232 5533 Χ
1258 5493 1417 5549 papa,
1439 5477 1618 5535 dictus
1647 5481 1749 5536 IX.
1772 5482 1854 5536 De
1881 5480 1986 5538 hoc
2015 5482 2136 5540 vide

542 5550 690 5614 Bar.,
722 5556 860 5603 tom.
894 5551 998 5614 Xl,
1029 5564 1179 5604 anno
1217 5555 1367 5605 1058.

614 5623 804 5685 (1014)
834 5619 1052 5675 Scilicet
1076 5621 1422 5686 considerate,
1445 5637 1549 5677 non
1577 5624 1876 5692 improvide
1904 5627 2129 5692 factam.

613 5695 812 5764 (1015)
842 5693 942 5764 His
976 5693 1274 5764 rationibus
1311 5708 1470 5748 suam
1499 5696 1808 5764 superbiam
1851 5697 2138 5762 refrenare

535 5763 877 5832 potissimum
904 5762 1188 5830 debebunt,
1221 5768 1335 5835 qui,
1365 5781 1470 5820 non
1500 5762 1616 5820 dico
1654 5769 1714 5820 in
1757 5765 2014 5832 subditos,
2042 5769 2136 5826 sed

537 5837 595 5886 in
623 5835 916 5902 praelatum
952 5850 1107 5891 suum
1137 5840 1248 5896 tam
1294 5836 1540 5891 inaudita
1566 5837 1962 5904 superbierant.
2103 5837 2105 5839 ’

2243 4623 2485 4678 municet
2510 4622 2769 4694 aliquem,
2792 4631 3084 4695 antequam
3108 4638 3269 4678 causa
3299 4623 3576 4694 probetur,
3609 4629 3860 4691 propter

2245 4733 2407 4790 quam
2439 4718 2790 4774 ecclesiastici
2821 4733 3058 4774 canones
3087 4718 3190 4774 hoc
3239 4717 3354 4772 ﬁeri
3379 4715 3589 4788 jubent.
3620 4713 3686 4768 Si
3730 4718 3864 4788 quis

2315 4922 2332 4981 (
2354 4922 2513 4982 1016)
2535 4936 2561 4970 «
2585 4919 2780 4972 Lucum
2799 4918 3032 4987 aperuit,
3063 4920 3113 4969 et
3132 4915 3318 4984 effodit
3336 4929 3482 4987 cum,
3500 4912 3784 4987 et‘incidwit
3802 4917 3863 4967 in

2243 4991 2455 5064 foveam
2480 4981 2641 5058 quam
2657 4991 2791 5064 fecit
2806 4981 2982 5064 (Psal.
3007 4990 3142 5053 v11).
3160 4981 3198 5038 ὦ
3221 4987 3282 5041 Si
3301 4989 3440 5040 enim
3458 4986 3510 5038 S.
3536 4981 3865 5064 Gregorius

2243 5063 2498 5115 Joannem
2537 5065 2727 5113 temere
2769 5061 3079 5126 inferiorem
3113 5073 3268 5112 suum
3295 5061 3865 5112 excommunicantan

2244 5132 2443 5200 absque
2486 5131 2739 5200 synodica
2781 5131 3053 5184 vocatione
3099 5127 3590 5187 excommunicauit,
3645 5141 3770 5182 cur
3811 5143 3867 5182 se

2246 5203 2445 5271 absque
2468 5203 2736 5255 vocatione
2785 5201 3264 5254 excommunicatos
3305 5200 3697 5271 lamentantur,
3765 5202 3868 5270 qui

2244 5268 2484 5327 non—dico
2498 5274 2839 5340 inferiorem,
2859 5273 2950 5326 sed
2958 5272 3252 5341 prwlatum
3267 5272 3410 5324 omni
3417 5271 3509 5323 bus
3534 5268 3866 5333 Chi-ishis»,

2245 5347 2350 5397 imo
2380 5348 2543 5397 totam
2562 5346 2861 5398 Romanam
2885 5342 3149 5410 synodum
3170 5342 3237 5395 de
3259 5343 3590 5394 auctoritate
3609 5343 3868 5395 tentare

2243 5419 2390 5480 runt,
2425 5417 2485 5467 ut
2520 5428 2740 5482 sequens
2771 5414 2994 5483 epistola
3018 5415 3290 5467 verissime
3319 5417 3568 5466 testatur.

2317 5487 2518 5552 (1017)
2548 5485 2657 5538 Hoc
2697 5487 2751 5538 si
2774 5499 2862 5539 vos
2907 5485 3028 5538 bene
3055 5485 3370 5548 audissetis,
3401 5499 3512 5536 non
3539 5484 3616 5534 ita
3646 5484 3868 5538 temere

2237 5556 2524 5627 prwlatum
2552 5559 2795 5610 vestrum
2839 5555 3095 5626 deponere
3139 5556 3534 5627 concupissetie
3582 5553 3742 5607 Num
3801 5557 3859 5610 S.

2245 5627 2400 5696 Greg.
2449 5641 2536 5680 vos
2565 5630 2790 5697 excepit,
2839 5643 2963 5680 cum
2991 5641 3164 5680 omnes
3209 5626 3543 5681 adversarios
3569 5639 3862 5680 canonum

2244 5698 2770 5754 anathematizauit?
2821 5701 2947 5764 Vos,
2979 5699 3222 5766 inquam,
3251 5701 3348 5766 qui
3382 5699 3596 5751 Patrem
3641 5700 3864 5766 prima

2242 5769 2384 5912 me
2425 5785 2540 5896 non‘
2558 5771 2849 5896 00:10:0th
2878 5783 2972 5825 nec
2997 5774 3168 5824 vestro
3187 5769 3397 5838 judicio
3420 5767 3861 5822 convincendum

2376 5856 2498 5897 nere
2541 5856 2605 5896 en
2631 5855 2690 5896 as
2718 5856 2783 5895 is.

2376 5856 2498 5897 nere
2519 5844 2783 5896 tentastis.
