4002 6168
171 174 304 225 1153

1077 176 1363 231 ΑΡΡΕΝΙ).
1406 176 1494 230 Ill.
1534 205 1605 215 —-
1642 175 2057 230 MONUMENTA
2096 176 2554 233 GREGORIANA.

3326 193 3459 247 1154

163 303 351 349 autem
400 294 662 351 adversus
706 311 831 352 eam
881 300 1438 357 excommunicaverit
1491 300 1755 372 aliquem;
1787 306 1839 367 Α
1868 299 2059 355 diebus
2096 299 2438 373 degenerare.
2488 321 2514 354 »
2560 306 2697 358 Item
2736 303 2805 360 ad
2844 308 3255 365 Constantinam
3280 315 3462 384 Augu-

163 388 251 443 ille
291 387 540 459 quidem,
589 388 679 460 qui
722 380 1230 449 excommunicatus
1264 402 1366 461 est,
1413 394 1638 466 majoris
1682 409 1763 449 sa-

163 482 402 537 cerdotis
426 482 749 538 auctoritate
777 483 843 539 ad
873 484 1101 557 gratiam
1130 496 1329 544 sancta
1360 489 1763 544 communionis

165 574 376 631 redeat.
420 578 475 631 Is
503 584 710 644 autem,
741 577 831 648 qui
880 594 991 633 non
1041 578 1278 652 legitime
1326 582 1759 637 excommunica-

164 668 265 736 vit,
297 669 352 723 in
395 677 614 725 tantum
657 670 933 726 abstineat
962 680 1180 745 tempus
1227 684 1567 731 sacrosancta
1613 691 1762 731 com-

161 762 448 831 munione,
497 770 767 835 quantum
796 764 993 837 majori
1045 767 1311 824 sacerdoti
1360 768 1536 825 visum
1573 767 1756 838 fuerit,

160 855 391 928 utquod
420 854 620 929 injuste
646 855 774 913 fecit
798 858 909 929 ipse
924 859 1071 930 juste
1096 861 1349 931 patiatur.
1375 884 1401 911 ι

237 953 295 1005 1η
327 948 687 1007 bannientem
710 951 874 1023 igitur
903 953 1050 1009 hunc
1069 970 1171 1010 nos
1197 964 1325 1011 voto
1355 954 1580 1026 privatae
1602 955 1763 1011 ultio-

160 1043 271 1109 nis,
318 1061 428 1101 non
453 1044 589 1115 justi
632 1046 897 1102 examinis
933 1056 1208 1119 oporteret
1257 1064 1448 1105 aurem
1500 1049 1762 1105 inclinare

158 1138 428 1209 Apostolo
454 1137 653 1195 dicenti
688 1157 701 1194 :
734 1162 758 1187 σι
777 1142 899 1196 Νοιι
920 1136 1014 1196 vos
1037 1140 1411 1211 defendentes,
1433 1142 1760 1213 charissimi,

158 1231 260 1287 sed
290 1231 418 1287 date
450 1232 632 1288 locum
658 1233 753 1289 ira
779 1238 949 1299 (Rom.
992 1240 1108 1301 χιι)
1129 1255 1176 1302 ς»
1205 1235 1397 1292 audire
1421 1237 1583 1293 etiam
1607 1252 1757 1305 eum,

156 1324 318 1397 cujus
338 1325 485 1381 sedis
506 1326 758 1397 prasidet
780 1327 1080 1399 principem
1106 1332 1479 1401 apostolorum
1503 1350 1514 1385 :
1539 1355 1563 1379 «
1581 1334 1759 1387 Nemo

158 1427 411 1474 vestrum
462 1420 699 1491 patiatur
747 1428 1009 1493 tanquam
1051 1421 1348 1491 homicida,
1395 1433 1492 1480 aut
1518 1422 1626 1492 fur,
1666 1432 1761 1480 aut

155 1511 458 1568 maledicus
489 1516 535 1578 (Ι
572 1516 713 1569 Petr.
759 1520 860 1581 ιν).
917 1538 941 1564 ιο
991 1518 1276 1588 Tanquam
1331 1516 1644 1584 maledicus,
1678 1518 1757 1573 in-

157 1606 357 1677 quiunt
385 1606 642 1662 catholici
674 1606 945 1676 doctores,
979 1610 1185 1680 patitur
1204 1610 1294 1683 qui
1322 1610 1609 1683 injuriatus
1632 1627 1757 1667 suas

155 1698 383 1772 injurias
432 1699 695 1757 effrenato
746 1701 942 1773 lingua
997 1711 1052 1759 et
1100 1704 1273 1759 animi
1318 1703 1528 1761 fervore
1578 1721 1756 1776 perse-

159 1792 367 1865 quitur.
1264 1872 1267 1875 _

230 1887 436 1944 Audire
466 1888 632 1944 etiam
656 1890 943 1961 oportebat
968 1891 1298 1963 Gregorium
1326 1891 1660 1948 scribentem
1689 1891 1757 1949 ad

157 1982 484 2037 Januarium
507 1984 622 2050 (lib.
652 1999 721 2051 ιι,
753 1986 910 2054 epist.
942 1984 1027 2055 34)
1064 2003 1076 2037 :
1114 2007 1137 2033 α
1170 1987 1319 2041 Inter
1347 1986 1594 2057 querelas
1618 1987 1762 2042 mul-

160 2074 373 2147 tiplices
398 2076 677 2157 Isidorus,
713 2077 791 2133 vir
821 2077 1175 2145 clarissimus,
1220 2095 1251 2134 a
1299 2077 1638 2135 fraternitate
1667 2087 1759 2135 tua

157 2167 363 2224 frustra
430 2185 488 2226 se
533 2172 1075 2228 excommunicatum
1132 2171 1760 2245 anathematizatumque

154 2271 494 2334 conquestus
536 2272 633 2319 est.
676 2265 836 2334 Quod
866 2265 935 2321 ob
974 2281 1138 2337 quam
1175 2282 1293 2323 rem
1321 2265 1527 2322 factum
1575 2265 1755 2335 fuerit,

153 2354 293 2411 dum
325 2372 354 2411 a
403 2356 599 2413 clerico
638 2366 761 2426 tuo,
804 2358 899 2429 qui
931 2374 1171 2430 praesens
1213 2368 1361 2431 erat,
1397 2359 1760 2416 voluissemus

152 2448 453 2516 addiscere,
485 2467 583 2521 pro
621 2451 767 2507 nulla
797 2451 905 2507 alia
931 2467 1115 2521 causa,
1161 2452 1262 2507 nisi
1297 2469 1397 2524 pro
1428 2468 1492 2508 eo
1519 2453 1669 2525 quod
1706 2461 1760 2508 te

151 2542 529 2614 injuriaverat,
579 2542 789 2601 factum
833 2545 1094 2602 innotuit.
1144 2548 1280 2615 Qua
1322 2562 1409 2601 res
1462 2562 1564 2601 nos
1605 2546 1762 2601 vehe-

152 2644 375 2692 menter
406 2635 616 2709 aftligit.
664 2637 822 2708 Quod
855 2638 897 2694 si
939 2639 1017 2695 ita
1047 2648 1151 2708 est,
1205 2639 1276 2694 nil
1309 2649 1361 2694 te
1410 2639 1653 2695 ostendis
1691 2638 1762 2695 de

153 2729 470 2786 coelestibus
498 2732 757 2803 cogitare,
790 2732 886 2788 sed
908 2740 1185 2789 terrenam
1211 2742 1262 2789 te
1283 2732 1761 2789 conversationem

154 2822 359 2879 habere
395 2824 695 2896 significas,
741 2824 874 2881 dum
922 2842 1021 2897 pro
1050 2825 1282 2882 vindicta
1311 2832 1494 2893 (1018)
1526 2826 1761 2898 propria

155 2917 395 2989 injuria,
438 2918 584 2989 quod
614 2919 781 2975 sacris
824 2920 1024 2991 regulis
1054 2919 1388 2992 prohibetur,
1423 2919 1761 2976 maledictio-

1793 1664 1840 1726 B

1869 401 2011 449 stam
2043 395 2157 459 (lib.
2206 410 2290 462 1v,
2333 399 2488 466 epist.
2532 403 2617 461 34)
2661 415 2673 451 :
2714 421 2737 446 ι
2775 402 2839 453 Et
2871 399 2915 453 si
2960 411 3170 471 peccata
3210 404 3461 477 Gregorii

1869 493 2021 542 tanta
2048 496 2173 543 sunt
2202 496 2265 543 ut
2292 490 2403 560 pati
2428 490 2555 545 talia
2581 490 2799 559 debeat,
2831 494 2977 548 Petri
3018 502 3206 551 tamen
3232 500 3460 569 apostoli

1869 588 2087 650 peccata
2118 582 2264 637 nulla
2310 592 2457 651 sunt,
2498 592 2561 638 ut
2590 584 2779 641 vestris
2825 588 3163 659 temporibus
3207 591 3313 660 pati
3358 593 3461 647 ista

1868 682 2158 730 mereatur.
2196 698 2219 723 υ
2244 679 2383 731 Item
2418 695 2429 731 :
2467 700 2490 725 ι
2515 679 2689 746 Quem
2713 679 2858 735 sedis
2888 680 3201 753 ordinisque
3228 682 3461 754 dignitas

1868 768 2070 834 erexit,
2096 769 2177 824 sui
2208 786 2264 825 se
2292 770 2731 827 consideratione
2760 775 3034 845 repressit.
3073 798 3097 823 ι
3131 779 3297 845 Item,
3325 779 3458 834 scri-

1868 860 2001 917 bens
2021 862 2283 935 episcopis
2305 864 2532 936 Eulogio
2563 873 2617 920 et
2646 868 2936 923 Anastasio
2962 868 3303 925 Antiocheno
3326 870 3463 927 dicit

1869 956 1980 1020 (lib.
2010 970 2095 1026 1v,
2120 961 2277 1026 epist.
2304 962 2390 1021 30)
2420 978 2431 1013 :
2463 980 2487 1005 ι
2516 958 2655 1013 Cum
2679 959 2997 1029 praedicator
3020 964 3264 1035 egregius
3284 964 3458 1021 dicat:

1869 1048 2118 1117 Quandiu
2147 1049 2373 1121 quidem
2405 1066 2528 1106 sum
2575 1052 2817 1123 gentium
2865 1055 3168 1125 apostolus,
3212 1059 3460 1115 ministe-

1866 1142 2007 1197 rium
2028 1158 2213 1198 meum
2237 1144 2608 1201 honoriﬁcabo
2634 1150 2804 1213 (Rom.
2823 1152 2934 1216 XI),
2959 1170 2982 1195 ιι
3007 1150 3103 1220 qui
3123 1166 3310 1207 rursus
3334 1152 3462 1208 alias

1866 1235 2004 1291 dixit
2055 1255 2067 1290 :
2123 1259 2148 1285 α
2198 1238 2349 1293 Facti
2386 1254 2577 1295 sumus
2626 1240 2832 1311 parvuli
2884 1241 2940 1296 in
2988 1241 3171 1298 medio
3219 1253 3461 1301 vestrum

1866 1331 1911 1398 (1
1931 1331 2104 1384 Thess.
2134 1332 2230 1400 1t);
2258 1354 2282 1379 ιι
2315 1332 2627 1404 exemplum
2650 1334 2835 1404 procul
2858 1332 3023 1391 dubio
3048 1336 3208 1392 nobis
3227 1352 3460 1407 sequen-

1866 1422 2015 1479 tibus
2045 1423 2304 1492 ostendit,
2342 1433 2402 1480 ut
2429 1434 2483 1482 et
2516 1426 2880 1483 humilitatem
2911 1435 3194 1486 teneamus
3222 1430 3275 1485 in
3303 1447 3462 1491 men-

1866 1524 1941 1580 te,
1971 1524 2025 1571 et
2061 1524 2250 1573 tamen
2280 1517 2489 1575 ordinis
2525 1519 2699 1576 nostri
2737 1519 3054 1593 dignitatem
3093 1537 3376 1579 servemus
3405 1525 3459 1578 in

1865 1607 2096 1676 honore,
2150 1620 2421 1683 quatenus
2460 1627 2563 1667 nec
2612 1614 2665 1668 in
2713 1614 2875 1669 nobis
2922 1613 3196 1671 humilitas
3250 1616 3459 1684 timida,

1868 1718 1970 1758 nec
2000 1704 2197 1760 erectio
2226 1706 2298 1759 sit
2324 1705 2575 1777 superba.
2615 1731 2639 1753 ν

1937 1797 2231 1855 Sententia:
2273 1798 2515 1870 quidem,
2544 1801 2671 1871 quia
2712 1800 2816 1873 ipsi
2857 1802 2972 1873 ejus
3007 1803 3287 1860 maculant
3330 1821 3457 1876 pro-

1867 1891 2193 1957 motionem,
2224 1891 2464 1947 arbitror
2496 1907 2627 1948 eum
2673 1892 2792 1949 hac
2816 1894 3165 1966 respondere,
3197 1913 3253 1952 se
3282 1913 3311 1952 a
3342 1901 3459 1954 Ro-

1866 1983 2045 2039 manis
2082 1984 2338 2054 electum,
2369 1985 2421 2041 id
2468 1985 2727 2042 culminis
2776 1988 3158 2045 conscendisse
3187 1998 3457 2060 coactum,

1865 2075 2278 2149 indignumque,
2308 2086 2363 2133 et
2390 2078 2617 2134 rationis
2658 2094 2775 2134 esse
2817 2080 3057 2137 alienum
3086 2090 3149 2137 ut
3191 2084 3462 2139 Ecclesia-

1865 2184 1990 2225 rum
2028 2178 2205 2226 mater
2241 2170 2397 2226 sedes
2446 2174 2695 2227 Romana
2748 2172 2989 2242 privetur
3032 2190 3146 2230 suae
3183 2175 3462 2233 electionis

1866 2262 2109 2331 arbitrio,
2132 2278 2227 2335 per
2254 2280 2419 2335 quam
2450 2265 2569 2321 alia
2597 2264 2753 2321 sedes
2782 2265 2836 2321 id
2854 2266 3106 2322 obtinent
3135 2277 3195 2324 ut
3214 2284 3325 2325 non
3351 2271 3465 2326 sint

1867 2355 2127 2428 episcopi,
2171 2357 2263 2429 qui
2294 2374 2409 2413 non
2439 2374 2467 2412 a
2497 2374 2611 2415 sua
2651 2358 2797 2416 sedis
2842 2361 2986 2417 clero
3015 2370 3071 2416 et
3102 2363 3323 2434 populo,
3353 2379 3466 2420 non

1867 2457 2093 2522 propter
2129 2452 2342 2521 generis
2391 2451 2758 2520 nobilitatem,
2790 2453 2885 2509 sed
2925 2454 3047 2510 vita
3097 2455 3463 2524 sanctitatem,

1867 2558 1979 2598 non
2020 2541 2214 2599 divites
2262 2542 2316 2597 in
2364 2543 2549 2609 rebus,
2582 2544 2680 2600 sed
2718 2546 2889 2602 sancti
2940 2547 2995 2602 in
3026 2548 3298 2618 moribus,
3336 2558 3467 2607 sunt

1869 2635 2044 2691 electi.

1939 2728 2197 2786 Defendit
2232 2730 2399 2785 etiam
2441 2729 2667 2785 forsitan
2705 2746 2763 2787 se
2793 2748 2857 2787 ex
2897 2732 3130 2789 decretis
3162 2735 3462 2806 pradeces-

1868 2836 2059 2877 sorum
2101 2837 2351 2889 suorum,
2400 2822 2631 2890 Nicolai,
2683 2823 2935 2894 Stephani
2984 2832 3038 2880 et
3075 2825 3330 2895 aliorum,
3374 2828 3465 2899 qui

1869 2914 1976 2971 hoc
2020 2915 2375 2971 ﬁrmaverunt
2404 2915 2510 2972 sub
2553 2915 2902 2971 anathemate
2948 2936 2960 2971 :
2994 2933 3061 2973 ne
3091 2918 3213 2990 quis
3242 2929 3467 2991 negaret

151 3026 289 3067 nem
319 3010 685 3068 anathematis
715 3012 986 3069 invexisti.
1014 3012 1180 3071 Unde
1209 3013 1277 3070 de
1305 3023 1505 3071 catero
1532 3014 1759 3070 omnino
1798 3034 1845 3097 ο
1874 3008 2155 3065 electionis
2185 3008 2462 3081 privilegia
2484 3009 2601 3065 sedi
2626 3012 2914 3077 Romana,
2942 3010 3045 3067 illis
3073 3020 3291 3068 econtra
3314 3012 3464 3069 afﬁr-

149 3113 278 3160 esto
340 3105 764 3179 circumspectus
810 3114 973 3179 atque
1028 3107 1313 3175 sollicitus,
1376 3116 1431 3164 et
1474 3108 1601 3164 talia
1648 3108 1762 3164 cui-

152 3214 327 3270 quam
355 3215 452 3272 pro
495 3197 816 3257 defensione
875 3200 1113 3273 propria
1160 3201 1378 3273 injuria
1415 3210 1523 3258 tua
1563 3200 1765 3258 inferre

154 3290 341 3348 denuo
382 3308 494 3348 non
540 3308 863 3364 prasumas.
897 3297 1062 3361 Nam,
1093 3293 1141 3349 si
1168 3296 1273 3350 tale
1319 3294 1517 3366 aliquid
1545 3293 1760 3363 feceris,

153 3384 213 3439 in
246 3394 298 3441 te
328 3385 469 3441 scias
498 3394 683 3458 postea
715 3385 1126 3443 vindicandum.
1165 3411 1189 3434 ι»

233 3482 376 3534 Item
424 3479 571 3535 idem
607 3479 679 3535 ad
719 3481 1027 3536 Eufronum
1077 3480 1210 3551 (lege
1250 3481 1540 3536 Eusebium
1580 3481 1759 3537 abbat.

153 3574 254 3629 lib.
291 3588 367 3641 ιι,
398 3576 549 3643 epist.
582 3579 671 3640 24)
704 3592 719 3628 :
765 3596 791 3621 α
821 3576 1114 3630 Servorum
1152 3573 1247 3630 Dei
1279 3573 1557 3630 humilitas
1587 3573 1642 3629 in
1685 3574 1765 3631 af-

150 3665 416 3722 ﬂictionis
457 3676 706 3737 tempore
744 3665 905 3723 debet
952 3682 1236 3739 apparere,
1286 3676 1389 3725 etc.
1441 3670 1563 3724 Non
1613 3667 1763 3724 enim

149 3759 373 3832 grande
414 3768 497 3815 est
538 3759 625 3815 his
653 3776 754 3816 nos
783 3775 901 3816 esse
944 3759 1180 3817 humiles
1228 3778 1258 3817 a
1299 3761 1499 3834 quibus
1538 3760 1766 3818 honora-

151 3868 306 3909 mur.
338 3853 478 3923 Quia
523 3860 581 3909 et
629 3852 736 3909 hoc
778 3854 1066 3911 saculares
1108 3854 1342 3927 quilibet
1382 3853 1605 3911 faciunt.
1657 3854 1764 3912 Sed

148 3946 267 4003 illis
295 3946 530 4003 maxime
558 3946 790 4003 humiles
826 3963 944 4002 esse
982 3946 1274 4014 debemus,
1301 3964 1332 4003 a
1357 3949 1556 4020 quibus
1584 3949 1765 4021 aliqua

152 4039 424 4111 patimur.
452 4041 590 4094 Nam
619 4039 911 4095 Psalmista
936 4039 1161 4096 dicente
1184 4039 1358 4110 [dicit]
1389 4058 1402 4095 :
1432 4062 1457 4089 ιι
1491 4040 1625 4097 Vide
1655 4041 1760 4097 hu-

155 4132 455 4188 militatem
486 4148 664 4189 meam
692 4133 759 4190 de
791 4133 1028 4189 inimicis
1056 4133 1196 4189 meis
1228 4133 1398 4204 (Psal.
1429 4138 1537 4199 ιιι).
1574 4156 1600 4182 »
1623 4137 1763 4190 Item

151 4227 217 4282 in
234 4225 465 4282 bomilia
486 4242 549 4283 γι
577 4240 589 4279 :
619 4250 643 4275 α
664 4226 922 4284 Judieare
941 4227 1008 4283 de
1025 4226 1255 4283 subditis
1274 4226 1436 4299 digne
1456 4235 1762 4299 nequeunt,

152 4321 255 4393 qui
286 4320 343 4376 in
385 4320 737 4377 subditorum
766 4320 947 4378 causis
988 4336 1086 4377 sua
1131 4321 1218 4376 vel
1251 4320 1374 4377 odia
1404 4321 1485 4377 vel
1526 4320 1761 4393 gratiam

1875 3102 2145 3159 mantibus
2170 3118 2281 3159 non
2317 3104 2480 3160 licere
2526 3103 2771 3159 electioni
2803 3112 2863 3160 ut
2892 3104 2962 3161 ad
3009 3105 3113 3161 hoc
3157 3106 3331 3178 rapiat
3356 3107 3461 3163 ele-

1869 3204 2040 3265 ctum,
2065 3196 2213 3268 quod
2238 3196 2352 3268 ipse
2384 3197 2486 3252 sibi
2514 3196 2718 3253 fecerat
2744 3198 3019 3253 illicitum.
3050 3202 3119 3255 Et
3147 3200 3271 3255 hinc
3289 3202 3463 3257 Suna-

1871 3290 2004 3346 mite
2044 3290 2433 3358 [Sunamitide]
2460 3290 2720 3359 Ecclesia,
2753 3294 2905 3363 quasi
2933 3292 2987 3347 in
3015 3293 3294 3350 collisione
3321 3294 3465 3350 duo-

1870 3400 1995 3440 rum
2032 3384 2275 3456 lapidum
2306 3383 2561 3449 contrita,
2607 3384 2785 3451 nobis,
2817 3384 2910 3456 qui
2953 3384 3007 3440 in
3042 3402 3197 3457 spem
3225 3386 3463 3443 ﬁliorum

1870 3477 1923 3532 in
1957 3477 2058 3532 hac
2103 3477 2517 3549 ingemiscimus
2560 3477 2696 3533 valle
2724 3479 3122 3550 lacrymarum,
3156 3481 3462 3551 supplican-

1870 3571 2001 3628 dum
2014 3579 2096 3627 est
2112 3569 2247 3626 fonti
2260 3569 2762 3627 misericordiarum
2783 3590 2809 3622 «
2831 3581 2891 3626 ut
2913 3570 3406 3642 fermentumillud,
3434 3599 3458 3622 ιι

1871 3664 2040 3737 quod,
2072 3665 2212 3721 sicut
2238 3664 2537 3736 Gregorius
2567 3664 2722 3735 dicit,
2754 3687 2780 3714 σι
2805 3664 2980 3721 tribus
3005 3665 3193 3723 farinae
3217 3667 3344 3723 satis
3380 3676 3463 3723 to-

1874 3760 1979 3816 tius
2021 3758 2246 3816 humani
2282 3759 2494 3830 generis
2539 3775 2775 3815 massam
2812 3759 2869 3815 in
2918 3759 3184 3816 unitatem
3213 3777 3466 3833 consper-

1872 3855 1964 3921 sit,
2008 3869 2153 3909 nunc
2194 3852 2364 3909 totius
2418 3852 2674 3909 Ecclesia
2711 3868 2909 3924 corpus
2952 3853 3007 3909 in
3045 3853 3185 3909 illius
3225 3854 3464 3911 formam

1874 3947 2024 4019 panis
2081 3947 2175 4019 qui
2236 3946 2305 4003 de
2360 3947 2500 4002 calo
2551 3945 2832 4002 descendit
2886 3946 3110 4019 redigat,
3174 3956 3234 4003 ut
3316 3949 3465 4004 vinea

1873 4041 2076 4097 Christi
2126 4039 2392 4097 mundata
2444 4039 2763 4111 vulpeculis,
2828 4055 2951 4111 qua
2997 4056 3115 4095 eam
3164 4041 3467 4097 demoliun-

1873 4142 1962 4190 tur
1988 4135 2161 4201 (Cant.
2198 4148 2243 4188 ιι
2272 4133 2322 4203 ),
2353 4140 2581 4203 purgata
2604 4133 2917 4200 sarmentis,
2961 4149 3082 4204 qua
3112 4134 3221 4205 igni
3258 4134 3463 4191 deben-

1872 4236 1982 4291 tur,
2034 4234 2240 4291 vernet,
2293 4226 2488 4279 floreat
2514 4240 2610 4296 per
2645 4225 2998 4282 concordiam
3030 4228 3268 4294 unitatis,
3322 4244 3465 4284 vera

1871 4320 1968 4376 viti
2016 4318 2072 4375 in
2102 4318 2333 4375 odorem
2381 4318 2659 4374 suavitatis
2700 4319 3005 4386 [adharens
3050 4323 3193 4385 forte
3234 4322 3461 4376 subden-

153 4422 484 4486 sequuntur.
535 4415 713 4483 (1019)
751 4414 916 4471 Unde
966 4414 1028 4470 ﬁt
1067 4422 1129 4471 ut
1173 4414 1287 4486 ipsa
1314 4414 1414 4470 hac
1452 4413 1656 4485 ligandi
1711 4421 1767 4469 et
1792 4420 1844 4484 1)
1872 4416 2037 4482 dum].
2065 4438 2091 4464 ι

152 4506 410 4564 solvendi
450 4514 717 4579 potestate
757 4524 816 4565 se
866 4508 1060 4580 privet,
1091 4507 1181 4580 qui
1212 4507 1355 4563 hanc
1402 4523 1500 4580 pro
1527 4508 1639 4563 suis
1666 4523 1759 4563 vo-

156 4600 494 4671 luntatibus,
543 4610 600 4657 et
640 4617 749 4658 non
800 4601 1147 4658 subditorum
1209 4601 1477 4669 moribus,
1523 4608 1755 4658 exercet.

154 4692 335 4751 Unde
368 4702 518 4751 recte
544 4710 643 4767 per
670 4694 1000 4767 prophetam
1023 4693 1260 4749 dicitur:
1299 4717 1322 4742 ‹«
1358 4694 1763 4750 Mortiﬁcabant

154 4788 378 4845 animas
406 4804 528 4860 qua
577 4804 691 4844 non
718 4787 1046 4855 moriuntur,
1096 4796 1151 4844 et
1177 4786 1525 4843 vivificabant
1548 4787 1764 4845 animas

153 4897 293 4955 quae
321 4896 429 4938 non
452 4882 641 4938 vivunt
669 4881 875 4951 (Ezech.
903 4882 1068 4951 xm).
1112 4901 1142 4936 ι)
1186 4881 1337 4937 Licet
1365 4880 1585 4953 quidem
1626 4895 1763 4952 pra-

156 4977 312 5032 Iatos
335 4975 485 5033 sedis
510 4992 628 5033 sua
666 4992 760 5032 seu
803 4974 1000 5049 gradus
1028 4976 1146 5032 zelo
1172 4975 1405 5042 moveri;
1439 4974 1535 5031 sed
1579 4983 1765 5031 tamen

155 5069 295 5142 quia
334 5068 393 5125 in
421 5071 664 5127 maximo
717 5068 942 5141 imperio
998 5070 1219 5125 minima
1258 5077 1341 5126 est
1386 5068 1600 5125 licentia
1645 5083 1763 5125 non

156 5162 438 5220 oblivisci.
482 5167 664 5231 (1020)
692 5161 859 5221 Unde
898 5163 1198 5236 Gregorius
1244 5163 1299 5219 in
1346 5163 1577 5235 epistola
1605 5162 1761 5219 Sabi-

153 5256 333 5314 niano
356 5255 587 5314 diacono
616 5256 796 5330 legato
835 5258 950 5325 (lib.
984 5271 1097 5327 vn,
1143 5259 1297 5329 epist.
1336 5256 1384 5327 1)
1417 5274 1430 5311 :
1464 5278 1489 5305 ι
1517 5256 1764 5312 Paratior

154 5364 314 5420 sum,
343 5349 539 5423 inquit,
565 5350 706 5407 mori
735 5365 901 5423 quam
936 5350 1075 5406 beati
1106 5349 1252 5408 Petri
1282 5349 1580 5407 Ecclesiam
1628 5348 1764 5406 meis
1810 5400 1813 5403 λ

241 5585 425 5658 (1018)
463 5586 570 5643 Cur
613 5586 706 5643 hoc
730 5603 833 5657 pro
854 5590 1081 5658 privata
1106 5587 1313 5657 injuria
1335 5588 1569 5643 Romani
1590 5589 1764 5658 ponti-

156 5661 284 5729 ﬁcis
329 5663 636 5729 computare
694 5660 878 5721 vultis,
924 5675 1043 5714 cum
1088 5674 1192 5729 quo
1259 5662 1422 5715 totam
1470 5662 1765 5717 Romanam

160 5728 747 5801 Synodumadnullare
771 5730 1032 5786 voluistis.

1942 4507 2223 4565 Audituris
2260 4507 2507 4578 [audite],
2545 4506 2635 4578 qui
2668 4521 2814 4561 nunc
2862 4505 3159 4576 apostolico
3188 4507 3460 4565 contradi-

1870 4603 2013 4671 citis,
2045 4602 2287 4674 episcopi
2339 4601 2471 4657 illud
2519 4600 2772 4672 Gregorii
2802 4601 2917 4665 (lib.
2952 4615 3036 4669 γι,
3075 4604 3229 4672 epist.
3276 4607 3360 4671 10)
3392 4603 3463 4661 ad

1871 4697 2108 4753 Felicem
2139 4695 2457 4767 episcopum
2483 4693 2707 4749 dicentis
2740 4712 2753 4749 :
2789 4717 2814 4741 α
2855 4686 3100 4766 Qualiter
3135 4695 3461 4767 obedientia,

1871 4790 1957 4847 vel
1982 4788 2285 4847 reverentia
2315 4788 2382 4844 sit
2419 4787 2723 4859 prapositis
2746 4786 3071 4857 exhibenda,
3101 4805 3165 4845 ex
3191 4790 3297 4847 tuis
3325 4808 3461 4864 quo-

1873 4899 1983 4956 que
2023 4882 2305 4955 subjectis,
2353 4881 2467 4953 ipse
2506 4897 2614 4937 non
2660 4880 2915 4953 ambigis.
2958 4883 3021 4936 In
3067 4898 3173 4955 qua
3210 4900 3270 4940 re
3310 4886 3465 4942 valde

1874 4985 1957 5034 est
1980 4976 2134 5046 utile,
2168 4976 2213 5032 si
2255 4976 2310 5033 id
2341 4974 2488 5049 quod
2512 4974 2810 5047 disciplina
2840 4976 2994 5048 vigor
3019 4975 3270 5049 imponit,
3311 4980 3487 5035 nullo

1875 5079 2122 5145 cogente,
2171 5068 2446 5125 humilitas
2474 5066 2741 5123 laudanda
2786 5070 3096 5125 servaverit.
3148 5092 3174 5119 ι
3223 5072 3295 5125 Et
3333 5070 3464 5129 illud

1876 5165 2076 5223 Leonis
2117 5185 2129 5221 :
2166 5182 2194 5217 ε(
2224 5163 2328 5235 Qui
2352 5178 2480 5235 ergo
2507 5161 2611 5219 scit
2639 5177 2696 5218 se
2724 5162 3047 5233 quibusdam
3077 5163 3461 5233 prapositum,

1875 5275 1989 5317 non
2016 5258 2245 5315 moleste
2284 5255 2425 5313 ferat
2450 5256 2687 5328 aliquem
2725 5255 2832 5312 sibi
2876 5269 2993 5312 esse
3020 5255 3336 5325 pralatum,
3368 5254 3464 5312 sed

1875 5352 2247 5410 obedientiam
2292 5364 2459 5423 quam
2502 5349 2664 5422 exigit
2716 5348 2881 5406 etiam
2926 5347 3039 5417 ipse
3090 5346 3378 5418 dependat.
3434 5372 3459 5401 ο

1948 5586 2129 5667 (1919)
2155 5584 2289 5642 Hac
2314 5578 2576 5654 periodus
2600 5577 2654 5635 in
2678 5572 2905 5634 humilia
2934 5577 2990 5631 S.
3019 5576 3189 5648 Greg.
3223 5579 3465 5648 priorem

1874 5663 2049 5728 prait.

1949 5728 2134 5797 (1020)
2165 5729 2345 5785 Locus
2372 5722 2613 5779 mutilus.
