4062 6182
529 298 665 353 H55

1537 292 1628 348 AD
1664 226 1893 347 OPEfiA
1928 291 1985 347 S.
2022 288 2346 346 GREGORII
2381 290 2816 345 APPENDICES.

3693 293 3826 344 1156

527 421 766 477 Eeontra
798 420 1007 477 domno
1039 416 1339 489 apostolico
1382 416 1587 472 viscera
1613 416 1851 473 doctoris
1881 416 2119 490 gerentis
2148 418 2202 485 Α
2230 416 2337 470 sibi
2360 416 2658 472 manducat
2686 416 2735 481 (Ι
2769 413 2886 471 Cor.
2937 417 3046 475 ιι).
3078 413 3204 478 Sibi,
3239 412 3440 483 inquit,
3471 428 3580 467 non
3620 413 3741 481 tibi,
3771 424 3831 469 ut

525 515 581 570 in
610 514 877 585 subjectos
912 520 1229 582 accepturos
1251 511 1481 567 dicentis
1523 529 1535 565 :
1574 534 1599 559 ι
1628 514 1907 584 Tanquam
1942 512 1988 568 si
2016 529 2119 566 nu-

524 608 628 663 trix
658 606 834 661 foveat
863 606 1003 661 ﬁlios
1050 622 1199 672 suos,
1250 606 1325 661 ita
1373 604 1749 661 desiderantes
1799 622 1894 660 vos
1922 605 2116 676 cupide

521 699 841 755 volebamus
862 698 1073 755 tradere
1094 699 1244 754 vobis
1269 715 1377 753 non
1403 699 1583 753 solum
1606 700 1960 771 Evangelium
1991 699 2112 765 Dei,

523 794 617 849 sed
642 793 806 848 etiam
832 793 1039 848 animas
1080 801 1298 849 nostras
1328 813 1339 847 :
1385 794 1648 865 quoniam
1676 793 1980 848 charissimi
2010 809 2114 849 no-

522 887 608 943 bis
648 886 808 943 factis
846 888 975 943 estis
1016 887 1065 959 (I
1114 888 1292 944 Thess.
1341 887 1431 958 ιι).
1487 910 1511 936 υ
1562 889 1621 942 ln
1666 887 1769 942 hac
1813 887 2114 959 apostolici,

520 982 652 1049 sive,
728 990 789 1037 ut
868 981 958 1037 ille
1037 990 1213 1052 putat.
1301 981 1749 1049 reprehensione,
1834 981 1966 1049 sive,
2059 990 2120 1038 ut

518 1073 614 1140 illi,
682 1074 987 1129 necessaria
1044 1074 1484 1129 consideratione
1544 1079 1759 1140 (1021),
1810 1090 1910 1145 ego
1969 1084 2116 1143 tuus,

516 1166 645 1223 licet
675 1167 920 1223 interiori
951 1183 1164 1222 caream
1197 1167 1468 1232 rationali,
1510 1169 1697 1222 volens
1719 1175 1904 1223 tamen
1931 1166 2119 1225 funem

518 1261 881 1333 apostolicum
912 1261 1089 1332 potius
1118 1261 1269 1332 sequi
1300 1277 1466 1333 quam
1512 1260 1747 1326 trahere,
1787 1261 1973 1317 sedem
2006 1265 2119 1317 Ro-

520 1370 744 1412 manam
776 1370 1002 1410 veneror
1038 1363 1097 1410 ut
1130 1354 1368 1410 tribunal
1405 1353 1631 1422 Christi,
1660 1354 1776 1426 ejus
1808 1354 2119 1426 pontiﬁcem

519 1458 581 1505 ut
608 1449 910 1504 sacrarium
956 1448 1189 1521 Spiritus
1216 1448 1371 1516 almi,
1403 1448 1520 1522 ejus
1544 1448 1879 1521 amplectens
1906 1448 2120 1506 decreta

521 1550 582 1599 ut
609 1544 844 1599 caelestis
867 1542 1036 1599 curia
1060 1542 1259 1599 edicta.

591 1636 825 1708 Inquiris
868 1646 1129 1709 praterea
1161 1654 1193 1693 a
1245 1653 1354 1705 me,
1398 1645 1459 1693 ut
1488 1636 1567 1693 tui
1597 1653 1786 1694 rursus
1827 1637 1991 1694 verba
2022 1653 2118 1709 po-

518 1747 668 1797 nam,
700 1730 831 1803 quid
878 1747 976 1803 ego
1007 1730 1246 1787 sentiam
1276 1731 1345 1787 de
1374 1730 1724 1788 confectione
1750 1740 2119 1788 sacramento-

516 1841 642 1882 rum
683 1841 713 1880 a
762 1824 1107 1893 Simoniacis,
1144 1840 1241 1880 seu
1292 1839 1322 1879 a
1369 1823 1700 1896 quibuslibet
1754 1824 2122 1880 excommuni-

516 1920 647 1974 catis
676 1927 1087 1990 usurpatorum,
1107 1917 1311 1989 quippe
1332 1918 1380 1972 si
1395 1927 1617 1974 careant
1632 1918 1879 1974 veritate.
1910 1919 2120 1975 Stultus

515 2012 677 2085 igitur
704 2028 819 2067 non
844 2013 1008 2067 stulte
1034 2011 1250 2067 obedio.
1278 2012 1469 2067 Dicam
1495 2011 1643 2083 quod
1670 2012 1867 2067 sentio.

585 2105 933 2162 Simoniacus
967 2112 1071 2171 est,
1098 2103 1188 2174 qui
1220 2104 1538 2175 temporalis
1579 2104 1711 2160 lucri
1750 2104 1924 2178 gratia
1952 2104 2121 2162 eccle-

513 2198 759 2254 siasticos
801 2197 1036 2253 honores
1065 2198 1516 2269 qualitercunque
1565 2198 1645 2253 vel
1676 2200 1831 2267 emit,
1861 2198 1942 2253 vel
1983 2214 2118 2255 ven-

514 2290 612 2347 dit.
643 2293 858 2347 Horum
889 2290 1000 2357 alii,
1042 2290 1167 2346 licet
1195 2290 1445 2358 ordinati,
1493 2300 1684 2347 carent
1720 2300 1909 2349 tamen
1949 2292 2120 2349 eccle-

513 2384 735 2441 siastico
759 2383 969 2440 honore
995 2399 1161 2456 quem
1190 2402 1219 2440 a
1265 2385 1419 2440 nullo
1444 2394 1789 2457 acceperant.
1830 2385 1936 2441 Alii
1962 2402 2118 2460 regu-

516 2478 699 2533 lariter
738 2477 997 2548 ordinati,
1046 2478 1169 2535 licet
1215 2479 1572 2549 postmodum
1628 2478 1922 2536 Simoniaci
1960 2479 2113 2547 facti,

515 2571 720 2628 habent
770 2580 953 2627 tamen
1002 2572 1180 2628 adhuc
1238 2573 1457 2629 ordines
1502 2588 1643 2645 quos
1698 2572 1973 2644 publicata
2016 2589 2114 2631 sua

512 2664 711 2721 haresi
752 2665 1001 2720 nondum
1037 2664 1355 2720 amiserant.
1387 2666 1734 2723 Inordinatos
1763 2675 1947 2723 autem
1976 2666 2112 2723 dici-

513 2774 635 2814 mus
679 2758 773 2830 qui
814 2758 1044 2815 ordinati
1097 2768 1227 2815 sunt
1281 2775 1311 2814 a
1355 2758 1664 2816 Simoniaco
1702 2761 1795 2832 qui
1839 2760 1976 2817 nihil
2034 2760 2111 2818 eis

511 2852 689 2922 potuit
728 2850 890 2921 dare,
935 2852 1019 2907 vel
1058 2853 1150 2922 qui
1214 2868 1313 2924 per
1351 2855 1637 2925 pecuniam
1699 2862 1794 2910 aut
1840 2855 2112 2911 interven-

509 2953 628 3000 tum
650 2946 922 3003 sacularis
937 2947 1123 3019 gratia
1152 2946 1391 3003 ordinati
1420 2956 1550 3004 sunt
1575 2964 1607 3003 a
1632 2965 1747 3005 non
1771 2949 2109 3017 Simoniaco,

508 3056 538 3095 a
561 3056 672 3112 quo
704 3039 837 3095 nihil
868 3056 963 3112 per
999 3041 1339 3113 emptionem
1370 3050 1621 3114 poterant
1642 3043 1904 3112 accipere.
1950 3040 2112 3099 Ordi-

506 3145 667 3191 natos
708 3144 894 3191 autem
936 3144 993 3191 et
1024 3144 1211 3192 tamen
1255 3136 1601 3193 Simoniacos
1629 3138 1969 3209 appellamus
2012 3136 2106 3208 qui

508 3236 634 3299 post
677 3237 931 3300 acceptos
986 3245 1016 3285 a
1059 3229 1257 3301 quibus
1301 3238 1357 3286 et
1400 3239 1462 3287 ut
1524 3231 1827 3287 debuerant
1868 3231 2108 3298 ordines,

507 3322 779 3379 Ecclesias
828 3322 909 3378 vel
966 3323 1063 3377 alia
1118 3340 1241 3396 qua
1293 3324 1602 3381 Simoniaca
1645 3323 1814 3381 suasit
1853 3325 2112 3391 haresis,

503 3424 751 3471 emerant
776 3417 860 3473 vel
902 3416 1276 3473 vendiderant.
1314 3416 1422 3474 Sed
1448 3419 1675 3489 priores,
1707 3434 1846 3490 quos
1874 3419 2111 3475 diximus

504 3507 805 3578 ordinatos,
846 3510 995 3566 nullo
1037 3511 1207 3567 modo
1263 3511 1556 3568 conﬁcient
1604 3521 1963 3583 sacramenta,
2004 3511 2110 3569 nisi

504 3611 632 3673 post
657 3601 1086 3660 satisfactionem
1117 3604 1409 3676 episcopali
1444 3606 1771 3662 auctoritate
1811 3606 2110 3663 admittan-

505 3702 612 3750 tur.
656 3697 753 3751 lsti
800 3698 1150 3766 posteriores,
1197 3697 1255 3753 id
1297 3706 1382 3753 est
1409 3698 1644 3755 ordinati
1696 3707 1751 3755 et
1791 3701 2108 3770 Simoniaci,

504 3803 617 3843 non
662 3788 958 3844 conﬁcient
988 3789 1170 3861 (1022)
1201 3789 1293 3862 qui
1334 3787 1609 3847 manifesti
1652 3800 1800 3859 sunt,
1842 3794 1945 3849 nisi
1981 3810 2111 3850 con-

504 3887 799 3941 vertantur.
854 3881 993 3951 Quia
1034 3898 1159 3937 vero
1202 3890 1384 3938 matre
1431 3884 1673 3939 Ecclesia
1730 3901 1858 3941 cum
1885 3886 2107 3943 Christo

502 3972 678 4043 capite
706 3973 761 4029 in
804 3990 977 4030 unum
1021 3990 1219 4045 corpus
1259 3975 1431 4043 unita,
1463 3976 1701 4032 ﬁliorum
1730 3986 1813 4033 est
1852 3979 2106 4037 Ecclesia

501 4081 616 4122 non
661 4067 759 4123 nisi
790 4067 858 4123 de
893 4067 1246 4125 sacramentis
1281 4068 1509 4134 Christi,
1554 4078 1611 4125 et
1641 4070 1931 4138 Ecclesia;
1980 4088 2107 4143 pro-

501 4176 649 4231 pono
718 4162 858 4218 mihi
912 4162 1380 4235 distinguendum,
1438 4164 1762 4220 auctoritate
1838 4164 2103 4224 catholica

496 4255 869 4327 probandum,
914 4255 1046 4328 quid
1093 4256 1161 4313 de
1198 4257 1545 4327 Simoniacis,
1604 4266 1660 4315 et
1724 4260 2101 4317 excommuni-

498 4347 631 4404 catis
668 4348 859 4407 eadem
902 4349 1005 4406 sibi
1047 4358 1390 4408 sacramenta
1434 4350 1869 4423 vendicantibus,
1918 4353 1991 4411 sit
2028 4362 2103 4411 te-

501 4442 766 4499 nendum.

2224 508 2561 581 Augusunus
2614 509 2669 563 in
2693 506 2919 578 epistola
2959 508 3173 562 concilii
3206 506 3273 562 ad
3301 507 3643 562 Donatistas.
3672 507 3830 563 Com-

2223 603 2411 659 munio
2452 602 2723 657 malorum
2747 618 2855 656 non
2883 602 3120 656 maculat
3146 600 3386 671 aliquem
3420 600 3831 671 participatione

2224 704 2723 763 sacramentorum,
2754 694 2848 750 sed
2887 694 3242 750 consensione
3278 693 3749 751 factorumsNam
3790 696 3832 750 si

2223 789 2277 845 in
2323 790 2480 847 factis
2522 790 2678 844 malis
2724 788 2952 851 non,eis
3001 787 3230 859 quisque
3277 789 3601 853 consentiat,
3655 796 3831 859 portat

2224 885 2400 939 malus
2441 899 2663 939 causam
2701 898 2856 937 suam
2902 891 2955 936 εἰ
2990 897 3283 953 personam
3312 898 3490 936 suam.
3537 883 3665 937 NOII
3708 896 3834 953 pra-

2219 977 2431 1050 judicat
2472 977 2628 1032 alteri
2668 992 2830 1047 quem
2862 975 2915 1030 in
2958 976 3323 1031 consensione.
3350 975 3480 1031 mali
3529 975 3713 1046 operis
3754 990 3835 1030 so-

2227 1072 2373 1128 cium
2424 1087 2533 1125 non
2565 1070 2727 1126 habet
2769 1069 3035 1127 criminis.
3070 1070 3140 1125 Et
3170 1078 3231 1124 ut
3276 1070 3413 1125 scias
3462 1069 3611 1141 quod
3659 1070 3836 1126 Simo-

2227 1164 2388 1232 niaci,
2439 1163 2587 1236 quod
2634 1162 3091 1219 excommunicati
3155 1160 3405 1218 nondum
3454 1162 3835 1219 ventilabrum

2227 1258 2458 1330 experti,
2487 1258 2657 1313 latent
2697 1257 2751 1312 in
2794 1256 3057 1325 Ecclesia,
3090 1264 3152 1312 ut
3191 1256 3245 1311 in
3273 1272 3453 1313 messe
3492 1272 3623 1311 cum
3664 1273 3837 1327 grano

2228 1352 2406 1424 palea,
2452 1367 2665 1419 omnes,
2700 1367 2838 1424 quos
2890 1350 3196 1406 Simoniaca
3240 1350 3433 1423 polluit
3476 1350 3734 1419 haresis,
3773 1367 3838 1408 ex

2229 1446 2498 1503 sententia
2553 1444 2807 1518 principis
2850 1445 3223 1516 apostolorum
3288 1445 3551 1510 damnati,
3621 1444 3840 1502 dicente

2230 1538 2394 1597 beato
2418 1540 2635 1597 Gelasio
2670 1557 2684 1595 :
2720 1561 2745 1587 ι
2772 1538 2925 1594 ldem
2955 1539 3070 1611 ipse
3086 1553 3266 1602 error,
3294 1539 3384 1611 qui
3405 1538 3571 1595 semel
3592 1547 3680 1594 est
3708 1555 3838 1595 cum

2229 1649 2332 1690 suo
2374 1643 2599 1690 auctore
2634 1633 2949 1700 damnatus,
2982 1633 3035 1687 in
3076 1631 3333 1704 participe
3377 1632 3629 1704 quolibet
3658 1649 3839 1705 prava

2227 1726 2640 1784 communionis
2685 1725 2885 1783 effecto
2928 1726 3363 1782 exsecrationem
3408 1727 3497 1782 sui
3549 1734 3757 1798 gestat,
3786 1735 3839 1783 et

2232 1836 2471 1893 panam.
2503 1844 2529 1868 ιι
2568 1824 2705 1876 Item
2739 1840 2751 1874 :
2796 1843 2823 1869 ι
2851 1822 2965 1876 Nec
3002 1818 3233 1875 dubium
3264 1817 3414 1891 quod
3443 1820 3587 1874 sicut
3622 1820 3682 1875 in
3708 1836 3839 1877 una-

2232 1930 2445 1988 quaque
2485 1913 2701 1982 haresi,
2742 1912 2890 1985 quod
2926 1912 3319 1969 incessabiliter
3346 1912 3712 1985 repetendum
3738 1922 3836 1981 est,

2230 2008 2356 2080 quia
2435 2008 2660 2063 ﬁrmum
2730 2022 2847 2063 esse
2918 2006 3100 2062 nullus
3166 2006 3401 2079 ambigit
3472 2006 3833 2075 Christianus,

2228 2117 2418 2159 omnes
2461 2102 2780 2173 complices,
2817 2108 3133 2169 sectatores,
3160 2100 3669 2159 communicaturus
3688 2101 3839 2158 dam.

2226 2204 2370 2253 nata
2397 2196 2567 2253 semel
2597 2193 2876 2267 pravitatis
2919 2195 3035 2267 pari
3061 2203 3209 2251 sorte
3238 2202 3556 2251 censentur.
3588 2218 3616 2243 ιι

2299 2293 2525 2357 Omnes,
2565 2290 2698 2357 scio,
2741 2290 3182 2361 prasumptuosi,
3212 2297 3649 2361 transgressores
3677 2306 3841 2347 cano-

2226 2399 2360 2441 num
2383 2392 2515 2440 sunt
2539 2383 3001 2451 anathematizati,
3044 2382 3317 2440 scribente
3346 2384 3403 2439 S.
3452 2383 3728 2457 Gregorio
3768 2384 3839 2441 ad

2222 2478 2534 2536 Gallicanos
2566 2477 2851 2550 episcopos
2878 2497 2896 2533 :
2932 2501 2958 2527 σι
3003 2476 3200 2535 Omnia
3242 2492 3365 2549 qua
3388 2477 3592 2534 sanctis
3617 2478 3839 2535 canoni-

2223 2570 2326 2628 bus
2360 2580 2493 2627 sunt
2519 2571 2746 2628 adversa
2768 2570 3017 2627 districta
3054 2570 3159 2627 sub
3191 2570 3565 2627 anathematis
3594 2572 3819 2643 interpo

2220 2665 2417 2721 sitione
2445 2665 2802 2722 damnentur.
2835 2688 2861 2713 ι
2888 2663 2996 2721 Sed
3044 2664 3121 2733 hi,
3158 2664 3406 2736 inquam,
3447 2664 3550 2721 etsi
3569 2667 3838 2735 accusati,

2220 2757 2506 2815 evidenter
2526 2767 2711 2815 tamen
2732 2757 2989 2814 nondum
3009 2758 3064 2813 in
3086 2758 3189 2814 hac
3202 2758 3638 2831 transgressione
3665 2758 3841 2815 denu-

2217 2850 2359 2921 dati,
2389 2851 2611 2919 habent,
2644 2860 2705 2908 ut
2726 2850 3029 2920 credimus,
3050 2852 3118 2909 de
3146 2860 3395 2908 materna
3424 2852 3692 2910 Ecclesia
3714 2869 3837 2925 gra-

2222 2945 2295 3001 tia
2340 2953 2394 3001 et
2430 2946 2742 3015 sanctitate,
2774 2946 3035 3003 adversus
3081 2961 3247 3019 quam
3300 2962 3402 3002 nec
3444 2954 3621 3018 porta
3670 2945 3840 3003 infen‘

2172 3110 2198 3133 χ
2223 3039 2599 3110 pravalebunt
2626 3041 2839 3106 (Matth.
2871 3044 3003 3106 xvr)
3035 3058 3048 3095 :
3083 3040 3187 3095 sub
3214 3039 3373 3112 cujus
3397 3041 3497 3095 alis
3528 3040 3586 3095 in
3615 3056 3714 3113 spe
3745 3056 3841 3098 ve-

2142 3183 2189 3247 C

2220 3132 2327 3189 nia
2380 3133 2561 3190 adhuc
2603 3134 2795 3201 latent,
2842 3141 2903 3188 ut
2944 3142 3287 3190 sacramenta
3346 3133 3595 3205 eiusdem
3634 3134 3842 3191 matris

2222 3226 2531 3297 conﬁciant,
2574 3226 2733 3299 cujus
2763 3228 3003 3284 necdum
3030 3227 3127 3283 ﬁlii
3153 3243 3271 3285 esse
3315 3228 3535 3301 publice
3570 3228 3840 3300 perdide-

2224 3328 2371 3376 rant.

2295 3414 2401 3471 Sed
2421 3413 2561 3471 dicis
2594 3432 2607 3469 :
2632 3414 2924 3486 Quomodo
2951 3415 3244 3473 conﬁcient
3265 3431 3467 3487 corpus
3494 3414 3701 3472 Christi
3728 3417 3832 3491 qui

2221 3524 2318 3581 per
2346 3508 2625 3577 haresim,
2654 3525 2751 3567 seu
2782 3525 2879 3582 per
2906 3509 3172 3567 meritum
3200 3509 3593 3576 anathematis,
3623 3525 3687 3566 se
3729 3509 3833 3567 de-

2221 3602 2672 3659 membraverunt
2732 3619 2761 3658 a
2805 3618 3034 3675 corpore
3077 3602 3323 3661 Christi?
3366 3602 3767 3675 Respondetur
3819 3620 3832 3656 :

2218 3699 2251 3753 J
2259 3695 2391 3753 udas
2418 3712 2561 3753 unus
2590 3712 2657 3752 ex
2684 3696 2975 3753 duodecim
3006 3705 3143 3764 erat,
3175 3697 3429 3753 eamdem
3457 3712 3589 3753 cum
3616 3698 3702 3754 eis
3730 3715 3834 3770 po-

2219 3798 2473 3846 testatem
2513 3790 2782 3848 miracula
2834 3788 3069 3847 faciendi
3099 3790 3355 3848 habebat.
3388 3794 3457 3847 Et
3483 3793 3738 3861 quamvis
3764 3792 3833 3849 lo-

2218 3884 2372 3940 culos
2402 3892 2630 3956 portans
2686 3884 2778 3941 fur
2818 3893 2962 3941 esset
2988 3889 3157 3951 (Joan.
3194 3888 3310 3952 xu)
3361 3903 3374 3940 :
3417 3892 3605 3941 tamen
3633 3886 3831 3957 quibus

2217 3992 2315 4049 par
2356 3986 2476 4034 erat
2530 3979 2587 4034 in
2616 3978 2803 4050 signis,
2851 3994 2948 4050 par
2978 3978 3262 4035 videbatur
3306 3986 3363 4034 et
3403 3976 3634 4034 meritis.
3684 3985 3831 4036 Ante

2216 4070 2405 4128 oculos
2433 4072 2636 4144 quippe
2663 4072 2953 4129 hominum
2982 4072 3036 4129 in
3074 4072 3470 4129 miraculorum
3498 4072 3823 4145 insignibus,

2213 4164 2384 4233 Petri,
2415 4164 2673 4233 Andrea,
2716 4165 2904 4223 Jacobi
2947 4175 3002 4223 et
3043 4165 3277 4223 Joannis
3304 4174 3425 4222 erat
3455 4166 3661 4231 socius;
3690 4172 3827 4221 ante

2214 4258 2332 4329 ejus
2374 4266 2560 4315 autem
2597 4259 2787 4315 oculos
2833 4259 2920 4316 cui
2960 4274 3072 4316 non
3113 4269 3235 4316 erat
3272 4275 3411 4331 opus
3441 4268 3506 4316 ut
3552 4257 3675 4332 quis
3719 4258 3827 4315 sibi

2213 4351 2594 4408 testimonium
2626 4352 2937 4424 perhiberet
2963 4352 3032 4409 de
3054 4352 3302 4420 homine,
3331 4353 3456 4424 quia
3485 4375 3511 4401 ι
3539 4353 3660 4425 ipse
3688 4353 3826 4409 scie-

2206 4444 2303 4502 bat
2330 4444 2458 4517 quid
2484 4452 2627 4501 esset
2653 4444 2709 4500 in
2738 4445 2961 4503 homine
2996 4450 3169 4513 (Joan.
3203 4452 3274 4513 ιι)
3317 4468 3366 4515 ιι,
3399 4455 3516 4502 erat
3540 4445 3822 4504 diabolus.

571 4543 752 4604 (1023)
792 4537 1136 4595 Simoniacos
1174 4539 1344 4612 igitur
1392 4544 1449 4594 et
1497 4540 2001 4597 excommunicatos
2050 4540 2106 4597 in
2132 4545 2183 4610 ι)
2214 4538 2440 4594 Dictum
2470 4546 2552 4594 est
2581 4539 2727 4594 enim
2757 4538 2826 4596 de
2855 4556 2959 4597 eo:
2996 4558 3024 4593 α
3051 4542 3245 4596 Nonne
3268 4555 3369 4613 ego
3400 4555 3499 4596 vos
3518 4539 3826 4597 duodecim

501 4626 610 4683 duo
636 4629 949 4689 dividimus.
1002 4631 1111 4689 Alii
1151 4649 1345 4689 eorum
1384 4648 1623 4704 quorum
1670 4632 1819 4689 zelus
1847 4632 2111 4710 innotuit;

501 4718 592 4774 alii
649 4722 764 4791 qui,
809 4724 913 4779 etsi
958 4725 1220 4791 accusati,
1269 4726 1369 4782 etsi
1414 4727 1623 4783 macula
1654 4727 1977 4799 suspicionis
2025 4744 2115 4785 re-

497 4813 693 4885 spersi,
740 4814 979 4871 necdum
1030 4826 1217 4873 tamen
1264 4818 1618 4877 manifestati.
1678 4822 1907 4879 Illorum
1963 4838 2093 4879 vero

498 4922 737 4980 quorum
768 4907 919 4963 nefas
953 4917 1118 4979 patet,
1144 4911 1253 4978 alii,
1287 4912 1527 4969 necdum
1548 4916 1602 4970 in
1619 4915 1831 4987 judicio
1856 4932 2091 4988 prasen-

498 5002 616 5066 tati,
642 5000 732 5057 alii
772 5000 989 5073 publico
1020 5003 1272 5061 Ecclesia
1306 5006 1520 5076 judicio
1566 5008 1828 5066 damnati.
1873 5011 1961 5067 Ah
1989 5012 2091 5068 illis

496 5096 661 5169 igitur
708 5110 945 5168 quorum
970 5095 1144 5151 scelus
1171 5096 1351 5155 adhuc
1397 5100 1621 5157 oculum
1652 5101 1891 5158 hominis
1932 5104 2089 5173 latet,

496 5189 772 5247 credimus
828 5204 986 5261 posse
1025 5189 1218 5245 conﬁci
1267 5203 1602 5249 sacramenta
1658 5195 1933 5252 Ecclesia.
1986 5197 2092 5254 Sed

494 5286 745 5356 quamvis
772 5300 874 5340 nos
912 5284 1105 5357 juvent
1142 5300 1235 5356 per
1263 5283 1448 5353 ﬁdem,
1499 5286 1618 5343 illos
1658 5288 1922 5344 damnant
1970 5306 2093 5361 pro-

495 5385 615 5447 pter
644 5377 1130 5449 prasumptionem
1162 5398 1174 5433 :
1207 5377 1499 5443 Iudicium,
1542 5378 1724 5452 inquit
1767 5383 2088 5453 Apostolus,

568 5562 755 5637 (102!)
793 5559 908 5614 Hac
936 5559 1196 5637 catholica
1214 5561 1587 5637 professione,
1607 5564 1669 5637 in
1711 5580 1818 5634 qua
1866 5569 2093 5637 scriptor

494 5648 557 5686 ea
575 5632 915 5707 {ponitiqua
939 5634 997 5685 in
1018 5632 1369 5704 apostolicum
1384 5632 1849 5707 perscripsit—non
1874 5654 1942 5693 ea:
1965 5632 2089 5707 sua,

494 5704 589 5775 sed
619 5719 685 5756 ea:
712 5702 1171 5775 schismaticoi'um
1196 5702 1423 5775 persona
1460 5702 1706 5762 retulisse
1732 5702 2087 5766 monstratur.

565 5774 748 5842 (1022)
784 5774 844 5827 In
874 5789 979 5827 ms.
1003 5782 1085 5828 est
1115 5774 1203 5829 hic
1234 5777 1499 5833 lacunula.

570 5846 752 5912 (102s)
779 5848 853 5900 De
877 5849 1222 5902 sacramentis
1245 5848 1614 5908 hareticorum
1648 5852 1759 5907 sive
1783 5867 2089 5914 excommu-

2224 4632 2385 4705 elegi,
2418 4640 2472 4689 et
2511 4649 2653 4690 unus
2681 4649 2749 4689 ex
2778 4633 2935 4690 vobis
2974 4616 3228 4691 diabolus
3272 4636 3395 4690 est?
3426 4656 3452 4682 ιι
3494 4636 3673 4700 (Joan.
3710 4637 3827 4699 τι.)

2222 4726 2355 4783 Ideo
2415 4728 2605 4799 utique
2641 4726 2911 4797 diabolus,
2949 4726 3079 4799 quia
3108 4726 3327 4783 dualem
3361 4724 3611 4798 spirabat
3638 4742 3825 4799 spem,

2208 4836 2327 4877 esse
2355 4820 2606 4877 videlicet
2640 4829 2695 4876 et
2736 4818 2987 4875 venditor
3014 4820 3241 4877 Domini
3271 4828 3327 4876 et
3363 4818 3670 4892 discipulus
3702 4824 3825 4877 Do—

2204 4914 2357 4970 mini.
2393 4914 2500 4971 Sed
2549 4930 2676 4971 cum
2714 4914 2832 4987 jam
2878 4914 3137 4986 nequitia
3182 4930 3296 4971 sua
3338 4914 3574 4987 pretium
3613 4913 3826 4972 venditi

2205 5008 2435 5063 Domini
2482 5008 2843 5079 promitteret,
2873 5024 3001 5064 cum
3030 5008 3141 5080 jam
3188 5007 3670 5080 opportunitatem
3703 5017 3824 5065 tra-

2205 5101 2369 5158 dendi
2394 5117 2519 5157 eum
2547 5108 2816 5173 quareret
2847 5102 3062 5173 (Matth.
3108 5116 3292 5169 xxvr;
3340 5103 3467 5157 Luc.
3535 5107 3730 5171 χχιι),
3772 5103 3824 5157 in

2205 5194 2313 5251 hoc
2357 5193 2615 5251 barathro
2657 5194 2874 5251 sceleris
2896 5211 3011 5250 non
3040 5194 3222 5251 minus
3259 5210 3392 5251 usus
3419 5202 3505 5249 est
3538 5203 3827 5265 potestate

2207 5287 2524 5360 apostolica,
2564 5296 2619 5344 et
2653 5286 2754 5344 hac
2781 5287 2991 5353 tandiu,
3028 5287 3206 5345 donec
3227 5287 3423 5343 audito
3453 5307 3466 5342 :
3503 5308 3529 5336 ι
3561 5288 3719 5360 quod
3748 5287 3826 5344 fa-

2207 5382 2304 5452 cis,
2340 5381 2424 5439 fac
2466 5382 2648 5450 citius,
2678 5382 2840 5439 exivit
2866 5386 3019 5452 foras
3052 5401 3066 5439 :
3109 5385 3247 5440 Erat
3291 5382 3442 5440 enim
3477 5398 3595 5440 nox
3633 5386 3819 5451 (Joan.

2206 5570 2508 5622 nicatorum
2537 5568 2797 5623 audiatur
2823 5567 3186 5637 Augustinus,
3216 5583 3284 5621 ea:
3312 5567 3465 5637 cujus
3493 5567 3587 5622 lib.
3622 5568 3696 5623 De
3731 5569 3819 5623 ha-

2201 5640 2407 5710 ptismo
2434 5643 2619 5693 contra
2640 5642 2951 5695 Donatistas
2985 5638 3251 5706 colligitur
3278 5644 3389 5692 tam
3418 5640 3813 5703 ordinationes,

2314 5725 2367 5763 m
2394 5709 2661 5780 baptisma
2686 5716 2842 5765 extra
2870 5711 3160 5766 Ecclesium
3185 5710 3375 5764 haberi
3404 5715 3455 5765 et
3477 5710 3607 5766 dari
3622 5726 3813 5780 posse,

2228 5783 2324 5841 {cet
2343 5784 2639 5852 perniciose
2666 5788 2780 5839 tam
2802 5783 3041 5845 habenti,
3069 5796 3232 5850 quam
3259 5781 3435 5837 danti.
