4062 6182
275 333 408 383 1157

1171 329 1461 384 APPEND.
1501 330 1589 382 III.
1630 358 1700 368 —
1735 328 2162 384 MONUMENTA
2199 330 2659 386 GREGORIANA.

3432 335 3567 388 H58

268 458 430 517 xm).
487 475 512 500 ιι
544 452 632 508 Ad
679 451 825 508 hunc
867 451 1100 509 modum
1147 451 1425 508 credimus
1450 461 1506 508 et
1545 452 1648 508 hos
1694 469 1855 523 posse
1884 455 1938 518 Α
1966 453 2034 510 de
2080 453 2183 510 hac
2212 455 2319 510 vita
2365 455 2704 528 migraverit,
2752 470 2868 511 non
2909 469 3040 512 eum
3067 457 3172 512 nisi
3232 455 3567 514 catholicum

270 547 631 602 ecclesiastica
663 545 880 601 efﬁcere
925 554 1267 602 sacramenta
1289 587 1303 613 ,
1333 545 1466 601 dum
1502 546 1747 602 nondum
1775 562 1870 603 eos

273 640 587 712 publicavit,
619 649 674 696 et
703 639 1116 711 quodammodo
1142 649 1268 696 ante
1298 640 1661 712 episcopalem
1697 641 1866 696 eccle-

271 733 547 790 siasticam
588 733 1222 789 excommunicationem
1269 733 1336 787 ab
1381 735 1622 790 Ecclesia
1667 734 1868 806 prazju-

273 827 473 884 dicarie
501 827 806 882 eliminavit
847 843 1041 882 eorum
1071 843 1131 883 se
1157 824 1382 882 effrenis
1423 829 1795 883 contumacia.

343 930 526 989 (1024)
579 923 661 978 Ab
728 924 833 978 illis
886 940 1012 979 vero
1053 925 1144 996 qui
1182 923 1252 980 de
1311 923 1500 992 haeresi
1556 924 1870 980 Simoniaca

274 1025 404 1073 sunt
445 1017 722 1073 evidenter
747 1019 845 1078 rei.
904 1019 1006 1072 etsi
1058 1017 1308 1074 nondum
1352 1017 1566 1088 publice
1625 1017 1869 1088 iudicati,

273 1111 512 1167 ﬁrmiter
537 1111 840 1168 di1ﬁtemur
852 1111 1104 1167 Ecclesiae
1117 1119 1461 1166 sacramenta
1481 1125 1638 1181 posse
1652 1111 1869 1166 confici.

274 1205 496 1261 Publica
535 1206 688 1260 enim
742 1213 796 1260 et
853 1204 1026 1260 fronte
1056 1221 1252 1261 carens
1300 1205 1659 1277 prmsumptio
1694 1204 1899 1276 major‘

278 1308 360 1355 est
386 1300 508 1371 ipso
538 1299 738 1354 scelere
763 1299 1026 1354 admisso.
1065 1300 1222 1368 Quae,
1253 1297 1388 1353 dum
1429 1299 1619 1366 claret,
1648 1298 1872 1354 evidens

276 1401 357 1447 est
385 1392 667 1462 exemplar
702 1392 991 1462 peccandi;
1023 1392 1114 1464 qui
1144 1392 1295 1456 dicit,
1327 1391 1433 1448 nisi
1481 1409 1590 1458 me,
1622 1408 1712 1447 me
1740 1391 1872 1448 imi-

275 1486 492 1540 tamini.
523 1485 690 1541 Verbi
719 1485 907 1558 gratia,
941 1486 1032 1557 qui
1075 1486 1314 1542 honores
1337 1486 1648 1542 Simoniace
1682 1485 1872 1558 acqui-

278 1580 417 1636 sitos
439 1595 554 1635 non
583 1579 832 1650 deponit,
863 1579 993 1652 quid
1016 1580 1184 1647 aliud,
1217 1579 1321 1636 nisi
1339 1579 1647 1647 Simonem,
1676 1580 1730 1635 in
1761 1595 1869 1651 quo

279 1674 436 1742 vivit,
469 1674 800 1729 imitandum
833 1674 1120 1746 proponit?
1172 1674 1276 1745 Qui
1323 1683 1510 1730 autem
1556 1673 1871 1746 pudibunde

280 1775 335 1824 et
358 1777 571 1824 tantum
596 1776 721 1823 ante
743 1771 921 1824 Deum
953 1776 1158 1840 peccat,
1186 1767 1513 1840 quandoque
1527 1784 1645 1825 esse
1663 1775 1873 1825 metuet

284 1861 436 1933 quod
460 1861 627 1918 videri
648 1862 836 1933 pudet.

348 1955 456 2011 Sed
485 1971 728 2026 oppones
754 1954 915 2024 mihi,
949 1955 1084 2023 scio,
1118 1956 1257 2012 Cum
1281 1971 1414 2012 usus
1441 1955 1688 2028 quotidie
1713 1955 1874 2012 nobis

260 2062 267 2067 ‘
281 2057 579 2122 praesentet
601 2066 776 2105 unum
818 2048 1187 2121 eumdemque
1211 2049 1608 2118 Simoniacum,
1635 2049 1723 2105 alii
1759 2050 1875 2105 cui-

274 2159 443 2216 quam
464 2143 774 2199 Christiano
798 2142 977 2199 adhuc
1003 2144 1382 2216 inexpertum,
1413 2143 1502 2199 alii
1533 2159 1662 2199 vero
1680 2143 1898 2214 ~perlu-'

279 2251 406 2293 cere
432 2235 808 2304 manifestum,
849 2235 1130 2309 quomodo
1174 2237 1264 2294 ille
1310 2244 1720 2292 sacramentum
1776 2252 1874 2294 ne-

273 2331 471 2386 scienti
500 2330 772 2400 conﬁciet,
807 2330 956 2402 quod
984 2339 1258 2402 quantum
1309 2331 1380 2386 ad
1408 2331 1670 2386 scientem
1700 2329 1872 2386 conﬁ-

275 2441 400 2481 cere
437 2441 550 2480 non
580 2425 767 2481 valet?
823 2425 1214 2496 Respondetur
1241 2444 1254 2478 :
1300 2427 1456 2480 Justa
1488 2441 1648 2480 mens
1676 2441 1744 2481 ea:
1770 2426 1875 2494 fide

275 2522 412 2574 vivit
437 2523 610 2586 (Rom.
643 2525 708 2586 ι).
736 2519 890 2576 Fidei
907 2517 1139 2576 effectus
1156 2518 1426 2574 salubrius
1445 2517 1689 2574 creditur
1704 2534 1874 2590 quam

276 2628 408 2669 cum
440 2613 658 2669 ratione
686 2612 1059 2684 investigetur.
1084 2613 1222 2668 Dico
1253 2611 1510 2684 equidem
1538 2616 1721 2678 (1025)
1747 2611 1898 2682 quiav

276 2706 411 2763 illud
439 2707 585 2778 quod
617 2723 712 2778 per
749 2707 1130 2763 Simoniacum
1181 2722 1294 2762 non
1327 2721 1488 2778 posse
1529 2704 1726 2761 conﬁci
1755 2721 1873 2762 cre-

275 2798 448 2867 ditur,
496 2798 655 2868 illud,
706 2799 953 2872 inquam,
984 2799 1148 2856 alicui
1201 2798 1521 2870 simpliciter
1548 2797 1788 2854 credenti
1819 2805 1876 2854 et

275 2892 513 2949 ﬁdeliter
566 2893 830 2950 nescienti
856 2898 1038 2961 (1026)
1091 2901 1497 2949 sacramentum
1545 2907 1682 2960 esse,
1737 2890 1874 2948 ﬁdes

279 2995 555 3059 operatur.
617 2991 742 3059 Ipse
793 2996 981 3043 tamen
1040 2987 1362 3054 conﬁciens,
1420 3002 1487 3042 ex
1545 2987 1670 3051 hoc,
1721 2985 1873 3058 quod

278 3082 525 3148 conﬁcit,
573 3079 894 3137 damnatur.
925 3084 1000 3137 Ne
1027 3080 1264 3150 mireris,
1295 3079 1422 3151 quia
1454 3095 1550 3152 per
1593 3078 1759 3136 ﬁdem
1789 3094 1872 3134 sa-

274 3183 567 3232 cramento
596 3176 840 3232 reﬁcitur
870 3174 1163 3246 accipiens.
1194 3174 1356 3243 Audi,
1389 3173 1517 3246 quia
1538 3173 1872 3230 sacramenti

274 3269 454 3342 gratia
486 3269 668 3340 (1027)
701 3269 1062 3341 participatur
1092 3269 1262 3324 etiam
1287 3284 1399 3325 non
1426 3268 1723 3340 accipiens.
1755 3273 1871 3324 Au-

273 3362 532 3435 gustinus
551 3363 609 3418 in
633 3379 891 3419 sermone
917 3362 987 3419 ad
1015 3362 1252 3419 infantes
1297 3362 1368 3418 ad
1397 3362 1568 3418 altare
1595 3362 1662 3418 de
1691 3378 1874 3418 sacra-

274 3465 470 3512 mento
501 3461 605 3522 (De
633 3472 878 3514 consecr.
909 3456 968 3512 d.
996 3463 1053 3524 4,
1081 3473 1129 3513 c.
1168 3462 1290 3525 131,
1320 3458 1474 3515 Nulli
1494 3460 1588 3521 est)
1620 3474 1634 3512 ε
1671 3478 1695 3504 α
1727 3455 1876 3513 Nulli

267 3558 360 3606 est
407 3549 753 3622 aliquatenus
790 3551 1187 3622 ambigendum
1234 3559 1366 3606 tunc
1416 3565 1876 3622 unumquemque

271 3643 528 3700 ﬁdelium
558 3645 801 3717 corporis
836 3643 1223 3717 sanguinisque
1251 3644 1526 3701 Dominici
1555 3643 1876 3716 participem

269 3737 418 3806 ﬁeri,
443 3738 664 3810 quando
694 3739 750 3794 in
775 3739 1103 3810 baptismate
1125 3738 1438 3794 membrum
1474 3737 1676 3795 Christi
1705 3735 1876 3794 efﬁci-

267 3841 408 3901 tur;
461 3848 563 3888 nec
592 3833 818 3888 alienari
848 3832 918 3889 ab
946 3832 1090 3888 illius
1121 3833 1276 3903 panis
1323 3832 1623 3905 calicisque
1649 3847 1876 3888 consor-

271 3927 385 3995 tio,
431 3926 594 3982 etiam
641 3927 710 3993 si,
740 3934 1045 3998 antequam
1095 3942 1295 3997 panem
1339 3926 1494 3982 illum
1541 3925 1792 3982 comedat
1820 3933 1876 3982 et

269 4020 510 4077 calicem
559 4021 733 4089 bibat,
785 4019 854 4076 de
896 4020 1001 4076 hoc
1027 4020 1229 4076 saeculo
1275 4020 1328 4074 in
1376 4020 1579 4076 unitate
1628 4020 1876 4091 corporis

270 4100 488 4171 Christi
503 4115 834 4170 constitutus
853 4112 1128 4169 abscedat.
1156 4113 1497 4168 Sacramenti
1517 4113 1715 4184 quippe
1728 4113 1877 4169 illius

273 4207 708 4281 participatione
754 4224 818 4264 ac
867 4205 1138 4264 beneﬁcio
1197 4221 1312 4262 non
1363 4205 1627 4278 privatur,
1659 4205 1874 4277 quando

271 4302 398 4374 ipse
424 4301 532 4358 hoc
560 4301 710 4374 quod
749 4300 887 4357 illud
915 4307 1331 4357 sacramentum
1368 4308 1456 4355 est
1483 4300 1708 4355 invenit.
1739 4323 1764 4348 ιθ
1796 4302 1879 4356 Ne

269 4396 450 4468 igitur
477 4395 691 4451 dubites
721 4395 1044 4466 simpliciter
1071 4394 1387 4451 credentem
1429 4393 1718 4451 salubriter
1743 4391 1879 4449 illud

264 4489 525 4560 accipere
563 4488 734 4544 abillo
751 4503 916 4560 quem
937 4489 1113 4544 nescit
1135 4487 1480 4555 haereticum;
1514 4487 1667 4544 audit
1689 4486 1876 4556 etiam,

1975 549 2327 618 deputamus.
2385 549 2439 604 Si
2485 557 2669 605 autem
2704 548 2868 604 fuerit
2921 567 2952 605 a
2983 550 3250 621 corporali
3299 560 3474 606 morte
3506 551 3568 607 li-

1980 641 2226 710 beratus,
2281 659 2409 708 cum
2483 659 2540 698 se
2598 644 2883 700 catholica:
2933 643 3338 715 congregationi
3393 645 3563 701 etiam

1981 736 2271 807 prasentia
2291 737 2559 807 corporali
2580 736 2900 805 reddiderit,
2932 737 3075 793 unde
3094 754 3381 808 nunquam
3408 737 3569 794 corde

1979 829 2294 897 dicesserat,
2327 847 2442 885 non
2471 831 2650 885 solum
2698 847 2808 886 non
2838 831 3221 902 improbamus
3245 831 3393 903 quod
3415 830 3569 900 fecit,

1979 923 2072 978 sed
2099 923 2267 979 etiam
2298 924 2649 980 securissime
2679 925 3065 996 verissimeque
3091 927 3397 983 laudamus.
3425 926 3569 998 Quia

1979 1025 2307 1087 praesentem
2336 1018 2641 1074 Dominum
2661 1021 2882 1088 [Deum]
2905 1018 3131 1076 credidit
3154 1019 3304 1077 cordi
3323 1035 3446 1090 suo,
3472 1019 3567 1075 ubi

1979 1111 2251 1166 unitatem
2277 1111 2547 1167 servabat.
2581 1134 2606 1160 ν

2051 1205 2344 1262 Discamus
2369 1222 2523 1277 ergo,
2547 1208 2676 1280 quia
2719 1209 2766 1264 si
2799 1223 2925 1264 cum
2945 1209 3258 1266 Simoniaco
3299 1226 3426 1283 ago,
3473 1209 3572 1282 qui

1981 1308 2065 1356 est
2093 1300 2273 1357 adhuc
2292 1309 2508 1357 tantum
2534 1299 2604 1358 de
2629 1300 2962 1371 manifestis,
2991 1303 3239 1359 nondum
3259 1303 3327 1359 de
3357 1303 3569 1374 publice

1979 1394 2279 1463 damnatis,
2307 1412 2436 1452 cum
2464 1395 2559 1464 illi,
2608 1396 2851 1468 inquam,
2893 1396 3148 1468 quaedam
3191 1397 3449 1455 Ecclesia:
3477 1413 3570 1456 sae

1979 1497 2258 1545 cramenta
2325 1489 2601 1545 conﬁcere
2654 1499 2955 1562 nequeant,
3005 1507 3133 1547 cum
3192 1490 3417 1564 perfecti
3467 1506 3569 1548 nec

1979 1581 2103 1638 illos
2130 1597 2288 1653 posse
2307 1582 2602 1649 conﬁcere,
2626 1599 2731 1640 nec
2751 1600 2809 1640 se
2837 1583 3084 1641 confecta
3122 1584 3190 1641 ab
3216 1585 3297 1641 eis
3325 1584 3573 1656 accipere

1978 1676 2224 1746 credant,
2254 1685 2442 1733 tamen
2470 1677 2616 1749 quod
2659 1693 2774 1734 non
2806 1678 3006 1736 habeat
3036 1679 3338 1751 nequitiam
3362 1678 3569 1746 dantis,

1980 1769 2176 1840 accipit
2215 1769 2447 1840 pleniter
2476 1769 2611 1826 ﬁdes
2637 1779 2694 1826 et
2741 1772 3015 1843 sapienter
3057 1771 3324 1845 simplicis
3362 1779 3417 1826 et
3443 1771 3574 1828 sim-

1901 1847 1947 1910 Β
1980 1862 2192 1933 pliciter
2223 1863 2506 1934 sapientis,
2550 1872 2734 1920 totum
2760 1865 3026 1936 implente
3050 1865 3222 1938 gratia
3248 1867 3404 1935 Jesu,
3433 1865 3574 1920 sicut

1983 1956 2042 2012 in
2071 1957 2164 2012 illo
2207 1954 2352 2013 felici
2377 1958 2610 2026 latrone,
2641 1959 2752 2027 cui,
2782 1966 2845 2014 ut
2872 1959 3209 2031 Augustinus
3235 1959 3335 2026 ait,
3370 1981 3395 2008 σι
3428 1955 3574 2030 quod

1983 2065 2050 2105 ex
2072 2049 2334 2122 baptismi
2362 2060 2708 2107 sacramento
2744 2049 2944 2120 defuit,
2992 2052 3301 2124 benignitas
3327 2051 3432 2108 Dei
3458 2051 3574 2122 spi-

1981 2142 2215 2198 ritaliter
2242 2141 2574 2213 adimplevit.
2609 2165 2636 2191 ι

2052 2238 2173 2291 Hoc
2201 2245 2388 2292 autem
2414 2235 2617 2292 distare
2643 2233 2859 2292 videtur
2880 2236 3024 2293 inter
3046 2235 3340 2293 manifeste
3368 2253 3492 2294 reos
3519 2245 3575 2296 et

1981 2330 2196 2401 publice
2221 2330 2748 2398 excommunicatos,
2780 2330 2908 2402 quia
2933 2347 3059 2386 cum
3089 2332 3574 2389 excommunicatis

1979 2423 2389 2480 communicare
2420 2422 2798 2495 prohibemur,
2827 2424 2936 2479 nisi
2988 2433 3400 2482 convertantur.
3433 2428 3573 2483 Cum

1980 2517 2294 2573 manifestis
2305 2525 2360 2573 et
2372 2516 2894 2589 nondumjudicatis
2909 2519 3222 2574 conversari
3251 2527 3490 2590 Oportet,
3511 2528 3574 2576 ut

1981 2618 2390 2668 convertantur.
2421 2610 2538 2666 Illis
2586 2609 2746 2666 nefas
2775 2618 2880 2678 est,
2912 2619 2974 2666 ut
2994 2611 3245 2668 dicamus
3272 2630 3389 2680 ave,
3419 2613 3575 2670 nefas

1981 2714 2066 2761 est
2093 2720 2220 2760 cum
2245 2704 2355 2760 illis
2383 2703 2466 2759 vel
2491 2702 2678 2759 cibum
2699 2719 2939 2759 sumere.
2970 2705 3109 2761 Cum
3160 2704 3277 2761 istis
3305 2707 3576 2777 permittit

1979 2798 2280 2870 Apostolus
2291 2796 2704 2853 communicare
2715 2798 2936 2854 dicens:
2951 2821 2975 2846 α
2993 2799 3119 2853 Non
3129 2799 3324 2871 utique
3351 2799 3579 2856 fornica-

1980 2892 2078 2947 riis
2101 2891 2262 2963 hujus
2288 2888 2505 2958 mundi,
2532 2898 2629 2946 aut
2657 2890 2852 2959 avaris,
2874 2899 2971 2947 aut
2989 2891 3302 2962 rapacibus,
3340 2901 3436 2948 aut
3458 2893 3576 2950 ide-

1979 2985 2046 3042 lis
2073 2985 2456 3052 servientibus,
2505 2983 2751 3056 alioquin
2777 2984 3097 3042 debueratis
3123 3002 3190 3042 ex
3227 2985 3334 3041 hoc
3363 2986 3572 3043 mundo
3635 3058 3641 3062 ε

1985 3079 2160 3136 exisse
2203 3082 2251 3145 (Ι
2276 3080 2392 3136 Cor.
2443 3083 2522 3145 v).
2554 3101 2580 3128 ››
2637 3080 2868 3135 Illorum
2923 3079 3106 3152 igitur,
3161 3080 3252 3152 qui
3286 3079 3574 3136 manifeste

1983 3182 2111 3228 sunt
2128 3173 2226 3240 rei,
2253 3171 2496 3228 formam
2520 3171 2838 3229 habuerunt
2857 3173 3134 3244 publicani
3156 3182 3210 3228 et
3234 3182 3570 3245 peccatores,

1982 3283 2110 3323 cum
2161 3265 2362 3338 quibus
2416 3266 2667 3322 Salvator
2726 3265 3164 3323 manducaverat
3209 3269 3424 3334 (Matth.
3459 3273 3570 3336 Ix).

1982 3359 2458 3416 Excommunicati
2498 3367 2683 3414 autem
2719 3358 3106 3432 signiﬁcantur
3161 3377 3259 3431 per
3283 3361 3408 3417 illos
3437 3377 3576 3433 quos

1981 3454 2284 3527 Apostolus
2302 3455 2522 3510 Satanae
2547 3451 2858 3509 tradiderat
2892 3457 2940 3520 (Ι
2963 3455 3082 3510 Cor.
3118 3459 3198 3521 v).
3233 3453 3563 3526 Hujusmodi

1982 3546 2310 3616 manifestis,
2338 3547 2582 3604 nondum
2625 3546 2845 3619 publice
2863 3548 3152 3620 judicatis,
3181 3563 3282 3620 ego
3309 3565 3569 3606 commu-

1983 3643 2194 3711 nicans,
2240 3657 2332 3698 me
2378 3657 2492 3698 non
2539 3639 2982 3710 excommunico,
3035 3641 3169 3697 dum
3199 3641 3487 3700 hominem
3516 3652 3576 3701 ut

1984 3738 2358 3797 Christianum
2373 3735 2619 3808 diligens,
2641 3736 2851 3792 factum
2879 3735 3018 3808 ejus,
3045 3744 3107 3792 ut
3124 3751 3234 3792 non
3253 3736 3574 3808 Christiani,

1984 3831 2260 3905 improbo,
2292 3830 2677 3903 praescribente
2700 3830 3015 3902 Augustino
3040 3849 3053 3886 :
3083 3855 3108 3879 α
3145 3831 3373 3888 Duobus
3397 3833 3577 3889 modis

1983 3943 2097 3983 non
2121 3935 2177 3983 te
2201 3924 2448 3982 maculat
2474 3925 2676 3993 malus,
2707 3925 2754 3980 si
2807 3940 2921 3980 non
2949 3925 3267 3982 consentias
3319 3933 3373 3982 et
3400 3925 3446 3982 si
3483 3941 3574 3982 re-

1982 4021 2242 4094 darguas,
2273 4043 2299 4069 ι
2335 4021 2440 4076 hoc
2467 4027 2569 4087 est,
2598 4033 2709 4074 non
2732 4019 3167 4087 communicare,
3197 4035 3310 4075 non
3339 4035 3576 4076 consen-

1982 4115 2107 4171 tire.
2135 4113 2592 4171 Communicatur
2621 4112 2842 4185 quippe,
2872 4112 3096 4185 quando
3120 4111 3264 4169 facto
3291 4115 3408 4186 ejus
3436 4129 3573 4170 con-

1983 4208 2219 4266 sortium
2241 4206 2561 4272 voluntatis,
2577 4206 2661 4261 vel
2685 4206 3098 4278 approbationis
3129 4206 3467 4279 adjungitur.

2059 4300 2147 4356 Ab
2178 4299 2264 4355 his
2307 4307 2512 4366 autem,
2545 4297 2600 4354 id
2633 4306 2718 4354 est
2758 4299 3108 4368 Simoniacis,
3158 4300 3281 4355 licet
3328 4300 3576 4358 nondum

1985 4392 2203 4465 publice
2243 4390 2757 4456 excommunicatis,
2808 4407 2923 4446 non
2949 4408 3110 4462 posse
3158 4392 3380 4448 clericos
3425 4395 3571 4450 ordi-

1985 4487 2130 4555 nari,
2157 4501 2272 4542 non
2316 4501 2475 4557 posse
2503 4483 2861 4541 Dominicum
2901 4499 3101 4555 corpus
3142 4485 3356 4553 conﬁci,
3385 4488 3574 4544 credas

260 4583 419 4657 quod
475 4582 882 4654 simplicitatem
932 4585 1025 4650 [f.,
1051 4581 1394 4652 simplicitas]
1417 4581 1547 4637 ﬁdei
1585 4581 1878 4638 efﬁcaciter
1903 4588 1960 4658 ι)
1989 4580 2302 4654 apostolicis
2330 4579 2652 4636 Innocentio
2676 4585 2731 4634 et
2755 4576 3020 4634 Paschali.
3045 4579 3401 4636 Innocentius
3437 4596 3574 4654 papa

262 4676 478 4748 accipit
503 4676 570 4732 ab
617 4693 681 4732 eo
705 4692 868 4748 quem
894 4676 997 4731 scit
1040 4674 1382 4732 haereticnm.
1414 4676 1789 4748 Augustinum
1818 4676 1872 4732 in

262 4771 474 4828 eodem
504 4786 761 4827 sermone
783 4775 872 4836 (24
903 4786 955 4841 q.
984 4775 1039 4837 2,
1061 4785 1109 4825 c.
1144 4776 1236 4838 40,
1266 4772 1328 4826 Si
1353 4786 1507 4839 quem
1522 4769 1696 4840 forte)
1722 4791 1734 4826 :
1772 4794 1797 4818 α
1819 4769 1875 4825 Si

260 4880 446 4937 quem
481 4863 640 4930 forte,
673 4863 946 4935 inquiens,
984 4862 1224 4935 coegerit
1257 4871 1509 4918 extrema
1537 4863 1868 4932 necessitas,

257 4958 368 5018 ubi
398 4957 743 5016 Catholicum
775 4973 870 5028 per
897 4971 1064 5028 quem
1096 4956 1328 5027 accipiat
1349 4972 1463 5011 non
1492 4956 1780 5023 invenerit,
1813 4964 1871 5012 et

263 5053 331 5109 in
356 5053 571 5117 animo,
604 5066 734 5122 pace
761 5049 1031 5106 catholica
1055 5050 1352 5118 custodita,
1382 5065 1478 5121 per
1499 5050 1739 5121 aliquem
1771 5066 1870 5106 ex-

257 5154 359 5202 tra
387 5146 663 5201 tuiitatem
683 5143 1017 5201 catholicam
1042 5143 1283 5214 positum
1300 5144 1572 5215 acceperit
1583 5144 1731 5214 quod
1755 5153 1873 5200 erat

259 5240 334 5297 in
358 5239 479 5311 ipsa
510 5238 785 5296 catholica
815 5237 1029 5293 unitate
1056 5245 1394 5309 accepturus,
1428 5238 1470 5293 si
1496 5237 1685 5293 statim
1706 5238 1871 5293 etiam

353 5396 542 5463 (1024)
571 5397 680 5450 Hoc
704 5411 770 5450 ea:
797 5396 1040 5464 dif/inito
1053 5395 1372 5449 credendum
1392 5409 1457 5449 ne
1478 5409 1682 5448 censeas
1708 5410 1874 5463 usque

268 5468 418 5523 dum
453 5468 700 5536 perlegas
743 5468 943 5522 librum
983 5467 1041 5523 S.
1074 5467 1222 5536 Aug.
1254 5470 1330 5523 De
1381 5467 1642 5535 baptismo
1685 5472 1876 5520 contra

264 5540 594 5597 Donatistas
605 5581 614 5590 .

356 5612 538 5678 (1025)
571 5612 682 5664 Hoc
707 5625 810 5664 non
840 5610 1140 5680 conﬁcitur,
1161 5613 1216 5667 et
1240 5609 1456 5682 quidem
1481 5608 1549 5664 ab
1569 5611 1752 5680 aliquo
1766 5624 1877 5664 rem

257 5683 484 5739 sciente
507 5698 606 5753 per
633 5683 1012 5738 Simoniacum.

357 5758 541 5818 (1026)
573 5755 708 5808 ch
729 5763 855 5808 sunt
882 5768 1130 5810 erronea.

361 5826 546 5895 (1027)
581 5827 651 5878 De
689 5825 789 5878 hac
826 5830 1087 5880 sententia
1116 5839 1340 5895 sequens
1381 5825 1612 5894 epistola
1640 5839 1744 5880 non
1772 5827 1877 5880 imo

249 5894 634 5968 probabiliter
649 5896 882 5964 conjecta
905 5896 1085 5953 dabit.

1980 4675 2052 4733 de
2099 4673 2427 4733 Simoniacis
2455 4673 2593 4731 dicit
2623 4673 2806 4744 (1028)
2858 4689 2872 4726 :
2929 4695 2957 4721 α
2988 4671 3270 4729 Asseritur
3318 4690 3448 4730 cum
3479 4677 3573 4748 qui

1981 4768 2250 4825 honorem
2301 4767 2486 4823 amisit
2513 4766 2784 4822 honorem
2836 4765 2966 4822 dare
2993 4781 3105 4821 non
3135 4782 3316 4838 posse.
3344 4770 3460 4824 Nec
3487 4783 3576 4825 ac-

1979 4862 2315 4934 quiescimus
2347 4861 2522 4916 ullum
2568 4859 2772 4932 aliquid
2795 4858 2864 4915 ab
2893 4874 2958 4915 eo
2986 4860 3276 4931 accepisse.
3312 4863 3456 4934 Quia
3497 4864 3573 4918 nil

1978 4964 2096 5012 erat
2135 4955 2192 5010 in
2237 4953 2426 5022 dante,
2446 4954 2594 5026 quod
2622 4953 2760 5009 alius
2782 4952 2851 5008 ab
2875 4968 2942 5009 eo
2969 4961 3157 5026 posset
3196 4955 3454 5028 accipere.
3512 4959 3579 5011 Et

1979 5065 2174 5106 verum
2198 5056 2279 5105 est
2309 5055 2456 5104 certe
2508 5048 2638 5120 quia
2675 5047 2824 5120 quod
2871 5063 2982 5104 non
3033 5047 3243 5117 habuit,
3281 5049 3413 5106 dare
3468 5066 3578 5106 non

1980 5143 2180 5216 potuit.
2217 5165 2244 5192 υ
2263 5142 2410 5199 Audi
2443 5142 2760 5199 Paschalem
2783 5157 2981 5213 papam
3009 5143 3067 5198 in
3094 5144 3324 5214 epistola
3357 5142 3428 5199 ad
3460 5145 3578 5199 Me-

1983 5237 2360 5294 diolanensem
2389 5235 2693 5292 Ecclesiam
2717 5239 2900 5306 (1029)
2934 5256 2947 5294 :

2057 5397 2237 5460 (1028)
2281 5395 2341 5450 Si
2366 5393 2504 5447 hanc
2535 5394 2857 5450 sententiam
2904 5395 2982 5448 ita
3031 5393 3470 5462 interpretamur,
3516 5395 3577 5449 ut

1989 5466 2294 5519 luereticum
2322 5464 2567 5519 dicamus
2599 5465 2741 5519 nihil
2769 5466 3022 5535 proﬁc-ui,
3068 5463 3149 5516 nil
3188 5463 3402 5519 honoris
3423 5481 3577 5534 posse

1989 5537 2143 5598 dare,
2194 5536 2323 5588 dum
2353 5541 2525 5590 tamen
2554 5537 2750 5590 habeat
2802 5539 3189 5590 sacramentum
3221 5535 3579 5592 ordinationis

1988 5608 2098 5662 sibi
2123 5606 2337 5676 quidem
2386 5612 2437 5660 et
2470 5607 2539 5660 ab
2568 5623 2624 5661 eo
2670 5608 2954 5675 accipimti
2994 5607 3051 5658 in
3091 5605 3508 5674 damnationem,
3534 5611 3584 5663 si

1988 5681 2092 5748 ita,
2119 5681 2362 5747 inquam,
2393 5678 2770 5747 intelligimus,
2795 5693 2828 5729 a
2849 5676 2997 5729 beato
3011 5676 3323 5745 Augustino
3347 5694 3449 5733 non
3463 5681 3581 5734 dis—

1991 5764 2282 5804 ore-namus.

2063 5765 2428 5887 hanc
2457 5819 2892 5890 epistolamnon
2931 5817 3209 5890 Paschalis
3252 5834 3386 5889 papa
3425 5819 3575 5888 fecit,

1992 5893 2086 5949 sed
2108 5892 2332 5963 quidam
2374 5889 2563 5958 Wido,
2609 5891 2700 5961 qui
2723 5893 2780 5946 et
2811 5889 3084 5949 musicam
3133 5890 3464 5960 composuit.
3490 5892 3580 5948 Sic
