4062 6182
522 240 657 292 H59

1521 234 1610 287 AD
1649 232 1875 287 OPERA
1914 232 1972 287 S.
2012 232 2337 288 GREGORII
2372 230 2806 287 APPENDICES.

3683 228 3813 281 H60

591 384 619 409 σι
675 361 995 433 Quicunque
1022 373 1208 416 sacros
1234 356 1454 413 ordines
1479 355 1549 411 ad
1580 354 1823 427 pretium
1871 356 2117 429 largiun-
2146 363 2197 424 Α
2228 357 2442 412 Simoni
2464 355 2610 411 dicat
2644 354 2914 410 :Pccunia
2942 360 3035 408 tua
3049 361 3228 407 tecum
3251 351 3322 405 sit
3345 353 3401 406 in
3428 348 3813 421 perditionem,

519 459 631 527 tur,
682 474 811 515 cum
843 454 980 510 Juda
1025 451 1262 524 pessimo
1329 458 1635 506 mercatore
1680 449 1980 522 peribunt:
2021 450 2119 522 qui

519 571 617 625 pro
652 566 781 609 xxx
808 545 1069 620 argenteis
1100 544 1289 600 aeterni
1321 542 1518 599 Filium
1556 542 1811 599 vendidit
1848 544 2115 599 Parentis.

518 646 719 703 Audiat
756 643 866 699 hoc
895 639 1213 704 haereticus,
1248 638 1435 693 audiat
1460 646 1515 692 et
1533 636 1893 693 Christianus.
1913 636 2121 693 Audiat

516 748 571 795 et
594 738 707 802 ille,
732 734 823 807 qui
850 736 996 789 hanc
1023 731 1261 787 haeresin
1287 730 1401 786 vult
1416 729 1609 786 rabido
1629 745 1722 785 ore
1749 730 2116 785 auctorizare.

514 832 639 887 Istis
672 829 831 886 dico:
878 826 989 883 Ubi
1011 834 1091 882 est
1119 823 1267 897 quod
1297 824 1629 894 accepistis?
1660 823 1775 879 Illis
1797 822 1921 879 dico
1951 842 1963 877 :
2004 822 2117 880 Ubi

513 933 594 982 est
638 923 785 995 quod
825 920 1088 977 dedistis?
1138 917 1390 974 Infelices
1436 916 1723 972 infeliciter
1750 916 1852 971 sibi
1882 916 2117 972 invicem

510 1026 703 1075 contra
748 1020 1101 1087 campserunt
1134 1030 1145 1066 :
1180 1011 1289 1080 hic,
1322 1019 1386 1067 ut
1412 1011 1728 1067 consuleret
1766 1024 1881 1066 suae
1910 1008 2118 1081 philar-

510 1113 719 1185 gyriae;
753 1110 859 1177 ille,
892 1115 955 1162 ut
1005 1104 1350 1163 satisfaceret
1378 1104 1614 1175 proprias
1653 1102 1929 1175 nequitiae.
1970 1104 2117 1174 Qua-

512 1213 737 1277 propter
766 1218 869 1258 nec
898 1201 988 1256 ille
1023 1198 1190 1255 habet
1217 1198 1475 1269 pretium,
1500 1213 1604 1253 nec
1626 1197 1700 1252 illi
1732 1196 1933 1253 habent
1955 1196 2114 1252 Chri-

516 1307 685 1355 stum.
704 1296 951 1363 Exsulta,
976 1292 1308 1361 Christiane,
1331 1292 1459 1363 quia
1491 1290 1643 1363 quod
1671 1290 1844 1347 Judas
1872 1289 2119 1346 vendidit

513 1400 569 1447 et
594 1391 822 1448 Judaeus
868 1389 1039 1456 emit,
1068 1395 1126 1442 tu
1156 1385 1455 1458 acquisisti.
1490 1383 1714 1442 Grande
1759 1383 1968 1439 bonum
2010 1399 2114 1440 suo

513 1486 661 1542 malo
691 1483 904 1555 operati
934 1490 1063 1538 sunt
1094 1480 1260 1537 nobis
1297 1480 1485 1536 ambo.
1526 1503 1549 1527 ι»

590 1582 728 1634 Item
772 1577 827 1631 in
859 1575 1055 1632 eadem
1112 1593 1124 1631 :
1160 1598 1184 1623 κ
1212 1575 1267 1631 Si
1298 1573 1391 1630 tali
1427 1570 1749 1629 exterminio
1769 1571 2003 1628 traditus
2029 1579 2114 1627 est

2224 451 2492 523 quoniam
2520 448 2725 506 donum
2760 449 2855 503 Dei
2897 445 3225 502 existimasti
3266 459 3392 500 cum
3424 445 3657 515 pecunia
3690 458 3813 513 pos-

2210 543 2387 600 sideri
2430 544 2570 609 (Act.
2626 547 2785 607 vni).
2823 563 2848 589 υ
2896 539 3005 597 Ubi
3038 555 3166 595 cum
3199 539 3532 593 existimasti
3590 536 3814 603 dicitur,

2226 644 2372 709 patet
2392 636 2517 708 quia
2548 652 2659 691 non
2682 651 2779 706 pro
2808 651 2874 690 eo
2902 633 3048 706 quod
3074 632 3295 699 fecerat,
3343 631 3440 687 sed
3468 631 3595 701 quia
3655 646 3715 685 se
3745 630 3816 685 fa-

2225 746 2346 787 cere
2394 746 2553 801 posse
2598 728 2921 792 crediderat,
2979 726 3402 783 condemnatur.
3456 727 3611 779 Patet
3655 724 3818 794 igitur

2225 840 2291 880 ex
2319 824 2575 895 praedicta
2605 822 2931 879 auctoritate
2956 837 3059 877 nec
3087 819 3311 875 clericos
3338 817 3406 872 ab
3442 818 3521 873 eis
3551 817 3817 884 ordinari,

2225 932 2328 974 nec
2354 917 2712 974 Dominicum
2752 929 2955 987 corpus
2989 929 3151 986 posse
3191 912 3411 978 confici,
3454 910 3551 967 sed
3576 911 3729 983 ipsos
3758 927 3816 966 ex

2225 1027 2356 1067 voce
2384 1011 2531 1067 Petri
2563 1025 2679 1066 esse
2706 1009 2948 1081 perditos
2975 1006 3220 1063 clericos.
3254 1009 3325 1062 Et
3350 1007 3395 1062 si
3428 1005 3687 1077 praedicta
3710 1007 3817 1060 duo

2223 1113 2566 1161 sacramenta
2600 1119 2710 1159 non
2757 1101 3075 1168 conficiunt,
3105 1109 3254 1157 certe
3307 1099 3477 1166 nulla,
3520 1098 3625 1154 nisi
3676 1096 3818 1153 forte

2222 1198 2402 1255 solum
2431 1197 2721 1268 baptisma,
2747 1196 3013 1252 conficere
3044 1202 3289 1266 possunt.
3326 1196 3394 1248 Et
3427 1201 3487 1248 ut
3509 1193 3655 1248 scias
3694 1193 3817 1263 quia

2224 1293 2371 1348 nullo
2427 1291 2609 1347 modo
2648 1289 3008 1347 ecclesiastica
3055 1282 3399 1344 sacramenta
3444 1285 3558 1343 fieri
3589 1292 3821 1357 possunt

2222 1403 2252 1440 a
2277 1385 2613 1451 Simoniaco,
2650 1382 2776 1439 audi
2811 1400 2877 1439 ex
2925 1382 3228 1455 apostolico
3266 1381 3484 1437 decreto
3536 1378 3819 1434 annullata

2220 1494 2339 1535 esse
2367 1480 2553 1535 omnia
2586 1493 2708 1551 qua:
2736 1476 2877 1533 facta
2903 1475 3222 1532 videbantur
3241 1491 3271 1530 a
3300 1473 3597 1546 neophyto.

2294 1572 2562 1629 Defuncto
2589 1576 2860 1628 Romanae
2888 1570 3032 1626 sedis
3061 1568 3291 1641 praesule
3319 1569 3496 1625 XCIV
3518 1567 3695 1623 Paulo
3717 1566 3819 1622 hu-

513 1673 605 1744 qui
641 1670 885 1727 vendidit
923 1668 1228 1736 Christum,
1271 1667 1400 1739 quid
1441 1666 1545 1722 erit
1572 1666 1639 1722 de
1669 1665 1830 1722 sociis
1869 1664 1988 1736 ejus
2017 1664 2116 1744 qui
2153 1732 2197 1744 h
2215 1665 2307 1738 jus
2352 1665 2593 1722 nominis
2635 1665 2832 1736 primo,
2866 1665 3054 1733 (1031)
3082 1662 3475 1719 Constantinus
3517 1660 3750 1732 quidam
3789 1675 3819 1714 a

511 1774 709 1823 emunt
730 1764 811 1820 vel
841 1762 1087 1819 vendunt
1114 1760 1507 1817 Paracletum?
1531 1758 1792 1831 Nunquid
1819 1774 1929 1814 non
1960 1743 2117 1828 pares
2152 1732 2199 1793 Β
2225 1758 2363 1815 laico
2394 1759 2449 1814 in
2474 1774 2672 1831 papam
2702 1765 3053 1815 consecratus
3080 1755 3273 1812 sedem
3304 1754 3667 1826 apostolicam
3721 1769 3816 1824 per

511 1868 641 1916 sunt
666 1859 723 1913 in
770 1858 976 1914 ultione
1007 1856 1101 1928 qui
1132 1870 1291 1928 pares
1319 1862 1448 1911 sunt
1468 1854 1526 1908 in
1549 1854 1780 1909 crimine
1800 1856 1823 1907 Ρ
1843 1852 1939 1908 llle
1985 1868 2119 1907 ven-

511 1952 656 2010 didit
684 1951 908 2008 Filium.
941 1950 1060 2017 Isti,
1093 1957 1365 2021 quantum
1386 1947 1439 2003 in
1468 1963 1527 2003 se
1558 1947 1691 2018 ipsis
1715 1954 1823 2014 est,
1852 1944 2116 2017 Spiritum

510 2054 762 2102 sanctum
782 2052 1083 2101 consantur
1097 2042 1348 2098 vendere.
1376 2064 1403 2090 ι

583 2140 723 2193 Cum
739 2146 926 2192 autem
947 2136 1194 2208 quidam,
1210 2134 1461 2202 domine,
1490 2141 1545 2189 et
1570 2133 1809 2188 maxime
1830 2132 1975 2203 apud
1997 2147 2114 2200 vos,

512 2229 863 2287 blandiantur
885 2229 1011 2297 sibi,
1041 2227 1383 2283 affirmantes
1405 2241 1586 2282 senon
1605 2241 1726 2282 esse
1749 2225 2113 2289 Simoniacos,

513 2324 643 2395 quia
679 2338 789 2378 non
824 2321 1061 2378 emerint
1116 2321 1199 2375 vel
1231 2318 1579 2376 vendiderint
1615 2318 1891 2387 ecclesias,
1923 2318 2003 2373 vel
2032 2318 2111 2373 al-

510 2417 671 2484 taria,
704 2415 801 2470 sed
838 2430 924 2471 res
955 2423 1010 2470 et
1046 2412 1343 2470 commoda
1391 2411 1636 2468 ecclesiis
1663 2412 1979 2481 attinentia,
2011 2426 2108 2467 au-

516 2509 572 2566 di
602 2508 863 2565 eumdem
895 2507 1214 2563 Paschalem
1253 2506 1310 2562 in
1334 2504 1526 2562 eadem
1550 2504 1779 2577 epistola
1814 2523 1827 2559 :
1859 2528 1883 2552 «ι
1914 2504 1971 2560 Si
1993 2504 2113 2576 quis

516 2602 781 2675 objecerit
820 2617 931 2657 non
971 2599 1433 2667 consecrationes,
1464 2598 1559 2655 sed
1595 2614 1688 2654 res
1719 2598 1866 2669 ipsas
1893 2613 2017 2670 quae
2046 2613 2114 2653 ex

514 2695 931 2752 consecratione
985 2693 1344 2764 proveniunt,
1384 2691 1564 2759 vendi,
1627 2690 1844 2748 videtur
1887 2690 2112 2762 quidem

511 2787 716 2859 aliquid
763 2788 959 2855 dicere,
1014 2786 1152 2842 nihil
1191 2794 1378 2841 autem
1407 2785 1630 2857 penitus
1677 2786 1908 2840 sentire.
1964 2788 2113 2840 Nam

512 2897 639 2937 cum
682 2880 987 2952 corporalis
1012 2879 1271 2935 Ecclesia;
1300 2886 1397 2934 aut
1424 2878 1736 2950 episcopus,
1766 2886 1862 2934 aut
1904 2877 2107 2945 abbas,

514 2984 611 3031 aut
654 2974 791 3030 alius
819 2972 1015 3046 aliquis
1044 2972 1159 3028 sine
1182 2972 1346 3028 rebus
1368 2970 1745 3043 corporalibus
1785 2980 1840 3027 et
1867 2971 2104 3027 exterio-

2225 1869 2435 1909 annum
2482 1862 2537 1908 et
2594 1868 2837 1908 mensem
2901 1851 3156 1906 obtinuit.
3216 1851 3521 1921 Episcopus
3570 1841 3817 1912 scilicet,

2224 1947 2589 2019 presbyteros,
2617 1955 2673 2002 et
2712 1945 2848 2001 alios
2878 1943 3075 2000 diversi
3106 1942 3325 2016 gradus,
3353 1941 3497 1998 infra
3527 1941 3633 1997 hoc
3677 1948 3816 1996 tem—

2224 2042 2371 2112 poris
2392 2040 2628 2112 spatium
2647 2038 2937 2107 ordinavit;
2964 2039 3150 2094 omnia
3176 2052 3299 2108 qua:
3328 2034 3615 2108 apostolici
3642 2039 3813 2091 erant

2223 2134 2370 2190 fecit.
2418 2136 2568 2190 Inter
2598 2134 2717 2190 haec
2761 2132 2983 2205 quidam
3014 2134 3411 2194 Romanorum,
3455 2128 3818 2184 abhorrentes

2221 2236 2382 2299 caput
2407 2220 2668 2283 Ecclesiae
2702 2230 3017 2283 Romanam
3052 2224 3239 2283 sedem
3283 2242 3313 2281 a
3348 2224 3627 2295 neophyto
3663 2223 3819 2277 inva—

2222 2338 2371 2389 sam,
2431 2322 2773 2392 Stephanum
2822 2322 3047 2377 natione
3103 2319 3370 2387 Siculum,
3438 2316 3819 2373 ecclesiasticis

2218 2414 2606 2471 traditionibus
2634 2413 2932 2481 eruditum,
2981 2414 3272 2485 impetrato
3327 2412 3459 2466 cleri
3514 2425 3579 2465 ac
3630 2409 3817 2481 populi

2217 2522 2510 2575 consensu,
2555 2508 2913 2564 Constantino
2960 2506 3233 2579 deposito,
3276 2505 3621 2577 Stephanum
3673 2502 3820 2559 illius

2218 2602 2462 2658 nominis
2483 2603 2563 2657 III
2591 2601 2865 2675 [Banou.,
2897 2599 3085 2672 Steph.
3109 2602 3205 2671 IV]
3242 2615 3444 2672 papam
3472 2598 3646 2665 XCV,
3679 2612 3815 2669 apo-

2220 2695 2395 2751 stolici
2418 2695 2588 2766 apicis
2604 2695 3010 2751 consecratione
3030 2694 3485 2751 sublimaverunt.

2291 2789 2396 2844 Hic
2433 2804 2561 2845 mox
2593 2788 2809 2846 directis
2859 2788 3050 2861 legatis
3076 2786 3145 2844 ad
3172 2802 3328 2859 reges
3356 2786 3608 2843 Francia:
3646 2788 3815 2843 Caroo

2218 2882 2335 2937 lum
2386 2891 2440 2938 et
2488 2882 2975 2949 Carolomannum,
3000 2880 3093 2953 qui
3151 2879 3410 2936 defuncto
3453 2895 3627 2951 nuper
3670 2879 3814 2951 patri

2214 2974 2406 3047 Pipino
2452 2984 2845 3043 successerant,
2892 2990 3085 3030 eorum
3124 2989 3353 3031 assensu
3398 2988 3487 3029 xu
3526 2972 3818 3044 episcopos

512 3069 668 3125 ribus
719 3069 778 3123 in
807 3068 957 3123 nullo
988 3065 1260 3137 proficiat,
1311 3066 1451 3122 sicut
1473 3080 1573 3121 nec
1602 3065 1783 3120 anima
1810 3064 1929 3120 sine
1980 3080 2105 3119 cor-
2138 3090 2182 3152 ο
2214 3069 2594 3140 probabilioris
2620 3068 2745 3125 vita:
2768 3077 2822 3124 et
2850 3068 3095 3124 scientiae
3130 3066 3442 3139 insignioris
3473 3065 3542 3122 de
3580 3066 3817 3122 Francia

514 3178 647 3232 pore
705 3160 1088 3232 temporaliter
1139 3159 1291 3225 vivit,
1344 3157 1589 3229 quisquis
1636 3172 1831 3214 eorum
1871 3157 2105 3213 alterum

515 3254 726 3323 vendit,
749 3253 871 3310 sine
901 3269 1011 3325 quo
1044 3253 1282 3307 alterum
1308 3250 1495 3306 haberi
1525 3266 1642 3307 non
1672 3250 1942 3322 provenit,
1974 3266 2105 3307 neu-

511 3357 658 3404 trum
681 3363 794 3403 non
824 3346 1107 3403 venditum
1131 3344 1485 3417 derelinquit.
1508 3368 1533 3393 ιι

586 3440 727 3511 Quid
751 3440 899 3513 quod
915 3440 1084 3497 etiam
1114 3439 1278 3495 missa
1299 3454 1329 3494 a
1349 3438 1549 3494 talibus
1572 3445 1803 3511 nequeat
1821 3438 2103 3506 celebrari,

511 3535 753 3591 declarat
782 3533 1003 3606 quidem
1033 3534 1087 3589 in
1138 3532 1334 3590 eadem
1366 3551 1379 3587 :
1413 3555 1439 3579 α
1472 3531 1743 3604 Nunquid
1784 3531 2107 3588 maledictus

511 3644 612 3685 sua
660 3628 1041 3684 benedictione
1089 3643 1293 3698 panem
1336 3628 1393 3681 in
1436 3627 1639 3684 Christi
1671 3633 1849 3695 (1030)
1879 3642 2104 3683 carnem

512 3721 713 3792 poterit
738 3729 966 3786 vertere,
1007 3720 1253 3776 maxime
1280 3735 1411 3775 cum
1450 3719 1725 3790 quidquid
1772 3720 2107 3777 benedixerit

513 3814 785 3869 Dominus
813 3829 873 3869 se
899 3812 1328 3869 maledicturum
1350 3813 1584 3868 asserit?
1608 3836 1631 3862 ο
1658 3815 1728 3868 Et
1746 3822 1871 3885 post
1889 3829 2063 3886 pauca
2087 3832 2103 3869 :

516 3929 542 3956 ι
573 3906 629 3962 Si
668 3905 912 3961 haeretici
960 3904 1273 3962 sacerdotes
1314 3920 1475 3961 voces
1515 3905 1958 3963 exhortationum
1993 3921 2105 3962 non

511 4006 742 4070 possunt
792 3997 916 4066 fari,
971 3996 1256 4069 quomodo
1285 3996 1504 4054 valeant
1548 3999 1741 4053 vinum
1795 3998 1853 4053 in
1901 3997 2105 4056 Christi

509 4107 762 4148 cruorem
829 4092 1073 4147 vertere?
1112 4091 1182 4146 Et
1210 4090 1257 4145 si
1290 4089 1564 4147 Dominus
1593 4090 1851 4163 praecepit
1890 4105 2096 4164 nequa-

509 4201 677 4257 quam
703 4186 823 4241 dari
856 4181 1173 4252 homicidis,
1203 4182 1485 4251 adulteris,
1515 4184 1802 4256 rapacibus
1851 4192 1907 4241 et
1933 4193 2103 4242 caete-

508 4278 582 4334 ris
624 4278 1003 4334 criminalibus
1032 4277 1269 4349 peccatis
1316 4276 1561 4347 irretitis,
1590 4293 1791 4349 corpus
1808 4285 1862 4335 et
1882 4279 2102 4351 sangui-

508 4387 641 4429 nem
679 4388 842 4428 suum
872 4386 1048 4444 usque
1082 4370 1152 4427 ad
1179 4368 1628 4441 satisfactionem,
1664 4372 1943 4443 quomodo
1984 4373 2102 4445 ipse

2164 3222 2165 3227 η
2216 3161 2449 3218 adscivit
2477 3167 2693 3229 (1032);
2725 3161 3106 3233 advocatisque
3137 3161 3360 3233 insuper
3383 3159 3613 3232 Apuliae,
3645 3160 3817 3215 Cam-

2157 3266 2189 3277 "
2215 3255 2411 3327 paniae,
2428 3255 2597 3313 Italia:
2626 3255 2972 3326 praesulibus,
2993 3254 3267 3326 synodum
3283 3257 3480 3310 Roma:
3508 3253 3565 3308 in
3582 3252 3817 3309 ecclesia

2214 3349 2508 3405 Salvatoris
2532 3348 2845 3404 celebravit.
2902 3348 2980 3403 lbi
3025 3348 3208 3404 omnia
3230 3347 3570 3403 Constantini
3597 3354 3815 3403 statuta

2214 3458 2281 3498 ex
2308 3442 2589 3499 communi
2618 3441 2817 3514 judicio
2845 3440 3197 3508 scinduntur,
3226 3440 3426 3513 scripta
3450 3440 3566 3511 ejus
3594 3440 3651 3494 in
3673 3454 3818 3512 pra-

2212 3536 2349 3593 senti
2377 3536 2803 3593 comburuntur.
2831 3539 2952 3608 Ipse
2988 3535 3297 3607 Stephanus
3324 3550 3465 3607 papa
3493 3548 3619 3590 cum
3656 3534 3811 3590 clero

2213 3638 2516 3701 prostratus
2555 3629 2815 3701 paenituit
2837 3644 2895 3685 se
2919 3644 3164 3700 unquam
3190 3643 3344 3700 papa:
3381 3626 3665 3699 neophyto
3684 3626 3813 3683 obe-

2214 3722 2377 3791 disse,
2399 3739 2457 3780 se
2485 3723 2553 3779 de
2588 3724 2844 3779 manibus
2875 3722 2994 3795 ejus
3021 3722 3479 3779 communionem
3507 3721 3809 3793 accepisse.

2213 3819 2511 3874 Decretum
2538 3825 2624 3873 est
2663 3816 2828 3889 igitur
2855 3816 2911 3871 in
2939 3816 3173 3872 concilio
3202 3815 3395 3872 eodem
3438 3814 3541 3871 sub
3581 3813 3813 3870 anathe-

2212 3911 2379 3966 matis
2402 3910 2614 3967 vinculo
2642 3910 2856 3966 nullum
2887 3909 3085 3965 dehinc
3124 3908 3462 3981 neophytum
3480 3907 3551 3964 ad
3591 3909 3809 3981 episco-

2212 4003 2390 4075 palem
2415 4004 2653 4076 aspirare
2679 4004 2913 4074 apicem.
2941 4006 3028 4060 De
3055 4002 3326 4074 episcopis
3346 4009 3554 4070 autem,
3578 4002 3809 4074 presby-

2210 4097 2343 4152 teris
2397 4106 2452 4153 et
2499 4098 2711 4154 caeteris
2751 4112 2890 4169 quos
2924 4095 3106 4153 infelix
3160 4096 3558 4152 Constantinus
3608 4110 3802 4151 conse-

2212 4188 2420 4246 crando
2455 4190 2821 4257 ordinaverat,
2858 4197 3127 4246 statutum
3170 4196 3253 4245 est
3304 4197 3365 4243 ut
3393 4203 3586 4245 omnes
3621 4187 3801 4243 eccle-

2211 4284 2636 4356 siasticis,‘quos
2666 4299 2760 4356 per
2805 4299 2937 4340 eum
2964 4283 3072 4340 sibi
3103 4281 3542 4352 vindicaverant,
3570 4280 3804 4338 honori-

2212 4377 2313 4433 bus
2341 4377 2645 4449 exspoliati,
2676 4376 3075 4434 descenderent
3106 4375 3174 4432 ad
3207 4377 3353 4433 solos
3384 4377 3508 4433 illos
3527 4374 3816 4449 gradnsin

509 4465 659 4523 dabit
686 4465 1052 4523 sacerdotium
1074 4464 1357 4536 usurpanti
1391 4479 1489 4536 per
1514 4464 1885 4522 Simoniacam
1923 4465 2099 4523 haere-
2126 4458 2177 4521 D
2209 4471 2409 4544 quibus
2448 4470 2829 4539 constiterant,
2881 4471 3202 4543 priusquam
3250 4473 3317 4526 ab
3362 4486 3427 4527 eo
3497 4470 3571 4527 ad
3608 4470 3815 4527 altiora

505 4560 612 4615 sim
643 4560 846 4632 ubique
875 4559 1232 4615 damnatam?
1265 4580 1290 4606 »ι

578 4653 859 4719 Quantum
889 4659 1091 4707 noceat
1113 4650 1301 4707 audita
1338 4666 1533 4706 eorum
1569 4649 1760 4722 missa,
1787 4650 1921 4708 audi
1945 4666 2097 4711 eum-

507 4744 633 4801 dem
667 4761 680 4798 :
716 4767 741 4793 ι
794 4745 935 4801 Cum
965 4760 1094 4816 ergo
1122 4744 1259 4800 tales
1288 4744 1597 4816 episcopos,
1628 4744 1713 4801 vel
1740 4744 1985 4814 abbates,
2016 4746 2099 4802 vel

506 4837 750 4907 reliquos
778 4835 1005 4892 clericos
1059 4852 1176 4891 non
1215 4835 1543 4905 devitamus,
1602 4837 1650 4894 si
1677 4853 1872 4896 eorum
1906 4839 2103 4897 missas

504 4928 816 4995 audiamus,
838 4928 919 4983 vel
948 4943 1076 4984 cum
1102 4928 1182 4984 eis
1202 4944 1449 4999 oramus,
1467 4932 2097 4991 excommunicationem

506 5038 632 5081 cum
681 5022 761 5079 eis
812 5020 1085 5077 subimus.
1149 5024 1301 5092 Quos
1355 5024 1579 5096 quidem
1630 5027 1939 5085 sacerdotes
1977 5042 2098 5085 esse

508 5118 706 5173 saltem
751 5114 975 5172 credere
1045 5116 1273 5173 omnino
1315 5132 1499 5174 errare
1539 5126 1645 5187 est,
1713 5134 1847 5177 cum
1901 5123 2097 5178 Petrus

503 5273 656 5347 enim
686 5268 1218 5347 viri__religiosissimi
1261 5279 1509 5347 asserunt
1562 5271 1658 5345 qui
1694 5288 1761 5329 ex
1817 5271 2095 5347 discipulis

502 5343 746 5415 ejusdem
774 5341 1189 5415 diligentissime
1218 5341 1651 5415 exploraverunt.
1682 5341 1975 5415 Praeterea-
2000 5363 2091 5403 ea-

500 5413 627 5472 dem
674 5413 898 5484 epistola
931 5414 1071 5477 inter
1102 5416 1413 5469 Romanor.
1451 5414 1649 5469 Pontif.
1695 5413 1915 5473 decreta
1954 5434 2093 5475 nus-

502 5485 915 5566 quam‘scripta
951 5484 1246 5566 reperitur.
1298 5486 1423 5540 Non
1465 5501 1597 5558 ergo
1642 5484 1804 5544 beato
1853 5492 2086 5561 August.

500 5555 855 5629 praejudicare
873 5555 1071 5629 poterit
1097 5555 1153 5629 in
1180 5556 1383 5629 aliquo.

574 5627 759 5697 (1030)
798 5627 976 5696 Hujus
996 5628 1239 5682 moderm'
1259 5628 1606 5697 dogmatistaz
1633 5634 1951 5687 sementium
1971 5648 2093 5689 cau-

2207 4564 2447 4637 provecti
2467 4562 2702 4620 fuerant.
2735 4564 2791 4621 Si
2823 4580 2963 4637 quos
3001 4573 3191 4620 tamen
3220 4579 3289 4620 ex
3329 4563 3437 4619 illis
3461 4563 3565 4620 sub
3613 4563 3816 4620 modio

2208 4658 2441 4714 latentes
2464 4656 2859 4713 candelabrum
2881 4659 3099 4718 (Matth.
3132 4661 3187 4723 v)
3217 4656 3468 4713 Ecclesia
3507 4656 3613 4713 sibi
3638 4672 3824 4730 super

2208 4750 2572 4823 imponendos
2613 4756 2799 4818 (l033)
2852 4758 3193 4822 exposceret,
3221 4749 3321 4821 ipsi
3357 4764 3389 4804 a
3426 4749 3575 4805 clero
3600 4759 3661 4806 et
3700 4765 3821 4822 po-

2207 4844 2332 4916 pulo
2363 4845 2564 4901 iterum
2612 4844 2790 4913 electi,
2838 4844 3043 4899 iterum
3086 4842 3239 4914 quasi
3268 4858 3382 4898 non
3410 4849 3577 4898 antea
3604 4858 3637 4898 a
3665 4844 3826 4901 Gon-

2205 4937 2449 4994 stantino
2498 4955 2637 5010 papa
2705 4937 3028 5005 consecrati,
3081 4936 3397 5007 depositum
3454 4942 3701 5002 tantum,
3758 4944 3829 4993 et

2204 5047 2490 5103 nunquam
2524 5031 2774 5089 altiorem
2818 5038 3100 5087 merentur
3133 5028 3420 5085 honorem.
3449 5031 3534 5083 De
3577 5027 3670 5085 bis
3699 5044 3817 5087 au-

2204 5133 2340 5194 tem,
2370 5126 2417 5181 si
2443 5125 2537 5197 qui
2565 5142 2660 5198 per
2685 5140 2813 5181 eum
2840 5123 2908 5182 de
2936 5123 3088 5181 laicis
3113 5123 3169 5179 in
3202 5122 3646 5196 presbyteratum
3688 5124 3831 5181 sive

2272 5284 2453 5349 (1031)
2484 5280 2841 5353 Pseudopapa
2869 5279 2959 5336 hic
2986 5278 3168 5353 factus
3190 5289 3294 5351 est,
3318 5296 3407 5337 an.
3428 5279 3635 5339 Christi
3670 5288 3826 5342 761.

2202 5353 2336 5410 Vide
2366 5352 2586 5407 Panvin.
2617 5351 2720 5407 lib.
2737 5351 2807 5408 de
2831 5351 3023 5424 pontif.
3054 5360 3108 5408 et
3134 5353 3274 5410 Caes.
3297 5371 3312 5415 ς
3338 5354 3491 5421 Bar.,
3516 5361 3665 5410 tom.
3698 5357 3826 5414 IX.

2272 5426 2452 5489 (1032)
2480 5426 2625 5495 Lege
2654 5425 2878 5490 Baron.,
2905 5439 3047 5479 anno
3066 5427 3173 5479 768
3197 5432 3252 5479 et
3278 5428 3405 5480 769.

2271 5498 2452 5560 (1033)
2478 5495 2629 5550 Istud
2643 5495 2964 5565 exemplum,
2994 5498 3046 5550 si
3072 5500 3251 5550 tamen
3267 5499 3343 5551 est
3366 5510 3576 5562 verum,
3600 5495 3829 5565 lauda-

2202 5580 2260 5619 re
2280 5567 2453 5628 timeo,
2480 5581 2611 5620 neco
2626 5564 2931 5636 afﬁrmato,
2947 5568 3110 5621 etiam
3135 5581 3309 5622 omnes
3338 5580 3373 5619 a
3398 5566 3455 5622 S.
3478 5564 3676 5621 Ambr.
3693 5584 3833 5625 oon-

2199 5640 2431 5709 secratos
2458 5637 2645 5692 itidem
2663 5638 3031 5706 exsufﬂandos
3055 5641 3323 5709 reputem;
3340 5639 3438 5707 qui
3463 5638 3659 5708 utique
3688 5642 3831 5704 fuit

503 5706 552 5780 te
582 5701 839 5769 legamus.
885 5701 1062 5780 Usque
1086 5699 1217 5780 dum
1244 5700 1563 5768 diligentius
1591 5702 1687 5758 SS.
1711 5705 1935 5760 Patrum
1957 5707 2096 5761 scita
2196 5708 2514 5780 nepphytus,
2546 5713 2725 5779 utpote
2761 5699 3173 5780 iii'depositiohc
3189 5699 3435 5763 albarum
3460 5699 3832 5771 consech

502 5773 565 5825 de
594 5770 947 5828 sacramentis
976 5771 1376 5838 investigemus.

2195 5778 2271 5831 ad
2317 5778 2699 5850 episcopatum,
2730 5780 2823 5835 hoc
2857 5778 3148 5852 estiactavo
3181 5784 3306 5850 post
3334 5780 3663 5849 baptismum
3690 5781 3824 5840 die.
