4062 6182
264 243 385 326 1161

1164 277 1450 359 ᾼΡΡΕΝΙ).
1492 277 1577 329 111.
1623 306 1690 314 -
1727 275 2144 331 MONUMENTA
2184 278 2644 333 GREGORIANA.

3419 283 3552 335 H62

254 396 606 450 diaconatum
648 396 865 452 fuerant
903 401 1163 470 promoti,
1191 400 1477 455 decretum
1508 408 1568 455 ut
1613 400 1850 455 admisso
1880 404 2226 472 A'Regesto,
2274 403 2331 456 in
2374 380 2605 474 epistola
2652 402 2895 474 Vergilio
2933 402 3241 459 Arelatensi
3296 404 3551 475 episcopo

256 489 426 561 gradu
464 489 772 561 ubicunque
796 492 1094 553 voluissent
1120 492 1174 547 in
1218 493 1472 564 religioso
1497 502 1710 549 tantum
1744 494 1846 549 ha-

259 582 374 637 bitu
415 592 814 652 permanerent.
866 585 1059 640 Nullus
1089 583 1341 640 omnium
1385 586 1454 641 ad
1501 587 1850 657 pontiﬁcatus

257 674 467 746 apicem
497 686 936 747 promoveretur;
970 679 1152 734 nullus
1189 680 1417 734 omnino
1446 680 1695 734 altiorem
1725 696 1847 750 gra-

257 768 389 824 dum
417 778 678 838 speraret,
712 786 779 824 ne
812 770 899 824 hic
934 771 1190 827 novitatis
1218 788 1373 827 error
1394 773 1451 827 in
1482 773 1719 828 Ecclesia
1751 772 1851 826 Dei

261 862 551 918 radicaret.
588 866 833 920 Demum
856 865 1127 920 sancitum
1158 874 1241 920 est
1267 875 1326 921 ut
1347 883 1685 938 quaecunque
1706 868 1853 923 Con-

260 956 529 1010 stantinus
557 955 780 1012 invasor
824 957 880 1011 in
916 958 1272 1013 sacramentis
1315 959 1689 1014 ecclesiasticis
1725 975 1855 1030 ege-

258 1058 363 1115 rat,
396 1050 579 1103 omnia
612 1050 939 1106 iterarentur
968 1060 1048 1116 ut,
1087 1052 1140 1106 in
1171 1052 1337 1119 gestis
1364 1052 1687 1121 pontiﬁcum
1720 1052 1856 1123 legi-

263 1150 353 1197 tur
383 1143 586 1214 (1034),
633 1154 831 1214 praeter
867 1161 1083 1200 sacrum
1124 1145 1424 1216 baptisma,
1469 1156 1523 1200 et
1559 1148 1859 1218 mysticum

262 1237 522 1292 chrisma.
574 1237 751 1293 Finita
804 1246 990 1292 sancta
1023 1238 1235 1310 synodo
1277 1239 1461 1294 omnis
1506 1239 1753 1310 populus.
1777 1238 1860 1295 sui

264 1328 497 1401 pedibus
563 1346 715 1401 papae
771 1329 1098 1398 advolvitur,
1160 1329 1559 1403 indulgentiam
1616 1333 1864 1404 poposcit

262 1423 409 1494 quod
451 1439 693 1494 unquam
737 1424 1095 1478 Constantino
1143 1424 1384 1480 invasori
1414 1426 1860 1480 communicavit.

265 1517 361 1571 Ille
404 1516 630 1588 singulis
661 1517 1042 1588 paenitentiam
1075 1534 1171 1589 pro
1198 1518 1304 1573 hoc
1341 1517 1580 1573 admisso
1612 1518 1861 1591 injunxit.

266 1610 661 1681 Episcoporum
711 1611 803 1681 qui
832 1610 981 1682 digni
1028 1611 1410 1679 censebantur,
1455 1612 1637 1667 denuo
1676 1628 1705 1666 a
1732 1611 1867 1667 sub-

255 1702 419 1774 jectis
451 1705 670 1765 electos.
702 1704 817 1774 ipse
845 1703 1024 1759 denuo
1061 1706 1398 1759 consecravit
1435 1710 1639 1773 (1035),
1676 1705 1866 1777 reliqui

264 1796 469 1851 ordinis
494 1797 705 1852 nullum
728 1796 933 1853 amisso
963 1798 1155 1869 gradui
1185 1799 1469 1853 restituere
1489 1800 1723 1853 censuit.

338 1891 496 1945 Patet
523 1900 731 1958 autem,
759 1891 1008 1957 domine,
1054 1907 1116 1945 ex
1147 1892 1469 1947 clericorum
1505 1892 1865 1947 ordinationi-

264 1983 371 2038 bus
400 1982 683 2051 ordinatis,
728 1984 1041 2047 annullatis,
1089 2001 1152 2040 ex
1190 1986 1545 2040 ecclesiarum
1589 2002 1867 2040 consecra-

275 2076 521 2131 tionibus
562 2076 829 2145 alteratis,
869 2076 1106 2132 chrisma
1155 2079 1323 2133 etiam
1366 2079 1629 2150 necphyti
1674 2095 1868 2134 conse-

270 2169 507 2224 cratoris
560 2169 933 2238 annullatum,
981 2171 1080 2225 nisi
1129 2172 1278 2242 quod
1335 2171 1605 2242 baptisma
1654 2188 1719 2226 ex
1778 2172 1869 2225 illo

273 2262 575 2319 chrismate
602 2263 931 2319 celebratum
961 2264 1138 2319 noluit
1170 2264 1473 2335 Stephanus
1504 2281 1638 2336 papa
1668 2264 1871 2319 annul-

271 2355 405 2411 lare.
440 2357 586 2425 Quia
642 2372 742 2411 nec
779 2358 846 2411 ab
893 2356 1150 2412 haeretico
1192 2358 1526 2428 baptizatum
1558 2358 1684 2413 licet
1713 2358 1871 2413 reba-

272 2450 500 2521 ptizare,
534 2448 668 2505 dum
694 2458 910 2505 tantum
947 2450 1193 2521 baptizet
1218 2451 1273 2505 in
1314 2451 1540 2505 nomine
1582 2452 1777 2518 Patris,
1820 2459 1875 2505 et

272 2542 415 2607 Filii,
438 2550 491 2597 et
519 2542 751 2613 Spiritus
776 2544 974 2598 sancti.

351 2639 469 2691 Hac
506 2638 672 2693 etiam
702 2638 915 2691 ratione
945 2653 1072 2691 cum
1096 2637 1289 2707 prioris
1311 2636 1433 2692 anni
1458 2642 1658 2703 (1036),
1684 2637 1740 2692 id
1770 2644 1874 2697 est.

273 2731 345 2784 ab
378 2731 757 2785 Incarnatione
790 2730 1013 2785 Domini
1049 2736 1199 2796 1075,
1231 2730 1432 2785 Pascha
1461 2747 1554 2785 rex
1598 2729 1742 2802 apud
1769 2732 1876 2783 Ba-

275 2823 538 2878 binberch
597 2824 936 2887 celebraret,
999 2824 1287 2878 Leimarus
1343 2824 1650 2878 Bremensis
1700 2822 1878 2877 archi-

276 2917 569 2988 episcopus
596 2917 771 2971 noluit
798 2918 853 2971 in
886 2917 1211 2987 baptizando
1256 2900 1333 2971 uti
1374 2917 1688 2983 chrismate,
1727 2915 1878 2989 quod

277 3009 596 3065 confectum
625 3010 911 3065 videbatur
935 3010 1004 3064 ab
1045 3011 1382 3065 Herimanno
1413 3011 1597 3081 (1037)
1629 3018 1758 3065 tunc
1802 3010 1877 3064 ibi

1957 495 2123 551 missa
2164 515 2177 550 :
2229 517 2255 545 ‹‹
2285 498 2426 552 Cum
2455 496 2525 552 ad
2574 512 2760 551 sacros
2806 494 3029 551 ordines
3056 498 3251 553 Paulus
3278 498 3554 568 apostolus

1956 589 2300 661 neophytum
2333 591 2513 645 venire
2542 590 2832 662 prohibeat
2871 593 2919 655 (Ι
2949 594 3085 644 Tim.
3116 594 3238 657 In),
3268 591 3558 647 sciendum

1958 690 2041 736 est
2081 683 2239 736 nobis
2268 683 2391 753 quia
2435 684 2572 737 sicut
2608 692 2742 738 tunc
2772 681 3076 753 necphytus
3121 683 3437 749 vocabatur,
3468 684 3557 754 qui

1959 773 2139 829 adhuc
2180 791 2319 830 nove
2348 785 2464 830 erat
2508 777 2778 847 plantatus
2824 776 2881 831 in
2922 776 3049 841 ﬁde,
3100 776 3176 831 ita
3222 793 3373 832 nunc
3420 777 3563 831 inter

1961 868 2269 940 neophytos
2308 869 2635 940 deputamus
2675 870 2766 943 qui
2817 868 2996 925 adhuc
3043 885 3216 925 novus
3240 878 3324 924 est
3356 870 3413 924 in
3441 886 3561 925 san-

1962 968 2047 1014 cta
2077 963 2505 1019 conversatione.
2532 986 2556 1010 ι

2038 1056 2282 1113 Scribam
2319 1064 2374 1110 et
2403 1056 2579 1111 adhuc
2610 1056 2679 1112 de
2710 1058 2878 1129 gestis
2913 1057 3235 1129 pontiﬁcum
3264 1058 3562 1113 concilium

1969 1167 2123 1223 papae
2151 1150 2219 1205 de
2241 1149 2552 1216 annullatis,
2580 1166 2702 1222 quae
2725 1153 2840 1206 Leo
2858 1150 3163 1222 necphytus
3185 1158 3560 1221 usurpaverat,

1968 1244 2346 1299 sacramentis.

2040 1342 2219 1404 (1038)
2266 1344 2410 1391 \nno
2455 1338 2761 1393 Dominicm
2794 1337 3191 1393 [ncarnationis
3222 1341 3350 1403 944,
3395 1338 3560 1392 tertio

1972 1438 2159 1485 autem
2188 1447 2255 1485 ex
2284 1448 2391 1500 quo
2413 1434 2546 1486 Otto
2570 1432 2768 1501 imper.
2810 1432 3024 1486 Henrici
3057 1431 3194 1501 regis
3225 1432 3390 1497 ﬁlius,
3416 1446 3564 1485 com-

1975 1539 2158 1594 pressa
2181 1523 2481 1594 Beringarii
2508 1533 2564 1579 et
2586 1525 2701 1595 ejus
2732 1523 2824 1578 ﬁlii
2852 1524 3168 1596 tyrannide,
3198 1524 3414 1579 Italiam
3441 1523 3568 1577 sub-

1978 1616 2272 1687 iugaverat,
2312 1618 2556 1671 Joannes
2594 1633 2727 1688 papa
2760 1617 2829 1672 ab
2880 1618 3008 1687 imp.
3045 1633 3212 1688 quem
3268 1632 3395 1671 cum
3440 1632 3568 1670 con-

1972 1709 2124 1781 juge,
2165 1718 2219 1763 et
2255 1708 2562 1764 Adelhaida
2591 1711 2753 1780 priori
2778 1727 2922 1765 anno
2953 1712 3140 1776 (1039)
3175 1708 3439 1781 imperiali
3471 1725 3571 1763 uu-

1983 1802 2166 1857 ctione
2190 1802 2531 1870 sublimavit,
2555 1803 3195 1867 deﬁciens,Adelbertum
3218 1805 3354 1874 reip.
3384 1802 3571 1857 adver-

1978 1896 2182 1950 sarium
2235 1896 2289 1949 in
2320 1895 2515 1951 urbem
2562 1896 2784 1966 recepit.
2834 1897 2993 1965 Quod
3036 1914 3143 1951 non
3178 1912 3433 1967 passurus
3461 1894 3569 1951 im-

1977 1998 2194 2060 perator
2222 1992 2461 2045 Romam
2486 1989 2751 2044 hostiliter
2791 1990 3017 2044 invadit.
3052 1994 3194 2060 Papa
3224 1990 3355 2045 hinc
3398 1990 3570 2061 impe-

1978 2090 2220 2136 ratorem
2264 2082 2485 2145 timens,
2518 2082 2669 2144 illinc
2700 2083 2968 2137 Romanis
3011 2082 3267 2137 difﬁdens
3306 2098 3433 2137 cum
3471 2097 3575 2138 suo

1979 2175 2247 2245 complice
2274 2174 2565 2230 Adelberto
2587 2174 2793 2243 aufugit
2813 2219 2828 2239 ,
2855 2184 3112 2245 usurpato
3141 2175 3239 2230 sibi
3270 2190 3379 2230 non
3409 2191 3577 2245 parvo

1986 2268 2240 2323 Ecclesiae
2268 2268 2546 2323 thesauro.
2604 2267 2870 2334 Romani,
2908 2267 3021 2323 sive
3051 2268 3247 2322 timore
3311 2268 3571 2338 correpti,

1986 2360 2097 2415 sive
2138 2370 2387 2430 respectu
2421 2361 2566 2432 juris
2589 2360 2790 2428 allecti,
2834 2360 3122 2415 dominum
3144 2376 3308 2415 suum
3339 2362 3575 2433 gratula-
3658 2408 3669 2418 .

1982 2454 2119 2508 torie
2146 2455 2432 2525 recipiunt.
2490 2458 2792 2524 Imperator
2829 2453 3152 2525 apostolico,
3203 2453 3274 2508 ad
3320 2454 3577 2510 determi-

1984 2546 2185 2611 nanda,
2235 2562 2355 2617 quae
2417 2555 2550 2601 tunc
2606 2548 2967 2601 imminebant
3017 2548 3253 2619 negotia,
3302 2546 3577 2619 indigens,

1980 2641 2254 2694 Joannem
2284 2655 2482 2710 papam
2511 2638 2577 2693 ad
2617 2638 2924 2695 desolatam
2950 2640 3029 2694 sui
3054 2639 3240 2694 sedem
3284 2640 3578 2695 revocavit.

1985 2732 2105 2799 Quo
2135 2733 2337 2787 reverti
2363 2739 2612 2803 negante,
2639 2734 2754 2787 Leo
2784 2732 2962 2787 adhuc
2983 2731 3152 2787 laicus
3176 2732 3385 2803 (1040),
3415 2748 3587 2803 quan-

1988 2832 2106 2877 tum
2135 2824 2204 2878 ad
2232 2824 2510 2879 saecularia
2553 2839 2666 2878 non
2711 2839 2907 2894 parum
2927 2831 3206 2891 strenuus,
3238 2840 3382 2894 papa.
3428 2824 3584 2892 eligi-

1987 2924 2095 2983 tur,
2128 2916 2427 2971 ordinatur.
2460 2915 2731 2987 Synodus,
2788 2923 3057 2985 prazsente
3106 2917 3238 2986 imp.
3294 2924 3350 2970 et
3400 2915 3585 2970 multis

1986 3010 2304 3065 Teutonicis
2331 3018 2387 3063 et
2424 3009 2626 3063 Italicis
2655 3009 2999 3080 praesulibus,
3032 3009 3352 3063 celebratur.
3384 3008 3545 3063 Multa
3567 3048 3583 3072 ,

280 3104 560 3175 episcopo,
593 3120 721 3159 cum
767 3104 927 3158 sciret
972 3103 1119 3158 hunc
1150 3104 1551 3171 Simoniacum,
1592 3104 1717 3158 licet
1745 3120 1879 3158 non-
1916 3131 1963 3197 Ο
1991 3119 2112 3173 qua:
2154 3104 2236 3157 vel
2291 3102 2650 3157 ecclesiastica
2706 3103 3019 3169 necessitas,
3090 3101 3171 3156 vel
3232 3101 3588 3172 imperatoria

279 3196 414 3252 dum
463 3197 798 3264 convictum,
838 3196 1201 3251 ecclesiastica
1232 3197 1284 3251 in
1330 3196 1432 3251 hoc
1485 3213 1614 3251 usus
1642 3197 1874 3252 ratione.

280 3289 427 3361 Quia
476 3289 781 3359 baptisma,
839 3290 989 3360 quod
1038 3306 1161 3343 non.
1201 3291 1538 3359 annullatur,
1590 3300 1879 3361 postquam

278 3381 493 3438 factum
518 3391 599 3437 est
622 3383 689 3437 ab
719 3382 995 3449 haeretica,
1019 3399 1126 3436 non
1150 3393 1329 3437 tamen
1360 3391 1421 3438 ut
1440 3383 1555 3449 ﬁat,
1583 3384 1886 3438 conceden-

279 3476 417 3531 dum
444 3484 525 3530 est
556 3475 829 3544 haeretico,
860 3491 986 3530 cum
1012 3475 1155 3530 aliud
1184 3477 1273 3539 sit,
1309 3492 1447 3543 rem,
1489 3485 1775 3547 postquam
1802 3475 1889 3530 fa-

280 3578 370 3624 cta
413 3577 514 3631 est,
546 3586 653 3623 non
687 3569 1049 3640 improbando
1084 3570 1341 3638 tolerare,
1375 3570 1539 3635 aliud,
1582 3586 1649 3623 ne
1679 3570 1891 3639 impro-

283 3662 404 3717 bari
446 3671 676 3728 metuat,
725 3662 1041 3733 praevidere.
1090 3663 1239 3717 Scire
1286 3671 1468 3717 autem
1517 3670 1733 3732 oportet
1770 3661 1891 3716 illos

279 3771 404 3810 non
431 3764 647 3821 tantum
677 3756 1003 3828 neOphytos,
1035 3756 1123 3826 qui
1149 3755 1217 3811 de
1248 3755 1397 3811 laicis
1423 3755 1604 3811 subito
1632 3755 1695 3810 ad
1726 3755 1891 3810 eccle-

281 3848 532 3903 siasticas
582 3857 976 3920 promoventur
1024 3848 1354 3921 dignitates,
1413 3856 1471 3904 ut
1520 3849 1672 3902 illum
1727 3864 1892 3919 quem

282 3951 468 3998 vester
494 3943 863 3997 Herimannus
902 3941 970 3998 de
1007 3958 1114 3997 una
1140 3950 1194 3996 et
1223 3942 1414 3997 eadem
1450 3941 1535 3996 die
1565 3942 1631 3997 de
1664 3941 1891 3996 coriario

284 4033 671 4108 presbyterum
722 4036 1034 4091 maturavit.
1085 4036 1262 4104 Quem
1298 4035 1413 4105 ipse
1460 4035 1639 4090 subito
1668 4035 1733 4089 de
1762 4036 1890 4106 pila,

281 4130 344 4183 in
388 4144 496 4198 qua
527 4131 761 4183 cortices
787 4130 1134 4194 contuderat,
1166 4126 1235 4182 ad
1265 4130 1433 4182 altare
1473 4128 1676 4182 Christi
1716 4136 1897 4182 trans-

281 4221 421 4277 tulit
458 4240 469 4275 :
511 4224 558 4277 Ο
602 4220 846 4276 festinata
884 4222 1193 4292 promotio!
1240 4221 1329 4276 Fit
1377 4220 1659 4287 diaconus,
1690 4220 1778 4291 qui
1825 4220 1895 4274 le-

283 4315 532 4371 ctionem
584 4316 733 4385 prius
780 4314 838 4369 in
868 4315 1238 4370 celebratione
1269 4315 1463 4370 missae
1506 4329 1617 4367 non
1661 4313 1894 4383 legerat;

286 4406 571 4472 sacerdos,
610 4409 700 4479 qui
734 4418 865 4463 tunc
895 4409 1137 4479 primum
1182 4409 1400 4467 Levita;
1448 4407 1685 4477 suscepit.
1734 4405 1897 4460 simul

1992 3197 2249 3266 poscebat
2289 3196 2564 3261 voluntas,
2595 3195 2981 3250 decernuntur.
3035 3195 3121 3249 Sic
3177 3194 3416 3250 domnus
3468 3197 3584 3249 Leo

1991 3290 2286 3360 praesidens
2307 3289 2624 3358 apostolica:
2649 3288 2765 3343 sedi
2787 3286 2916 3343 fecit
2939 3288 3157 3343 interim
3184 3285 3587 3353 ordinationes,

1995 3391 2050 3436 et
2078 3383 2289 3449 omnia,
2327 3397 2450 3453 quae
2473 3389 2629 3436 erant
2656 3381 2954 3452 apostolici.
2988 3384 3102 3436 Nec
3124 3381 3348 3452 longum
3381 3386 3588 3447 (1041),

1997 3475 2233 3530 Romani
2264 3475 2487 3529 alterata
2525 3473 2632 3529 ﬁde
2685 3474 2829 3545 apud
2884 3474 3020 3545 imp.
3076 3490 3271 3545 papam
3321 3464 3597 3544 recipiunt,

1995 3571 2283 3622 Joannem.
2320 3567 2431 3631 Ille,
2459 3577 2789 3638 congregato
2814 3570 3009 3623 Romae
3052 3568 3105 3621 in
3135 3567 3358 3622 ecclesia
3399 3568 3587 3622 Sancti

1998 3662 2144 3717 Petri
2193 3661 2443 3726 concilio,
2484 3664 2752 3726 Leonem,
2802 3660 2899 3730 qui
2950 3660 3052 3715 sibi
3091 3660 3213 3715 vivo
3274 3660 3585 3735 neophytus
3658 3722 3669 3733 ί

1998 3755 2282 3821 successit,
2327 3753 2475 3808 omni
2507 3752 2871 3808 ecclesiastico
2905 3752 3099 3807 ordine
3127 3760 3381 3821 exutum,
3410 3754 3487 3809 ita
3520 3770 3587 3809 ex

1997 3849 2215 3904 statutis
2245 3864 2517 3903 canonum
2547 3844 2827 3901 damnavit
2855 3852 2935 3912 ut,
2957 3844 3002 3900 si
3024 3848 3382 3915 postmodum
3403 3847 3470 3902 ad
3492 3848 3586 3901 ali-

1998 3959 2162 4015 quem
2212 3942 2519 3997 cleriealem
2569 3941 2801 4013 gradum
2856 3941 2938 3995 vel
2990 3940 3271 4010 aspiraret,
3318 3950 3583 4012 perpetuo

2001 4034 2334 4089 anathemati
2366 4051 2493 4089 cum
2550 4033 2804 4089 omnibus
2846 4034 2944 4087 sibi
2984 4032 3057 4089 ad
3111 4032 3163 4087 id
3203 4034 3593 4104 cpitulantibus

2002 4128 2327 4199 subjaceret.
2378 4128 2774 4199 Epis’coporum
2811 4126 2971 4195 duos,
3002 4126 3095 4197 qui
3123 4142 3253 4181 eum
3298 4142 3592 4197 promove-

2006 4230 2145 4285 rant,
2191 4221 2247 4274 in
2293 4219 2565 4291 synodum
2595 4226 2817 4273 vocatos
2843 4227 2897 4273 et
2928 4219 2984 4273 in
3014 4220 3173 4274 tertia
3206 4221 3423 4291 actione
3453 4236 3594 4291 prae-

1971 4320 2267 4377 ‘sentatos,
2318 4313 2394 4366 ita
2426 4327 2492 4366 ex
2533 4314 2856 4365 auctoritate
2908 4312 3207 4381 apostolica
3268 4311 3590 4367 sacerdotali

2006 4405 2238 4475 privavit
2263 4404 2470 4459 honore
2497 4412 2556 4459 ut
2577 4403 2935 4473 postmodum
2954 4404 3006 4457 in
3027 4405 3173 4458 nulla
3192 4406 3405 4475 synodo
3429 4421 3585 4460 recu-

288 4517 489 4557 omnes
525 4501 918 4557 ecclesiasticos
962 4503 1179 4573 gradus,
1228 4501 1321 4572 qui
1353 4501 1563 4571 largum
1594 4508 1649 4555 et
1692 4515 1890 4570 cogcn-
1926 4501 1977 4563 D
2008 4498 2300 4571 perationis
2327 4497 2535 4553 aditum
2560 4496 2822 4552 auderent
2850 4496 2928 4551 vel
2963 4504 3193 4551 tentare.
3223 4497 3469 4551 Tertium
3493 4513 3592 4552 au-

289 4601 409 4649 tem
446 4609 770 4650 consecrare
798 4595 1265 4649 consecrationem
1306 4594 1495 4649 eadem
1545 4593 1633 4649 die
1670 4598 1896 4648 venerat

289 4689 390 4756 [f.,
416 4692 665 4757 emerat],
698 4704 795 4743 nec
822 4702 1022 4742 corona
1053 4687 1309 4757 signatus.
1341 4687 1638 4741 Sciendum
1675 4696 1777 4753 est,
1810 4686 1894 4741 in-

290 4797 483 4852 quam,
517 4798 627 4836 non
656 4782 837 4835 solum
862 4778 1177 4852 hujusmodi
1206 4782 1407 4839 vocari,
1441 4788 1495 4834 et
1515 4795 1631 4833 esse
1650 4779 1895 4851 neopliy-

293 4882 409 4941 tos,
442 4874 536 4930 sed
566 4875 745 4947 magis
774 4874 919 4936 illos,
953 4873 1041 4945 qui
1075 4873 1321 4929 moribus
1358 4872 1642 4937 informes,
1675 4872 1899 4943 religio—

293 4982 374 5022 ne
418 4967 611 5034 rudes,
657 4967 881 5023 scientia
929 4967 1155 5034 rustici;
1206 4967 1388 5037 plures
1431 4966 1761 5021 renascentis
1801 4965 1899 5036 hy-

294 5060 416 5117 drae
451 5061 723 5132 capitibus
756 5077 900 5116 nunc
923 5070 1234 5134 emergunt,
1268 5069 1320 5115 et
1364 5074 1458 5129 per
1485 5059 1591 5115 hoc
1618 5075 1674 5114 se
1704 5074 1900 5131 perpe-

297 5162 402 5210 tuo
440 5154 791 5210 anathemate
837 5154 1131 5225 perimunt.
1171 5152 1321 5209 Audi
1350 5153 1679 5226 Gregorium
1715 5153 1771 5208 in
1801 5167 1901 5206 suo

375 5315 557 5376 (1034)
583 5312 731 5381 Lege
761 5309 1081 5377 Baroninm,
1118 5317 1257 5364 tom.
1289 5310 1391 5369 IX.
1425 5324 1571 5381 anno
1592 5314 1717 5373 769,
1750 5316 1806 5362 et
1834 5307 1906 5361 vi-

295 5382 461 5437 debis
501 5382 568 5435 ab
609 5379 715 5436 hoc
762 5390 984 5437 auctore
1030 5381 1303 5452 nonsatis
1346 5398 1405 5434 ea
1448 5379 1734 5448 intellecta,
1783 5395 1907 5452 quae

297 5454 357 5509 in
390 5452 713 5509 pontiﬁcum
742 5454 979 5508 Historia
1001 5452 1104 5507 hac
1124 5451 1191 5507 de
1221 5468 1278 5507 re
1308 5452 1585 5509 leguntur.

427 5469 713 5507 onnncum
742 5469 979 5508 rusroria
1002 5469 1104 5507 nac
1124 5469 1191 5507 ue
1221 5469 1278 5507 re
1309 5469 1354 5507 te
1394 5469 1585 5506 untur.

378 5469 561 5595 (1035)
592 5524 921 5578 Conciliavit.
966 5527 1046 5579 Ita
1072 5523 1220 5578 enim
1256 5524 1323 5595 in
1357 5469 1527 5594 hujus
1563 5521 1691 5578 facti
1722 5538 1910 5579 narra-

295 5594 454 5650 tione
480 5611 588 5648 vox
616 5597 957 5650 consecrandi
977 5595 1147 5666 accipi
1180 5594 1364 5649 debet.

378 5671 561 5731 (1036)
594 5669 857 5737 Estergo
909 5666 1024 5721 haec
1051 5666 1277 5737 epistola
1317 5667 1512 5736 scripta
1554 5682 1700 5723 anno
1749 5672 1904 5721 1076.

379 5740 563 5807 (1037)
594 5740 674 5792 De
703 5736 804 5791 hoc
828 5736 1172 5792 Herimanno
1202 5738 1501 5792 Bernaldus
1526 5740 1581 5793 in
1616 5737 1905 5799 Chronico,

300 5823 454 5863 anno
493 5813 629 5863 1075
662 5824 676 5861 :
705 5810 1044 5863 Hermannus
1079 5808 1523 5876 Babenbergensi‘s
1557 5812 1851 5879 episcopus,
1876 5825 1913 5862 α

598 5897 838 5953 PA'mOL.
874 5896 1130 5953 CXLVIII.

2002 4602 2115 4647 tem
2144 4608 2207 4647 ex
2233 4591 2316 4647 his
2344 4591 2568 4645 nomine
2598 4590 2859 4645 Siconem
2888 4589 3152 4644 canonice
3185 4598 3462 4653 vocatum,
3491 4606 3591 4644 ex-

2005 4693 2333 4757 spectatum,
2371 4685 2598 4740 demum
2642 4684 2823 4736 venire
2872 4682 3173 4747 nolentem,
3220 4683 3587 4740 ecclesiastica

2006 4780 2237 4851 privavit
2279 4777 2688 4833 communione.
2722 4777 3112 4847 Statutumque
3137 4784 3221 4831 est
3242 4777 3455 4848 publico
3476 4794 3592 4833 om-

2007 4875 2162 4928 nium
2186 4872 2392 4942 judicio
2413 4868 2684 4941 synodum
2709 4885 2737 4923 a
2761 4870 2947 4924 Leone
2970 4870 3258 4925 collectam
3284 4888 3383 4926 nec
3402 4872 3587 4926 nomi-

2008 4966 2251 5022 nandam
2282 4964 2573 5035 synodum,
2601 4962 2696 5018 sed
2718 4962 3079 5034 prostibulum
3101 4961 3289 5019 favens
3313 4964 3591 5021 adulteris.

2007 5063 2155 5130 Ergo
2178 5057 2367 5113 omnia
2395 5057 2637 5128 praedicti
2681 5056 2881 5112 Leonis
2921 5056 3136 5112 decreta
3184 5066 3495 5123 cassantur;
3540 5068 3597 5112 et

2009 5134 2321 5226 quicunque
2341 5150 2410 5206 ab
2439 5167 2505 5206 eo
2536 5157 2686 5206 erant
2713 5151 3009 5206 consecrati
3040 5151 3170 5222 iussi
3210 5159 3339 5206 sunt
3366 5151 3595 5221 planetis

2010 5313 2212 5366 clericis
2246 5312 2359 5363 suis
2380 5325 2484 5380 pro
2521 5311 2825 5365 Simoniaca
2858 5308 3054 5363 haeresi
3074 5312 3370 5367 accusatus,
3399 5321 3433 5357 α
3446 5322 3599 5375 papa

2011 5384 2314 5439 dem-nitur.

2050 5399 2464 5523 eaogglirlirror
2502 5451 2552 5504 in
2579 5466 2829 5507 numero.
2875 5449 3012 5505 Vide
3070 5451 3293 5518 Baron.,
3329 5457 3464 5504 tom.
3520 5450 3601 5517 Χ,

2015 5540 2158 5579 anno
2190 5523 2389 5577 Christi
2421 5528 2549 5585 963,
2582 5529 2704 5578 964.
3488 5556 3499 5557 κ

2089 5597 2270 5658 (1039)
2302 5596 2418 5648 Hoc
2459 5603 2543 5647 est
2569 5610 2715 5648 anno
2738 5598 2862 5647 962.

2090 5664 2268 5735 (1040)
2312 5670 2382 5719 At
2418 5665 2532 5719 Leo
2564 5665 2664 5719 iste
2693 5680 2807 5718 non
2839 5662 2938 5735 fuit
2965 5661 3237 5730 legitimus
3293 5679 3451 5734 papa,
3502 5661 3592 5714 sed

2017 5732 2291 5806 antipapa,
2318 5751 2414 5790 seu
2442 5736 2802 5805 pseudopapa.
2828 5732 2967 5787 Vide
3019 5735 3245 5803 Baron.,
3278 5732 3426 5789 anno
3476 5739 3602 5789 963.

2092 5807 2273 5878 (1041)
2301 5811 2463 5862 Anno
2491 5806 2698 5862 Christi
2726 5808 2858 5872 964;
2891 5806 3006 5877 lege
3042 5807 3247 5860 Baron.

3189 5896 3257 5948 37
