4062 6182
1002 244 1026 270 ω

528 268 584 329 fl
597 274 661 331 63

1527 260 1621 326 AD
1655 268 1881 325 orem
1917 268 1973 323 s.
2016 246 2335 324 GREGORII
2374 268 2807 325 APPENDICES.

3696 265 3825 322 1164

525 400 729 469 vestiri,
764 409 817 456 et
840 414 998 455 suam
1020 398 1268 468 ipsorum
1296 362 1756 467 proscriptionem
1792 400 2126 466 prasentare
2157 396 2209 457 Α
2239 376 2588 462 innocentiae,
2620 404 2758 452 teste
2785 406 2866 463 se,
2888 394 3199 449 absolutum
3233 393 3337 449 sibi
3368 392 3706 464 polliceatur,
3736 407 3829 445 au-

530 495 587 550 in
613 495 825 558 charta,
874 492 991 548 haec
1021 490 1184 544 verba
1215 489 1516 544 continenti
1544 509 1558 542 :
1586 491 1749 545 Pater
1794 488 1944 542 meus
1979 488 2119 541 nihil

529 590 636 643 sibi
661 588 872 652 habuit,
903 585 1040 638 nihil
1067 585 1208 638 mihi
1233 584 1405 638 dedit.
1436 585 1507 637 Et
1535 583 1609 637 sic
1638 581 1870 652 depositi
1902 597 2118 635 reman-

524 688 712 737 serunt
754 678 814 732 in
851 670 959 732 illis
988 676 1246 749 gradibus
1297 692 1436 749 quos
1476 676 1775 731 habuerant
1818 684 2118 746 antequam

521 789 550 827 a
581 775 766 827 Leone
799 771 1036 842 promoti
1062 769 1302 835 fuerant,
1331 769 1526 825 eadem
1545 771 1777 835 ratione,
1805 768 1996 825 eadem
2022 784 2117 823 au-

521 867 768 923 ctoritate
796 881 902 938 qua
927 873 982 921 et
1008 865 1084 920 illi
1115 881 1255 935 quos
1284 880 1449 937 supra
1491 864 1732 919 diximus
1767 880 1799 919 a
1839 865 2115 920 Constan-

523 961 641 1015 tino
667 959 978 1031 neophytos
1024 966 1325 1030 promotos.

596 1055 679 1109 Ut
702 1054 867 1109 etiam
891 1053 1032 1109 scias
1060 1068 1170 1107 non
1189 1060 1405 1107 tantum
1433 1069 1463 1107 a
1486 1051 1831 1116 Simoniacis,
1861 1066 1974 1105 non
2003 1059 2122 1104 tan-

526 1156 672 1215 tum,
712 1146 861 1219 quod
901 1146 1088 1201 minus
1117 1155 1220 1212 est,
1252 1161 1283 1200 a
1329 1145 1643 1217 neophytis,
1698 1144 1795 1201 sed
1845 1144 2010 1199 etiam
2056 1142 2124 1197 ab

528 1241 649 1297 aliis
702 1240 1015 1296 inordinate
1046 1240 1312 1311 promotis
1350 1255 1464 1294 non
1504 1254 1664 1309 posse
1707 1237 1911 1294 conﬁci
1937 1253 2122 1293 sacra-

529 1342 719 1390 menta
756 1333 1034 1401 Ecclesiae,
1066 1332 1301 1388 referam
1321 1331 1467 1404 quod
1503 1331 1733 1403 contigit
1761 1330 1905 1402 apud
1934 1345 2122 1385 sacro-

527 1438 780 1485 sanctam
822 1427 1425 1497 Hildenesheimensem
1466 1426 1761 1481 Ecclesiam
1799 1428 2005 1492 (1042),
2036 1422 2122 1479 cui

528 1539 629 1596 ego
660 1522 1083 1595 indignissimus
1134 1538 1282 1577 nunc
1333 1520 1528 1587 servio,
1569 1519 1612 1575 si
1663 1536 1777 1575 non
1818 1516 2117 1586 fructuose,

530 1625 719 1673 tamen
760 1616 983 1684 devote;
1020 1616 1063 1671 si
1090 1632 1203 1672 non
1244 1615 1468 1683 utiliter,
1524 1623 1712 1671 tamen
1758 1613 2024 1683 ﬁdeliter,-
2075 1614 2118 1668 si

530 1728 667 1782 non,
709 1720 771 1766 ut
799 1710 992 1777 debeo,
1023 1718 1211 1764 tamen
1240 1718 1302 1764 ut
1332 1716 1545 1780 potero.

2228 489 2343 545 diat
2361 490 2643 544 decretum
2671 488 3119 561 Carthaginensis
3138 487 3360 543 concilii
3390 505 3407 541 :
3428 508 3458 535 ι(
3481 487 3591 557 Qui
3608 500 3826 540 excom—

2226 584 2538 639 municatus
2579 580 2748 638 fuerit
2778 599 2876 653 pro
2916 598 3017 637 suo
3064 582 3337 653 neglectu,
3386 582 3502 635 sive
3537 580 3825 650 episcopus

2227 676 2341 732 sive
2361 675 2585 749 quilibet
2604 676 2855 747 clericus,
2894 685 2948 731 et
2974 684 3221 746 tempore
3244 673 3826 730 excommunicationis

2229 787 2343 826 sua:
2369 779 2497 827 ante
2534 769 2865 826 audientiam
2891 769 3347 824 communionem
3382 766 3825 838 praesumpserit,

2231 863 2345 936 ipse
2373 864 2425 918 iu
2462 879 2521 918 se
2571 862 2940 918 damnationis
2960 861 3242 933 judicetur
3286 859 3584 931 protulisse
3609 869 3826 913 senten-

2228 959 2386 1015 tiam.
2423 982 2448 1007 ν
2482 961 2551 1014 Et
2586 958 2719 1015 illud
2740 957 3072 1014 Sardicensis
3096 955 3311 1013 concilii
3340 973 3354 1010 :
3400 978 3427 1003 ι
3494 954 3829 1026 Priusquam

2231 1053 2416 1108 omnia
2453 1052 2742 1124 diligenter
2771 1060 2825 1107 et
2867 1051 3099 1107 fideliter
3143 1050 3555 1116 examinentur,
3574 1064 3709 1103 eum
3739 1046 3828 1120 qui

2230 1145 2411 1202 fuerat
2446 1163 2476 1201 a
2505 1145 2894 1202 communione
2950 1152 3232 1217 separatus
3274 1152 3399 1199 ante
3449 1142 3828 1215 cognitionem

2228 1241 2417 1295 nullus
2432 1240 2594 1295 debet
2616 1254 2968 1312 praesumere,
2995 1246 3058 1293 ut
3080 1254 3209 1294 eum
3224 1236 3608 1294 communioni
3628 1236 3819 1292 societ.

2182 1348 2183 1351 ‘
2231 1334 2449 1403 (Concil.
2481 1334 2796 1391 Sardicense
2824 1338 3007 1401 xvn.)
3037 1355 3063 1382 »

2303 1432 2485 1499 Agens
2524 1443 2623 1498 ego
2666 1426 2736 1483 de
2778 1425 3026 1500 synodis,
3058 1426 3241 1499 legens
3288 1441 3390 1497 ego
3429 1424 3581 1480 illam
3624 1424 3827 1481 Leonis

2231 1526 2410 1588 (1044)
2432 1521 2709 1592 synodum
2727 1530 2976 1577 vocatam
2992 1537 3103 1575 non
3121 1517 3535 1593 synodum,’sed
3550 1519 3828 1590 prostibu-

2230 1614 2344 1669 lum
2359 1613 2544 1670 l'avens
2561 1614 2839 1680 adulteris,
2848 1631 2963 1669 non
2973 1629 3196 1686 possum
3208 1630 3319 1669 non
3332 1606 3610 1669 recordari
3629 1611 3825 1684 synodi

2228 1716 2442 1775 vestrae,
2471 1724 2594 1781 qua:
2624 1709 2685 1763 in
2715 1708 2992 1779 praeterito
3034 1723 3184 1763 anno
3211 1711 3391 1774 (1045)
3419 1723 3451 1762 a
3489 1706 3675 1761 tribus
3704 1705 3827 1760 mil-

603 1771 786 1877 (1’043)
819 1804 934 1859 Ebo
963 1771 1253 1859 Eemensis
1275 1771 1561 1874 episcopus
1592 1818 1881 1858 assensum
1907 1801 2121 1856 Lotha-
2150 1771 2201 1833 Β
2230 1801 2374 1857 libus
2414 1771 2778 1858 ac-sexcentis
2806 1803 2944 1857 inter
2973 1771 3320 1874 presbyteros
3344 1771 3400 1856 et
3429 1798 3676 1870 reliquos
3707 1814 3829 1872 gra-

532 1900 616 1955 rio
640 1898 895 1969 praebuit,
932 1914 1064 1953 cum
1108 1906 1325 1968 patrem
1356 1913 1523 1952 suum
1559 1896 1907 1953 Ludovicum
1937 1895 2123 1968 Magni

530 1992 711 2047 Caroli
742 1991 919 2046 lilium
948 2006 1116 2062 regno
1144 1990 1391 2062 privavit.
1418 1989 1702 2045 Ludovico
1730 1998 1915 2045 autem
1938 2005 2040 2060 ope
2065 1988 2124 2043 ii-

531 2086 731 2140 liorum
760 2100 1007 2149 suorum,
1034 2083 1247 2153 Pippini
1275 2083 1482 2138 scilicet
1496 2092 1551 2138 et
1573 2082 1858 2149 Ludovici,
1882 2098 2122 2155 quorum

530 2180 680 2250 prior
720 2176 830 2232 dux
872 2176 1213 2248 Aquitaniae;
1245 2177 1386 2231 alter
1431 2175 1542 2231 dux
1571 2184 1687 2231 erat
1730 2176 2020 2246 Bajoariee,
2070 2175 2125 2230 in

529 2286 763 2342 regnum
805 2278 1044 2340 recepto,
1076 2269 1319 2341 synodus
1347 2269 1643 2341 colligitur.
1685 2268 1800 2324 Ebo
1842 2268 2125 2340 depositus

531 2362 968 2419 Hildenesbeimi
1012 2362 1305 2432 relegatur.
1336 2360 1610 2418 Defuncto
1658 2364 1858 2417 iterum
1917 2362 2120 2434 Regin-

531 2458 689 2512 berto
706 2457 777 2511 Hi
786 2455 1270 2511 ldenesheimensis
1291 2456 1547 2512 Ecclesiae
1570 2456 1827 2527 episcopo
1852 2454 2121 2525 secundo,

528 2552 830 2621 imperator
852 2550 1099 2605 Ebonem
1122 2548 1474 2604 humanitatis
1498 2549 1681 2619 potius
1708 2566 1877 2620 quam
1896 2548 2123 2620 justitia:

528 2651 774 2715 respectu
803 2642 980 2698 eidem
1000 2642 1114 2697 sedi
1142 2650 1276 2698 tunc
1296 2642 1521 2697 tertium
1542 2640 1805 2713 praefecit.
1837 2643 1932 2697 llle
1955 2642 2124 2698 miser

526 2737 885 2808 exepiscopus
910 2735 1159 2791 Ecclesiae
1179 2744 1523 2790 sacramenta
1549 2735 1843 2806 episcopali
1864 2750 2120 2791 concessa

527 2829 781 2898 dignitati
807 2828 1039 2884 stolidus
1059 2829 1165 2884 sibi
1194 2845 1290 2899 per
1312 2828 1599 2884 duodecim
1628 2845 1799 2885 annos
1815 2830 2120 2901 usurpavit.

524 2925 650 2992 Quo
671 2923 955 2979 hominem
975 2931 1160 2987 exuto,
1178 2938 1462 2977 successor
1481 2923 1599 2994 ejus
1618 2922 1860 2978 Alfridus
1875 2923 2121 2988 clericos,

525 3017 762 3088 acceptis
787 3017 856 3071 ab
878 3025 1229 3072 antecessore
1245 3032 1345 3071 suo
1378 3016 1686 3083 ordinibus,
1710 3032 1773 3072 ex
1794 3016 2121 3072 auctoritate

524 3109 844 3181 apostolica,
899 3118 1145 3176 exuerat,
1214 3109 1467 3164 ecclesias
1521 3108 1699 3165 denuo
1746 3108 2113 3173 dedicaverat,

2231 1895 2367 1963 dus,
2407 1895 2811 1966 ecclesiasticis,
2864 1904 2929 1951 ut
2980 1894 3175 1965 audio,
3227 1893 3369 1966 apud
3416 1909 3513 1949 vos
3557 1891 3831 1961 collectis,

2229 2007 2397 2062 quam
2442 2007 2634 2061 parum
2671 2005 2786 2046 suae
2834 1987 3163 2062 professioni
3215 1987 3514 2060 prospexit,
3554 2002 3687 2042 cum
3736 1985 3831 2041 de-

2228 2084 2389 2139 cretis
2414 2084 2657 2140 Nicaanze
2697 2084 2893 2155 synodi
2922 2083 3109 2138 nescio
3130 2078 3235 2154 qua
3260 2080 3443 2137 fronte
3468 2078 3829 2136 contradixit.

2227 2178 2283 2234 Si
2330 2177 2831 2250 circumspicientes
2877 2178 3104 2233 animati
3177 2183 3306 2232 sunt
3360 2175 3429 2232 de
3489 2173 3833 2231 circumfuso

2229 2281 2449 2328 tantum
2468 2273 2553 2327 sui
2583 2289 2817 2329 numero
2835 2273 3082 2346 legerent
3110 2271 3168 2327 in
3184 2270 3414 2327 decretis
3442 2269 3592 2325 sedis
3616 2277 3837 2341 aposto-

2228 2366 2345 2422 licae
2364 2382 2491 2441 quae
2514 2368 2754 2423 Romani
2772 2367 2979 2432 clerici,
2997 2366 3202 2422 Joanni
3229 2364 3548 2435 presbytero
3564 2361 3667 2419 sed
3683 2362 3835 2418 schi-

2228 2460 2482 2528 smatico,
2526 2460 2859 2524 direxerant,
2891 2468 3027 2516 tunc
3053 2458 3321 2530 temporis
3351 2458 3564 2527 (1046),
3604 2454 3830 2528 quando

2229 2555 2464 2626 Vigilius
2492 2570 2560 2609 ex
2588 2554 2892 2626 apostolico
2922 2554 2983 2608 in
3014 2552 3272 2610 haeresim
3303 2550 3511 2621 lapsus,
3559 2551 3839 2606 Constan-

2227 2647 2459 2718 tinopoli
2488 2648 2796 2704 tenebatur.
2840 2650 2902 2703 In
2934 2647 3038 2715 his,
3064 2646 3314 2716 inquam,
3339 2643 3581 2699 decretis
3601 2641 3773 2698 hodie
3801 2658 3833 2697 a

2226 2742 2477 2796 Romana
2504 2743 2745 2798 Ecclesia
2776 2742 2920 2800 inter
2955 2738 3252 2796 catholicas
3281 2737 3496 2808 regulas
3525 2734 3731 2791 habitis
3758 2736 3838 2791 le-

2226 2843 2415 2906 gerent
2447 2854 2459 2889 :
2488 2858 2512 2883 α
2547 2834 2709 2904 Quod
2734 2835 2786 2889 si
2812 2849 3008 2890 omnes
3038 2832 3368 2897 sacerdotes,
3390 2838 3448 2885 et
3474 2829 3720 2885 mundus
3741 2844 3834 2883 as-

2226 2928 2447 2995 sentiat,
2465 2927 2748 2984 damnatio
2774 2927 3179 2984 consentientes
3207 2923 3458 2990 involvit,
3484 2939 3601 2978 non
3626 2938 3837 2994 praeva-

2226 3020 2546 3078 ricationem
2584 3038 2836 3078 assensus
2877 3020 3127 3076 absolvit.
3162 3021 3287 3074 Non
3310 3018 3463 3073 enim
3488 3017 3701 3072 crimen
3723 3015 3835 3070 mi-

2228 3113 2440 3182 nuitur,
2462 3115 2557 3170 sed
2579 3115 2875 3181 accrescit;
2902 3122 3120 3181 contra,
3142 3111 3395 3185 generale
3421 3110 3486 3165 ﬁt
3508 3125 3574 3165 ex
3597 3110 3835 3181 privato.

526 3204 717 3260 omnia
743 3203 810 3259 de
839 3202 1197 3259 sacramentis
1231 3202 1487 3259 Ecclesiae
1513 3203 1580 3257 ab
1625 3220 1689 3258 eo
1720 3212 1889 3276 gesta,
1920 3214 2119 3274 praeter
2144 3179 2191 3244 (ἶ
2229 3209 2509 3264 Hoceuim
2527 3209 2800 3264 Dominus
2820 3208 3078 3264 omnium
3086 3204 3378 3278 judicavit,
3396 3204 3491 3276 qui
3510 3211 3840 3274 peccantem

523 3297 702 3353 solum
735 3297 1027 3368 baptisma,
1059 3296 1216 3368 juxta
1245 3295 1460 3352 decreta
1489 3296 1743 3368 praedicti
1788 3313 1939 3368 papa:
1992 3302 2118 3354 Ste-

526 3390 692 3462 phani
735 3390 1145 3446 annihilaverat.
1213 3392 1355 3446 Ecce
1416 3406 1586 3463 quam
1655 3391 1962 3463 periculose
2018 3392 2125 3447 sibi

522 3493 789 3556 usurpant
833 3484 1095 3540 Ecclesiae
1122 3484 1217 3556 qui
1256 3493 1440 3540 tamen
1472 3499 1581 3539 non
1611 3484 1916 3540 conﬁciunt
1943 3501 2123 3541 sacra-

520 3587 727 3646 menta,
768 3593 908 3649 quos
937 3576 1315 3634 ecclesiasticae
1339 3577 1619 3650 dignitatis
1649 3587 2121 3650 prasumptuosos

442 3686 459 3701 -
521 3680 771 3741 raptores
796 3673 1182 3741 apostolicum,
1210 3680 1264 3726 et
1310 3671 1529 3743 ligando
1584 3671 1832 3740 damnat,
1881 3682 1936 3729 et
1972 3672 2126 3729 dam‘

524 3763 710 3818 nando
739 3763 870 3835 ligat
901 3764 1216 3819 anathema.

592 3859 847 3910 Rcstaret
860 3855 992 3911 mihi
1020 3856 1252 3927 probare
1279 3855 1345 3912 de
1363 3858 1580 3927 publice
1602 3860 2120 3930 excommunicatis;

525 3947 622 4003 sed
667 3965 795 4003 cum
823 3957 1160 4004 sacramenta
1214 3949 1474 4005 Ecclesia:
1528 3967 1656 4021 non,
1685 3952 2045 4007 conﬁciantur
2088 3969 2121 4009 a

520 4042 1015 4114 praesumptoribus
1040 4042 1132 4115 qui
1155 4042 1405 4100 nondum
1426 4044 1484 4099 in
1495 4043 1707 4117 judicio
1736 4056 1864 4101 sunt
1894 4062 2122 4118 praesen-

461 4128 476 4150 ‘
519 4136 639 4203 tati,
670 4138 794 4209 quis
820 4144 1050 4207 quaerat,
1094 4136 1218 4208 quis
1242 4137 1490 4209 ambigat
1512 4136 1581 4193 de.
1630 4137 1719 4193 his
1747 4140 1884 4211 quin
1905 4155 1943 4195 a
1977 4156 2119 4196 con-

520 4231 700 4285 cione.
724 4231 978 4288 Ecclesiae
1018 4232 1131 4286 sint
1178 4231 1436 4287 alienati?
1468 4231 1826 4290 dimembrati
1878 4234 2046 4307 igitur
2085 4252 2117 4292 a

519 4339 751 4397 corpore
792 4324 1015 4393 Christi,
1045 4324 1099 4381 id
1142 4334 1245 4393 est,
1287 4327 1527 4397 separati
1576 4326 1646 4382 ab
1678 4328 1945 4397 Ecclesia,
1979 4328 2114 4385 nihil

520 4427 781 4488 poterunt
827 4419 967 4474 intra
1011 4418 1311 4475 Ecclesiam
1352 4420 1592 4491 operari;
1641 4422 1788 4493 quod
1827 4431 1882 4478 et
1932 4431 1994 4478 tu
2030 4440 2117 4481 ra-

520 4513 672 4568 tione
711 4520 768 4569 et
807 4505 1134 4569 auctoritate
1174 4513 1528 4569 invictissime
1587 4514 1852 4584 probasti,
1900 4516 2114 4572 dicente

521 4605 828 4676 Augustino
848 4614 1041 4661 contra
1062 4606 1417 4662 Donatistas:
1454 4630 1480 4654 οι
1504 4607 1764 4678 Quisquis
1789 4623 1818 4662 a
1848 4609 2115 4666 catholica

517 4697 753 4752 Ecclesia
778 4695 943 4753 fuerit
987 4708 1293 4770 separatus,
1337 4709 1609 4772 quantum
1665 4716 1723 4757 se
1770 4701 2116 4759 laudabiliter

515 4790 693 4845 vivere
728 4788 1020 4856 existimet,
1053 4790 1157 4847 hoc
1195 4793 1313 4847 solo
1362 4794 1568 4851 scelere
1621 4794 1772 4867 quod
1840 4811 1870 4852 a
1909 4796 2116 4851 Christi

513 4882 725 4937 unitate
751 4880 1042 4937 defunctus
1070 4892 1172 4952 est,
1219 4901 1333 4940 non
1362 4885 1528 4943 habet
1554 4888 1743 4958 vitam,
1775 4888 1869 4946 sed
1895 4890 1975 4945 ira
2003 4890 2112 4961 ,Dei

513 4980 707 5028 manet
733 4987 896 5041 super
923 4987 1050 5026 eum
1080 4974 1210 5037 (Col.
1237 4980 1352 5044 ιιι).
1391 4999 1416 5025 υ

583 5063 665 5117 Ne
692 5068 880 5117 autem
905 5063 1417 5120 excommunicatus
1462 5076 1687 5141 propter
1712 5058 2105 5125 conscientiam

586 5180 768 5248 (1042)
796 5180 959 5233 Nota.
996 5178 1158 5233 Venit
1192 5181 1502 5236 Bernardus
1529 5184 1843 5239 Constantia
1892 5185 2103 5241 Hildes-

508 5246 797 5326 heimium,
863 5249 954 5305 ubi
1010 5248 1319 5326 scholarum
1348 5253 1605 5326 Ecclesiae
1646 5254 1810 5319 illius,
1853 5264 1916 5309 ut
1951 5257 2103 5326 prius

506 5323 865 5395 Constantia},
912 5322 1453 5395 magistrumegisse
1512 5326 1736 5381 videtur.
1789 5326 1921 5383 Inde
1951 5322 2101 5384 'Cor-

504 5394 687 5467 beiam
719 5393 865 5467 venit
910 5401 969 5467 et
1020 5393 1379 5467 monasticam
1405 5394 1573 5450 vitam
1609 5397 1942 5467 amplexatus
1990 5410 2091 5457 est.

504 5464 800 5539 Ifrantzius
827 5464 1224 5539 in_Metropoli.
1246 5464 1339 5539 lib.
1376 5481 1438 5535 v,
1478 5482 1593 5539 cap.
1631 5464 1719 5535 26,
1747 5469 1814 5524 de
1836 5473 2093 5528 Bennone

504 5534 911 5611 Osnaburgensi
943 5535 1205 5611 episcopo
1225 5554 1237 5590 :
1272 5538 1379 5606 Qui
1414 5534 1760 5595 eum-scholis
1776 5545 2092 5611 praefuisset

503 5606 654 5676 apud
682 5607 967 5679 Ecclesium
997 5608 1498 5665 Htldesheimensem
1526 5606 1800 5679 (docebant
1827 5606 1966 5669 enim
1989 5615 2087 5670 illa

503 5682 662 5755 celate
726 5678 1030 5755 scholastici
1062 5695 1252 5755 sacras
1294 5678 1610 5755 litteras,et
1655 5685 1943 5749 habebant,
1970 5690 2089 5755 qui

500 5750 846 5820 snbdocerent
889 5750 952 5801 in
993 5751 1347 5820 tﬁvialibus),
1408 5754 1620 5809 clarum
1663 5758 1749 5811 illi
1789 5773 1979 5812 nomen
1995 5750 2083 5813 ’θαι

2227 3302 2496 3358 mundum
2523 3302 2759 3374 generali
2778 3301 2978 3359 diluvio
2999 3299 3280 3356 interemit
3302 3298 3456 3370 (Gen.
3484 3296 3635 3366 VIII).
3661 3319 3688 3341 υ
3710 3305 3839 3352 Au-

2230 3395 2415 3452 dirent
2442 3406 2499 3453 et
2543 3399 2789 3453 Leonem
2820 3396 2890 3452 ad
2910 3393 3233 3450 Anatolium
3264 3394 3441 3462 (epist.
3485 3396 3574 3455 53)
3602 3411 3615 3445 :
3671 3412 3698 3436 ι
3732 3390 3838 3445 Illa

2234 3490 2592 3546 Nicanorum
2634 3504 2914 3545 canonum
2943 3504 3039 3559 per
3079 3493 3331 3542 sanctum
3381 3499 3507 3540 vere
3565 3483 3835 3553 Spiritum

2233 3583 2484 3639 ordinata
2510 3582 2778 3649 conditio,
2820 3583 2967 3638 nulla
2987 3596 3233 3653 unquam
3262 3586 3347 3635 est
3374 3584 3527 3649 parte
3557 3575 3834 3632 solubilis.

2231 3676 2393 3733 Nulla
2422 3677 2641 3733 sibimet
2677 3675 2745 3731 de
2788 3673 3245 3747 multiplicatione
3275 3670 3723 3743 congregationis
3746 3684 3836 3741 sy-

2230 3770 2445 3826 nodalia
2472 3770 2705 3826 concilia
2742 3767 3116 3825 blandiantur.
3168 3767 3358 3837 Neque
3402 3763 3673 3819 trecentis
3728 3762 3834 3817 illis

2230 3863 2422 3920 decem
2467 3873 2631 3938 atque
2662 3871 2788 3920 octo
2835 3862 3113 3933 copiosior
3156 3874 3426 3916 numerus
3480 3856 3831 3914 sacerdon

2228 3973 2548 4029 comparare
2574 3974 2631 4014 se
2654 3957 2853 4013 audeat
2884 3955 2965 4011 vel
2994 3954 3285 4026 praferre;
3323 3968 3454 4008 cum
3504 3959 3670 4006 tanto
3694 3951 3830 4006 divi-

2227 4051 2379 4107 nitus
2406 4051 2685 4123 privilegio
2713 4051 2933 4107 Nicaena
2988 4048 3062 4104 sit
3089 4046 3331 4120 synodus
3359 4054 3683 4102 consecrata
3734 4051 3818 4108 ut,

2227 4144 2340 4201 sive
2367 4160 2465 4216 per
2505 4146 2791 4217 pauciores
2817 4144 2930 4200 sive
2971 4158 3070 4215 per
3098 4142 3312 4213 plures,
3339 4137 3699 4195 ecclesiastica
3731 4136 3827 4207 ju-

2225 4237 2371 4294 dicia
2421 4238 2785 4307 celebrentur,
2818 4236 2972 4294 omni
3011 4235 3229 4308 penitus
3254 4233 3581 4291 auctoritate
3621 4230 3693 4285 sit
3730 4245 3829 4285 va-

2224 4347 2391 4388 cuum
2435 4331 2698 4404 quidquid
2722 4332 2791 4388 ab
2830 4331 3051 4387 illorum
3098 4327 3263 4386 fuerit
3303 4326 3701 4383 constitutione
3742 4324 3830 4380 di-

2223 4441 2462 4481 versum.
2494 4444 2522 4478 ))

2297 4522 2382 4574 De
2406 4519 2565 4591 cujus
2603 4519 2884 4592 privilegio
2921 4526 2977 4575 et
3029 4517 3221 4573 beatus
3265 4514 3593 4571 Ambrosius
3640 4514 3786 4571 dicit
3813 4532 3833 4573 ι

2229 4634 2254 4660 α
2296 4615 2419 4668 Non
2447 4611 2683 4668 humana
2714 4612 3005 4679 industria,
3029 4626 3144 4665 non
3171 4594 3579 4680 compositione
3612 4606 3835 4680 aliqua.

2223 4707 2455 4762 trecenti
2482 4705 2678 4763 decem
2698 4714 2752 4762 et
2778 4715 2903 4762 octo
2931 4704 3173 4777 episcopi
3208 4701 3281 4759 ad
3307 4701 3607 4758 concilium
3625 4717 3837 4757 conve-

2226 4808 2455 4869 nerunt;
2485 4799 2581 4856 sed
2609 4809 2671 4856 ut
2699 4800 2756 4855 in
2778 4814 3012 4855 numero
3050 4812 3266 4862 eorum,
3321 4811 3417 4867 per
3445 4795 3678 4866 signum
3715 4810 3840 4850 sum

2222 4894 2492 4966 passionis
2519 4902 2575 4949 et
2602 4892 2849 4949 nominis
2880 4891 3147 4946 Dominus
3176 4891 3340 4945 Iesus
3361 4904 3464 4945 suo
3484 4886 3752 4959 probaret
3772 4905 3837 4944 se

2218 4984 2405 5042 adesse
2442 4985 2699 5041 concilio.
2750 4984 2895 5039 Crux
2950 4982 3004 5037 in
3035 4980 3314 5045 trecentis,
3367 4979 3501 5034 Jesu
3527 4992 3744 5033 nomen
3773 4978 3837 5032 in

2215 5071 2409 5132 decem
2431 5082 2485 5129 et
2504 5082 2631 5130 octo
2653 5081 2738 5129 est
2757 5070 3152 5141 sacerdotibus.
3175 5091 3201 5118 ν
3229 5096 3300 5109 --
3322 5089 3348 5116 ι
3370 5069 3439 5123 Et
3461 5065 3618 5135 mihi,
3644 5065 3840 5139 inquit

2211 5193 2467 5257 Henrico,
2485 5198 2600 5245 etc.

2281 5256 2464 5327 (1043)
2492 5265 2573 5316 De
2598 5259 2705 5315 hoc
2736 5259 2959 5316 Ebbone
2980 5258 3101 5315 vide
3128 5259 3355 5320 Baron.,
3388 5263 3509 5327 tom
3545 5256 3634 5309 ΠΧ
3664 5262 3725 5308 et
3748 5257 3834 5319 Χ,

2208 5333 2516 5403 praesertim
2544 5347 2689 5403 anno
2734 5337 2839 5403 8533
2868 5340 2923 5386 et
2955 5336 3082 5398 866,
3106 5328 3201 5384 ubi
3249 5326 3495 5403 ostendit
3539 5327 3836 5403 Barcinus

2204 5396 2320 5458 non
2346 5403 2579 5476 legitime
2603 5402 2749 5460 facta
2774 5400 2943 5459 fuisse
2966 5396 3092 5474 quae
3117 5408 3313 5457 auctor
3341 5398 3444 5455 iste
3467 5405 3533 5453 ut
3558 5396 3832 5468 legitima

2201 5476 2479 5546 praedicat.

2267 5551 2449 5613 (1044)
2475 5543 2869 5617 Pseudopapaa,
2896 5544 2964 5602 de
2988 5559 3099 5617 quo
3121 5559 3305 5614 supra.

2268 5613 2872 5689 (1045)ALoquitur'de
2911 5613 3119 5689 synodo
3160 5613 3361 5671 Romae
3401 5613 3507 5670 sub
3542 5613 3832 5683 Gregorio

2195 5691 2296 5746 Vll
2351 5687 2652 5756 celebrata,
2702 5704 2846 5746 anno
2895 5687 3053 5744 1075.

2267 5766 2453 5829 (1046)
2485 5761 2619 5817 Vide
2642 5753 2907 5817 'Bellarm.
2942 5759 3036 5815 lib.
3071 5773 3159 5825 ιν,
3187 5760 3271 5813 De
3300 5753 3526 5829 pontif.,
3569 5770 3698 5828 cap.
3752 5761 3829 5811 10

501 5819 746 5876 doctrina
763 5826 898 5876 etea:
924 5821 1049 5875 vita:
1072 5819 1333 5897 religione
1351 5826 1672 5883 conciliabat
1690 5830 1741 5884 ei
1766 5829 2085 5912 imperatori
2187 5840 2245 5914 et
2264 5819 2489 5907 haram,
2513 5840 2650 5891 tom.
2689 5835 2810 5902 VII,
2829 5846 2956 5888 ann.
2991 5819 3194 5889 Christi
3230 5819 3355 5891 583.
