4062 6182
215 402 346 453 H65

1116 404 1403 459 APPEND.
1444 405 1530 459 Ill.
1571 431 1643 443 —
1678 401 2090 463 MONUMENTA
2132 409 2591 467 GREGORIANA.

3368 422 3504 475 “66

216 522 472 591 Hilarius,
516 524 532 577 i
544 539 636 595 pse
664 527 755 579 ille
779 542 1045 581 numerus
1093 525 1185 581 hic
1226 538 1448 584 sanctus
1471 541 1574 595 est,
1609 529 1664 583 in
1696 544 1802 600 quo
1829 532 1884 596 Α
1913 532 2211 602 superbia.
2232 535 2379 595 Hinc
2406 552 2506 609 ego
2534 537 2806 608 expallens
2849 538 2981 595 illud
3020 541 3246 596 Domini
3275 541 3331 597 in
3360 546 3501 599 Eze—

212 615 519 681 Abraham,
540 617 717 672 victor
735 633 925 692 regum
948 619 1272 691 impiorum,
1300 623 1367 677 ab
1395 637 1459 678 eo
1489 622 1583 694 qui
1608 624 1798 679 aterni

208 710 497 767 sacerdotii
532 720 616 766 est
662 709 837 768 forma
881 714 1221 771 benedicitur
1254 718 1413 783 (Gen.
1448 724 1601 785 xxv).
1659 742 1684 765 ν
1730 722 1801 775 Et

205 803 349 859 idem
371 805 559 861 beatus
577 808 690 869 Leo
716 822 857 878 papa
883 811 1063 878 (epist.
1096 815 1183 876 53)
1216 829 1230 865 :
1266 835 1292 859 ι
1319 812 1503 867 Sancti
1524 812 1604 867 illi
1634 821 1689 867 et
1713 829 1799 868 ve-

207 898 477 953 nerabiles
499 902 706 961 Patres,
740 902 834 973 qui
864 901 922 956 in
940 902 1078 959 urbe
1105 904 1345 973 Nicana,
1367 906 1631 978 sacrilego
1664 907 1798 962 Ario

205 1007 328 1046 cum
363 1007 463 1047 sua
491 992 771 1064 impietate
808 993 1092 1063 damnato,
1121 1013 1407 1055 mansuras
1435 1015 1606 1071 usque
1636 999 1707 1055 ad
1733 1000 1795 1054 fi-

206 1100 332 1141 nem
363 1085 554 1141 mundi
599 1086 742 1159 leges
771 1088 1266 1146 ecclesiasticorum
1297 1108 1575 1148 canonum
1609 1093 1799 1149 condi-

205 1177 424 1245 derunt,
456 1186 509 1233 et
537 1179 682 1251 apud
709 1197 813 1236 nos
852 1181 908 1236 in
954 1190 1072 1238 toto
1122 1184 1253 1239 orbe
1283 1193 1556 1241 terrarum
1600 1186 1659 1240 in
1688 1187 1799 1244 suis

206 1273 690 1330 constitutionibus
739 1275 949 1331 vivunt.
992 1280 1062 1334 Et
1103 1279 1149 1334 si
1198 1279 1329 1352 quid
1382 1296 1611 1353 usquam
1641 1282 1799 1337 aliter

204 1382 366 1439 quam
397 1367 473 1422 illi
500 1375 736 1424 statuere
764 1371 1137 1441 prasumitur,
1160 1372 1273 1428 sine
1301 1374 1649 1430 cunctatione
1676 1392 1795 1431 cas-

201 1468 372 1516 satur.
406 1482 434 1508 υ
478 1463 547 1516 Et
575 1461 703 1517 hinc
730 1471 956 1519 sanctus
978 1467 1093 1521 Leo
1132 1465 1199 1522 ad
1239 1467 1581 1523 Pulcheriam
1607 1472 1796 1541 Augu-

202 1561 345 1609 stam
411 1555 597 1625 (epist.
627 1556 724 1628 55)
786 1575 799 1611 :
858 1580 883 1606 ιι
929 1560 1128 1614 Contra
1178 1567 1401 1627 statuta,
1448 1561 1644 1633 inquit,
1692 1564 1796 1617 Pa-

201 1655 484 1702 ternorum
514 1664 814 1717 canonum,
841 1666 967 1722 qua
996 1660 1122 1707 ante
1151 1652 1485 1725 longissima
1508 1655 1685 1711 atatis
1710 1672 1799 1710 an-

198 1756 305 1796 nos
332 1740 387 1795 in
415 1742 550 1796 urbe
574 1743 803 1798 Nicana
835 1744 1164 1816 spiritalibus
1188 1756 1315 1801 sunt
1359 1746 1590 1804 fundata
1615 1748 1799 1805 decre-

198 1834 293 1900 tis,
324 1834 453 1890 nihil
492 1836 745 1908 cuiquam
784 1837 987 1894 audere
1018 1839 1355 1908 conceditur,
1388 1840 1459 1896 ita
1511 1850 1573 1897 ut
1602 1842 1645 1897 si
1678 1843 1799 1913 quis

198 1927 475 1986 diversum
521 1929 729 2000 aliquid
771 1929 1064 1987 decernere
1105 1933 1254 2000 velit,
1286 1950 1344 1989 se
1374 1936 1556 2005 potius
1585 1937 1797 1992 minuat

193 2037 367 2093 quam
422 2022 511 2077 illa
556 2033 891 2095 corrumpat.
942 2048 967 2073 ιυ
1022 2026 1301 2082 Audirent
1342 2028 1511 2083 etiam
1559 2028 1790 2085 beatum

193 2117 525 2189 Gregorium
556 2117 613 2170 in
646 2118 837 2173 multis
873 2119 957 2174 sui
999 2135 1109 2175 non
1141 2124 1399 2190 Registrz‘,
1440 2121 1535 2177 sed
1580 2125 1796 2192 Regesti’

188 2210 442 2282 epistolis
483 2211 717 2267 Nicaua
759 2212 951 2285 synodi
998 2214 1214 2269 decreta
1258 2214 1646 2271 afﬁrmantem.
1684 2220 1792 2272 Re-

190 2313 466 2374 ponereut
506 2305 734 2361 interius
777 2315 831 2360 ct
870 2306 1004 2363 illud
1043 2308 1314 2379 Gregorii,
1353 2308 1501 2381 quod
1548 2320 1602 2367 et
1644 2310 1791 2383 prius

193 2397 306 2453 dixi
340 2417 352 2451 :
380 2421 403 2445 α
453 2398 704 2455 Consona
734 2399 933 2456 sanctis
960 2401 1212 2457 Patribus
1246 2402 1565 2459 deﬁnitione
1608 2404 1793 2460 sanci-

192 2506 345 2559 mus,
375 2499 438 2545 ut
463 2492 553 2564 qui
580 2493 749 2549 sacris
787 2493 960 2549 nescit
987 2494 1208 2550 obedire
1236 2496 1553 2564 canonibus,
1582 2513 1682 2552 nec
1708 2514 1795 2553 sa-

190 2585 304 2640 cris
347 2585 657 2642 ministrare
683 2588 765 2642 vel
808 2588 1255 2645 communionem
1284 2606 1478 2661 capere
1503 2590 1572 2645 sit
1597 2590 1794 2663 dignus

192 2678 483 2734 altaribus.
517 2703 544 2728 ν

270 2773 326 2828 Si
352 2772 545 2829 dicunt
573 2773 692 2829 hac
716 2790 856 2830 nova
888 2776 1174 2832 emersisse
1202 2778 1425 2833 tertium
1455 2793 1606 2833 nunc
1631 2780 1803 2834 Cato-

188 2882 323 2922 nem
357 2866 425 2922 de
461 2867 598 2923 coelo
628 2868 906 2938 cecidisse,
946 2869 1175 2926 audiant
1214 2876 1408 2943 papam
1435 2871 1794 2928 Calestinum

193 2963 386 3031 (epist.
409 2964 478 3028 2)
521 2980 533 3014 :
570 2984 595 3008 α
628 2962 779 3017 Nulli
816 2963 1163 3020 sacerdotum
1206 2980 1337 3020 suos
1378 2958 1632 3037 ignorare
1674 2965 1797 3035 licet

188 3071 460 3123 canones,
486 3071 587 3111 nec
614 3055 915 3129 quidquam
946 3056 1144 3126 facere,
1188 3058 1337 3132 quod
1366 3061 1595 3115 Patrum
1626 3060 1796 3130 possit

185 3147 408 3221 legibus
436 3148 692 3223 [regulis]
715 3149 955 3207 obviare.
984 3153 1113 3207 Non
1134 3161 1480 3222 pratereant,
1505 3169 1615 3208 non
1642 3153 1795 3209 abra-

183 3241 327 3298 dant
357 3258 665 3313 pronomen
701 3260 840 3299 suos.
877 3247 1014 3300 Nam
1049 3261 1287 3301 canones
1316 3246 1520 3318 proprii
1549 3256 1677 3302 sunt
1706 3263 1792 3303 sa-

178 3334 500 3402 cerdotum,
529 3344 591 3391 ut
624 3336 706 3392 lex
737 3339 913 3409 Moysi
952 3347 1008 3394 et
1040 3339 1121 3394 lex
1149 3338 1495 3397 Judaorum.
1528 3341 1693 3397 Unde
1718 3340 1797 3396 eis

183 3429 471 3484 Dominus
510 3448 524 3485 :
574 3454 597 3477 «ι
649 3433 713 3485 In
758 3431 895 3502 lege,
936 3431 1133 3504 inquit,
1179 3442 1356 3490 vestra
1410 3434 1673 3506 scriptum
1721 3443 1804 3490 est

185 3526 381 3588 (Joan.
405 3526 569 3590 vrri).
590 3546 614 3572 ι
642 3527 709 3578 Et
723 3524 789 3581 de
806 3524 881 3580 eis
909 3545 972 3581 εει
998 3524 1059 3581 In
1079 3526 1194 3599 lege
1219 3543 1414 3583 eorum
1435 3529 1699 3599 scriptum
1722 3534 1804 3583 est

182 3619 373 3685 (Joan.
407 3622 530 3683 xv).
564 3641 587 3665 υ
614 3618 759 3674 Hinc
788 3627 952 3690 patet,
974 3620 1102 3691 quia
1129 3621 1193 3690 si,
1226 3629 1287 3676 ut
1306 3621 1633 3677 Coelestinus
1656 3620 1803 3677 afﬁr-

183 3718 330 3777 mat,
353 3710 577 3770 illLsunt
604 3712 913 3769 sacerdotes
932 3728 1168 3785 quorum
1199 3723 1327 3769 sunt
1357 3730 1617 3783 canones,
1643 3723 1798 3782 tunc,

183 3817 433 3873 quorum
473 3819 585 3857 non
632 3812 763 3860 sunt
791 3811 1053 3875 canones,
1096 3822 1198 3862 nec
1243 3815 1405 3863 erunt
1452 3805 1794 3865 sacerdotes.

179 3895 302 3952 Sed
325 3890 450 3952 hac
478 3895 775 3953 hactenus.

257 3990 409 4045 Cum
450 3990 553 4060 tui,
601 3991 910 4048 venerande
948 3995 1132 4059 Pater,
1176 3993 1463 4063 recordor,
1494 3994 1800 4052 exclamare

176 4082 530 4152 compellor:
563 4086 612 4139 Ο
635 4100 722 4140 me
751 4082 1051 4152 infelicem,
1095 4087 1205 4141 imo
1249 4085 1619 4143 infelicissimo
1666 4088 1800 4144 infe-

182 4176 466 4244 liciorem,
496 4177 646 4249 quod
694 4194 795 4251 ego
837 4178 968 4233 olim
1008 4177 1195 4250 digitis
1222 4179 1329 4234 tuis
1357 4179 1797 4251 probatissimam

184 4268 512 4326 distillando
548 4271 857 4345 myrrham,
885 4272 1017 4327 mihi
1050 4271 1187 4345 quid
1227 4273 1501 4345 agendum
1542 4274 1797 4345 prascri-

190 4362 469 4419 bentibus
514 4380 630 4419 non
677 4363 911 4433 obedivi,
958 4365 1126 4437 quod,
1158 4366 1327 4422 instar
1353 4367 1557 4439 aspidis
1585 4366 1795 4435 surda,

178 4473 347 4513 orem
378 4456 492 4511 tuis
533 4459 761 4513 monitis
799 4458 1079 4515 obturavi!
1108 4462 1276 4527 (Psal.
1309 4466 1433 4528 57.)
1462 4464 1620 4516 Nunc
1649 4461 1797 4517 enim
1835 4505 1838 4508 .

173 4550 376 4623 arguit
405 4566 496 4606 me
543 4551 676 4606 illud
707 4550 1016 4609 Salomonis
1050 4572 1063 4606 :
1117 4578 1141 4602 ‹‹
1192 4558 1315 4627 Quo
1351 4553 1517 4611 modo
1548 4555 1590 4610 si
1634 4554 1789 4626 spina

1907 623 2049 680 chiel
2095 626 2327 684 dicentis
2379 631 2517 685 :Va
2544 630 2746 687 civitati
2789 633 3146 702 sanguinum,
3195 634 3350 706 cujus
3397 652 3498 709 ego

1908 718 2174 789 grandem
2201 720 2399 777 faciam
2422 739 2614 794 pyram
2643 726 2866 790 (Ezech.
2898 726 3092 797 xxxv),
3119 727 3246 783 licet
3280 732 3426 784 Deus
3447 731 3503 786 in

1906 826 1996 867 me
2018 811 2205 868 fecerit
2225 814 2369 870 viam
2389 816 2599 872 semitae
2620 817 2713 873 ira
2733 833 2847 873 sua
2862 821 3018 889 (Psal.
3049 826 3324 889 Lxxvn);
3349 822 3501 879 illam

1905 912 2085 960 tamen
2109 905 2358 963 desidero
2380 908 2544 976 iram,
2560 908 2629 965 de
2645 926 2752 981 qua
2766 912 3138 985 Hieronymus
3162 934 3174 969 :
3199 939 3222 964 ι
3241 916 3500 981 Grandis,

1907 996 2060 1065 dicit,
2092 997 2307 1056 offensa
2350 1010 2453 1069 est,
2483 1011 2777 1073 postquam
2829 1005 3193 1075 peccavimus,
3223 1007 3365 1065 iram
3393 1009 3501 1065 Dei

1906 1107 2020 1173 non
2066 1093 2289 1157 mereri,
2320 1103 2381 1150 ut
2428 1095 2581 1151 illam
2608 1095 2879 1152 declinem
2916 1098 3075 1166 iram,
3117 1098 3186 1155 de
3211 1118 3317 1173 qua
3348 1104 3499 1158 Psal-

1888 1169 2069 1243 5nista
2094 1206 2107 1241 :
2135 1211 2159 1234 α
2178 1188 2533 1244 Exacerbavit
2552 1188 2844 1263 [peccator]
2869 1192 3172 1248 Dominum
3189 1169 3498 1251 secundum

1905 1279 2339 1336 misericordiam
2365 1279 2783 1354 [multitudem]
2803 1284 2899 1341 ira
2912 1301 3029 1341 sua
3048 1288 3208 1352 (Psal.
3233 1290 3315 1354 χ),
3335 1312 3359 1336 ››
3386 1304 3499 1344 non

1905 1372 2032 1445 quia
2062 1373 2209 1429 idem
2252 1385 2504 1446 peccator
2532 1375 2755 1432 licenter
2799 1387 3007 1449 peccat,
3057 1379 3151 1434 sed
3186 1380 3366 1436 nimia
3396 1381 3497 1437 Dei

1904 1466 1999 1522 ira
2041 1476 2123 1523 est
2174 1467 2325 1539 quod
2368 1471 2613 1539 peccanti
2660 1486 2888 1542 propera
2921 1472 3181 1542 arrident,
3238 1474 3387 1546 quod
3413 1491 3501 1530 ne-

1906 1560 2076 1631 quitia
2131 1562 2247 1632 ejus
2284 1578 2397 1617 non
2451 1562 2781 1632 retunditur,
2832 1565 2979 1638 quod
3028 1565 3143 1637 ejus
3183 1568 3373 1623 sceleri
3400 1584 3499 1641 pro

1906 1654 2118 1709 meritis
2146 1670 2260 1709 non
2288 1655 2667 1727 respondetur.
2701 1681 2725 1705 υ

1977 1749 2049 1802 Et
2070 1763 2139 1803 ne
2169 1747 2371 1803 diutius
2398 1747 2719 1820 delinquant
2746 1750 3093 1823 majestatem
3124 1754 3290 1811 animi
3320 1771 3351 1811 a
3377 1772 3497 1812 ma-

1899 1839 2116 1912 joribus
2155 1841 2515 1910 demorando,
2544 1852 2672 1898 tuos
2699 1843 3021 1901 deosculans
3048 1848 3232 1917 pedes,
3261 1859 3355 1905 tua
3384 1866 3500 1906 am-

1830 1915 1879 1977 B
1908 1933 2152 2004 plectens
2181 1950 2377 2007 genua,
2409 1935 2589 1990 clamo
2615 1936 2734 2003 tibi,
2771 1939 2930 1993 Pater
2952 1946 3007 1993 et
3030 1941 3290 2009 Domine,
3324 1960 3498 1999 unum

1902 2026 2125 2099 pietate,
2156 2028 2388 2083 alterum
2416 2027 2698 2101 dignitate,
2733 2046 2962 2100 precans
2993 2032 3349 2105 indulgentia
3373 2053 3497 2107 gra-

1901 2120 2059 2187 tiam,
2090 2136 2252 2191 quam
2297 2137 2443 2189 sape
2470 2121 2569 2175 tibi
2603 2121 2950 2178 valefacienti
2988 2126 3195 2180 seniori
3221 2143 3347 2183 meo
3375 2145 3499 2183 san-

1903 2212 2150 2268 ctissimo
2194 2213 2476 2269 Rumoldo
2520 2217 2720 2280 (1047)
2769 2215 2931 2271 hodie
2970 2217 3210 2274 caelestis
3238 2220 3377 2276 aula
3401 2220 3499 2276 do-
3558 2286 3562 2291 θ

1902 2306 2126 2362 mestico
2154 2306 2407 2372 dederas,
2448 2323 2677 2379 precans
2709 2308 2902 2365 levata
2931 2326 3130 2367 manus
3160 2319 3268 2369 tua
3308 2314 3502 2369 mereri

1901 2399 2366 2465 benedictionem;
2404 2401 2493 2456 cui
2535 2401 2717 2457 nullus
2758 2401 2920 2458 distat
2964 2402 3134 2472 locus,
3179 2420 3404 2476 precans
3442 2417 3504 2462 ut

1902 2493 1958 2548 in
2002 2493 2093 2549 illo
2136 2493 2399 2549 ineffabili
2437 2494 2635 2565 jubilo,
2675 2511 2785 2566 quo
2827 2495 3027 2552 calum
3072 2478 3349 2567 penetras‘,
3394 2517 3504 2572 quo

1903 2587 2144 2643 divinam
2192 2587 2497 2658 promulces
2527 2603 2740 2651 aurem,
2769 2589 2878 2643 mei
2903 2605 3017 2643 non
3048 2590 3383 2648 obliviscaris
3411 2594 3504 2664 qui

1903 2682 1986 2736 tui
2015 2682 2215 2737 saltem
2263 2689 2395 2736 tunc
2421 2696 2637 2735 memor
2683 2681 2882 2749 existo,
2933 2697 3060 2736 cum
3108 2684 3185 2738 tui
3223 2701 3501 2741 conversa-

1903 2775 2107 2829 tionem
2136 2774 2428 2845 tritamque
2470 2773 2682 2827 vivendi
2730 2773 2985 2828 semitam
3014 2774 3247 2830 devotus
3281 2786 3503 2850 exopto.

1906 2867 2005 2921 Vix
2036 2865 2309 2922 refrenata
2340 2882 2516 2936 penna
2542 2866 2724 2921 dicam
2761 2866 2932 2921 invito
2962 2883 3057 2922 ore
3086 2885 3099 2921 :
3136 2870 3290 2937 Vale,
3330 2870 3506 2937 gloria

1903 2960 2240 3028 lsrael,vale,
2267 2959 2432 3015 curia
2460 2959 2698 3015 caelestis
2726 2960 3047 3031 conscripta
3082 2970 3323 3017 senator.
3364 2964 3504 3018 Insi-

1904 3053 2057 3125 piens
2080 3052 2254 3109 factus
2282 3070 2407 3109 sum
2428 3053 2723 3123 loquendo,
2749 3052 2898 3108 dices
2926 3052 3064 3109 mihi
3088 3072 3101 3109 :
3132 3055 3464 3126 Respondeo
3489 3075 3502 3111 :

1903 3146 2125 3220 coegisti
2171 3162 2277 3203 me.
2326 3145 2517 3201 Amori
2555 3145 2791 3202 modum
2836 3145 3097 3215 suadens,
3151 3148 3347 3219 perdes
3376 3165 3501 3221 0pc-

1910 3257 2054 3296 ram.

1981 3335 2174 3391 Valeas
2211 3340 2266 3389 et
2309 3342 2370 3389 tu
2413 3342 2613 3405 optata
2677 3332 2899 3401 indolis,
2943 3334 3235 3403 Bernalde,
3279 3336 3505 3393 ﬂoscule

1911 3443 2168 3498 vernans,
2200 3435 2426 3499 rogatus
2447 3442 2575 3482 cum
2604 3427 2697 3482 illo
2724 3428 2969 3498 Apostoli
2996 3426 3063 3483 ad
3092 3428 3467 3501 Philippenses
3484 3449 3501 3501 ς

1914 3545 1939 3571 α
1982 3522 2035 3578 Si
2080 3537 2186 3593 qua
2235 3520 2534 3576 consolatio
2578 3521 2632 3575 in
2677 3520 2917 3587 Christo,
2965 3521 3011 3576 si
3062 3521 3212 3593 quod
3242 3524 3504 3581 solatium

1911 3612 2214 3679 cbaritatis,
2247 3612 2293 3668 si
2340 3628 2463 3684 qua
2491 3611 2724 3667 societas
2772 3612 3019 3684 spiritus,
3064 3614 3106 3669 si
3148 3629 3270 3684 qua
3300 3616 3506 3671 viscera

1910 3707 2279 3762 miserationis
2310 3707 2548 3776 (Philip.
2584 3710 2686 3772 ιι),
2720 3729 2745 3753 υ
2799 3715 2857 3761 ut
2886 3706 3047 3762 citius
3076 3707 3296 3763 dictata
3346 3708 3447 3763 tibi
3475 3725 3510 3765 a

1909 3800 2136 3857 domino
2175 3808 2270 3855 tuo
2298 3799 2561 3855 materiae
2608 3814 2824 3854 merear
2869 3799 3079 3855 litteras
3110 3800 3263 3855 omni
3292 3811 3509 3858 nectare

1909 3894 2043 3950 mihi
2076 3893 2396 3965 sapidiores,
2450 3902 2570 3948 tum
2614 3900 2832 3948 tantum
2862 3902 3020 3948 tuam
3068 3893 3388 3967 dominique
3427 3895 3510 3952 tui

1910 3990 2143 4044 salutem
2168 3986 2305 4043 mihi
2336 3984 2652 4042 referentes.
2687 3987 2770 4042 Tu
2801 3985 2920 4054 tibi,
2951 4002 3173 4055 moneo,
3198 4004 3312 4043 non
3340 3987 3509 4058 desis,

1909 4090 2336 4154 prasentaturus
2361 4089 2412 4136 te
2435 4080 2595 4135 nobis
2620 4080 2809 4147 talem,
2839 4080 3060 4150 qualem
3087 4096 3189 4153 ego
3214 4089 3269 4137 te
3299 4081 3506 4151 nescio,

1909 4184 2097 4232 utrum
2124 4176 2301 4247 magis
2332 4184 2515 4246 optem
2554 4191 2625 4229 an
2653 4188 2893 4244 sperem.
2925 4176 3070 4245 Opto
3098 4174 3293 4246 quippe
3321 4190 3384 4229 ex
3410 4175 3502 4230 illo

1909 4284 2074 4340 quem
2110 4268 2166 4322 in
2208 4275 2263 4322 te
2307 4266 2483 4321 habeo
2513 4259 2736 4322 affectu.
2772 4269 2941 4337 Spero
2974 4282 3046 4322 ex
3083 4266 3289 4323 debita
3316 4268 3504 4324 virtuti

1907 4372 2016 4418 tua
2040 4362 2331 4434 parentela
2357 4370 2631 4432 respectu.

2466 4457 2823 4512 EPISTOLA
2863 4458 2941 4511 III

2224 4566 2566 4609 ADALBEBTI
2594 4566 2673 4605 AD
2703 4563 3115 4605 BBBNALDUM.

171 4652 456 4700 nascatur
502 4644 559 4699 in
590 4661 757 4699 manu
807 4646 1115 4715 temulenti,
1149 4647 1226 4703 sic
1268 4649 1325 4703 in
1357 4664 1452 4703 ore
1494 4648 1789 4704 stultorum
1819 4654 1871 4717 ι]
1977 4644 2216 4701 Domino
2249 4661 2313 4701 ac
2354 4643 2813 4701 reverendissimo
2849 4642 3121 4699 sacerdoti
3168 4645 3506 4703 BBBNALDO

169 4736 459 4810 parabola
480 4740 667 4804 (Prov.
690 4742 903 4808 xxvr.)
924 4762 949 4787 ιο
972 4742 1107 4795 Nam
1133 4741 1275 4796 sicut
1293 4742 1628 4797 temulentus
1649 4742 1801 4813 spina

168 4833 243 4887 in
274 4847 450 4886 manu
481 4831 696 4888 detenta
726 4832 964 4904 seipsum
999 4834 1051 4888 in
1083 4834 1272 4905 primis
1300 4834 1567 4900 vulnerat,
1608 4835 1683 4890 ita
1712 4851 1798 4891 me

162 4940 315 4981 mea
346 4926 628 4981 sententia
656 4926 737 4981 sui
769 4925 964 4998 laqueo
995 4928 1321 4999 strangulat,
1355 4928 1429 4983 ita
1460 4944 1550 4983 me
1580 4929 1796 5000 proprio

162 5034 315 5074 meo
348 5018 536 5090 gladio
556 5019 793 5091 jugulat.
842 5024 924 5075 De
948 5020 1064 5093 lege
1094 5038 1189 5077 sua
1232 5038 1322 5077 me
1350 5024 1501 5077 Deus
1543 5022 1795 5077 docendo

159 5111 450 5182 mitigare
466 5112 599 5167 mihi
623 5130 653 5168 a
675 5113 870 5169 diebus
891 5115 1049 5169 malis
1064 5114 1237 5171 voluit
1260 5115 1438 5187 (Psal.
1451 5131 1611 5172 xcm
1628 5114 1672 5186 );
1696 5115 1794 5171 sed

156 5206 375 5262 fateor
445 5205 567 5273 tibi,
614 5215 798 5263 sancte
865 5209 1048 5274 Pater,
1112 5208 1235 5280 quia
1291 5208 1389 5263 tibi
1442 5208 1614 5264 factus
1670 5226 1791 5264 sum

150 5302 233 5357 in
272 5297 462 5353 medio
509 5297 771 5367 fornacis,
802 5316 898 5367 as,
946 5301 1379 5371 murmurando;
1410 5311 1689 5371 stannum,
1733 5311 1795 5358 ut

147 5391 478 5451 dealbatus
520 5393 717 5463 paries,
760 5395 987 5449 meliora
1016 5394 1365 5465 mentiendo;
1395 5394 1632 5463 ferrum,
1664 5413 1794 5469 pro-

143 5484 359 5544 ximis
385 5485 670 5555 nocendo;
701 5485 993 5557 plumbum
1022 5488 1250 5557 (Ezech.
1279 5492 1471 5558 xxu),
1493 5507 1708 5562 semper
1730 5490 1800 5546 ad

147 5577 391 5638 inﬁma
407 5578 703 5651 vergendo.
737 5600 765 5632 α
781 5581 1131 5650 Curavimus,
1150 5582 1228 5637 ait
1250 5584 1537 5650 Dominus,
1571 5583 1800 5655 Babylo-

140 5687 349 5738 nem,
368 5676 546 5727 etnon
564 5681 645 5729 est
659 5682 849 5730 sanata
882 5677 1058 5741 (Hier.
1078 5680 1183 5741 LI).
1209 5697 1233 5723 ν
1256 5676 1499 5746 Crepuit,
1517 5677 1649 5734 dicit
1666 5675 1803 5735 Scri-

138 5776 383 5844 ptura,
400 5763 460 5820 in
480 5762 701 5823 fornace
725 5769 944 5833 (Ezech.
968 5774 1163 5836 xxn),
1185 5769 1279 5840 qui
1306 5785 1419 5824 non
1439 5772 1615 5827 caruit
1639 5780 1801 5827 vento

255 5885 442 5959 (1047f
460 5885 480 5949 )
510 5885 597 5959 An
628 5881 716 5938 hic
742 5884 835 5959 ille
869 5892 953 5959 est
980 5884 1310 5959 Rumoldus,
1335 5885 1425 5958 qui
1456 5884 1561 5959 fuit
1590 5887 1802 5959 primus

134 5952 533 6032 prapositus
556 5954 943 6024 Gostariensis,
974 5964 1164 6027 postea
1205 5952 1492 6029 episcopus
1528 5952 1799 6015 Cénstan-

1906 4755 2017 4795 non
2038 4739 2153 4811 jam
2183 4754 2453 4810 nugacem
2498 4737 2672 4809 lyram
2702 4736 2937 4805 Horatii,
2988 4736 3083 4791 sed
3111 4737 3400 4809 mysticam
3430 4740 3505 4795 ci-

1906 4831 2125 4888 tharam
2168 4830 2362 4896 David,
2406 4829 2739 4886 fructuosius
2775 4828 2899 4895 sibi,
2930 4838 2985 4884 et
3024 4829 3135 4886 suis
3160 4831 3508 4888 auditoribus

1905 4925 2257 4997 amplexanti,
2287 4932 2698 5009 Amnnenrus
2726 4930 2884 4978 atate
2914 4924 3218 4998 presbyter,
3244 4940 3361 4983 non
3386 4942 3506 4982 mo-

1904 5020 2077 5085 ribus,
2113 5019 2340 5092 ejusque
2378 5016 2700 5084 Bernaldus,
2753 5032 2821 5072 ex
2852 5025 3089 5090 utroque
3118 5017 3345 5075 homine
3387 5037 3509 5077 cer—

1903 5113 2099 5169 tissimi
2129 5111 2441 5168 servimiuis
2476 5109 2726 5166 affectus.
2771 5113 2854 5167 De
2895 5109 3212 5167 dulcissimo
3237 5113 3395 5168 vestri
3424 5128 3506 5168 re-

1901 5207 2124 5279 scripto,
2151 5205 2304 5262 vobis
2346 5203 2645 5277 condignas
2687 5212 2863 5276 grates
2914 5203 3123 5260 referre
3152 5222 3261 5260 non
3294 5204 3505 5260 sufﬁci-

1901 5317 2062 5369 mus;
2126 5300 2221 5356 sed
2268 5299 2374 5355 hoc
2421 5298 2672 5355 omnium
2713 5299 2985 5354 bonorum
3024 5298 3391 5363 Retributori,
3436 5306 3503 5353 ut

1907 5394 2023 5467 ipse
2048 5394 2202 5449 vobis
2229 5392 2517 5458 retribuat,
2561 5390 2756 5447 obnixa
2785 5390 3178 5464 supplicatione
3205 5390 3505 5448 committi«

1907 5504 2053 5556 mus,
2083 5501 2251 5560 quem
2281 5495 2335 5541 et
2376 5502 2474 5541 vos
2502 5486 2555 5541 in
2601 5485 2762 5541 nobis
2785 5494 2898 5542 tam
2938 5482 3252 5538 charitativa
3276 5499 3504 5556 respon—

1908 5583 2085 5648 sione,
2135 5586 2248 5634 tam
2308 5579 2578 5635 laboriosa
2623 5577 2977 5649 rescriptione
3023 5592 3136 5631 non
3183 5575 3506 5637 dubitamus

1907 5673 2233 5730 honorasse.
2282 5670 2385 5727 Sed
2428 5671 2553 5742 quia
2604 5669 2865 5726 nonnulla
2903 5669 2954 5723 iu
3004 5669 3198 5725 eodem
3236 5674 3504 5745 rescripto

1907 5783 2011 5824 nos
2056 5772 2300 5834 movent,
2332 5764 2399 5820 de
2444 5772 2665 5834 experta
2718 5769 2908 5816 vestra
2939 5762 3238 5832 prudentia
3265 5764 3500 5821 benevo-

1908 5884 2123 5951 tiensis;
2161 5882 2227 5937 de
2277 5896 2385 5951 quo
2435 5880 2487 5934 iu
2534 5878 2652 5935 Vita
2702 5879 2758 5931 S.
2807 5877 3102 5945 Bennonis,
3134 5894 3259 5951 cap.
3310 5886 3400 5949 12,
3448 5888 3505 5935 et

1909 5955 2052 6027 apud
2083 5953 2463 6019 Lambertum,
2496 5966 2638 6005 anno
2670 5951 2838 6004 1069?
