4062 6182
664 327 798 379 1167

664 448 828 505 lentia
875 445 1071 508 securi,
1119 445 1319 498 iterum
1361 459 1458 498 vos
1506 443 1806 514 inquietare
1850 444 2252 515 praesumimus,

660 542 860 596 iterum
905 545 1094 593 vestrae
1125 536 1424 608 diligentiae
1462 535 1737 607 judicium
1787 553 1950 609 super
1978 537 2253 593 nonnullis

662 632 909 689 obscuris
957 631 1211 686 ardenter
1257 640 1653 700 exspectamus.

730 729 812 781 De
836 725 1075 796 primatu
1101 724 1266 795 igitur
1283 724 1645 779 sanctissimae
1668 723 1812 779 sedis
1827 724 2141 795 apostolicae
2165 738 2251 777 sa-

656 817 735 874 ῐὶέ
752 819 1027 890 eleganter
1072 817 1301 874 Charitas
1354 826 1533 872 vestra
1578 817 1740 873 nobis
1774 817 2011 887 scripsit.
2041 818 2251 885 Quam,

655 912 780 968 licet
805 911 1090 983 aliquando
1116 912 1183 966 ab
1215 910 1450 981 indignis
1477 926 1810 981 possessam,
1834 926 2051 981 semper
2070 915 2254 964 tamen

658 1006 919 1061 omnibus
976 1005 1229 1060 Ecclesiis
1287 1019 1403 1058 esse
1462 1002 1855 1075 praeferendam
1908 1020 1975 1059 ex
2022 1003 2255 1059 decretis

657 1100 753 1154 SS.
785 1100 1007 1154 Patrum
1032 1096 1428 1153 evidentissima
1455 1082 1719 1165 probavit.
1748 1097 1925 1167 Hujus
1952 1096 2096 1151 enim
2115 1095 2258 1151 sedis

657 1191 941 1262 pontifices
967 1206 1064 1262 pro
1085 1199 1334 1262 tempore
1360 1206 1390 1244 a
1420 1188 1656 1244 subditis
1692 1189 2074 1245 admonendos
2104 1189 2221 1243 fore
2243 1231 2257 1253 ,

656 1301 772 1340 non
812 1295 999 1341 tamen
1045 1294 1248 1340 temere
1307 1283 1749 1355 proscribendos,
1798 1282 2254 1338 Christianissima

659 1379 1105 1451 pronuntiatione
1142 1378 1422 1444 docuistis,
1458 1377 1707 1432 videlicet
1738 1385 1800 1431 ut
1836 1375 2086 1447 ejusdem
2112 1374 2256 1431 sedis

662 1474 875 1545 primus
915 1488 1194 1545 possessor
1225 1488 1255 1527 a
1300 1471 1616 1543 coapostolo
1650 1470 1768 1543 ejus
1814 1471 1981 1525 Paulo
2018 1468 2250 1525 charita-

661 1567 772 1622 tiva
801 1566 1119 1621 liberalitate
1154 1566 1470 1621 admonitus
1510 1572 1613 1632 est,
1661 1580 1771 1619 non
1820 1572 1879 1618 ut
1917 1566 1973 1619 S.
2013 1564 2255 1620 Athana-

663 1660 775 1716 sius
812 1659 1216 1716 Alexandrinus
1277 1658 1579 1730 patriarcha
1619 1658 1687 1712 ab
1738 1656 1958 1712 Arianis
2003 1657 2252 1713 haeretica

663 1754 1013 1825 usurpatione
1046 1751 1328 1824 depositus
1359 1760 1459 1807 est.

730 1851 1050 1905 Tractatum
1080 1856 1320 1902 vestrum
1357 1849 1441 1901 De
1472 1846 1758 1902 ordinibus
1772 1846 2107 1917 judiciorum
2133 1863 2257 1917 gra-

660 1941 867 1996 tissime
895 1941 1254 2011 suscepimus,
1304 1955 1467 2009 quem
1512 1941 1583 1993 ita
1624 1956 1964 2011 expressum,
2008 1957 2071 1995 ac
2099 1941 2253 1995 testi-

662 2036 866 2089 moniis
893 2037 989 2089 SS.
1022 2036 1247 2088 Patrum
1293 2033 1367 2087 ita
1398 2033 1741 2099 roboratum,
1773 2042 1826 2087 et
1871 2050 1971 2088 nos
2008 2042 2257 2104 postmo-

661 2127 796 2181 dum
826 2126 882 2180 in
905 2126 1142 2196 quodam
1179 2125 1358 2179 libello
1398 2126 1717 2195 reperimus.
1750 2121 1905 2181 Duos
1947 2127 2148 2197 quippe
2170 2127 2259 2198 ju-

659 2218 916 2274 diciarios
945 2218 1167 2273 ordines
1195 2233 1311 2272 esse
1336 2217 1627 2272 nobiscum
1659 2219 1869 2273 sentitis
1900 2236 1911 2270 :
1954 2235 2145 2286 unum,
2189 2219 2258 2274 de

662 2310 862 2373 dubiis,
894 2310 1130 2365 alterum
1160 2310 1227 2365 de
1258 2308 1581 2365 manifestis.
1612 2309 1719 2366 Sed
1750 2310 2005 2366 ordinem
2042 2311 2109 2367 de
2146 2328 2259 2366 ma-

667 2403 880 2460 nifestis
902 2405 959 2460 in
985 2405 1124 2460 duas
1152 2405 1360 2476 species
1386 2403 1753 2461 subdividitis.
1786 2407 1969 2461 Unam
1996 2406 2221 2478 quidem
2240 2451 2253 2471 ,

665 2513 794 2553 cum
825 2512 952 2554 reus
991 2506 1047 2553 et
1074 2497 1285 2569 objecta
1312 2513 1370 2552 se
1398 2496 1610 2563 fecisse,
1642 2506 1696 2552 et
1729 2496 1978 2553 faciendo
2010 2515 2258 2569 peccasse

662 2589 878 2647 fatetur.
931 2593 1176 2646 Alteram
1210 2606 1362 2659 vero,
1406 2606 1532 2645 cum
1560 2606 1687 2646 reus
1714 2606 1772 2646 se
1803 2590 2013 2662 objecta
2049 2592 2253 2659 fecisse,

657 2685 753 2741 sed
798 2685 850 2739 in
898 2685 1001 2740 hoc
1032 2700 1146 2739 non
1185 2699 1435 2755 peccasse
1466 2683 1691 2739 fatetur.
1723 2687 1839 2739 Nos
1884 2694 2071 2742 tamen
2114 2686 2261 2742 hanc

644 2777 1019 2848 posteriorem
1050 2786 1245 2832 vestra:
1290 2777 1669 2832 subdivisionis
1706 2778 1942 2849 speciem
1974 2779 2025 2833 in
2070 2788 2255 2834 nostra

657 2870 927 2926 divisione
967 2864 1486 2940 comprehendimus
1523 2869 1662 2924 infra
1705 2870 1934 2926 modum
1964 2870 2033 2926 de
2074 2871 2256 2928 dubiis

659 2964 1000 3019 criminibus.
1031 2963 1283 3017 Dicimus
1318 2963 1488 3028 enim,
1520 2979 1585 3018 ex
1608 2963 1904 3034 judiciariis
1933 2964 2245 3031 ordinibus,

650 3058 796 3112 hunc
825 3056 942 3113 ﬁeri
982 3055 1049 3112 de
1094 3054 1293 3123 dubiis,
1339 3054 1493 3111 illum
1539 3072 1666 3110 vero
1714 3055 1783 3111 de
1811 3056 2115 3113 manifestis
2144 3058 2246 3113 cri-

648 3150 912 3205 minibus.
944 3150 1059 3205 Nec
1105 3148 1211 3204 hoc
1248 3164 1337 3203 me
1374 3149 1604 3219 quilibet
1642 3148 1843 3204 dixisse
1888 3160 2061 3221 putet,
2094 3151 2246 3222 quasi

654 3251 849 3299 vestra:
874 3242 1122 3298 divisioni
1156 3240 1592 3313 praeiudicemus,
1618 3241 1714 3298 sed
1741 3241 1865 3298 ideo
1894 3244 2243 3319 potissimum

612 3356 617 3361 ι
657 3345 721 3391 nt
754 3344 1116 3406 utrarumque
1153 3335 1484 3391 divisionum
1526 3335 1879 3391 concordiam
1907 3336 1973 3393 ad
2016 3338 2247 3393 invicem

646 3431 991 3487 denotemus.
1026 3433 1171 3485 Nam
1201 3439 1432 3501 utraque
1459 3429 1675 3499 divisio,
1706 3436 1766 3485 ut
1810 3430 1970 3486 nobis
1998 3431 2241 3499 videtur,

646 3534 789 3580 stare
831 3525 1053 3596 poterit,
1095 3524 1138 3579 si
1169 3533 1343 3580 vestra
1376 3524 1660 3595 prudentia
1708 3541 1821 3579 non
1861 3525 2020 3580 aliter
2046 3526 2246 3596 judica-

647 3619 803 3673 verit.
836 3618 933 3672 Illa
966 3618 1113 3672 enim
1142 3626 1337 3672 vestrae
1377 3616 1656 3671 divisionis
1686 3619 1918 3689 species,
1944 3618 2000 3673 in
2029 3634 2135 3689 qua
2170 3617 2243 3673 fa-

656 3717 809 3764 ctum
830 3708 1265 3775 conceditur,cu|
1275 3725 1338 3779 pa
1365 3708 1686 3779 denegatur,
1715 3711 1907 3780 partim
1924 3709 2242 3778 manifesta,

648 3802 849 3873 partim
877 3802 1038 3857 dubia
1068 3802 1349 3872 probatur.
1398 3806 1624 3858 Factum
1662 3805 1833 3874 enim,
1874 3806 2022 3876 quod
2050 3822 2245 3862 conce-

649 3894 815 3958 ditur,
846 3893 1203 3949 manifestum
1229 3903 1339 3959 est;
1366 3895 1460 3951 sed
1499 3896 1647 3951 idem
1690 3897 1896 3969 ipsum,
1925 3914 1991 3953 an
2015 3915 2113 3970 pro
2144 3901 2242 3956 cri-

647 3988 802 4043 mine
822 3988 894 4042 sit
917 3986 1256 4053 habendum,
1276 4003 1627 4060 summopere
1642 3990 1941 4046 dubitatur.
1967 3994 2094 4047 Non
2114 4009 2242 4065 ergo

647 4081 854 4137 mirum
879 4078 1132 4136 eamdem
1160 4081 1397 4150 speciem
1425 4080 1642 4137 diverso
1674 4092 1942 4154 respectu,
1968 4100 2112 4141 nunc
2147 4085 2243 4142 du-

645 4174 773 4241 biis,
817 4189 963 4230 nunc
995 4172 1308 4229 manifestis
1355 4174 1583 4241 ascribi;
1624 4174 1719 4231 sed
1761 4192 1865 4233 nos
1890 4178 2063 4249 magis
2089 4179 2240 4234 illam

644 4267 823 4323 dubiis
873 4267 1327 4339 interposuimus,
1376 4268 1503 4340 quia
1554 4268 1873 4325 divisionem
1903 4271 2242 4343 judiciorum

643 4377 756 4417 non
784 4360 1106 4433 generaliter
1147 4360 1291 4416 inter
1337 4359 1506 4429 facta,
1536 4361 1634 4418 sed
1666 4363 1805 4418 inter
1850 4364 2082 4421 crimina
2114 4365 2241 4421 feci-

642 4470 768 4509 mus
806 4454 1222 4525 judiciariorum
1282 4453 1559 4510 ordinum.
1616 4456 1722 4510 Alii
1769 4456 1906 4513 fiunt
1950 4457 2017 4513 de
2063 4457 2243 4514 dubiis

642 4548 986 4612 criminibus;
1041 4547 1166 4613 alii,
1211 4547 1278 4602 de
1324 4546 1646 4603 manifestis.

715 4638 884 4695 Unde
910 4640 1167 4711 prmdicta
1211 4648 1405 4695 vestrae
1437 4640 1720 4696 divisionis
1748 4640 1970 4712 species,
2005 4643 2063 4698 in
2099 4662 2235 4715 qua,

643 4746 905 4787 concesso
941 4730 1108 4794 facto,
1140 4748 1209 4786 an
1239 4734 1449 4789 crimen
1478 4733 1547 4787 sit
1576 4734 1874 4803 dubitatur,
1907 4752 2019 4791 non
2048 4736 2237 4793 incon-

641 4840 775 4896 grue
804 4824 858 4878 in
908 4833 1095 4879 nostra
1125 4823 1390 4881 divisione
1419 4824 1599 4882 dubiis
1629 4830 2039 4885 annumeranda
2086 4831 2236 4886 vide-

641 4917 821 4972 batur.
854 4918 968 4970 Vos
991 4924 1175 4971 autem
1195 4916 1522 4988 judiciarios
1553 4919 1779 4976 ordines
1817 4938 1926 4976 non
1960 4922 2103 4978 inter
2133 4924 2236 4978 cri-

643 5009 814 5076 mina,
845 5008 943 5064 sed
988 5008 1234 5063 absolute
1262 5010 1402 5065 inter
1432 5011 1645 5066 occulta
1672 5021 1727 5067 et
1765 5012 2051 5070 manifesta
2089 5015 2235 5071 divi-

641 5103 811 5170 sistis;
861 5099 1029 5169 unde,
1072 5108 1126 5156 et
1168 5102 1487 5171 prmdictam
1529 5105 1789 5174 speciem,
1824 5106 1882 5159 in
1916 5124 2024 5178 qua
2067 5109 2233 5165 dene-

640 5205 763 5269 gata
803 5196 982 5266 culpa,
1028 5192 1237 5250 factum
1275 5194 1613 5263 conceditur,
1644 5197 1763 5251 sine
1806 5200 2233 5259 contradictione

636 5288 945 5345 manifestis
987 5302 1353 5343 annumerare
1388 5288 1663 5358 potuistis.
1698 5289 1839 5346 lllud
1880 5292 2045 5349 etiam
2084 5296 2233 5368 quod

634 5383 969 5453 singularum
1014 5379 1343 5436 discussioni
1388 5396 1679 5436 causarum
1721 5384 2039 5456 synodicam
2068 5404 2229 5443 voca-

632 5474 846 5530 tionem
875 5473 1167 5545 praerogari
1199 5472 1386 5539 vultis,
1438 5482 1494 5529 et
1544 5490 1643 5530 nos
1682 5477 1873 5549 utique
1920 5480 2224 5537 laudamus.

633 5563 773 5624 Nam
805 5574 862 5623 et
907 5565 1126 5623 decreta
1164 5574 1480 5623 sanctorum
1526 5571 1754 5626 Patrum
1796 5571 1982 5631 itidem
2034 5575 2227 5645 praeci-

631 5661 810 5734 piunt,
838 5659 1041 5732 quippe
1066 5667 1126 5716 ut
1149 5659 1327 5716 dubiis
1342 5661 1504 5716 rebus
1533 5661 1784 5719 infamati
1813 5665 1880 5721 ad
1897 5675 2222 5723 conventum

629 5753 1029 5811 sacerdotalem
1062 5762 1347 5820 vocentur,
1397 5769 1493 5826 per
1518 5758 1813 5812 canonicas
1841 5758 2085 5815 inducias
2126 5777 2225 5816 ex-

629 5855 963 5917 spectentur,
1001 5854 1136 5904 tunc
1169 5847 1418 5914 demum,
1454 5847 1498 5903 si
1530 5850 1799 5917 venerint,
1853 5849 1906 5905 in
1947 5862 2219 5932 conventu

1656 322 1746 374 AD
1785 321 2009 375 OPERA
2049 320 2103 375 s.
2147 296 2469 375 GREGORlI
2507 318 2944 374 APPENDICES.

3686 320 3802 377 'll68

2286 450 2338 511 Α
2365 444 2639 500 audiendi.
2671 449 2808 509 Aut,
2839 444 2885 498 si
2912 442 3088 498 venire
3115 440 3397 508 noluerint,
3436 456 3520 512 pro
3540 451 3809 514 contemptus

2360 539 2749 595 communione
2780 534 3162 607 suspendendi.
3205 536 3340 599 Hoc,
3380 534 3589 606 inquam,
3626 535 3704 590 illis
3733 538 3809 606 jure

2362 632 2678 688 conceditur
2722 631 2812 702 qui
2879 630 2947 686 de
2997 627 3223 702 objectis
3270 635 3358 682 aut
3412 626 3524 682 nihil
3590 642 3637 682 se
3684 625 3812 683 fecisse

2365 725 2623 793 fatentur,
2654 734 2749 781 aut
2786 724 2909 794 hoc,
2941 721 3089 794 quod
3136 720 3373 789 fecerint,
3406 721 3585 775 crimen
3608 736 3701 774 esse
3721 719 3812 775 difli

2360 828 2563 875 tentur.

2434 917 2550 970 Nec
2580 913 2683 968 hoc
2712 911 2881 969 etiam
2906 924 3169 983 negamus
3199 908 3329 980 quin
3352 914 3403 961 et
3436 904 3634 976 publicis
3655 903 3814 958 crimini-

2362 1008 2467 1064 bus
2495 1007 2713 1079 obligati
2758 1006 2829 1062 ad
2874 1003 3133 1077 synodale
3178 1001 3435 1074 judicium
3474 1014 3558 1070 pro
3592 1004 3817 1066 contemptu

2361 1110 2646 1164 vocentur,
2678 1109 2740 1154 ut
2780 1107 2930 1155 tanto
2958 1097 3189 1161 cautius,
3232 1102 3376 1150 tanto
3405 1089 3770 1163 irrefragabilius,
3786 1096 3819 1141 et

2362 1195 2590 1251 demum
2621 1193 2871 1249 Ecclesiae
2912 1200 3067 1246 tanto
3109 1187 3431 1246 fructuosius
3468 1192 3644 1257 quanto
3667 1198 3690 1236 a
3713 1180 3822 1251 pluri-

2366 1290 2465 1345 bus
2494 1287 2664 1344 auditi
2686 1286 3017 1359 judicentur.
3051 1282 3157 1340 Sed
3194 1282 3330 1337 hanc
3357 1278 3637 1353 synodicam
3656 1273 3823 1329 vocatio-

2363 1398 2492 1437 nem
2521 1381 2833 1436 nullatenus
2860 1388 2975 1434 tam
3020 1376 3327 1450 generalem
3367 1386 3549 1444 ponere
3572 1368 3773 1425 audemus
3791 1372 3827 1417 ut

2364 1475 2531 1546 ipsius
2558 1473 2871 1547 apostolicae
2909 1470 3054 1527 sedis
3084 1467 3435 1541 privilegium,
3463 1479 3561 1519 non
3594 1462 3649 1536 ab
3676 1466 3825 1530 aposto-

2363 1570 2451 1635 lis,
2504 1567 2595 1624 sed
2640 1567 2709 1623 ab
2752 1567 2875 1638 ipso
2926 1565 3166 1620 Domino
3214 1563 3262 1617 ei
3299 1572 3592 1616 concessum
3626 1551 3830 1621 infringere

2363 1670 2657 1718 tentemus.
2692 1664 2803 1716 Est‘
2818 1659 2963 1715 enim
2994 1656 3332 1729 privilegium
3359 1651 3493 1708 sedis
3532 1645 3775 1720 apostolica)
3792 1648 3827 1693 ut

2367 1756 2514 1811 nulla
2541 1754 2888 1827 proveniente
2909 1751 3139 1824 synodo,
3160 1748 3427 1822 quoslibet
3452 1738 3736 1800 damnandos
3754 1749 3833 1805 pos-

2366 1849 2437 1905 sit
2462 1849 2748 1917 damnare,
2788 1856 2841 1903 et
2868 1843 3297 1902 reconciliandos
3338 1837 3669 1900 reconciliare,
3692 1839 3735 1886 ut
3756 1829 3832 1882 bea-

2368 1953 2458 2000 tus
2495 1941 2743 1999 Gelasius
2786 1941 2838 1995 in
2870 1939 3103 1995 decretis
3132 1937 3202 1993 ad
3245 1933 3523 1991 orientales
3548 1929 3767 2001 episcopos
3789 1918 3836 1974 di-

2367 2038 2528 2092 rectis
2565 2035 2808 2091 ostendit
2831 2036 3019 2105 (epist.
3058 2037 3113 2087 11
3135 2029 3171 2102 ),
3207 2030 3265 2085 in
3300 2027 3489 2101 quibus
3518 2020 3731 2080 Acasium
3748 2015 3835 2105 Coit

2368 2103 2923 2200 stantinopolitauum
2947 2123 3313 2197 patriarcham
3341 2121 3533 2191 absque
3553 2103 3836 2205 omnigsynoldv

2366 2199 2628 2280 canonice
2652 2222 2718 2277 ab
2760 2219 3055 2293 apostolica
3101 2217 3231 2274 sede
3260 2216 3566 2271 damnatum
3591 2199 3838 2270 irrefragabi-

2366 2317 2490 2371 liter
2520 2315 2789 2388 probavit.
2823 2314 3023 2370 Scribit
3063 2312 3213 2367 enim
3258 2311 3396 2364 inter
3431 2314 3607 2362 caetera
3636 2297 3842 2388 :«Cunsla

2369 2426 2462 2483 per
2498 2387 2771 2465 mundum
2819 2406 2970 2461 nevit
3013 2404 3255 2461 Ecclesia
3305 2399 3450 2472 quod
3475 2387 3842 2483 sacrosanctaEt-

2365 2504 2529 2558 clesia
2554 2506 2809 2558 Romana
2838 2500 2907 2555 de
2934 2499 3089 2555 omni
3123 2496 3365 2552 Ecclesia
3392 2494 3472 2548 fas
3506 2479 3845 2578 habeatjutiifiln'

2365 2594 2453 2662 di;
2489 2611 2666 2666 neque
2706 2594 2961 2664 cuiquam
3009 2593 3079 2647 de
3105 2594 3230 2663 ejus
3272 2591 3425 2643 liceat
3442 2582 3665 2657 judicare
3692 2571 3847 2666 judit'io.

2364 2662 2637 2760 siquidem
2670 2686 2741 2742 ad
2770 2662 2919 2741 illam
2948 2686 3014 2741 de
3038 2662 3287 2755 qualibet
3314 2678 3507 2737 mundi.
3526 2682 3655 2746 parte
3670 2662 3850 2739 appellat

2365 2783 2496 2837 dum
2508 2791 2617 2848 est;
2640 2782 2707 2836 ab
2726 2782 2811 2835 illa
2830 2789 3009 2835 autem
3032 2794 3201 2834 nemo
3229 2778 3302 2833 sit
3316 2773 3574 2847 appellare
3592 2761 3847 2856 pel-missust

2365 2875 2474 2931 Sed
2504 2891 2604 2930 nec
2633 2875 2719 2929 illa
2746 2873 3107 2946 praeterimus,
3160 2869 3315 2943 quod
3343 2862 3618 2938 apostolica
3641 2852 3761 2912 sedes
3778 2852 3852 2946 sine

2358 2969 2467 3024 ulla
2514 2968 2723 3042 synodo
2754 2967 3113 3039 prwcedente,
3172 2959 3492 3020 exsolvendi
3531 2967 3650 3026 quos
3686 2940 3853 3042 synodi“

2356 3061 2538 3134 iniqua
2586 3061 2965 3127 damnaverat,
3012 3066 3069 3113 et
3135 3053 3460 3118 damnandi,
3494 3047 3627 3105 nulla
3667 3037 3853 3134 existente

2354 3126 2589 3227 synodo,
2622 3169 2762 3226 quos
2787 3152 3048 3224 oportuit,
3077 3149 3339 3206 habuerit
3368 3145 3676 3203 facultatem.
3714 3133 3767 3227 liii
3791 3126 3857 3179 hoc

2352 3224 2610 3302 nimirum
2642 3224 2747 3318 pro
2789 3263 2889 3301 suo
2938 3244 3285 3317 principatu;
3330 3254 3492 3313 quem
3538 3235 3701 3290 beatus
3724 3224 3859 3318 Petrus

2352 3341 2630 3413 aposmlus
2650 3316 2887 3395 vDomini
2930 3316 3061 3393 voce
3084 3338 3322 3407 (Matth.
3358 3348 3501 3398 xvr;
3526 3331 3655 3383 Ioan.
3682 3321 3810 3381 mil
3827 3316 3859 3361 (⁵⁸

2352 3434 2526 3489 tenuit
2550 3449 2787 3505 semper,
2814 3441 2869 3488 ct
2894 3430 3167 3487 retinebit.

2423 3527 2603 3597 Hujus
2642 3543 2770 3597 ergo
2808 3525 3066 3597 privilegii
3098 3524 3439 3580 auctoritate
3472 3505 3754 3573 sanctissimi
3788 3498 3856 3552 Βο·

2352 3637 2529 3677 mante
2566 3621 2712 3676 sedis
2747 3618 2986 3691 episcopi
3030 3615 3433 3691 absquekomni
3468 3605 3655 3683 synodo
3679 3599 3858 3695 damn“?

2349 3722 2751 3770 consueverunt
2791 3728 3027 3784 quorum
3075 3710 3516 3771 contumaciam,
3554 3718 3611 3756 ex
3651 3685 3858 3788 cujllsllllt’i

2349 3807 2687 3863 indubitabili
2714 3777 2998 3872 relatione,
3026 3810 3433 3876 cognoverunt.
3468 3801 3581 3855 Hoc
3604 3790 3753 3860 utique
3767 3777 3860 3876 illius

2349 3902 2633 3977 scientiam
2663 3917 2773 3955 non
2818 3897 3178 3969 subterfugit,
3227 3897 3542 3971 quicunque
3569 3869 3859 3977 Ῑῖθέθξξξξω

2350 3974 2601 4067 ϐιέςοτίἱ
2647 4002 2703 4049 et
2739 3992 2945 4065 reliqua
2997 3966 3097 4048 ss:
3145 3966 3387 4047 Patrum
3436 3987 3652 4044 decreta,
3692 3966 3861 4070 άίιίξξευίξ

2349 4088 2780 4143 consideratione
2826 4085 3179 4157 percurrerit.
3230 4086 3351 4148 Sic,
3395 4082 3627 4152 inquam,
3668 4066 3866 4163 Μέίξίηξᾳῗ

2347 4180 2697 4237 Salonitanus
2727 4179 3059 4252 episc0patui
3086 4185 3543 4250 praesnmptuose
3568 4156 3869 4224 inthronizatus

2348 4290 2378 4329 a
2402 4277 2462 4329 B.
2493 4274 2761 4346 Gregorio
2782 4275 2985 4344 absque
3005 4272 3159 4327 omni
3187 4271 3434 4344 synodo,
3458 4282 3556 4339 pro
3584 4263 3667 4316 hac
3680 4254 3871 4346 9'85"?

2350 4367 2535 4437 ptione
2576 4367 2873 4423 missarum
2935 4365 3322 4421 celebratione
3366 4363 3615 4435 privatur.
3672 4331 3868 4433 Quem

2349 4459 2650 4529 Gregorius
2678 4461 2803 4529 (lib.
2838 4476 2890 4527 v,
2941 4476 3024 4529 ep.
3055 4465 3084 4512 3
3108 4464 3161 4513 et
3194 4464 3304 4524 25)
3351 4472 3466 4512 non
3504 4463 3611 4508 tam
3639 4457 3720 4515 pro
3754 4442 3875 4489 manl‘

2271 4572 2323 4636 D
2351 4550 2501 4606 festis
2530 4568 2695 4623 quam
2738 4569 2836 4622 pro
2878 4552 3062 4608 dubiis
3088 4551 3435 4606 criminibus
3465 4545 3533 4603 ad
3580 4556 3634 4597 se
3659 4535 3871 4636 vocantilli:

2348 4643 2621 4712 videlicet,
2651 4661 2813 4716 quem
2854 4644 3175 4701 Simoniaco
3225 4640 3544 4705 schismati,
3584 4634 3684 4689 sive
3708 4620 3877 4716 multm

2347 4736 2450 4792 bus
2474 4739 2694 4793 mistum
2723 4737 2909 4806 fuisse,
2942 4753 3052 4792 non
3078 4752 3183 4807 pro
3218 4745 3380 4792 certo
3406 4732 3578 4793 novit,
3606 4721 3690 4781 sed
3711 4712 3873 4807 infatua-

2349 4837 2466 4887 tum
2492 4831 2719 4888 audivit.
2752 4832 2833 4885 De
2870 4830 3069 4902 quibus
3107 4830 3288 4885 etiam
3313 4824 3634 4885 criminibus
3661 4804 3876 4908 idem“?

2345 4924 2524 4980 ximus
2553 4925 2731 4997 (Item,
2761 4924 2850 4979 lib.
2884 4940 2984 4989 vn,
3017 4922 3178 4994 epist.
3216 4928 3321 4988 83)
3349 4937 3411 4978 se
3444 4908 3762 4992 postmodum
3778 4906 3875 4971 Jun"

2346 5027 2534 5074 mento
2579 5017 2914 5089 expurgavit.
2966 5016 3019 5071 Si
3062 5017 3215 5071 enim
3251 5032 3387 5072 cum
3434 5023 3551 5069 tam
3584 4997 3877 5063 indubitxmier
3940 5004 3941 5073 ξ

2341 5113 2715 5187 Simoniacum
2744 5112 2850 5166 sive
2880 5109 3277 5177 fornicarium,
3312 5119 3377 5166 ut
3419 5095 3871 5187 prazsuum°§m'
3940 5092 3941 5097 ‘

2342 5213 2546 5271 nosset,
2602 5205 2805 5277 absque
2856 5205 3005 5259 omni
3053 5204 3387 5273 vocatione,
3434 5203 3546 5257 sive
3592 5184 3875 5277 discussionev
3940 5232 3941 5247 χ

2332 5297 2488 5369 juxta
2520 5274 2841 5369 praedictum
2869 5296 3191 5370 apostolicae
3225 5297 3379 5353 sedis
3422 5287 3744 5369 privilegium
3767 5274 3869 5331 dam'
3940 5310 3941 5371 ξ

2338 5406 2467 5446 nare
2492 5391 2649 5446 illum
2689 5400 2889 5463 posset.
3794 5462 3803 5472 ,
3843 5453 3851 5462 .

2408 5487 2666 5552 Praetera,
2710 5485 2753 5540 si
2801 5485 3032 5550 nullum,
3080 5483 3216 5539 licet
3246 5484 3304 5538 in
3348 5482 3588 5539 crimine
3636 5470 3873 5542 vulgaﬁi“
3940 5484 3941 5552 1

2335 5592 2513 5643 mum.
2541 5578 2643 5633 nisi
2680 5586 2803 5651 post
2830 5578 3154 5651 synodicam
3191 5577 3558 5633 vocationem
3592 5554 3877 5651 judicandtlm

2334 5668 2451 5726 fore
2475 5687 2788 5741 censemus,
2818 5672 3051 5727 multum
3074 5671 3479 5727 ecclesiasticae
3508 5651 3794 5723 correctioni

2330 5779 2610 5837 rogamus,
2646 5766 2871 5821 nimiam
2899 5762 3329 5821 multitudinem
3371 5764 3713 5821 Carrinarum
3759 5739 3881 5817 [Ῑοτίί

2330 5857 2429 5928 leg.
2462 5856 2770 5931 causarum]
2791 5856 2860 5914 ad
2880 5855 3160 5931 synodum
3184 5856 3529 5913 differemus
3555 5873 3573 5908 :
3596 5852 3705 5906 lmo
3728 5842 3878 5897 hac“
3940 5842 3941 5911 1

2285 1826 2332 1887 Β

3939 482 3941 515 1

3940 528 3941 575 1

3940 600 3941 621 l

3940 636 3941 671 1

3940 690 3941 715 1

3940 746 3941 773 1

3940 894 3941 937 1
