4062 6182
170 244 175 251 ⁵
267 232 404 286 1169

1173 232 1458 309 APPEND.
1500 232 1588 288 Ill.
1629 262 1698 274 —-
1735 232 2149 290 MONUMENTA
2188 234 2648 293 GREGORIANA.

3420 250 3555 302 1170

259 354 475 411 casione
502 353 767 425 plurimas
805 353 1154 426 negligendas
1197 354 1309 410 fore
1342 372 1452 410 non
1511 355 1849 413 dubitamus.
1884 366 1936 427 Α
1955 358 2115 429 juxta
2149 375 2305 430 posse
2334 361 2820 429 eorum,eamdem
2847 380 2942 435 per
2964 367 3172 437 legatos
3194 384 3324 425 suos
3344 368 3553 426 distur-

260 448 369 505 Sed
419 447 783 504 Ecclesiarum
812 446 1151 503 consuetudo
1201 447 1306 503 hoc
1357 447 1591 503 obtinuit
1630 458 1695 503 ut
1742 465 1853 505 non

258 542 442 597 solum
472 541 779 613 episcopus,
825 540 921 596 sed
977 540 1145 595 etiam
1191 558 1333 597 unus
1378 543 1527 598 solus
1576 542 1859 614 presbyter

258 634 541 691 subditum
570 650 731 689 suum
753 633 1051 691 manifesto
1082 635 1318 690 crimine
1339 635 1660 707 obligatum,
1694 650 1856 691 cano-

257 728 384 785 nico
424 728 635 799 judicio
659 728 927 797 subjicere
953 728 1147 796 valeat,
1178 745 1280 783 nec
1318 746 1470 797 eum,
1498 730 1600 785 nisi
1628 729 1741 799 ejus
1759 729 1852 801 ju-

256 822 406 879 dicio
433 821 747 878 iuobediens
771 821 1064 890 exstiterit,
1106 821 1175 879 ad
1194 822 1465 895 synodum
1490 824 1676 878 venire
1701 838 1855 877 com-

256 916 429 987 pellit.

326 1013 442 1065 Nec
467 1009 639 1065 otiose
667 1007 1134 1065 considerandum
1174 1009 1322 1080 quod
1372 1012 1429 1066 S.
1480 1012 1665 1066 Patres
1723 1011 1852 1067 abs-

254 1119 363 1175 que
389 1102 542 1158 omni
575 1103 786 1174 synodo
822 1102 992 1157 etiam
1024 1101 1093 1157 de
1139 1101 1324 1157 dubiis
1367 1103 1683 1159 criminibus
1704 1104 1852 1175 judi-

251 1213 381 1252 care
411 1195 677 1262 solebant,
712 1212 825 1250 non
844 1195 1066 1267 quidem
1096 1195 1339 1263 deﬁnite,
1373 1196 1466 1251 sed
1493 1195 1595 1250 sub
1615 1197 1852 1268 quadam

241 1290 539 1361 judiciaria
581 1288 909 1344 conditione.
944 1289 1095 1343 Uude
1127 1291 1181 1345 S.
1231 1290 1529 1360 Gregorius
1571 1289 1848 1346 Andream

248 1382 609 1442 Tarentinum
630 1382 970 1453 episcopum,
1003 1398 1101 1453 pro
1126 1382 1362 1453 quadam
1397 1382 1701 1438 concubina
1726 1392 1851 1454 post

252 1475 661 1533 ordinationem
686 1468 844 1530 suam
889 1473 1240 1544 infamatum,
1286 1475 1359 1530 ita
1382 1475 1648 1547 judicavit
1676 1486 1739 1531 ut
1760 1493 1847 1531 sa-

248 1570 530 1626 cerdotale
558 1566 805 1624 ofﬁcium
838 1569 1053 1639 penitus
1082 1568 1414 1639 deponeret;
1460 1569 1505 1623 si
1549 1585 1675 1625 eum
1717 1586 1848 1625 con-

250 1664 483 1721 scientia
526 1678 626 1718 sua
680 1661 749 1718 de
787 1662 939 1716 illato
1012 1661 1241 1718 crimine
1303 1662 1628 1733 culpabilem
1698 1678 1845 1717 asse-

248 1766 419 1813 reret.

321 1851 426 1908 Sed
450 1851 568 1924 jam
595 1849 662 1905 ad
708 1865 930 1906 causam
993 1859 1242 1905 nostram
1299 1849 1609 1918 veniamus,
1676 1866 1844 1922 quam

244 1944 439 2009 etiam,
483 1951 542 1998 ut
566 1942 869 1998 evidentior
888 1941 1004 2006 ﬁat,
1040 1943 1277 1997 breviter
1302 1951 1358 1997 et
1387 1941 1623 1998 fideliter
1652 1943 1843 1999 litteris

245 2036 635 2091 commendare
689 2053 802 2091 non
851 2037 1055 2107 pigeat,
1112 2044 1176 2091 ut
1208 2051 1274 2089 ex
1318 2035 1556 2091 ﬁdelium
1606 2036 1843 2092 virorum

242 2130 548 2185 certissima
578 2130 839 2185 relatione
866 2128 1179 2197 didicimus,
1219 2145 1459 2200 quorum
1486 2130 1620 2184 alios
1644 2144 1841 2201 corpo-

244 2239 310 2279 re
344 2222 588 2295 quidem,
621 2238 731 2277 non
759 2223 967 2289 animo,
999 2222 1397 2278 Wormatiensi
1426 2223 1835 2293 conspirationi,

243 2317 387 2373 alios
421 2332 545 2371 vero
574 2319 843 2371 Romana:
869 2316 1080 2387 synodo
1112 2314 1255 2370 hanc
1283 2315 1534 2372 eamdem
1557 2316 1836 2371 damnanti

245 2410 436 2482 procul
461 2409 632 2464 dubio
658 2407 970 2464 interfuisse
1014 2408 1393 2479 cognovimus.
1444 2413 1624 2474 (1048)
1671 2416 1835 2465 Anno

246 2504 415 2575 igitur
448 2502 752 2558 Dominicze
778 2501 1180 2557 Incaruatiouis
1208 2508 1364 2568 1076,
1396 2503 1661 2574 Gregorio
1700 2519 1835 2573 papa

242 2600 352 2653 V11
386 2597 442 2650 in
467 2595 763 2667 apostolica
784 2594 913 2650 sede
937 2597 1263 2661 constituto,
1287 2610 1415 2649 cum
1442 2594 1714 2650 Henricus
1742 2612 1836 2649 rex

235 2691 358 2762 jam
388 2704 482 2761 per
506 2698 619 2745 tres
641 2703 815 2745 annos
838 2704 936 2759 pro
958 2688 1069 2745 suis
1090 2687 1329 2743 reatibus
1358 2688 1429 2743 ad
1461 2688 1838 2759 paenitentiam

241 2784 527 2839 multoties
564 2784 632 2839 ab
679 2782 976 2856 apostolica
1044 2782 1171 2837 sede
1230 2790 1456 2837 vocatus
1524 2782 1837 2852 resipiscere

241 2864 447 2947 nollet;
494 2892 729 2947 cumque
757 2891 816 2931 se
844 2876 899 2930 in
931 2876 1176 2946 proxima
1205 2878 1462 2931 Romana
1505 2873 1719 2948 synodo
1745 2891 1836 2930 ex-

241 2969 772 3026 communicandum
824 2968 939 3024 fore
978 2978 1365 3039 praenosceret,
1396 2968 1501 3022 tale
1548 2967 1836 3024 consilium

1965 442 2243 520 baverant,
2274 462 2329 508 et
2350 456 2709 525 apostolicum
2753 459 3066 528 praesulem,
3098 461 3153 514 in
3182 464 3430 518 Romana
3463 480 3557 535 sy-

1963 546 2110 601 nodo
2138 548 2368 618 turpiter
2393 547 2857 620 blasphemantes,
2906 569 3035 608 eum
3064 570 3177 609 non
3214 553 3547 626 confessum,

1963 655 2063 695 nec
2104 640 2330 710 alicujus
2353 641 2602 698 criminis
2629 646 2941 701 convictum
2970 649 3036 703 ab
3077 650 3379 719 apostolica
3401 652 3552 720 sede,

1961 741 2023 786 ut
2066 733 2387 788 vilissimum
2453 736 2825 808 mancipium,
2857 740 3136 810 jusserant
3201 742 3549 800 descendere.

1962 827 2230 881 Praeterea
2273 843 2339 882 ex
2370 839 2641 899 prascepto
2678 830 2919 900 praefacti
2964 835 3184 889 Henrici
3212 837 3553 893 Francorum

1958 920 2126 989 regis,
2159 936 2269 974 non
2296 922 2485 992 utique
2508 924 2747 977 Romani
2778 924 2909 996 imp.
2936 937 3147 983 cunctae
3179 932 3445 985 Romana:
3469 947 3554 1000 sy-

1962 1013 2109 1069 nodo
2133 1016 2529 1071 contumaciter
2552 1016 2961 1086 interdixerant,
2990 1036 3059 1075 ne
3087 1022 3293 1079 domno
3336 1035 3554 1096 aposto-

1961 1106 2064 1163 lico
2098 1108 2298 1179 pastori
2315 1125 2414 1164 suo
2436 1109 2705 1165 ullatenus
2727 1112 3027 1178 obedirent,
3052 1115 3274 1184 pastori,
3301 1117 3552 1189 inquam,

1961 1217 2083 1267 suo,
2123 1202 2213 1257 cui
2248 1211 2471 1258 eatenus
2500 1202 2804 1270 obedireut,
2831 1221 2998 1276 quem
3028 1216 3249 1263 eatenus
3279 1225 3377 1279 pro
3429 1212 3556 1282 legi-

1955 1296 2095 1351 timo
2137 1305 2378 1367 pastore,
2406 1305 2465 1351 ut
2493 1297 2752 1352 canonice
2803 1298 3138 1367 ordinatum,
3191 1309 3250 1355 ut
3291 1304 3553 1359 canonice

1959 1389 2018 1443 in
2058 1389 2250 1444 ordine
2305 1406 2405 1444 suo
2439 1399 2823 1445 conversatum
2876 1390 3209 1460 habuerant;
3254 1394 3342 1450 cui
3383 1395 3551 1452 etiam

1957 1482 2252 1553 praedictus
2297 1499 2395 1537 rex
2439 1482 2681 1538 debitam
2726 1484 3090 1541 obedientiam
3151 1487 3372 1558 speciali
3421 1503 3554 1560 pro-

1957 1575 2222 1631 missione
2264 1574 2577 1644 devoverat,
2634 1593 2801 1648 quem
2857 1578 3202 1635 diversorum
3254 1597 3550 1652 regnorum

1957 1668 2218 1739 praesules
2263 1678 2317 1724 et
2364 1669 2642 1741 principes
2708 1687 2805 1741 pro
2874 1672 2930 1725 S.
2985 1672 3131 1727 Petri
3195 1674 3397 1730 vicario
3445 1675 3546 1731 ho-

1872 1738 1919 1800 B
1950 1772 2299 1818 noraverant.

2019 1859 2179 1910 Hunc
2205 1854 2370 1928 igitur
2392 1872 2504 1912 non
2538 1856 2880 1925 confessum,
2914 1875 3023 1914 non
3054 1863 3387 1926 convictum,
3433 1861 3545 1918 imo

1948 1964 2069 2014 nec,
2103 1950 2146 2003 si
2191 1963 2316 2004 reus
2343 1958 2504 2016 esset,
2537 1950 2632 2017 ita,
2662 1953 2740 2006 vel
2782 1951 2849 2007 ad
2880 1951 3200 2025 hujusmodi
3223 1954 3549 2012 convincen-

1949 2042 2103 2108 dum,
2137 2042 2378 2112 przndicti
2428 2044 2832 2114 conspiratores
2857 2060 2954 2115 per
2978 2047 3186 2117 legatos
3208 2063 3338 2102 suos
3356 2047 3547 2120 degra-

1947 2133 2080 2188 dare
2105 2134 2393 2189 volebant:
2424 2150 2533 2205 qua
2562 2135 2890 2203 temeritate,
2916 2138 3031 2192 imo
3055 2154 3168 2209 quo
3191 2139 3546 2195 vesanissimo

1945 2224 2130 2306 furore
2160 2243 2262 2283 nec
2289 2235 2596 2299 cauponem
2625 2244 2789 2283 suum
2812 2229 3037 2299 quilibet
3072 2230 3371 2287 destituere
3421 2248 3542 2303 per-

1946 2320 2212 2376 mitteret.
2241 2322 2403 2389 Nam,
2436 2328 2499 2375 ut
2530 2323 2593 2376 B.
2618 2322 2971 2377 Marcellinus
3002 2338 3138 2393 papa
3173 2324 3432 2379 omnibus
3454 2341 3545 2380 or-

1944 2412 2200 2468 thodoxis
2236 2414 2511 2481 scribens,
2542 2414 2720 2486 capite
2766 2423 2853 2483 11,
2887 2423 3120 2471 testatur
3151 2435 3163 2470 :
3214 2439 3239 2463 α
3290 2418 3544 2489 Episcopi

1946 2506 2191 2576 pontiﬁci
2239 2523 2269 2560 a
2320 2523 2429 2578 quo
2475 2508 2774 2562 consecrati
2815 2508 3118 2578 probantur
3165 2510 3545 2581 prmjudicium

1945 2598 2146 2655 inferre
2168 2599 2380 2654 nullum
2404 2608 2655 2670 possunt.
2681 2623 2705 2648 ν
2740 2602 2905 2667 Item,
2938 2602 3000 2654 B.
3028 2602 3326 2658 Anacletus
3355 2620 3490 2675 papa
3512 2621 3541 2659 a

1946 2695 2008 2747 B.
2036 2695 2198 2747 Petro
2220 2691 2500 2763 presbyter
2517 2690 2803 2747 ordinatus
2829 2696 3026 2761 (epist).
3060 2700 3112 2756 3)
3142 2713 3154 2748 :
3192 2718 3217 2741 σι
3242 2697 3540 2763 Sententia,

1948 2786 2147 2855 inquit,
2178 2799 2398 2855 quoque
2435 2784 2611 2839 Cham
2641 2783 2731 2839 ﬁlii
2763 2787 2877 2838 Noe
2916 2785 3255 2841 damnantur
3283 2788 3373 2857 qui
3410 2804 3539 2843 suo-

1945 2894 2071 2934 rum
2100 2877 2395 2933 doctorum
2433 2877 2517 2931 vel
2551 2876 2973 2948 praepositorum
3005 2878 3228 2948 culpam
3276 2878 3538 2949 produnt,

1945 2987 2047 3027 ceu
2067 2970 2242 3027 Cham
2270 2969 2361 3042 qui
2391 2970 2564 3040 patris
2592 2969 2843 3040 pudenda
2873 2985 2987 3024 non
3017 2971 3252 3042 Operuit,
3281 2972 3375 3028 scd
3394 2973 3536 3028 deri-
3566 3038 3575 3043 _

240 3081 271 3119 a
303 3063 649 3129 Simoniacis,
678 3063 787 3118 sive
808 3061 1296 3117 excommunicatis
1322 3060 1526 3131 accepit
1564 3069 1624 3115 ut
1646 3077 1837 3116 omnes
1874 3085 1919 3149 ρ
1945 3064 2122 3119 denda
2148 3063 2473 3119 monstravit
2491 3062 2642 3129 (Gen.
2672 3068 2771 3129 ιχ).
2805 3065 3012 3119 Doctor
3037 3073 3221 3119 autem
3253 3064 3333 3120 vel
3352 3075 3540 3136 pastor

239 3156 351 3213 sibi
384 3156 659 3227 subjectos
702 3156 772 3210 ab
816 3155 1121 3227 apostolico
1150 3155 1381 3225 praesule
1401 3164 1710 3225 separaret,
1730 3154 1833 3222 sic,

242 3249 399 3323 quod
448 3256 695 3304 sanctam
746 3251 1053 3305 Romanam
1097 3247 1371 3319 synodum
1426 3246 1833 3315 deauctoraret,

240 3352 382 3399 tunc
405 3343 462 3398 in
490 3343 663 3413 prima
693 3341 1167 3414 Quadragesimali
1190 3340 1539 3398 hebdomada
1563 3340 1832 3410 futuram,

238 3445 300 3492 et
329 3437 483 3491 illum
524 3451 650 3491 cum
679 3436 791 3491 suis
818 3434 1175 3505 complicibus
1206 3434 1832 3490 excommunicaturam.

237 3537 483 3601 Accepto
511 3529 673 3602 igitur
700 3529 959 3597 consilio,
989 3536 1113 3583 ante
1154 3525 1408 3583 eamdem
1448 3526 1740 3598 synodum,
1780 3528 1833 3581 in

186 3630 197 3639 ‘
236 3625 709 3696 septuagesimam
740 3623 989 3696 generale
1019 3621 1354 3694 colloquium
1397 3620 1546 3693 apud
1570 3622 1831 3677 Worma-

233 3719 373 3772 tiam
391 3716 655 3785 condixit,
687 3732 816 3787 quo,
842 3724 1038 3787 printer
1066 3716 1215 3788 regni
1234 3715 1314 3769 sui
1341 3714 1613 3785 principes
1642 3731 1834 3786 quam-

237 3812 425 3883 plures
453 3811 739 3882 episcopos
774 3818 828 3865 et
852 3811 1088 3880 reliquos
1128 3823 1256 3863 suos
1296 3807 1480 3863 ﬁdeles
1526 3807 1607 3862 vel
1654 3808 1832 3879 potius

234 3903 509 3971 inﬁdeles,
542 3903 911 3975 congregavit.
962 3901 1068 3972 Qui
1114 3917 1248 3973 pene
1279 3915 1474 3957 omnes
1504 3909 1601 3955 aut
1645 3901 1831 3955 Simo-

232 3998 403 4065 niaci,
430 4008 528 4053 aut
564 3995 1038 4062 excommunicati,
1070 4003 1165 4050 aut
1202 4009 1396 4049 eorum
1425 3994 1718 4064 complices
1754 3994 1834 4048 in-

229 4089 446 4148 dividui
501 4106 560 4145 se
611 4089 848 4145 Romani
897 4087 1171 4159 pontiﬁcis
1212 4102 1504 4141 censuram
1556 4086 1833 4142 subituros

230 4201 354 4241 non
396 4183 739 4250 dubitabant,
788 4182 833 4237 si
870 4197 967 4237 rex
1005 4179 1332 4251 resipiscens
1359 4178 1674 4250 apostolicae
1714 4177 1830 4234 sedi

229 4276 506 4349 obediret,
537 4276 697 4348 eique
718 4276 775 4329 in
802 4273 1182 4331 ecclesiasticis
1209 4272 1440 4345 negotiis
1467 4271 1709 4327 debitum
1732 4271 1832 4326 ad-

220 4370 502 4445 jutorium
544 4367 863 4439 impendere
889 4368 1065 4423 vellet.
1096 4367 1442 4436 Quapropter
1488 4380 1555 4419 ex
1584 4364 1729 4436 regis
1755 4365 1829 4419 in-

1950 3157 2226 3223 Ecclesias,
2272 3157 2385 3212 sia
2438 3155 2545 3211 ﬁde
2595 3156 3005 3224 exorbitaverit,
3054 3157 3161 3211 erit
3214 3173 3245 3212 a
3290 3158 3537 3214 ﬁdelibus

1942 3250 2331 3321 corrigendus;
2388 3249 2483 3305 sed
2525 3266 2624 3320 pro
2675 3249 2920 3319 reprobis
2958 3249 3209 3306 moribus
3258 3250 3431 3322 magis
3455 3260 3540 3307 est

1943 3342 2259 3398 tolerandus
2303 3357 2471 3413 quam
2540 3342 2972 3414 distringendus.
3046 3365 3071 3390 ι
3131 3346 3269 3399 Item
3318 3352 3538 3400 sanctus

1940 3435 2253 3491 Alexander
2279 3451 2447 3506 papa;
2478 3435 2692 3505 itemVS.
2727 3436 2911 3490 Sixtus
2930 3435 3129 3507 praesul
3169 3437 3532 3507 apostolicus;

1942 3530 2035 3601 qui
2082 3544 2284 3584 omnes
2332 3527 2472 3582 mori
2519 3528 2688 3598 magis
2730 3544 2896 3600 quam
2943 3529 3162 3584 mentiri
3224 3529 3532 3586 voluerunt.

1941 3624 2008 3688 li,
2049 3622 2296 3693 inquam,
2339 3620 2533 3692 singuli
2563 3619 2755 3676 eadem
2783 3622 3107 3677 auctoritate
3146 3621 3395 3694 praecipui
3425 3624 3536 3678 eis-

1939 3715 2066 3770 dem
2097 3730 2230 3785 pene
2260 3713 2436 3769 verbis
2480 3721 2797 3770 statuerunt
2837 3731 2851 3768 :
2908 3737 2934 3761 α
2983 3714 3038 3769 Si
3094 3715 3209 3786 qui,
3259 3715 3535 3786 inquiunt,

1937 3808 2200 3864 adversus
2229 3806 2515 3878 episcopos
2545 3814 2771 3863 causam
2820 3808 3134 3873 habuerint,
3169 3809 3320 3880 prius
3344 3809 3412 3865 ad
3440 3825 3536 3865 eos

1937 3909 2242 3968 recurrant,
2273 3900 2557 3956 charitatis
2586 3899 2794 3967 studio,
2846 3910 2905 3955 ut
2946 3899 3212 3956 familiari
3254 3901 3533 3972 colloquio

1940 3993 2269 4050 commoniti
2295 4009 2358 4049 ea
2385 4002 2585 4048 sanant
2613 4009 2737 4065 quae
2772 3994 3010 4049 sananda
3060 4002 3208 4050 sunt.
3240 3995 3299 4050 Si
3346 4009 3531 4050 autem

1940 4087 2107 4159 aliqui
2152 4102 2264 4146 eos,
2311 4086 2636 4158 priusquam
2678 4087 2795 4142 haec
2824 4088 3058 4159 egerint,
3087 4088 3347 4155 lacerare,
3382 4104 3537 4144 accu-

1940 4196 2080 4249 sare,
2158 4179 2409 4236 infestare
2506 4181 2973 4250 praesumpserint,
3045 4182 3530 4236 excommunicen-

1941 4281 2052 4328 tur.
2088 4295 2114 4320 ι»

2010 4368 2126 4420 llas
2169 4364 2335 4436 igitur
2385 4372 2442 4419 et
2476 4363 2792 4436 hujusmodi
2831 4364 3266 4421 innumerabiles
3306 4368 3403 4422 SS.
3439 4369 3532 4423 Pa-

231 4463 491 4531 solentia,
521 4461 804 4518 occasione
848 4469 1072 4533 accepta
1103 4460 1219 4531 regi
1246 4475 1359 4515 non
1396 4468 1514 4514 tam
1537 4474 1829 4514 consense-
1860 4455 1910 4517 D
1938 4467 2085 4513 trum
2118 4457 2414 4513 sententias
2441 4457 2485 4513 si
2524 4457 2602 4512 illi
2648 4456 2822 4512 nostri
2860 4457 3263 4527 conspiratores
3295 4458 3530 4515 ﬁdeliter

228 4565 367 4612 runt
405 4570 569 4626 quam
616 4562 1003 4626 persuaserunt
1050 4561 1109 4607 ut
1174 4553 1382 4607 litteras
1422 4551 1832 4623 proscriptorias

232 4648 492 4705 omnium
522 4663 716 4704 eorum
743 4645 1020 4711 manibus,
1050 4661 1144 4716 per
1168 4644 1629 4714 subscriptionem
1661 4646 1828 4700 robo-

232 4751 391 4798 ratas
421 4740 493 4797 ad
527 4741 890 4813 apostolicam
918 4739 1106 4795 sedem
1149 4737 1582 4803 transmitteret;
1613 4738 1831 4807 quibus,

231 4836 397 4909 quasi
432 4836 745 4907 proscripto
789 4836 1057 4889 Romanae
1108 4832 1254 4888 sedis
1276 4830 1553 4902 episcopo,
1591 4831 1834 4901 synodus

233 4934 500 4986 Romana
540 4944 727 4999 regem
755 4914 1301 4983 excommunicat'ura
1325 4922 1683 4978 nihilominus
1712 4939 1834 4979 ces-

231 5033 474 5089 saretur,
519 5023 708 5095 sicque
752 5022 855 5093 ipsi
905 5036 1034 5075 cum
1084 5036 1213 5089 rege
1238 5018 1307 5074 ab
1345 5017 1661 5090 apostolicae
1691 5017 1835 5073 sedis

230 5131 468 5173 censura
488 5116 874 5171 liberarentur.
909 5117 971 5168 ln
1000 5111 1276 5187 praedictis
1306 5127 1437 5166 sane
1468 5110 1687 5177 litteris,
1714 5120 1836 5182 post

231 5211 443 5267 multas
484 5207 721 5265 Romani
769 5206 1042 5279 pontiﬁcis
1069 5204 1461 5277 blasphemias,
1490 5204 1595 5261 hoc
1634 5204 1835 5277 singuli

230 5318 335 5358 sua
375 5302 779 5372 subscriptione
820 5299 1282 5355 conﬁrmaverant
1335 5306 1396 5353 ut
1428 5298 1637 5353 nollent
1677 5297 1836 5354 dein-

231 5408 369 5465 ceps
395 5391 711 5464 hujusmodi
740 5390 1041 5448 criminose
1067 5390 1312 5460 subesse,
1330 5391 1414 5446 vel
1431 5391 1675 5462 aliquam
1699 5391 1834 5447 obe-

232 5486 505 5544 dientiam
528 5486 803 5543 exhibere.

312 5579 418 5635 Bis
459 5594 590 5652 ergo
625 5578 823 5635 litteris
856 5578 915 5633 in
957 5581 1267 5634 Romanam
1300 5577 1575 5650 synodum
1625 5578 1839 5647 delatis,

1939 4551 2319 4623 inspexissent,
2344 4551 2656 4606 nullatenus
2682 4565 2867 4617 suum,
2898 4557 2957 4604 ut
2992 4559 3122 4620 puta
3162 4551 3352 4621 primas
3387 4552 3533 4608 sedis

1941 4646 2283 4717 episcopum,
2313 4653 2428 4700 tam
2469 4644 2747 4715 repentina
2802 4644 3215 4713 vituperatione,
3254 4658 3367 4699 non
3404 4652 3538 4700 con-

1945 4750 2188 4808 ventum,
2230 4756 2344 4795 non
2372 4738 2684 4794 confessum
2723 4737 3129 4806 exsulﬁassent;
3170 4755 3269 4794 nec
3310 4755 3368 4795 se
3391 4740 3540 4810 ipsos

1943 4850 2043 4905 pro
2065 4842 2177 4888 tam
2204 4833 2499 4887 temerario
2519 4848 2654 4886 ausu
2681 4833 2783 4888 sub
2819 4832 3123 4903 perniciosa
3165 4833 3539 4888 excommuni-

1943 4926 2159 4982 catioue
2179 4925 2541 4981 enecuissent.
2563 4926 2795 4997 Nempe,
2818 4926 2863 4981 si
2882 4926 3170 4998 culpabilis
3193 4934 3357 4992 esset,
3388 4941 3537 4997 pere-

1945 5021 2226 5092 grinorum
2246 5027 2430 5074 tamen
2452 5019 2838 5090 episcoporum
2858 5019 3093 5091 judicio,
3110 5019 3259 5091 iuxta
3279 5034 3538 5087 canones,

1946 5130 2046 5169 nec
2075 5111 2445 5169 discutiendus
2474 5120 2639 5178 esset,
2665 5112 2870 5168 nedum
2900 5122 3102 5169 temere
3143 5112 3535 5184 deponendus;

1945 5207 2044 5263 sed
2077 5207 2257 5279 potius
2303 5206 2360 5261 in
2388 5209 2639 5263 Romana
2663 5205 2871 5277 synodo
2901 5206 3234 5276 audiendus;
3280 5206 3323 5260 si
3352 5214 3537 5261 tamen

1948 5300 2019 5354 de
2052 5300 2233 5356 dubiis
2258 5300 2444 5367 rebus,
2486 5300 2589 5354 nisi
2617 5298 2731 5370 ipse
2781 5302 2940 5355 vellet
2986 5300 3071 5353 vel
3114 5313 3347 5368 usquam
3392 5297 3536 5353 vela

1949 5407 2245 5463 quoquam,
2258 5393 2412 5464 juxta
2437 5407 2695 5461 canones,
2716 5393 2915 5449 discuti
2936 5399 3135 5462 posset.
3160 5391 3438 5461 Scriptum
3457 5400 3541 5447 est

1950 5485 2101 5540 enim
2152 5505 2164 5540 :
2214 5508 2239 5534 ‹‹
2303 5490 2427 5541 Non
2488 5494 2573 5542 est
2621 5486 2923 5556 discipulus
2973 5498 3135 5553 super
3214 5484 3540 5557 magistrum

1954 5580 2173 5651 (Matth.
2204 5582 2287 5649 χ).
2316 5602 2346 5630 ι»
2394 5579 2562 5637 Unde
2590 5580 2647 5634 S.
2674 5578 2947 5649 Sylvester
2974 5576 3326 5633 Nicanorum
3372 5591 3538 5633 cano-

314 5766 492 5836 (1048)
533 5769 665 5836 Lege
700 5766 766 5821 de
803 5765 888 5821 his
914 5766 1278 5828 Berthoidum,
1321 5780 1413 5821 seu
1458 5767 1786 5822 Bernaldum
1815 5770 2056 5823 nostrum
2079 5768 2137 5821 in
2183 5766 2449 5835 Chronico,
2480 5779 2620 5821 anno
2653 5766 2808 5816 1076.
