4062 6182
663 235 790 286 1171

1659 233 1748 286 ΑΒ
1787 232 2010 287 OPERA
2047 209 2106 284 SS.
2147 226 2467 282 GREGORll
2507 222 2943 278 APPENDICES.

3714 230 3806 280 H72

659 373 800 414 num
826 365 1034 420 auctor,
1056 356 1287 429 generali
1313 355 1520 426 synodo
1536 356 1828 426 prmsidens
1847 370 2118 410 consensu
2147 357 2246 407 277
2280 357 2333 418 Α
2367 366 2494 404 nam
2523 346 2794 420 synodum
2819 361 2912 417 per
2931 344 3140 416 legatos
3159 359 3281 399 suos
3299 345 3351 398 in
3375 342 3543 400 eadem
3567 346 3723 417 synodo
3742 365 3808 418 pu-

664 453 1076 520 Episcoporum,
1106 464 1227 518 cap.
1253 454 1305 513 7,
1325 449 1514 503 statuit
1543 449 1762 504 dicens:
1787 473 1811 496 α
1838 451 2013 503 Nemo
2040 446 2244 518 judica-

661 544 743 599 bit
790 544 1022 614 primam
1045 542 1255 608 sedem,
1280 542 1553 612 justitiam
1584 550 1888 614 temperare
1932 541 2244 598 desideran-

661 645 791 691 tem.
826 638 1011 706 Neque
1040 635 1189 689 enim
1223 635 1290 690 ab
1321 639 1590 707 Augusto,
1615 651 1790 706 neque
1812 635 1882 690 ab
1903 635 2050 689 omni
2075 635 2242 701 clero,

659 743 838 800 neque
867 743 897 782 a
917 727 1155 799 regibus,
1177 744 1354 799 neque
1379 746 1406 784 a
1439 730 1640 800 populo
1660 729 1824 800 judex
1845 729 2192 801 judicabitur.
2219 752 2241 775 υ

655 825 795 876 Item
840 821 1201 894 Symmachus
1234 838 1368 893 papa
1399 823 1655 877 onmibus
1684 823 1954 892 episcopis
1978 822 2244 888 scribens,

656 930 775 984 cap.
822 921 875 982 7,
909 915 1145 969 decrevit
1190 915 1374 970 dicens
1405 935 1418 970 :
1451 917 1701 970 Aliorum
1732 915 2018 970 hominum
2057 931 2247 970 causas

656 1011 807 1063 Deus
835 997 1001 1062 voluit
1027 1024 1119 1079 per
1148 1007 1396 1063 homines
1439 1010 1749 1076 terminare,
1771 1025 1927 1064 sacro
1958 1025 2083 1064 vero
2123 1025 2245 1064 san-

657 1109 759 1156 cta:
801 1099 945 1156 sedis
982 1104 1252 1156 Romanae
1295 1104 1626 1171 prazsulum,
1658 1118 1757 1156 suo
1803 1102 1920 1156 sine
1947 1102 2245 1173 quaestione

654 1195 949 1249 reservavit
956 1193 1181 1265 judicio.
1216 1197 1350 1250 Item
1374 1197 1429 1250 S.
1465 1194 1772 1250 Alexander
1796 1211 1953 1266 papa,
1986 1195 2076 1265 qui
2100 1211 2245 1250 mar-

655 1287 798 1358 tyrio
852 1303 949 1342 sua
1005 1288 1339 1343 consecravit
1379 1293 1621 1355 decreta,
1677 1304 1797 1359 cap.
1867 1295 1914 1354 1,
1978 1296 2242 1344 testatur:

661 1403 686 1428 ει
721 1382 842 1435 Non
912 1388 1106 1451 potest,
1164 1381 1364 1452 inquit,
1417 1381 1768 1437 condemnari
1819 1382 2061 1437 humano
2120 1399 2238 1437 exa-

655 1473 805 1528 mine
829 1487 998 1545 quem
1029 1479 1174 1530 Deus
1190 1491 1291 1530 suo
1311 1475 1608 1530 reservavit
1631 1475 1860 1547 judicio.
1895 1497 1924 1526 »

727 1566 831 1622 Sed
861 1576 1111 1637 tempora
1139 1569 1291 1638 prius
1315 1584 1767 1624 consumeremus
1795 1586 1958 1641 quam
1973 1571 2246 1641 exempla,

653 1660 698 1715 si
724 1659 934 1732 singula
951 1659 1268 1734 hujusmodi
1295 1671 1614 1718 sanctorum
1639 1666 1866 1718 Patrum
1891 1671 2090 1719 statuta
2113 1680 2246 1718 enu-

653 1724 864 1808 merare
891 1724 1247 1811 tentaremus.
1281 1756 1492 1828 Quippe
1545 1757 1837 1827 praedictus
1903 1773 2035 1828 papa
2085 1760 2241 1829 Sym-
2279 1724 2326 1786 Β

654 1847 901 1914 machus,
927 1847 1213 1904 catholica:
1232 1849 1353 1904 ﬁdei
1381 1858 1752 1921 propugnator
1771 1849 2095 1916 indefessus,
2123 1869 2247 1907 cum

653 1939 902 2011 plurimis
952 1942 1271 1996 criminibus
1326 1941 1708 2006 infamaretur,
1761 1959 1865 1999 nec
1928 1945 1994 1998 ab
2039 1946 2248 2001 Ariano

654 2051 780 2106 rege
809 2035 1309 2092 Theodorico-tunc
1348 2037 1614 2090 Romanis
1644 2037 1968 2106 imperante,
2021 2047 2135 2092 tam
2165 2047 2244 2094 te-

654 2143 807 2182 mere
847 2128 1227 2196 proscribitur,
1271 2129 1366 2184 sed
1399 2130 1456 2182 in
1489 2129 1699 2199 synodo
1723 2133 2001 2196 Romana,
2037 2147 2149 2186 non
2178 2133 2244 2186 ab

652 2219 778 2287 alio,
827 2219 928 2273 nisi
959 2220 1025 2274 ab
1048 2220 1136 2274 illa
1168 2219 1406 2292 legitime
1433 2224 1842 2293 congreganda,
1871 2223 2248 2280 discutiendus

655 2319 949 2382 exspectat.
996 2313 1247 2383 Synodus
1276 2314 1444 2384 igitur
1470 2317 1668 2370 Romae
1736 2332 1832 2386 per
1863 2317 2247 2374 auctoritatem

651 2405 826 2475 ipsius
847 2415 1172 2477 congregata
1196 2449 1210 2471 ,
1244 2409 1556 2463 nullatenus
1593 2417 1776 2464 tamen
1805 2425 1951 2476 eum,
1983 2409 2107 2466 licet
2145 2412 2248 2468 hoc

651 2499 1080 2568 permittentem,
1153 2509 1338 2555 contra
1391 2501 1604 2556 decreta
1654 2512 1973 2558 sanctorum
2018 2508 2246 2562 Patrum

650 2590 922 2647 discutere
944 2594 1314 2664 praesumpsit,
1349 2595 1443 2649 sed
1470 2603 1644 2649 totam
1672 2595 1787 2667 ejus
1816 2612 2038 2652 causam
2062 2598 2247 2655 divino

645 2683 871 2756 judicio,
903 2695 963 2740 ut
990 2695 1138 2757 gesta
1171 2687 1416 2757 ejusdem
1461 2688 1653 2761 synodi
1699 2697 1986 2758 testantur,
2017 2694 2249 2748 commi-

656 2777 744 2832 sit.
767 2780 878 2833 Nec
903 2778 1006 2834 hoc
1035 2780 1216 2851 utique
1242 2779 1500 2848 dicimus,
1543 2783 1697 2853 quasi
1732 2785 1991 2855 quaelibet
2012 2784 2243 2842 nefanda

649 2871 906 2926 Romano
948 2873 1186 2942 pontiﬁci
1237 2875 1462 2945 impune
1525 2876 1687 2930 licere
1734 2877 2043 2944 credamus,
2087 2881 2240 2950 quasi

648 2978 757 3018 non
781 2973 835 3018 et
873 2965 986 3036 ipse
1009 2966 1082 3020 sit
1107 2967 1474 3038 impetendus,
1499 2970 1544 3022 si
1572 2970 1624 3022 in
1653 2970 1836 3041 aliqua
1863 2971 2053 3027 hzeresi
2077 2972 2241 3028 fuerit

648 3057 973 3126 publicatus,
1019 3060 1111 3115 sed
1138 3068 1328 3116 contra
1355 3061 1478 3117 illos
1524 3062 1740 3133 agimus
1773 3065 1861 3132 qui
1915 3082 2013 3134 pro
2056 3065 2240 3123 dubiis

647 3151 809 3205 rebus
843 3154 1155 3222 apostolica:
1212 3154 1358 3209 sedis
1406 3155 1579 3226 episct-
1593 3172 1727 3227 pum
1771 3165 1980 3212 temere
2025 3159 2236 3230 judica-

650 3254 848 3300 verunt
875 3246 1277 3316 expellendum.

718 3339 842 3408 Ipse
881 3338 1100 3409 quidem
1133 3348 1320 3395 noster
1348 3343 1674 3412 apostolicus
1726 3345 2006 3401 multoties
2060 3346 2165 3401 hoc
2205 3361 2235 3400 a

647 3431 759 3485 suis
788 3430 1198 3488 insidiatoribus
1222 3435 1478 3506 expetivit
1515 3445 1577 3490 ut
1619 3440 1814 3493 Romae
1859 3439 1942 3494 vel
1971 3439 2097 3494 alibi
2127 3456 2237 3510 quo

649 3524 766 3594 ipse
792 3535 978 3595 posset
1008 3527 1192 3582 venire
1219 3529 1274 3581 in
1309 3529 1520 3600 synodo
1545 3532 1924 3599 convenirent,
1955 3542 2009 3588 et
2033 3549 2098 3588 eo
2132 3533 2237 3588 hoc

649 3615 882 3673 libenter
911 3620 1262 3689 concedente,
1294 3622 1699 3677 ordinationem
1730 3625 1847 3695 ejus
1871 3625 1983 3680 sive
2010 3643 2236 3682 conver-

646 3709 939 3774 sationem,
969 3720 1242 3782 utcunque
1262 3715 1477 3780 vellent,
1503 3715 1769 3771 duntaxat
1784 3719 2042 3774 canonice
2058 3719 2236 3776 discu-

645 3810 856 3869 terent;
884 3818 1046 3871 seque
1071 3804 1140 3858 ab
1169 3806 1463 3876 apostolica
1493 3807 1618 3862 sede
1647 3809 1848 3880 absque
1897 3813 2045 3867 omni
2099 3830 2234 3868 con-

647 3894 976 3949 tradictione
1016 3896 1409 3953 descensurum
1441 3901 1716 3968 promisit,
1745 3903 1788 3956 si
1819 3904 1948 3974 quid
1972 3906 2030 3958 in
2060 3922 2126 3960 eo
2151 3888 2230 3961 di-

647 4001 819 4057 gnum
845 3985 1186 4058 depositione
1227 3991 1543 4060 reperirent.
1580 3995 1646 4046 Et
1666 3993 1770 4048 hoc
1805 3997 1992 4067 utique
2031 3997 2134 4052 sibi
2158 3998 2235 4054 fa-

645 4079 746 4133 cile
793 4080 943 4135 credi
974 4080 1169 4151 potuit,
1211 4083 1304 4154 qui
1336 4083 1387 4138 id
1416 4084 1677 4140 culminis
1724 4095 1915 4158 captus
1952 4098 2114 4160 atque
2168 4108 2234 4146 eo

643 4180 794 4226 actus
822 4188 948 4228 cum
986 4190 1188 4246 magno
1217 4176 1423 4246 ejulatu
1466 4178 1738 4246 ascendit;
1779 4181 1865 4236 cui
1891 4198 1989 4237 nec
2017 4183 2239 4252 divitias

643 4281 741 4320 nec
772 4265 1007 4322 honores
1037 4269 1329 4324 saeculares
1367 4271 1418 4324 in
1456 4272 1704 4328 Romano
1739 4274 2058 4344 pontiﬁcatu
2089 4293 2236 4348 quaa-

645 4374 761 4413 rere
781 4375 916 4429 opus
948 4359 1055 4415 fuit
1083 4362 1280 4432 quibus
1309 4364 1554 4434 utrisque
1593 4381 1720 4420 cum
1749 4368 1944 4423 minori
1967 4370 2231 4427 sollicitu-

641 4452 770 4508 dine
798 4463 852 4510 et
894 4465 1018 4512 ante
1040 4459 1420 4528 pontiﬁcatum
1448 4460 1765 4517 abundavit.

709 4548 814 4602 Sed
859 4549 976 4620 ejus
1001 4551 1346 4607 insidiatores
1371 4553 1628 4609 hactenus
1653 4571 1780 4610 eum
1823 4560 2234 4626 praesentialiter

639 4642 930 4697 convenire
961 4654 1307 4714 spreverunt;
1337 4663 1445 4700 non
1477 4655 1589 4701 tam
1632 4657 1691 4702 ut
1743 4651 1982 4720 qualibet
2019 4655 2230 4708 ratione

640 4748 700 4787 se
726 4733 794 4787 ab
835 4733 1146 4804 hujusmodi
1178 4740 1520 4795 accusatione
1549 4743 1942 4812 suspenderent
1979 4761 2142 4816 quam
2171 4757 2231 4802 ut

640 4825 739 4895 ipsi
782 4825 1022 4882 debitam
1073 4832 1403 4887 sententiam
1459 4850 1556 4903 pro
1599 4835 1714 4890 suis
1779 4838 2101 4894 criminibus
2163 4842 2230 4896 ab

642 4919 734 4973 illo
754 4935 870 4974 non
906 4921 1227 4991 exciperent.
1256 4927 1418 4994 Nam,
1449 4935 1508 4982 ut
1541 4929 1715 4985 beata:
1745 4933 2031 4988 memoriae
2066 4935 2232 4989 Boni—

641 5010 812 5066 facins
861 5029 998 5085 papa
1025 5023 1260 5072 testatur
1314 5023 1487 5089 (epist.
1545 5026 1596 5091 ‘2)
1646 5040 1720 5075 :«
1769 5027 1961 5081 Nullus
2017 5027 2232 5084 dubitat

642 5105 787 5175 quod
815 5107 888 5160 ita
909 5109 1178 5178 judicium
1207 5127 1410 5169 nocens
1454 5115 1809 5188 subterfugit,
1873 5121 2234 5188 quemadmo-

640 5197 771 5253 dum
802 5209 864 5255 ut
905 5202 1214 5259 absolvatur
1243 5207 1336 5277 qui
1377 5217 1459 5262 est
1489 5207 1748 5263 innocens
1774 5211 1992 5280 quaerit.
2023 5235 2048 5257 ι»

710 5294 894 5356 (1049)
941 5291 1100 5362 Apud
1133 5295 1504 5350 Wormatiam
1534 5296 1701 5367 igitur
1747 5309 2019 5354 conventu
2061 5300 2226 5369 facto,

639 5381 1046 5440 schismaticam
1104 5389 1563 5458 conSpirationem
1609 5389 1864 5444 adversus
1923 5394 2227 5453 Dominum

638 5483 693 5530 et
720 5474 981 5532 adversus
1020 5478 1299 5534 Christum
1342 5479 1459 5550 ejus
1485 5481 1877 5551 conﬂaverant,
1927 5503 2113 5558 quam,
2169 5500 2228 5546 ut

638 5568 965 5636 prazdictum
986 5578 1086 5633 est,
1111 5572 1177 5626 ad
1209 5571 1727 5630 deauctorizandam
1755 5587 1998 5634 sanctam
2029 5583 2228 5638 Roma-

2264 4522 2312 4582 D

2356 443 2706 498 blicaverant.
2737 438 2901 495 Unde
2931 437 3168 493 Romani
3214 437 3368 505 cives,
3393 437 3456 492 de
3474 447 3641 494 sancta:
3666 441 3809 494 Roma-

2355 552 2441 592 nae
2482 533 2734 590 Ecclesiae
2759 531 3212 588 dehonestatione
3242 532 3426 586 merito
3466 532 3698 597 commoti,
3723 550 3811 603 pra-

2353 632 2644 687 dictonum.
2671 629 2874 699 legatos
2915 627 3065 682 omni
3097 641 3253 696 parua
3276 624 3594 696 dignissimos
3614 627 3809 696 arripiunt,

2354 733 2408 780 et
2469 725 2551 779 vel
2599 723 2944 793 aliquatenus
3000 736 3196 775 eorum
3257 719 3665 773 immanissimum
3694 720 3808 774 scelus

2354 817 2542 874 ulcisci
2571 816 2874 888 voluerunt.
2893 813 2996 870 Sed
3022 816 3305 868 Romanus
3322 811 3559 884 pontifex,
3578 812 3676 866 licet
3693 829 3715 865 a
3731 828 3814 882 pra-

2352 911 2508 966 dictis
2539 910 2729 980 legatis
2774 907 3081 977 Specialiter
3114 908 3470 977 impeteretur,
3497 914 3647 959 tamen
3664 904 3715 958 de
3746 921 3813 958 ma-

2353 1005 2518 1059 nibus
2541 1007 2925 1060 Romanorum
2942 999 3228 1056 crudeliter
3249 1015 3341 1055 eos
3361 998 3672 1054 afﬁcientium
3690 999 3750 1051 vix
3759 998 3815 1052 de-

2353 1114 2508 1152 mum
2549 1096 2768 1168 eripuit,
2797 1104 2851 1151 et
2878 1093 3062 1150 sedata
3095 1094 3254 1148 turba
3280 1091 3515 1164 factoque
3556 1092 3817 1156 silentio,eos

2353 1192 2422 1248 ad
2444 1191 2608 1262 pedes
2636 1207 2765 1245 suos
2785 1189 2970 1244 sedere
2998 1187 3143 1242 fecit.
3173 1189 3246 1241 Ea
3279 1185 3488 1258 quidem
3514 1184 3685 1239 ratione
3699 1193 3742 1238 ut
3754 1183 3817 1253 ipsi

2354 1285 2603 1340 audirent
2656 1283 2783 1355 quid
2837 1292 3027 1337 sancta
3060 1281 3302 1353 synodus
3327 1280 3390 1335 de
3434 1276 3700 1350 hujusmodi
3725 1274 3818 1330 schi-

2355 1379 2581 1434 smatica
2601 1377 3002 1448 conspiratione
3032 1376 3084 1430 in
3114 1375 3306 1430 eadem
3332 1371 3526 1446 synodo
3556 1371 3614 1426 ad
3647 1369 3819 1441 injuriam

2358 1474 2526 1544 ipsius
2569 1470 2910 1526 manifestata
2941 1470 3272 1526 decerneret.

2428 1565 2682 1621 Decrevit
2708 1564 2878 1635 igitur
2907 1571 3096 1619 sancta
3133 1561 3370 1634 synodus
3403 1568 3461 1615 ut
3487 1559 3640 1614 ofﬁcio
3663 1566 3704 1612 et
3723 1573 3820 1612 com-

2357 1661 2624 1716 munione
2669 1659 2860 1729 privati
2905 1665 3085 1713 essent
3131 1658 3435 1730 quicunque
3471 1655 3602 1709 illam
3638 1651 3820 1706 nefariam

2356 1753 2819 1824 conspirationem
2843 1761 2897 1808 et
2915 1751 3454 1807 contumacissimam
3476 1749 3738 1819 legationem
3755 1752 3823 1797 stu-

2356 1849 2448 1904 dio
2491 1857 2544 1903 et
2594 1847 2866 1902 voluntate
2909 1846 3260 1901 conflassent.
3315 1842 3546 1913 Reliquis
3580 1848 3720 1894 autem
3743 1853 3821 1890 om-

2355 1943 2522 2016 nibus
2565 1943 2806 2012 ejusdem
2845 1939 3266 2010 conspirationis
3307 1935 3640 2009 participibus,
3663 1930 3824 1985 inducias

2355 2037 2646 2099 concessit,
2690 2043 2753 2088 ut
2777 2032 2916 2089 infra
2947 2032 3326 2088 festivitatem.
3362 2034 3414 2086 S.
3457 2027 3602 2094 Petri,
3625 2034 3723 2080 tunc
3741 2037 3822 2094 pro-

2355 2129 2582 2196 ximam,
2610 2145 2666 2183 se
2690 2136 2784 2182 aut
2813 2135 3036 2182 coactos
3062 2126 3351 2197 deliquisse
3380 2123 3546 2178 missis
3582 2118 3724 2191 legatis
3743 2131 3823 2185 pra

2354 2224 2568 2288 barent,
2593 2231 2686 2277 aut
2716 2220 3111 2291 praadictorum
3134 2213 3822 2277 excommunicationi,auteo-

2354 2317 2479 2373 dem
2507 2315 2733 2371 crimine
2761 2314 3010 2386 obligati,
3045 2313 3406 2384 subjacerent.

2419 2413 2628 2480 Regem
2657 2425 2785 2463 vero
2813 2416 2936 2479 post
2961 2408 3163 2462 multas
3192 2406 3570 2462 admonitiones
3603 2397 3824 2468 resipiscere

2349 2504 2652 2568 nolentem,
2712 2503 2822 2557 imo
2870 2501 3032 2573 hujus
3101 2501 3460 2556 schismaticaa
3515 2487 3826 2564 conspirationis

2352 2606 2656 2664 auctorem,
2684 2612 2852 2667 regno
2891 2595 3168 2667 privatum
3204 2594 3304 2650 sub
3347 2588 3665 2648 anathematis
3684 2581 3825 2638 vinculo

2354 2691 2591 2747 domnus
2615 2690 2944 2760 apostolicus
2967 2689 3175 2760 ligavit,
3207 2697 3271 2742 ut
3299 2686 3470 2743 eidem
3499 2684 3642 2739 etiam
3659 2686 3748 2734 ante
3766 2690 3826 2729 ex-

2357 2784 2917 2840 communicationem
2933 2781 3213 2852 promisit.
3237 2786 3320 2837 De
3334 2781 3482 2850 cujus
3497 2767 3826 2833 anathematismi

2355 2878 2617 2932 canonica
2652 2876 3086 2948 promulgatione
3107 2877 3322 2932 nullum
3348 2873 3574 2930 dubitare
3599 2864 3828 2923 conﬁdimus

2350 2973 2664 3045 quicunque
2687 2971 2838 3025 illam
2854 2969 3142 3040 epistolam
3175 2969 3367 3024 domni
3392 2962 3642 3037 apostolici
3669 2956 3829 3013 ﬁdeliter

2348 3064 2800 3128 consideraverit,
2835 3063 2890 3117 in
2917 3078 3044 3133 qua,
3077 3062 3196 3132 ipse
3226 3078 3404 3134 regem
3426 3059 3606 3130 saepius
3631 3070 3654 3108 a
3677 3066 3720 3105 se
3742 3060 3830 3118 pra-

2347 3159 2646 3223 monitum,
2693 3157 2868 3211 multo
2896 3165 3150 3226 tempore
3199 3162 3573 3226 exspectatum,
3607 3157 3650 3202 et
3689 3145 3744 3198 ita
3775 3139 3830 3192 de

2347 3268 2499 3306 mum
2547 3249 2802 3305 canonice
2828 3250 3356 3305 anathematizatum
3379 3239 3725 3304 evidentissima
3743 3247 3830 3304 pro-

2346 3345 2507 3400 bavit.
2546 3345 2916 3414 Quapropter,
2940 3343 3158 3412 speciali
3200 3343 3343 3415 regis
3370 3356 3521 3397 causa
3544 3328 3827 3407 praetermissa.

2349 3438 2479 3510 quid
2509 3438 2678 3493 sancti
2712 3441 2897 3492 Patres
2916 3436 2984 3491 de
3013 3436 3331 3507 hujusmodi
3361 3425 3754 3504 conspiratoribus
3773 3432 3830 3488 ge-

2347 3531 2606 3587 neraliter
2657 3530 3020 3593 deﬁniverint,
3066 3529 3370 3586 videamus.
3674 3610 3694 3613 __
3779 3603 3785 3613 .

2405 3625 2786 3680 Sanctissimus
2834 3639 2968 3693 papa
3010 3623 3301 3691 Fabianus,
3361 3617 3584 3677 veritatis
3627 3610 3745 3667 miles

2347 3718 2612 3783 defessus,
2656 3718 2915 3772 omnibus
2953 3703 3228 3787 episcopis
3268 3716 3520 3780 scribens,
3562 3702 3765 3764 decrevit,
3783 3695 3832 3749 dl-

2349 3827 2478 3867 cens
2510 3831 2523 3867 :
2558 3835 2581 3859 α
2624 3812 2678 3867 Si
2708 3812 2828 3881 quis
2867 3810 3092 3866 clericus
3130 3826 3234 3866 suo
3277 3811 3521 3881 episcopo
3562 3800 3741 3858 infestus
3773 3794 3832 3843 δυῐ

2350 3905 2632 3960 insidiator
2670 3905 2854 3973 fuerit,
2897 3919 3130 3975 eumque
3173 3902 3451 3960 criminari
3490 3888 3832 3986 tentarent-pitut

2347 3998 2686 4069 conspirator
2726 3997 2908 4065 fuerit,
2953 4014 3084 4053 mox
3115 4006 3244 4053 ante
3275 3996 3624 4052 examinatum
3644 3981 3832 4077 judicmln

2346 4092 2634 4148 submotus
2673 4109 2704 4147 a
2743 4094 2908 4157 clero,
2936 4092 3102 4147 curiae
3151 4091 3426 4155 tradatur,
3457 4087 3539 4143 cui
3578 4076 3833 4168 diebnstllal

2345 4202 2458 4242 suae
2484 4186 2772 4252 deserviat,
2806 4196 2860 4241 et
2889 4186 3114 4241 infamis
3139 4187 3347 4258 absque
3375 4184 3478 4238 ulla
3506 4193 3592 4251 spe
3624 4168 3834 4229 restitutio

2343 4283 2429 4336 nis
2472 4289 2816 4350 permaneat.
2857 4303 2881 4328 ν

2415 4349 2549 4428 Item
2579 4376 2634 4428 S.
2660 4375 2913 4429 Callistus
2944 4389 3079 4444 papa
3113 4371 3451 4428 fortissimus
3488 4360 3695 4422 veritatis
3717 4349 3835 4451 athle-

2343 4475 2401 4522 ta
2453 4467 2750 4522 Gallicanis
2813 4467 3085 4536 episcopis
3130 4466 3380 4521 scribens
3423 4483 3434 4518 :
3483 4484 3507 4509 ε
3560 4450 3840 4547 Conspitallo'

2341 4575 2500 4623 num,
2563 4559 2766 4630 inquit,
2824 4560 3056 4615 crimina
3113 4558 3306 4614 vestris
3355 4559 3410 4612 in
3462 4552 3676 4626 partibus
3714 4546 3839 4634 τιεεςε

2340 4651 2671 4720 audivimus,
2704 4662 2759 4708 et
2792 4653 2978 4723 plebes
3007 4661 3192 4708 contra
3240 4652 3518 4724 episcopos
3547 4657 3658 4700 suos
3686 4642 3841 4728 oon-ill.“

2343 4762 2460 4802 rare
2491 4747 2647 4801 nobis
2698 4747 3022 4802 mandatum
3071 4754 3174 4800 est.
3219 4747 3399 4817 Hujus
3443 4735 3662 4797 criminis
3704 4731 3841 4817 astunél

2341 4855 2455 4894 non
2479 4840 2658 4894 solum
2703 4840 2848 4894 inter
2898 4839 3245 4894 Christianos
3295 4833 3620 4894 exsecrabilis
3660 4831 3741 4886 est.

2342 4933 2508 4987 etiam
2573 4933 2718 4987 inter
2783 4932 3056 4999 ethnicos,
3118 4941 3173 4987 et
3235 4932 3304 4986 ab
3351 4927 3544 4986 exteris
3580 4923 3677 4992 lege
3718 4905 3842 4985 Pwhi'

2337 5025 2468 5080 bita.
2504 5028 2574 5080 Et
2598 5025 2796 5081 idcirco
2828 5025 2988 5096 hujus
3033 5025 3286 5080 criminis
3333 5038 3454 5079 reos
3481 5034 3590 5075 non
3632 5010 3844 5067 solumec'

2338 5119 2676 5186 clesiasticm,
2707 5119 2800 5174 sed
2839 5119 3005 5183 etiam
3031 5119 3217 5174 saeculi
3257 5118 3514 5173 damnant
3533 5111 3688 5181 leges;
3715 5108 3757 5154 θῑ
3773 5103 3844 5194 “f’”

2336 5212 2518 5267 solum
2574 5211 2975 5282 conspirantes,
3025 5211 3124 5268 sed
3169 5211 3338 5267 etiam
3391 5203 3758 5263 consentientes
3777 5198 3842 5282 eis-

2339 5312 2722 5361 Antecessores
2749 5321 2878 5361 vero
2930 5306 3126 5373 nostri,
3175 5301 3570 5376 quamplurima
3612 5287 3743 5347 turba
3773 5291 3845 5380 fil"

2337 5413 2651 5468 scoparum,
2682 5399 2994 5470 quicunque
3043 5416 3234 5455 eorum
3287 5399 3344 5452 in
3371 5385 3672 5451 sacerdotali
3715 5373 3846 5433 ordme

2334 5499 2464 5544 sunt
2508 5492 2813 5557 constituti,
2862 5501 2959 5546 aut
3001 5494 3243 5548 existunt
3271 5489 3479 5556 clerici,
3524 5485 3729 5540 honore.
3771 5474 3842 5536 quo

2334 5591 2584 5650 utuntur,
2615 5601 2795 5641 carere
2826 5593 3212 5657 przeceperunt.
3249 5587 3490 5640 Caeteros
3513 5592 3632 5633 vero
3655 5571 3842 5626 commu‘

732 5760 886 5818 1049)
917 5758 1076 5810 Anno
1091 5755 1288 5813 Christi
1324 5766 1458 5816 1076
1476 5761 1594 5834 lege
1622 5766 1848 5833 Baron.,
1873 5773 2011 5821 tom.
2041 5768 2352 5836 undecimo,
2372 5778 2518 5825 anno
2547 5773 2709 5825 1076.
