4062 6182
306 272 440 325 H73

1206 281 1491 336 APPEND.
1538 284 1622 337 Ill.
1662 314 1730 323 —-
1768 282 2185 340 MONUMENTA
2224 287 2684 343 GREGORIANA.

3464 301 3598 353 ΗΠ»

298 398 464 452 nione
494 399 695 467 privari
734 408 786 454 et
815 400 881 454 ab
912 401 1148 457 Ecclesia
1181 412 1424 461 extorres
1452 406 1569 462 ﬁeri
1590 409 1889 479 jusserunt.
1924 414 1974 476 Α
2004 411 2152 465 tione
2181 420 2520 482 praeventum
2549 416 3057 481 excommunicavit,
3097 433 3161 472 eo
3198 420 3344 491 quod
3379 421 3467 477 ille
3509 424 3595 478 in—

299 493 387 557 Et,
416 507 530 545 non
559 493 737 547 solum
771 492 1050 558 facientes,
1078 496 1172 551 sed
1201 498 1279 551 eis
1300 502 1721 557 consentientes.
1756 521 1785 555 »

370 588 510 640 Item
571 587 1003 644 sacratissimum
1063 590 1507 649 Chalcedonense
1563 596 1888 662 concilium,

292 679 589 751 Evangelio
638 680 692 734 in
724 682 1066 737 veneratione
1113 688 1571 755 comparandum,
1625 706 1744 758 cap.
1805 696 1889 758 18,

293 772 737 844 irrefragabiliter
763 775 1003 831 decrevit
1030 776 1219 833 dicens
1254 799 1265 833 :
1303 803 1328 826 ιι
1370 782 1423 836 Si
1455 783 1545 853 qui
1575 783 1775 848 clerici,
1810 784 1888 838 vel

294 867 550 922 monachi
580 869 777 938 reperti
808 869 1013 924 fuerint
1041 873 1413 943 conjurautes,
1446 885 1540 930 aut
1567 878 1887 948 conspiran-

292 968 502 1026 tes,aut
516 962 738 1017 insidias
758 972 1025 1032 ponentes
1039 966 1327 1038 episcopis,
1348 977 1441 1022 aut
1462 969 1690 1039 clericis,
1712 971 1886 1043 gradu

294 1056 514 1125 proprio
534 1056 751 1126 penitus
770 1057 1118 1128 abjiciantur.
1142 1081 1169 1109 ››

361 1151 529 1216 Ergo,
553 1165 693 1220 quos
713 1151 803 1205 SS.
828 1152 1033 1218 Patres,
1060 1155 1227 1209 etiam
1258 1164 1385 1211 ante
1412 1157 1785 1213 examinatum
1804 1159 1888 1229 ju-

287 1242 494 1297 dicium
521 1242 900 1315 degradandos
920 1260 1041 1301 esse
1072 1250 1155 1302 vel
1189 1250 1409 1318 penitus
1438 1249 1505 1305 ab
1536 1252 1771 1306 Ecclesia
1797 1253 1890 1308 ab-

280 1336 558 1407 jiciendos
596 1336 1012 1394 districtissime
1050 1340 1459 1411 judicaverunt,
1512 1344 1613 1399 hos
1645 1344 1887 1401 domnus

287 1429 622 1499 apostolicus
663 1446 761 1501 per
800 1432 1062 1503 synodale
1087 1434 1360 1505 judicium
1390 1438 1526 1492 satis
1570 1439 1881 1494 misericor-

287 1522 432 1578 diter
451 1540 625 1596 usque
645 1524 714 1578 ad
735 1524 1169 1582 satisfactionem
1192 1527 1376 1584 ofﬁcio
1407 1539 1461 1584 et
1487 1532 1882 1587 communione

286 1617 549 1688 privavit;
573 1634 697 1689 qua:
727 1627 909 1674 tamen
941 1619 1019 1674 eis
1046 1621 1294 1678 nondum
1313 1639 1379 1678 eo
1404 1624 1632 1679 crimine
1652 1626 1883 1695 expiatis

286 1712 617 1782 periculosa,
664 1712 779 1767 imo
829 1713 1125 1783 perniciosa
1173 1713 1311 1785 fore,
1364 1718 1409 1771 si
1459 1727 1877 1789 usurparentur,

284 1821 395 1859 non
441 1806 734 1877 ignoravit.

353 1900 607 1955 Forsitan
637 1900 833 1971 aliquis
859 1916 1055 1958 eorum
1081 1902 1213 1958 dicit
1246 1924 1257 1959 :
1296 1908 1421 1961 Non
1465 1922 1563 1977 pro
1593 1908 1881 1979 conspira-

279 1995 434 2049 tione
478 1993 790 2049 habendum
822 1996 970 2066 quod
1014 2005 1203 2052 contra
1257 1998 1407 2053 illum
1460 1999 1667 2057 factum
1715 2000 1883 2058 fuerit

278 2102 449 2158 quem
493 2103 592 2157 pro
634 2088 889 2160 episcopo
938 2088 1140 2145 habere
1184 2092 1486 2147 noluerint.
1535 2092 1642 2149 Sed
1685 2093 1802 2160 ille,
1834 2097 1879 2150 si

278 2190 471 2236 tamen
500 2182 786 2252 episcopus
816 2190 928 2250 est,
979 2182 1169 2239 audiat
1212 2203 1226 2238 :
1278 2186 1541 2257 Nunquid
1574 2195 1629 2241 et
1667 2203 1723 2242 se
1774 2204 1875 2258 pro

276 2274 534 2345 episcopo
554 2274 865 2331 habendum
884 2292 996 2331 non
1019 2292 1137 2332 esse
1159 2276 1426 2345 decernit,
1456 2280 1499 2333 si
1522 2281 1644 2351 quis
1666 2296 1732 2335 ex
1759 2281 1876 2353 ejus

276 2368 509 2423 subditis
536 2383 664 2423 eum
695 2369 749 2422 in
793 2370 940 2424 nulla
994 2369 1190 2426 haeresi
1239 2372 1602 2442 publicatum,
1634 2390 1737 2429 nec
1779 2392 1875 2446 pro

275 2462 464 2533 aliquo
486 2462 717 2516 crimine
738 2462 1087 2530 damnatum,
1113 2481 1210 2535 pro
1236 2466 1491 2537 episcopo
1522 2467 1724 2522 habere
1746 2485 1876 2523 con-

274 2556 542 2625 tempsit?
570 2558 693 2610 Non
725 2558 916 2627 utique
942 2558 1243 2623 credimus,
1274 2559 1406 2613 dum
1434 2560 1572 2615 adeo
1602 2561 1677 2615 eis
1700 2563 1876 2632 sapiat

272 2649 639 2719 episcopatus.
695 2653 840 2721 Ergo
889 2667 1002 2705 non
1036 2650 1306 2723 denegent
1355 2669 1455 2707 suo
1489 2655 1696 2723 pastori
1728 2656 1873 2725 quod

273 2742 382 2798 sibi
416 2759 443 2796 a
472 2743 702 2799 subditis
729 2744 841 2799 suis
871 2745 1083 2800 nollent
1116 2744 1405 2817 denegari;
1441 2747 1533 2801 sed
1555 2747 1712 2817 juxta
1742 2748 1874 2803 illud

273 2836 451 2891 sancti
492 2838 694 2892 Leonis
723 2838 1001 2893 decretum
1050 2859 1061 2893 :
1120 2862 1144 2886 α
1182 2839 1587 2905 Obedientiam,
1620 2857 1791 2912 quam
1839 2859 1873 2899 a

271 2929 502 2985 subditis
535 2932 648 2985 suis
671 2932 914 3001 exigunt,
952 2932 1123 2986 etiam
1154 2932 1255 3002 ipsi
1282 2934 1506 3002 praelato
1536 2949 1636 2987 suo
1662 2934 1870 3003 depen-

270 3024 433 3079 dant.
479 3024 689 3095 Quippe
718 3034 770 3078 et
798 3025 903 3093 ipsi
936 3041 1064 3080 eum
1098 3027 1268 3080 etiam
1319 3042 1384 3081 eo
1425 3034 1696 3097 tempore,
1742 3044 1869 3082 cum

269 3117 663 3187 conspirarent,
712 3134 811 3187 pro
857 3119 1114 3189 episcopo
1145 3119 1458 3174 habendum
1500 3119 1664 3175 fuisse
1703 3121 1870 3176 modo

270 3209 687 3273 demonstrant;
719 3211 802 3265 cui
837 3227 932 3282 pro
958 3212 1151 3267 eadem
1181 3214 1587 3283 conspiratione
1611 3214 1677 3268 ad
1706 3215 1870 3269 satis-
1898 3184 1944 3247 Ο

268 3302 564 3358 factionem
595 3304 776 3359 venire
824 3321 938 3359 non
968 3314 1203 3360 cessant.
1238 3328 1263 3355 »
1321 3311 1551 3376 Nempe,
1583 3308 1629 3361 si
1668 3308 1870 3363 nullius

268 3397 690 3467 conSpirationis
712 3407 864 3452 reatu
887 3398 1101 3452 obnoxii
1126 3408 1459 3464 tenerentur,
1478 3401 1594 3455 sine
1618 3403 1869 3471 exemplo

269 3499 456 3547 tamen
477 3490 602 3561 jure
628 3489 1053 3559 damnarentur;
1086 3493 1203 3563 qui,
1246 3494 1362 3547 sine
1392 3494 1644 3562 exemplo
1670 3504 1869 3549 contu-

268 3583 505 3638 maciam
528 3599 687 3638 suam
716 3585 771 3638 in
802 3588 1052 3639 Romana
1082 3583 1291 3655 synodo
1322 3586 1620 3655 publicare,
1648 3595 1702 3640 et
1721 3588 1870 3641 insu-

267 3692 367 3744 per
387 3677 634 3733 eamdem
651 3677 925 3749 synodum
948 3677 1257 3733 disturbare
1279 3689 1762 3749 prazsumpserunt.
1784 3684 1866 3735 In-

266 3784 487 3823 cassum
536 3785 594 3824 se
650 3769 859 3841 absque
925 3771 1179 3841 synodica
1235 3772 1522 3827 vocatione
1580 3772 1869 3828 damnatos

265 3872 704 3933 conqueruntur,
736 3880 865 3918 cum
894 3872 950 3919 et
979 3864 1083 3918 hoc
1110 3865 1163 3918 in
1196 3865 1618 3935 provincialibus
1646 3867 1868 3937 synodis

267 3972 371 4026 pro
396 3957 660 4011 canonico
679 3956 1022 4012 custodiatur
1050 3966 1110 4011 ut
1130 3958 1417 4029 cujuslibet
1441 3961 1787 4014 contumacia
1810 3960 1865 4013 in

265 4049 483 4120 synodo
518 4050 803 4119 publicata,
852 4051 1159 4106 nullatenus
1199 4061 1359 4105 exeat
1388 4051 1680 4120 impunita,
1715 4054 1860 4119 licet,

262 4143 337 4197 ad
370 4142 542 4213 ipsam
586 4144 859 4213 synodum
889 4144 1403 4199 deauctorizaudam
1438 4144 1507 4197 ibi
1551 4153 1862 4214 perpetrata

262 4252 383 4291 non
413 4236 718 4306 detegatur.
948 4228 955 4235 ’

340 4330 605 4384 Przeterea
639 4333 905 4384 Romanae
930 4330 1073 4384 sedis
1098 4330 1406 4402 episcopus,
1442 4330 1598 4401 juxta
1641 4331 1860 4401 privile-

262 4423 425 4494 gium
455 4439 639 4489 suum,
673 4431 732 4477 ut
754 4423 870 4493 jam
900 4424 1319 4493 praelibavimus,
1352 4424 1554 4495 absque
1582 4425 1734 4479 omni
1769 4440 1857 4497 sy-

264 4516 418 4570 nodo
473 4514 737 4571 damnare
786 4524 988 4587 potest,
1040 4518 1119 4571 vel
1183 4518 1539 4573 reconciliare
1594 4518 1863 4588 quoslibet

2002 503 2142 574 juste
2172 506 2473 561 Adrianum
2495 507 2771 563 Thebana:
2800 510 2951 564 urbis
2981 511 3295 582 episcopum
3321 514 3595 586 deponere

2004 601 2431 669 praesumpserit.
2477 601 2560 655 Sic
2597 602 2781 673 utique
2822 612 2876 657 et
2916 613 3102 659 noster
3131 608 3457 674 apostolicus
3487 612 3595 680 epi-

2000 706 2195 760 scopos
2228 692 2552 748 indubitatae
2580 697 2941 752 contumacia;
2978 714 3087 752 non
3118 708 3343 754 vocatos
3372 719 3592 757 excom-

2002 785 2284 839 municare
2314 787 2515 856 potuit;
2548 788 2640 859 qui
2670 805 2779 843 non
2808 806 2977 845 unum
3009 792 3359 848 solummodo
3389 797 3594 865 episco-

2002 892 2154 947 pum,
2185 878 2281 933 sed
2308 887 2483 934 totam
2522 883 2836 936 Romanam
2867 885 3141 954 synodum
3181 886 3587 944 deauctorizare

2000 979 2372 1026 tentaverunt.
2406 973 2545 1028 lllud
2574 990 2701 1029 sane
2731 979 3041 1047 exemplum
3070 978 3142 1032 illi
3170 982 3342 1034 nostri
3374 984 3590 1052 conspi-

1996 1073 2209 1121 ratores
2234 1082 2421 1122 secum
2444 1084 2603 1141 agere
2627 1079 2974 1139 putaverunt,
2992 1071 3143 1142 juxta
3168 1073 3322 1143 cujus
3344 1077 3587 1131 edictum

1998 1174 2056 1213 se
2084 1159 2480 1216 rationabiliter
2508 1164 3013 1218 excommunicatos
3055 1181 3169 1220 esse
3212 1183 3323 1221 non
3354 1168 3580 1225 dubita-

1999 1247 2151 1316 bunt,
2194 1249 2238 1303 si
2273 1266 2556 1305 sacrorum
2602 1267 2874 1306 canonum
2916 1248 3149 1309 lectores
3196 1256 3379 1325 potius
3409 1273 3577 1327 quam

1993 1356 2341 1412 perversores
2364 1359 2480 1398 esse
2508 1345 2801 1399 noluerint.

2065 1437 2293 1491 Frustra
2319 1453 2537 1508 quoque
2567 1438 2909 1515 proclamant
2934 1456 3123 1495 secum
3153 1442 3425 1512 agendum
3467 1443 3587 1500 fore

1994 1545 2059 1583 eo
2080 1529 2359 1599 judicandi
2384 1530 2593 1597 ordine,
2622 1532 2713 1587 ubi
2746 1533 3101 1589 manifestum
3137 1534 3340 1591 factum
3368 1538 3583 1593 crimen

1990 1638 2107 1677 esse
2143 1622 2441 1678 dubitatur.
2481 1628 2643 1687 Nam,
2696 1635 2755 1681 ut
2806 1627 2967 1681 nobis
3017 1628 3253 1695 videtur,
3300 1630 3366 1685 de
3424 1632 3574 1685 nullo

1992 1714 2135 1771 facto
2173 1733 2244 1771 an
2273 1717 2484 1772 crimen
2516 1718 2590 1773 sit
2628 1728 2710 1773 est
2739 1720 3125 1788 dubitandum,
3168 1724 3316 1793 quod
3345 1723 3580 1780 definitis

1912 1806 1961 1867 B
1989 1818 2308 1865 sanctorum
2332 1814 2553 1867 Patrum
2578 1814 2865 1867 sententiis
2884 1815 3209 1885 generaliter
3227 1833 3327 1888 pro
3354 1819 3581 1873 crimine
3624 1828 3627 1831 ’

1988 1903 2312 1959 damnatum
2340 1903 2735 1960 manifestatur.
2780 1908 2837 1961 Si
2863 1908 3010 1962 enim
3044 1925 3106 1963 ea
3136 1926 3257 1981 qua:
3285 1911 3362 1964 illi
3411 1928 3581 1984 gene-

1988 1998 2177 2053 raliter
2203 2006 2260 2051 et
2282 1998 2616 2069 synodaliter
2642 2000 2969 2069 prohibuere
2992 2018 3061 2055 an
3090 2004 3263 2072 culpae
3291 2005 3403 2058 sint
3426 2004 3581 2059 dubi-

1988 2091 2309 2157 taverimus,
2344 2091 2709 2147 nihilominus
2737 2092 2803 2146 de
2833 2109 3024 2148 eorum
3054 2096 3291 2163 statutis,
3328 2114 3399 2151 an
3423 2098 3577 2167 justa

1985 2183 2096 2237 sint
2122 2183 2372 2238 dubitare
2402 2182 2729 2245 videbimur.
2766 2186 2928 2254 Quod
2956 2190 3021 2240 B.
3068 2188 3182 2241 Leo
3213 2204 3371 2259 papa,
3402 2192 3576 2245 Leoni

1984 2280 2235 2347 Augusto
2286 2277 2529 2331 scribens
2582 2280 2755 2347 (epist.
2789 2284 2899 2344 78),
2953 2280 3173 2349 penitus
3224 2281 3507 2350 prohibuit
3562 2304 3575 2338 :

1988 2393 2013 2418 α
2041 2371 2179 2441 Quae.
2201 2369 2467 2440 patefacta
2490 2378 2619 2425 sunt
2634 2412 2651 2439 ,
2674 2370 2881 2442 inquit,
2912 2388 3175 2443 quaerere,
3196 2389 3319 2444 qua:
3340 2375 3578 2445 perfecta

1981 2473 2111 2518 sunt
2143 2472 2466 2531 retractare;
2501 2480 2625 2535 quae
2655 2474 2783 2520 sunt
2816 2464 3038 2521 deﬁnita
3082 2468 3414 2538 convellere,
3445 2470 3575 2540 quid

1981 2556 2131 2611 aliud
2159 2565 2241 2611 est
2262 2572 2429 2627 quam
2459 2557 2526 2610 de
2549 2557 2759 2627 adeptis
2781 2560 3018 2629 gratiam
3050 2576 3158 2614 non
3186 2560 3408 2629 referre,
3432 2571 3485 2617 et
3507 2564 3577 2619 ad

1981 2649 2285 2704 interdictae
2315 2650 2527 2703 arboris
2560 2650 2743 2704 cibum
2774 2651 3055 2721 improbos
3079 2655 3350 2723 appetitus
3378 2657 3573 2710 morti-

1981 2742 2109 2797 fera:
2138 2742 2447 2812 cupiditatis
2472 2743 2807 2798 extendere?
2842 2767 2863 2790 υ
2903 2744 3059 2799 Idem
3092 2745 3151 2799 in
3180 2748 3532 2817 sequentibus
3558 2769 3570 2803 :

1984 2860 2007 2883 α
2043 2839 2126 2890 De
2160 2835 2341 2902 rebus,
2375 2836 2571 2907 inquit,
2594 2845 2648 2890 et
2669 2836 2813 2906 apud
2842 2837 3086 2892 Nicaeam
3109 2848 3162 2892 et
3190 2839 3334 2911 apud
3355 2840 3574 2895 Chalce-

1979 2930 2180 2985 donam
2211 2928 2370 2995 (sicut
2406 2933 2516 2984 Deo
2570 2930 2786 3000 placuit)
2834 2930 3092 2997 deﬁnitis,
3144 2932 3360 2986 nullum
3402 2932 3571 2988 aude-

1980 3038 2104 3077 mus
2129 3023 2266 3077 inire
2280 3031 2596 3085 tractatum,
2621 3033 2878 3092 tanquam
2904 3023 3066 3078 dubia
3093 3024 3171 3079 vel
3198 3024 3415 3079 infirma
3435 3027 3568 3089 sint,

1980 3132 2102 3186 quae
2144 3124 2293 3170 tanta
2324 3132 2421 3187 per
2459 3117 2725 3186 Spiritum
2753 3125 3010 3171 sanctum
3048 3117 3165 3171 ﬁxit
3192 3118 3503 3172 auctoritas.
3541 3142 3565 3166 ν

1984 3209 2128 3264 Idem
2161 3209 2229 3263 ad
2262 3211 2591 3265 Martianum
2622 3214 2926 3281 Augustum
2956 3229 2972 3264 :
3007 3233 3032 3257 α
3067 3210 3120 3265 Si
3150 3210 3282 3280 quid
3311 3226 3563 3281 usquam,

1982 3303 2335 3372 inquit,aliter
2364 3319 2528 3372 quam
2570 3304 2740 3357 sancti
2777 3306 2963 3357 Patres
3002 3311 3242 3360 statuere
3269 3306 3563 3374 praesumi-

1982 3406 2089 3463 tur,
2125 3397 2237 3449 sine
2268 3396 2615 3450 cunctatione
2641 3396 2963 3450 cassabitur.
3004 3419 3031 3445 ν

1990 3543 1997 3549 ,
2053 3492 2194 3559 Ergo
2224 3488 2303 3542 illi
2337 3489 2511 3542 nostri
2540 3489 2939 3559 conspiratores
2968 3488 3327 3545 manifestum
3359 3489 3566 3547 factum

1977 3599 2137 3638 suum
2187 3598 2259 3635 an
2287 3582 2493 3636 crimen
2523 3590 2665 3636 esset
2696 3582 2973 3637 incassum
3003 3583 3198 3638 discuti
3252 3585 3563 3653 voluerunt,

1977 3676 2125 3747 quod
2150 3684 2204 3730 et
2226 3676 2323 3746 ipsi
2352 3692 2381 3729 a
2413 3674 2654 3729 deﬁnitis
2683 3684 2999 3731 sanctorum
3026 3679 3251 3732 Patrum
3276 3680 3565 3733 sententiis

1978 3786 2075 3840 pro
2096 3769 2329 3823 crimine
2345 3767 2670 3823 damnatum
2694 3768 3067 3825 indubitanter
3094 3781 3382 3826 noverunt.
3406 3773 3564 3827 Unde

1977 3879 2109 3929 non,
2158 3871 2218 3917 ut
2263 3862 2442 3917 dubiis
2487 3862 2807 3917 criminibus
2856 3863 3101 3934 obligati,
3166 3880 3262 3934 per
3315 3865 3566 3920 inducias

1975 3966 2129 4011 erant
2157 3956 2541 4026 exspectandi;
2587 3956 2719 4021 imo,
2765 3964 2825 4010 ut
2853 3965 3230 4023 contumaces,
3263 3966 3317 4012 et
3346 3960 3567 4029 apertis-

1976 4050 2097 4104 simi
2127 4064 2398 4103 canonum
2421 4058 2850 4120 contemptores,
2883 4049 3087 4121 absque
3119 4050 3377 4107 dilatione
3409 4060 3562 4106 erant

1973 4141 2307 4208 damnandi;
2353 4142 2420 4196 de
2461 4142 2658 4211 quibus
2699 4142 2877 4197 divina
2907 4144 3188 4214 Scriptura
3217 4146 3561 4213 apertissime

1972 4236 2170 4299 sanxit,
2202 4243 2264 4288 ut
2310 4234 2733 4305 Carthaginense
2780 4236 3075 4291 concilium
3107 4252 3227 4306 cap.
3272 4240 3303 4289 5
3354 4238 3557 4292 consti-

1972 4328 2097 4394 tuit,
2126 4343 2234 4381 non
2261 4336 2343 4381 est
2368 4326 2674 4382 differenda
2713 4330 2983 4383 sententia
3005 4372 3019 4396 ,
3045 4330 3153 4384 sed
3186 4331 3369 4399 potius
3408 4346 3562 4385 exse—

1970 4420 2207 4492 quenda.
2232 4419 2394 4476 Unde
2415 4428 2467 4473 et
2488 4422 2543 4474 S.
2567 4420 2866 4492 Gregorius
2886 4421 3190 4476 Mariniauo
3210 4422 3416 4487 abbati,
3432 4432 3560 4485 etc.,

1974 4513 2215 4569 scribens
2246 4517 2422 4583 (epist.
2479 4518 2585 4578 27),
2632 4521 2885 4580 testatur,
2918 4512 3100 4567 dicens
3149 4530 3163 4566 :

262 4609 633 4677 damnandos,
683 4610 761 4663 vel
812 4609 1261 4665 reconciliandos.
1292 4613 1382 4665 Sic
1431 4612 1579 4667 enim
1623 4613 1676 4667 S.
1721 4614 1861 4668 Gre-
1895 4579 1946 4641 Β
1975 4609 2168 4680 quibus
2198 4611 2348 4661 Deus
2394 4606 2744 4661 vehementer
2781 4604 3081 4660 offenditur
3120 4606 3331 4678 insequi
3364 4608 3443 4663 vel
3475 4610 3560 4663 ul-

262 4703 462 4773 gorius
542 4702 609 4757 ad
688 4702 1011 4757 Januarium
1098 4703 1467 4758 Caralitanum
1543 4705 1859 4776 episcopum

262 4796 515 4849 scribens
553 4798 668 4861 (lib.
724 4812 830 4861 vn,
886 4799 1041 4865 epist.
1081 4797 1191 4865 67),
1234 4797 1573 4851 consiliarios
1616 4798 1861 4868 ejusdem

261 4888 507 4959 episc0pi
550 4890 699 4943 nulla
730 4888 994 4959 synodica
1020 4889 1306 4944 vocatione
1332 4898 1659 4959 praeventos,
1694 4906 1862 4961 usque

258 4981 335 5037 ad
361 4980 796 5037 satisfactionem
825 4999 855 5037 a
883 4982 1279 5037 communione
1309 4983 1565 5053 privavit;
1598 5000 1694 5054 per
1722 4999 1861 5055 quo-

264 5090 394 5128 rum
444 5074 738 5130 consilium
788 5074 933 5129 idem
968 5075 1258 5146 episcopus
1308 5075 1729 5130 Dominicorum
1776 5076 1861 5130 die

261 5182 507 5222 messem
532 5168 901 5239 quorumdam
928 5166 1134 5223 furiosa
1152 5178 1332 5224 mente
1354 5169 1619 5224 exaravit.
1654 5169 1861 5224 Nihilo-

259 5261 445 5315 minus
472 5270 527 5314 et
556 5261 728 5315 nostri
759 5261 1027 5332 temporis
1057 5263 1353 5333 Gregorius
1376 5263 1443 5317 ad
1466 5262 1673 5317 nullam
1702 5279 1860 5334 syno-

254 5354 397 5410 dum
448 5363 690 5421 vocatos,
746 5362 987 5409 attamen
1022 5356 1374 5425 prmseutario
1436 5356 1669 5411 crimine
1717 5356 1860 5412 obli-

256 5456 418 5519 gatos
475 5446 738 5503 damnare
807 5448 1005 5519 potuit.
1074 5450 1177 5503 Per
1238 5465 1474 5520 quorum
1541 5451 1857 5514 consilium,

258 5540 537 5595 Henricus
564 5557 657 5594 rex
684 5557 921 5596 messem
952 5558 1064 5595 non
1093 5550 1390 5605 terrenam,
1418 5558 1513 5597 rex
1539 5543 1859 5598 ecclesiasti-

256 5648 385 5687 cam
414 5650 557 5688 nova
590 5634 1019 5705 praesumptione
1050 5635 1264 5705 penitus
1294 5636 1575 5691 devastare
1610 5638 1855 5692 tentavit.

334 5729 473 5781 Item
504 5731 557 5782 S.
594 5728 888 5799 Gregorius
919 5729 1030 5793 (lib.
1065 5744 1136 5795 11,
1180 5732 1335 5802 epist.
1378 5736 1434 5800 6,
1478 5738 1558 5801 7),
1588 5735 1861 5787 Joannem

259 5820 457 5888 primae
508 5821 826 5877 Justinianae
870 5822 1190 5894 episcopum
1232 5824 1378 5878 nulla
1408 5825 1665 5895 synodica
1695 5841 1859 5879 voca-

1973 4703 2097 4756 cisci
2145 4700 2487 4764 differimus,
2536 4700 2604 4754 ad
2634 4700 2983 4754 irascendum
3031 4698 3213 4771 utique
3246 4702 3556 4757 Divinitatis

1975 4795 2290 4863 patientiam
2327 4809 2704 4864 provocamus.
2748 4816 2773 4841 ν

2044 4890 2185 4941 Item
2212 4888 2314 4957 piae
2335 4885 2616 4940 memoriae
2646 4891 2913 4941 Damasus
2928 4902 3065 4957 papa
3087 4887 3333 4943 scribens
3352 4890 3421 4945 ad
3439 4893 3558 4945 Ste-

1974 4980 2214 5051 phanum
2274 4979 2748 5050 archiepiscopum
2794 4980 3173 5050 Mauritania},
3223 4990 3277 5037 et
3321 4983 3559 5053 reliquos

1972 5074 2259 5144 episcopos
2288 5071 2489 5129 Africa?
2520 5091 2531 5127 :
2571 5096 2595 5119 α
2628 5074 2735 5145 Qui
2766 5082 2970 5145 potest,
2998 5075 3198 5147 inquit,
3234 5076 3476 5143 obviare,
3505 5084 3559 5130 et

1972 5168 2289 5239 perturbare
2334 5183 2639 5237 perversos,
2671 5176 2725 5223 et
2772 5184 2883 5223 non
2925 5168 3079 5237 facit,
3111 5168 3239 5223 nihil
3280 5168 3428 5223 aliud
3478 5178 3560 5222 est

1968 5278 2138 5332 quam
2167 5260 2568 5317 eorumfavere
2598 5261 2877 5332 impietati.
2915 5286 2940 5309 ι»

2039 5358 2176 5410 Tres
2230 5355 2428 5410 modos
2489 5353 2964 5421 anathematismi,
3015 5367 3152 5422 quos
3208 5351 3559 5408 Triburiense

1969 5448 2263 5502 concilium
2294 5448 2450 5503 nobis
2480 5449 2787 5518 prescribit,
2822 5464 2934 5502 non
2964 5454 3078 5499 tam
3109 5446 3385 5516 generales
3412 5446 3562 5503 afﬁr-

1968 5556 2117 5597 mare
2136 5541 2517 5611 praesumimus
2543 5550 2602 5595 ut
2628 5542 2842 5596 nullum
2877 5540 3079 5608 absque
3109 5540 3367 5610 synodica
3399 5558 3562 5597 voca-

1969 5635 2114 5689 tione
2144 5634 2516 5689 damnandum
2556 5634 2668 5688 fore
2704 5642 2891 5687 contra
2921 5631 3063 5686 sedis
3104 5634 3414 5702 apostolica:
3447 5634 3559 5704 pri-

1972 5728 2229 5799 vilegium
2259 5744 2586 5794 asseramus,
2608 5726 2886 5795 satiusque
2915 5722 3175 5793 nobis,‘si
3206 5736 3258 5781 et
3281 5728 3453 5793 vobis,
3484 5728 3558 5783 ita

1969 5819 2185 5877 videtur
2231 5831 2291 5876 ut
2318 5822 2465 5877 idem
2506 5818 2799 5874 concilium
2846 5818 3023 5890 potius
3052 5820 3293 5889 aliquem
3324 5820 3558 5877 modum

3214 4515 3561 4569 «Sieade
3648 4518 3661 4523 ‘
