4062 6182
612 278 752 347 ms

1617 286 1708 341 AD
1746 284 1969 340 OPERA
2005 283 2062 338 S.
2104 281 2424 337 GREGORII
2459 280 2892 363 APPENDICES.

2886 156 2911 185 I

3695 287 3789 338 H76

556 428 561 433 ‘
619 415 986 472 anathematis
1007 413 1223 467 dicatur
1247 408 1665 481 pratermisisse
1684 423 1853 480 quam
1884 384 2278 478 apostolica'A
2312 407 2458 461 cium
2509 406 2576 460 de
2630 405 2718 461 his
2773 405 2937 460 rebus
2977 403 3047 459 de
3088 403 3286 475 quibus
3335 401 3503 458 adhuc
3539 404 3791 461 dubitamus.

554 548 565 556 κ
619 510 764 565 sedis
785 506 1060 579 privilegio
1088 503 1492 574 prajudicasse.
2196 566 2201 569 1

691 599 923 671 Singulis
972 605 1156 652 autem
1186 595 1600 667 objectionibus,
1633 594 1764 659 sive,
1803 601 1866 649 ut
1909 594 2086 647 verius
2126 592 2207 647 di-

620 710 772 758 uum,
827 690 1344 761 reprehensionibus
1396 689 1835 759 conspiratorum
1874 685 2207 756 respondere

618 802 729 842 non
755 784 1124 840 necessarium
1171 782 1530 847 astimamus,
1576 781 1774 852 quibus
1806 780 2019 849 culpam
2050 793 2206 832 suam

618 879 925 934 nullatenus
954 885 1422 948 expurgaverant,
1454 874 1546 929 sed
1591 889 1840 943 perversa
1884 872 2208 941 interpreta-

620 973 768 1026 tione
818 970 1245 1040 Scripturarum,
1292 970 1550 1021 Romano
1600 965 1838 1036 pontiﬁci
1871 962 2211 1033 derogando,

617 1065 828 1119 crimen
858 1078 1018 1117 suum
1072 1062 1498 1131 duplicaverant.
1552 1061 1694 1113 Nam
1725 1058 2025 1129 perjurium
2058 1054 2205 1127 quod

622 1173 752 1213 eum
802 1156 995 1211 fecisse
1048 1153 1395 1224 conﬁngunt,
1444 1152 1651 1206 etiamsi
1703 1167 1896 1206 eorum
1959 1149 2212 1204 subditus

623 1259 788 1315 esset,
838 1247 1165 1320 Oportuisset
1193 1256 1382 1300 tamen
1432 1254 1492 1298 ut
1537 1260 1667 1299 eum
1713 1261 1827 1297 non
1874 1241 2208 1303 confessum,

625 1342 994 1414 priusfecisse
1024 1343 1408 1395 convincerent
1448 1354 1613 1409 quam
1652 1337 1782 1392 illud
1811 1338 1864 1390 in
1892 1352 1956 1390 eo
1985 1344 2098 1390 tam
2128 1344 2209 1407 ty-

625 1436 854 1491 rannice
902 1434 1281 1489 vindicassent.
1333 1431 1493 1500 Quod
1521 1431 1585 1495 si,
1617 1439 1677 1485 ut
1706 1430 1935 1499 lingunt,
1974 1429 2215 1500 jurasset

625 1537 689 1583 ut
726 1544 821 1599 per
847 1542 1175 1583 consensum
1212 1525 1434 1580 Henrici
1474 1524 1617 1595 regis
1654 1527 1943 1577 Romanus
1971 1521 2219 1592 pontifex,

624 1621 906 1692 eligendus
934 1628 1095 1683 esset,
1118 1634 1404 1689 nunquam
1438 1627 1646 1681 tamen,
1684 1617 1829 1687 quod
1863 1624 1918 1670 et
1942 1631 2035 1669 vos
2058 1622 2214 1669 caute

555 1721 561 1727 '
622 1713 970 1786 pravidistis,
1002 1711 1271 1767 obviando
1303 1714 1569 1766 Romana
1595 1709 1869 1764 electionis
1906 1708 2210 1779 privilegio,

2382 503 2464 554 De
2481 499 2811 554 Simoniacis
2829 498 2991 568 igitur
3010 512 3316 567 precamur,
3330 504 3388 549 ut
3410 495 3652 565 prudentia
3669 506 3791 554 vestra

2313 593 2468 648 nobis
2506 593 2746 663 apertius
2771 592 3057 656 edisserat,
3088 592 3133 645 si
3176 598 3229 644 et
3254 590 3326 644 illi
3364 605 3456 660 pro
3482 589 3702 644 hareticis
3727 592 3792 645 de-

2315 694 2594 757 putentur,
2635 687 2730 757 qui
2763 694 2984 756 propter
3013 699 3196 739 sacros
3238 683 3445 738 ordines
3485 681 3640 754 aliqua
3673 684 3792 738 eccle-

2314 778 2531 835 siastica
2560 778 2763 843 ofﬁcia,
2796 787 2857 833 ut
2885 778 3169 833 decaniam
3196 817 3211 841 ,
3242 776 3623 846 praposituram
3661 785 3797 830 emunt

2314 873 2397 927 vel
2427 872 2689 927 vendunt.
2721 875 2845 927 Non
2877 886 3145 939 negamus
3170 869 3383 940 quidem
3420 877 3472 922 et
3506 883 3585 923 eos
3612 868 3797 938 probabi-

2316 967 2443 1021 liter
2484 981 2644 1036 posse
2684 965 2864 1019 vocari
2902 964 3259 1029 Simuniacos,
3311 971 3489 1032 utpote
3537 961 3596 1016 de
3630 961 3799 1031 spiritali

2318 1059 2502 1115 ofﬁcio
2540 1058 2799 1114 saculare
2837 1058 3049 1112 lucrum
3076 1063 3396 1127 quarentes,
3425 1071 3551 1126 quos
3574 1064 3621 1108 et
3654 1055 3706 1107 ab
3732 1056 3799 1109 eis-

2318 1151 2446 1207 dem
2478 1151 2671 1206 ofliciis
2685 1151 2836 1222 juxta
2868 1167 3108 1205 canones
3138 1148 3409 1219 pellendos
3435 1164 3540 1202 esse
3563 1163 3800 1211 censemus;

2318 1247 2412 1302 sed
2439 1262 2537 1300 cur
2566 1261 2666 1315 pro
2695 1244 2969 1300 hareticis
2998 1244 3111 1297 sint
3132 1241 3444 1312 deputandi,
3468 1257 3526 1295 ex
3552 1240 3803 1295 testimoniis

2322 1345 2414 1396 SS.
2444 1342 2667 1394 Patrum
2696 1338 3000 1393 evidentius
3026 1337 3209 1392 doceri
3227 1336 3500 1391 vellemus.

2393 1437 2625 1487 Sanctus
2688 1431 2940 1486 videlicet
3011 1429 3311 1501 Gregorius
3370 1429 3424 1483 in
3483 1427 3679 1482 decretis
3725 1426 3804 1480 suis

2324 1530 2498 1595 (epist.
2535 1528 2620 1591 55)
2656 1524 2788 1579 illud
2820 1523 3133 1594 specialiter
3152 1522 3509 1578 Simoniacam
3536 1520 3724 1576 haresiu
3745 1534 3803 1572 vo-

2322 1635 2446 1674 care
2499 1617 2728 1683 videtur,
2783 1633 2913 1671 cum
2962 1632 3161 1671 manus
3205 1615 3475 1687 impositio
3523 1629 3607 1684 pro
3646 1613 3804 1683 pecunia

2325 1713 2530 1767 emitur
2566 1710 2647 1765 vel
2678 1710 2948 1765 venditur.
2981 1709 3119 1764 Illud
3162 1709 3327 1764 etiam
3367 1706 3518 1763 nobis
3544 1705 3734 1761 scribere
3753 1703 3804 1758 di-

626 1824 683 1863 se
727 1806 1192 1862 anathematizare
1222 1804 1464 1870 deberet,
1498 1803 1789 1874 pracipue,
1824 1817 1949 1856 cum
1978 1817 2213 1856 canones
2246 1787 2294 1849 Β
2323 1805 2587 1878 gnemini,
2615 1804 2657 1859 si
2688 1812 2743 1859 et
2762 1803 2835 1858 illi
2864 1820 2962 1873 pro
2983 1802 3255 1859 hareticis
3275 1802 3551 1863 habentur,
3580 1798 3658 1870 qui
3676 1803 3807 1861 (10.50)

623 1900 810 1955 dicant
856 1919 869 1954 :
916 1898 1157 1955 Deﬁnito
1195 1899 1411 1953 incauta
1449 1896 1792 1952 laudabiliter
1825 1903 1905 1949 est
1933 1894 2207 1949 solvenda.

622 1995 737 2049 Nec
756 1992 1126 2063 pravaricatio
1158 1998 1261 2057 est,
1292 1990 1387 2046 sed
1414 1989 1737 2044 temeritatis
1768 1988 2101 2065 emendatio.

697 2085 951 2155 Amplius
993 2104 1005 2138 :
1055 2085 1109 2139 Si
1154 2083 1277 2153 quis
1317 2082 1642 2137 anachoreta
1685 2081 1765 2134 vel
1806 2082 2068 2147 inclusus,
2121 2078 2212 2149 qui

620 2178 924 2234 solitariam
952 2178 1118 2230 vitam
1148 2180 1267 2230 Deo
1296 2174 1605 2229 ﬁrmissime
1635 2173 1978 2244 promiserat,
2009 2172 2077 2227 ad
2106 2172 2216 2241 epi—

625 2270 904 2341 scepalem
939 2269 1170 2341 gradum
1211 2276 1559 2339 expetuntur,
1610 2266 1857 2337 nunquid
1891 2265 2215 2336 promissio-

625 2378 751 2417 nem
773 2376 952 2427 suam,
984 2361 1105 2423 licet
1130 2360 1447 2415 cautissime
1474 2359 1697 2422 factam,
1730 2360 1906 2428 magis
1930 2374 2093 2429 quam
2127 2361 2211 2412 lic-

626 2456 807 2511 clesia
821 2470 1048 2510 causam
1064 2455 1341 2508 attendere
1356 2452 1631 2517 debebunt
1650 2457 1672 2508 Ρ
1705 2455 1827 2507 Non
1849 2453 2027 2522 plane.
2054 2450 2214 2519 Quod

627 2558 682 2602 et
722 2548 893 2603 nostri
941 2546 1340 2617 conspiratores
1372 2561 1485 2601 non
1528 2545 1678 2600 inviti
1718 2545 2044 2611 concedunt,
2073 2559 2215 2614 quo-

627 2658 750 2696 rum
785 2639 1011 2712 quidam
1048 2640 1117 2695 ad
1164 2639 1543 2709 episcopatum
1583 2638 1747 2693 etiam
1778 2637 2081 2692 monachali
2113 2637 2215 2692 ha-

626 2734 739 2789 bitu
774 2734 989 2804 penitus
1017 2732 1233 2803 abjecto
1262 2732 1642 2787 convolarunt.
1675 2734 1819 2802 Ergo
1853 2731 1895 2785 si
1926 2740 1980 2785 et
2016 2731 2217 2785 cautis-

624 2828 761 2881 sima
794 2826 1087 2897 promissio
1118 2841 1215 2896 pro
1245 2841 1406 2880 causa
1440 2824 1696 2879 Ecclesia
1727 2824 2072 2879 laudabiliter
2100 2825 2214 2878 sol-

626 2921 772 2975 vitur
795 2928 1005 2991 quanto
1035 2919 1210 2988 magis
1237 2919 1288 2973 in
1313 2933 1476 2973 causa
1503 2933 1627 2988 qua
1654 2918 1819 2971 etiam
1852 2917 1952 2972 sub
1990 2916 2212 2971 anathe-

627 3021 776 3068 mate
807 3012 1019 3082 impleri
1066 3010 1406 3083 prohibetur.
1447 3013 1559 3065 Nec
1603 3008 1707 3064 hoc
1737 3010 1921 3081 utique
1950 3009 2208 3078 dicimus,

625 3105 779 3178 quasi
807 3103 1075 3160 domuum
1107 3103 1468 3174 apostolicum
1488 3104 1560 3158 ita
1586 3118 1826 3172 unquam
1851 3103 2064 3172 jurasse
2098 3117 2216 3157 cre-

2322 1914 2418 1970 per
2439 1897 2586 1954 aliud
2613 1912 2813 1952 munus
2836 1897 2943 1951 nisi
2971 1913 3002 1951 a
3026 1912 3199 1951 manu
3235 1911 3382 1951 sacra
3410 1893 3577 1949 ofﬁcia
3600 1898 3807 1956 emerunt,

2320 1993 2407 2047 vel
2435 1991 2811 2047 vendiderunt.
2839 1992 2975 2045 Nam
3006 1990 3131 2044 illos
3160 1990 3336 2061 magis
3352 1988 3642 2044 ambitiosos
3665 1984 3809 2039 censeri

2322 2086 2583 2141 vellemus
2609 2101 2776 2156 quam
2807 2084 3133 2140 Simoniaca
3152 2082 3379 2139 haeresis
3401 2079 3657 2143 obnoxios,
3680 2092 3734 2131 ne
3755 2090 3811 2145 pe

2320 2179 2468 2234 nitus
2496 2178 2857 2233 ecclesiastica
2893 2186 3234 2232 sacramenta
3274 2174 3708 2247 proscriberentur,
3729 2181 3811 2238 qua

2322 2288 2459 2342 pene
2491 2272 2719 2327 omnino
2749 2271 3012 2326 hactenus
3041 2286 3072 2325 a
3098 2270 3232 2325 solis
3261 2266 3559 2341 hujusmodi
3591 2259 3814 2319 ambitiosis

2323 2372 2583 2435 usurpata
2602 2379 2714 2419 non
2742 2365 3080 2435 ignoramus.

2392 2461 2479 2513 De
2506 2473 2589 2512 eo
2613 2466 2797 2512 autem
2824 2457 2971 2527 quod
2995 2455 3241 2511 scribitis
3270 2461 3592 2511 sacramenta
3625 2468 3651 2507 a
3687 2451 3810 2506 Simo-

2322 2551 2483 2607 niaco
2525 2550 2774 2606 nondum
2803 2549 3082 2621 publicato
3132 2558 3410 2619 usurpata,
3460 2546 3629 2603 scienti
3656 2542 3815 2615 quidem

2323 2660 2433 2699 non
2453 2660 2570 2699 esse
2593 2652 2955 2709 sacramenta,
2978 2643 3075 2698 sed
3098 2642 3401 2698 nescienti:
3425 2640 3634 2696 necdum
3652 2635 3817 2693 ﬁdeliter

2324 2738 2619 2810 intelligere
2670 2738 2975 2809 potuimus.
3030 2738 3178 2792 Nam
3227 2737 3513 2793 essentiam
3558 2747 3708 2788 rerum
3742 2741 3815 2781 non

2324 2830 2465 2886 solet
2495 2832 2551 2885 in
2582 2832 2917 2886 contrarium
2937 2829 3137 2885 ducere
3167 2830 3514 2885 contrarietas
3539 2822 3815 2897 opinantium.

2325 2925 2470 2995 Ergo
2500 2926 2547 2978 si
2577 2932 2916 2979 sacramenta
2954 2939 3181 2994 quoquo
3231 2922 3399 2978 modo
3427 2920 3653 2976 veraciter
3681 2916 3733 2971 ab
3747 2912 3816 2968 ali-

2331 3034 2442 3088 quo
2480 3018 2792 3073 Simoniaco
2831 3016 3223 3084 conﬁciuntur,
3276 3013 3547 3088 quomodo
3586 3010 3713 3067 alicui
3740 3006 3819 3078 ejus

2333 3110 2583 3166 haresim
2613 3111 2802 3166 scienti
2848 3110 3156 3165 inconfecta
3196 3111 3461 3165 veraciter
3502 3100 3820 3179 probabuntur?

626 3198 845 3263 damus,
873 3197 967 3252 sed
1007 3197 1130 3252 ideo
1180 3197 1413 3251 maxime
1444 3204 1524 3259 ut,
1564 3196 1783 3251 etiamsi
1825 3194 2039 3250 fecisset
2068 3196 2217 3266 quod
2249 3187 2295 3250 C
2326 3202 2601 3259 Credibile
2639 3203 2861 3274 quidem
2907 3202 3122 3258 videtur
3165 3203 3475 3275 corporales
3516 3215 3592 3256 res
3630 3198 3672 3275 in
3711 3188 3820 3247 altari

628 3308 738 3346 non
762 3290 909 3357 fecit,
938 3307 1048 3346 non
1077 3291 1151 3345 ob
1176 3290 1280 3345 hoc
1302 3297 1491 3344 tamen
1520 3289 1595 3344 ita
1622 3287 2080 3360 proscribendum
2102 3304 2221 3344 esse

631 3384 1017 3457 probaremus.

700 3478 996 3534 Sententia
1028 3485 1215 3532 autem
1248 3479 1343 3532 SS.
1373 3479 1618 3541 Patrum,
1648 3492 1783 3547 quas
1809 3485 2131 3531 enumerant
2156 3475 2222 3530 de

630 3571 1023 3642 compescenda
1054 3571 1404 3640 pralatorum
1436 3569 1707 3640 superbia,
1743 3571 1857 3624 sive
1882 3570 1949 3624 de
1986 3570 2221 3623 damna-

632 3666 786 3719 tione
808 3663 1118 3729 temeraria,
1154 3678 1212 3716 se
1241 3663 1387 3733 ipsos
1414 3663 1655 3716 maxime
1681 3662 1979 3732 percellunt
2004 3663 2093 3733 qui
2114 3678 2223 3716 non

628 3740 804 3810 modo
848 3756 906 3809 in
952 3755 1236 3821 subditos,
1275 3753 1372 3809 sed
1420 3754 1473 3808 in
1516 3755 1695 3825 ipsum
1739 3757 2033 3825 pralatum
2064 3771 2225 3809 suum

629 3863 774 3903 nova
816 3847 1239 3917 praesumptione
1267 3847 1659 3916 superbierant,
1693 3863 1861 3917 quem
1905 3848 1973 3902 ah
2004 3857 2224 3919 aposto-

635 3939 738 3993 lica
790 3938 941 4005 sede,
985 3946 1049 3993 ut
1091 3953 1309 3992 servum
1358 3954 1541 4005 suum,
1592 3938 1921 3994 descendere
1965 3940 2223 4010 singulari

598 4046 617 4055 “
636 4033 975 4087 contumacia
1000 4040 1389 4103 praceperaut.
1421 4032 1527 4087 Sed
1555 4030 1671 4086 hac
1692 4031 1975 4086 hactenus.

708 4124 1087 4196 Omnipotenti
1133 4128 1250 4179 Deo
1291 4124 1590 4196 condignas
1629 4132 1809 4196 grates
1873 4140 2229 4195 compensare

636 4220 955 4290 nequimus,
983 4217 1137 4288 cujus
1164 4218 1339 4289 gratia
1368 4219 1526 4273 nobis
1545 4219 1811 4274 concessit
1841 4228 1899 4274 ut
1930 4220 1985 4273 iu
2011 4219 2114 4274 hoc
2139 4237 2225 4290 pe-

637 4312 876 4368 riculoso
905 4322 1155 4382 tempore
1190 4311 1242 4366 in
1272 4328 1383 4383 quo
1412 4328 1603 4366 omnes
1628 4328 1750 4383 qua
1787 4329 1884 4367 sua
1909 4322 2038 4368 sunt
2074 4330 2226 4385 qua-

639 4413 765 4460 runt
790 4404 1009 4475 (Philip.
1044 4404 1133 4475 11),
1166 4422 1274 4460 non
1299 4420 1421 4476 qua
1449 4408 1579 4460 Jesu
1609 4406 1832 4472 Christi,
1860 4406 2228 4463 adulterantes

636 4499 864 4554 verbum
897 4498 1122 4554 Domini
1162 4501 1239 4565 (ΙΙ
1260 4499 1379 4553 Cor.
1413 4502 1507 4566 ιι),
1535 4515 1632 4552 vos
1660 4500 1853 4552 saltem
1898 4499 2224 4566 habeamus,

638 4592 725 4645 cui
779 4593 974 4646 veritas
1017 4591 1202 4647 audita
1247 4608 1410 4646 nares
1458 4608 1569 4647 non
1624 4591 1941 4656 contrahat;
1978 4593 2088 4647 imo
2136 4595 2224 4648 cui

642 4685 976 4754 praconium
1014 4684 1257 4739 veritatis
1297 4693 1505 4756 quanto
1542 4684 1785 4753 liberius,
1816 4694 1971 4740 tanto
2014 4685 2228 4744 dulcius

639 4778 833 4849 sapiat.
869 4780 990 4832 Non
1021 4778 1167 4832 enim
1198 4778 1285 4832 alii
1332 4788 1448 4832 tam
1491 4779 1799 4845 liberaliter,
1844 4787 1959 4834 tam
1988 4779 2230 4837 iufucate

640 4870 790 4941 loqui
822 4885 1319 4940 prasumeremus;
1347 4886 1513 4942 quem
1542 4887 1656 4927 non
1683 4881 1800 4927 tam
1832 4873 2117 4929 veritatem
2146 4891 2229 4929 re-

644 4980 769 5019 rum
797 4979 962 5033 quam
1000 4962 1228 5035 aliquod
1274 4964 1543 5034 privatum
1587 4965 1833 5020 studium
1888 4982 1984 5036 per
2012 4968 2224 5038 singula

648 5058 1134 5127 interpretaturum
1195 5066 1531 5126 putaremus.
1587 5059 1727 5124 Hoc,
1748 5058 1990 5129 inquam,
2078 5060 2231 5117 nefas

641 5159 786 5205 esset
812 5151 881 5205 de
907 5150 1062 5204 vobis
1095 5149 1174 5203 vel
1204 5151 1470 5218 suspicari
1508 5169 1520 5203 :
1551 5150 1642 5220 qui
1685 5150 1869 5221 ipsum
1919 5168 2225 5221 praconem

641 5243 883 5299 veritatis
926 5258 1024 5313 pro
1064 5241 1304 5295 sacrario
1354 5242 1591 5312 Spiritus
1636 5243 1808 5298 sancti
1858 5246 2223 5301 venerandum

639 5335 754 5391 fore
796 5335 1103 5403 iudicastis.
1141 5335 1358 5404 Experti
1402 5335 1562 5403 igitur
1590 5343 1785 5389 vestra
1818 5337 2117 5405 prudentia
2145 5356 2228 5393 ar-

634 5424 830 5481 dorem
879 5427 949 5482 ad
1001 5427 1370 5498 indagandum
1416 5427 1527 5481 sive
1575 5427 2009 5485 denuntiandam
2038 5447 2219 5487 rerum

632 5518 940 5586 veritatem,
990 5519 1339 5591 potissimum
1377 5528 1619 5575 vestrum
1651 5531 2030 5592 exspectamus
2071 5525 2217 5596 judi-

636 5708 641 5715 ,
700 5661 880 5722 (1050)
910 5657 1030 5711 Hoc
1057 5665 1159 5719 est.
1186 5674 1291 5711 non
1319 5674 1412 5727 per
1435 5661 1746 5728 pecuniaria;
1776 5660 1912 5716 hanc
1935 5665 2081 5717 enim
2114 5680 2211 5717 vo-

629 5728 849 5795 cabant,
879 5744 1127 5782 munusa
1149 5745 1330 5795 manu,
1366 5739 1427 5784 ut
1458 5738 1602 5800 patet
1625 5746 1687 5785 ex
1714 5733 1804 5787 lib.
1836 5737 1935 5787 IS.
1967 5735 2210 5788 Ansclrni

627 5808 820 5855 contra
851 5801 1205 5868 Guibertum,
1251 5803 1346 5873 qui
1372 5811 1618 5857 recenset
1642 5804 1745 5858 tria
1784 5819 1984 5874 genera
2014 5821 2208 5859 mune-

2328 3297 2533 3367 positas
2558 3312 2653 3366 per
2672 3295 3071 3351 sacerdotalem
3089 3296 3525 3352 benedictionem
3547 3309 3604 3348 ex
3620 3272 3823 3345 consensu

2330 3389 2585 3444 Ecclesia
2610 3389 2667 3443 in
2694 3388 2877 3444 divina
2906 3405 3066 3459 posse
3089 3390 3337 3445 converti
3360 3392 3678 3447 sacramenta,
3700 3378 3821 3434 etiam

2328 3484 2470 3539 inter
2489 3501 2686 3540 manus
2703 3484 3104 3552 hareticorum,
3126 3486 3381 3541 nondum
3402 3470 3570 3539 tamen
3588 3480 3636 3535 in
3653 3471 3822 3532 Ecclesia

2328 3578 2753 3648 publicatorum.
2799 3580 2966 3648 Qua,
3013 3578 3281 3649 inquam,
3321 3583 3630 3633 sacramenta
3660 3565 3823 3642 ρτοθσὶ·

2330 3670 2461 3726 bere
2488 3672 2781 3741 timemus;
2825 3673 2905 3726 vel
2937 3672 3081 3742 apud
3125 3671 3273 3727 illius
3300 3671 3588 3733 scientiam,
3612 3665 3687 3735 Qui
3707 3659 3822 3721 δοῑιιες

2332 3764 2413 3818 vel
2462 3763 2600 3818 alter
2649 3763 3002 3818 sacriﬁcantis
3044 3763 3289 3820 haretici
3335 3761 3631 3835 cognoverit
3664 3756 3823 3811 demen-

2334 3856 2490 3922 tiam,
2522 3858 2692 3912 satius
2721 3857 2877 3911 nobis
2903 3856 3179 3911 videretur
3209 3867 3275 3911 ut
3311 3858 3494 3913 eadem
3530 3864 3581 3909 et
3605 3851 3684 3921 ipsi
3714 3849 3825 3902 hart-

2333 3949 2439 4003 tico
2469 3950 2771 4005 conﬁcienti
2791 3991 2805 4016 ,
2860 3959 2914 4005 et
2950 3951 3039 4005 alii
3068 3951 3188 4021 ejus
3231 3950 3480 4006 haresim
3507 3944 3666 4003 scienti
3700 3951 3827 3996 sacra-

2334 4051 2522 4097 menta
2552 4059 2670 4098 esse
2690 4044 3019 4111 crederetur,
3046 4059 3213 4114 quam
3242 4044 3435 4100 eadem
3454 4057 3563 4099 esse
3586 4048 3727 4095 etnon
3744 4042 3828 4086 esse

2336 4137 2709 4203 statuerimus,
2739 4136 2987 4191 videlicet
3031 4144 3094 4191 ut
3122 4136 3319 4192 eadem
3348 4136 3548 4192 oblatio
3574 4142 3617 4188 et
3644 4121 3827 4185 offerenti

2337 4228 2594 4285 haretico
2622 4230 2733 4285 sive
2762 4229 2877 4300 ejus
2904 4230 3055 4284 socio
3080 4228 3150 4285 a'd
3176 4212 3602 4289 damnationem,
3625 4214 3826 4294 ignoranti

2335 4331 2517 4376 autem
2538 4322 2806 4378 catholico
2828 4322 2895 4377 ad
2921 4323 3153 4378 salutem
3183 4324 3539 4394 provenirent.
3562 4322 3679 4375 Nam
3694 4316 3736 4369 S.
3757 4316 3831 4365 Λιι-

2336 4414 2605 4485 gustinus,
2647 4414 2743 4469 ubi
2774 4415 3100 4488 neophytos,
3156 4416 3285 4471 licet
3323 4424 3448 4472 ante
3475 4409 3831 4470 communionem

2335 4515 2514 4565 morte
2543 4518 2874 4578 praventos,
2898 4524 3010 4563 non
3030 4517 3219 4564 tamen
3248 4525 3345 4565 eos
3361 4514 3672 4565 sacramento
3693 4491 3833 4571 privari

2336 4608 2584 4668 testatur,
2612 4616 2722 4655 non
2745 4601 2812 4656 de
2841 4617 2919 4667 re,
2945 4603 3039 4657 sed
3067 4601 3137 4657 de
3167 4602 3365 4658 virtute
3390 4596 3681 4659 sacramenti
3695 4590 3836 4649 dixisse

2339 4692 2569 4762 videtur,
2610 4702 2670 4749 ut
2698 4693 2784 4749 ille
2811 4696 3134 4749 sacramenti
3165 4697 3368 4750 virtute
3392 4711 3499 4750 non
3527 4697 3697 4754 careat,
3718 4693 3835 4756 quem

2338 4794 2579 4841 extrema
2622 4787 2917 4842 necessitas
2957 4803 2987 4841 a
3017 4787 3147 4842 reali
3187 4790 3575 4843 communione
3611 4772 3836 4850 suspendit

2341 4882 2408 4933 Et
2430 4895 2530 4934 nos
2559 4880 2750 4950 utique
2789 4894 3003 4943 omnes,
3048 4880 3091 4935 si
3121 4881 3411 4936 catholica
3443 4879 3557 4934 ﬁdei
3585 4891 3678 4931 nou
3710 4878 3837 4925 cessa-

2342 4988 2464 5027 mus
2500 4972 2804 5045 c00perari,
2850 4989 3140 5044 nunquam
3185 4974 3307 5045 ejus
3353 4956 3658 5028 sacramenti
3696 4965 3838 5018 virtuu‘

2340 5065 2634 5136 privamur,
2666 5065 2789 5120 licet
2812 5066 2987 5136 ipsam
3009 5082 3126 5120 rem
3147 5066 3469 5121 sacramenti
3498 5066 3655 5119 rarius
3678 5062 3837 5112 sumre

2337 5160 2627 5225 soleamus,
2677 5158 2753 5213 sic
2781 5159 2967 5229 utique
3014 5158 3230 5215 facilius
3262 5175 3357 5216 vos
3398 5159 3674 5229 intelligere
3697 5158 3838 5221 ροεδθί

2338 5267 2479 5315 mus,
2497 5251 2814 5306 sidiceretis
2827 5253 3121 5321 quemlibet
3143 5253 3543 5309 Catholicorum
3565 5248 3628 5302 ab
3650 5260 3704 5299 eo
3726 5248 3838 5311 quem

2334 5345 2507 5398 nescit
2553 5344 2865 5399 hareticum
2918 5362 3030 5400 non
3077 5362 3195 5401 rem
3237 5345 3563 5401 sacramenti
3607 5336 3837 5411 μετάθετε*

2334 5452 2499 5507 quam
2536 5452 2637 5491 nec
2676 5436 2962 5493 hareticns
2996 5448 3171 5508 potest
3199 5439 3489 5504 conﬁcere,
3520 5434 3606 5490 sed
3646 5431 3837 5485 virtutem

2327 5530 2671 5596 sacramenti,
2714 5547 2827 5585 non
2866 5547 2929 5586 ex
2962 5532 3055 5587 illa
3082 5532 3449 5603 perceptione,
3485 5527 3575 5585 sed
3596 5541 3654 5582 ex
3681 5512 3836 5594 ρτοΡτίθ

2321 5681 2466 5730 rum,
2527 5666 2724 5736 quibus
2772 5668 3139 5723 ecclesiastica
3193 5667 3454 5722 beneﬁcia
3504 5660 3830 5736 emebauwr'

2318 5753 2514 5791 munus
2542 5732 2576 5790 ἐι
2595 5755 2784 5808 rnunu,
2809 5756 3007 5795 munus
3029 5756 3064 5793 a
3088 5742 3297 5807 lingua,
3328 5754 3520 5792 munus
3547 5738 3609 5787 ab
3625 5732 3832 5794 οδεθίϊωθ·
