4062 6182
294 306 437 360 H77

1208 303 1492 359 APPEND.
1536 304 1623 361 111.
1662 335 1735 348 -
1769 300 2191 363 MONUMENTA
2227 307 2690 365 GREGORIANA.

3462 316 3597 370 H78

290 427 417 482 ﬁde.
466 410 610 490 Hoc,
652 426 908 498 inquam,
953 425 1336 498 intelligibilius
1384 429 1547 484 nobis
1591 430 1889 497 videretur,
1922 437 1975 498 Α
2005 430 2469 501 sanctiﬁcationis,
2509 448 2631 504 quae
2659 431 2846 504 utique
2875 432 3075 501 forma,
3106 434 3220 490 sive
3247 418 3471 507 accepta
3499 438 3605 495 vir-

288 536 457 592 quam
482 519 630 575 idem
659 518 815 589 panis
848 518 903 573 in
926 518 1107 575 divina
1134 527 1481 575 sacramenta
1510 520 1814 591 confectus,
1836 530 1892 577 et

290 629 401 668 non
429 611 712 667 confectus
740 612 1032 667 diceretur.
1076 613 1334 684 Apertius
1362 613 1527 685 igitur
1557 613 1713 670 nobis
1757 607 1886 671 inti-

291 713 441 761 mate
469 704 600 778 quid
629 704 699 760 de
728 702 1046 775 hujusmodi
1077 707 1441 761 sacramentis
1479 706 1777 763 debeamus
1796 708 1885 779 ju-

288 798 491 854 dicare.

361 892 659 948 Sententiae
685 899 872 947 autem
902 901 1097 947 vestrae
1124 891 1191 948 de
1220 892 1486 948 ordinatis
1515 893 1585 948 ab
1605 893 1887 961 haeretico,

289 986 493 1041 iterum
521 984 843 1041 ordinandis
870 1000 899 1040 a
932 984 1234 1053 Catholico,
1258 986 1392 1041 illud
1421 1003 1722 1059 repugnare
1744 986 1890 1042 vide-

289 1085 400 1144 tur,
446 1077 593 1149 quod
624 1077 983 1149 quamplures
1012 1077 1399 1133 haereticorum
1447 1079 1672 1135 clericos
1699 1080 1768 1135 ad
1795 1096 1887 1135 ca-

286 1172 552 1228 tholicam
579 1170 746 1226 ﬁdem
775 1186 1068 1226 conversos
1096 1172 1151 1226 in
1198 1172 1483 1228 ordinibus
1510 1174 1626 1228 suis
1655 1173 1888 1243 legimus

289 1276 566 1337 acceptos,
596 1280 704 1319 non
737 1264 925 1336 utique
953 1273 1383 1329 reconsecratos,
1421 1265 1679 1321 videlicet
1707 1274 1769 1320 ut
1796 1266 1886 1320 Ni-

287 1373 502 1415 caeuum
534 1357 848 1423 concilium,
874 1357 1110 1429 capitulo
1135 1364 1170 1412 8
1200 1358 1557 1426 Novatianos,
1587 1366 1642 1414 et
1671 1358 1883 1414 Africa-

287 1467 443 1517 num,
490 1465 611 1521 cap.
647 1456 737 1516 35,
772 1450 1087 1505 Donatistas
1130 1450 1472 1521 recipiendos
1518 1466 1635 1506 esse
1664 1452 1722 1506 in
1771 1452 1886 1506 suis

286 1543 587 1613 ordinibus,
640 1559 752 1598 non
799 1542 1283 1610 reconsecrandos,
1351 1543 1610 1599 decrevit.
1672 1547 1883 1616 Nempe

282 1638 570 1693 Nicaenum
611 1637 911 1693 concilium
961 1636 1313 1692 solummodo
1341 1637 1568 1693 clericos
1611 1637 1882 1693 Pauliani-

282 1740 497 1786 starum
522 1746 552 1784 a
573 1729 871 1785 Catholicis
892 1728 1288 1786 reordinandos
1305 1730 1614 1798 constituit,
1643 1747 1882 1802 quorum

281 1825 450 1879 etiam
493 1822 794 1894 baptizatos
839 1839 870 1877 a
910 1821 1209 1878 Catholicis
1251 1822 1608 1894 baptizandos
1636 1839 1754 1879 esse
1780 1823 1877 1880 de-

280 1917 474 1972 crevit.
506 1918 637 1972 Haac
658 1917 809 1971 enim
837 1914 1061 1971 haeresis
1082 1930 1191 1970 non
1221 1916 1453 1971 faciebat
1470 1916 1877 1972 invocationem

280 2014 338 2065 S.
366 2010 669 2065 Trinitatis.

355 2106 628 2159 Dammus
661 2112 845 2159 autem
874 2119 1011 2174 papa
1042 2105 1220 2173 (epist.
1247 2108 1325 2170 5),
1357 2102 1608 2159 scribens
1640 2103 1711 2158 ad
1738 2105 1877 2158 Pro-

282 2213 505 2269 sperum
536 2197 733 2268 prima:
760 2196 908 2252 sedis
934 2196 1213 2252 Numidiae
1226 2197 1541 2267 episcopum
1560 2202 1615 2251 et
1636 2196 1879 2267 reliquos

260 2292 590 2362 episcopos,
659 2298 852 2345 vestrae
913 2290 1196 2344 sententiae
1260 2290 1328 2344 de
1382 2289 1880 2345 reordinationihus

279 2383 570 2455 astipulari
618 2382 852 2450 videtur,
884 2383 934 2437 si
960 2390 1144 2438 tamen
1174 2383 1229 2436 in
1256 2381 1554 2453 exemplari
1582 2398 1691 2437 non
1731 2380 1877 2437 falli-

280 2494 453 2533 mur:
490 2502 515 2527 ιι
550 2477 825 2533 Perillam
850 2477 1096 2531 illicitain
1120 2476 1770 2547 manusimpositiouem,
1796 2475 1878 2531 in-

278 2571 424 2642 quit,
468 2579 531 2625 ut
566 2571 727 2640 paulo
773 2566 1022 2641 superius
1062 2568 1493 2640 praelibavimus,
1541 2568 1882 2623 vulneratum
1932 2578 1935 2581 '

279 2674 448 2735 caput
473 2664 548 2719 illi
578 2665 673 2735 qui
702 2663 1028 2719 videbantur
1054 2662 1260 2734 aliquid
1284 2664 1559 2734 accepisse
1586 2663 1877 2718 habebant.

278 2760 372 2823 Et,
406 2759 494 2812 ubi
528 2758 726 2813 vulnus
773 2746 1017 2812 inﬁxum
1051 2765 1155 2820 est,
1184 2772 1406 2812 necesse
1434 2765 1516 2810 est
1542 2756 1882 2811 medicinam

279 2852 562 2918 adhibere,
602 2866 709 2922 qua
756 2851 921 2906 inﬁxa
950 2860 1180 2906 sanetur
1207 2850 1442 2915 macula,
1482 2849 1537 2905 id
1583 2859 1687 2915 est,
1719 2850 1883 2905 reite—

276 2945 392 3001 rari
437 2960 658 3001 necesse
687 2952 771 3001 est
798 2944 948 3016 quod
991 2944 1231 3015 legitime
1259 2951 1446 2999 actum
1491 2951 1587 2998 aut
1623 2942 1884 2998 collatum

277 3039 514 3094 minime
559 3038 841 3109 probatur,
866 3037 918 3092 si
962 3035 1265 3107 perfectum
1301 3051 1422 3091 esse
1448 3034 1687 3092 debebit.
1738 3038 1884 3091 Nam

275 3131 560 3204 quomodo
582 3130 855 3185 honorem
875 3129 1049 3202 possit
1074 3130 1310 3185 retinere
1330 3131 1422 3201 qui
1449 3129 1519 3184 ab
1544 3129 1638 3184 illo
1666 3130 1877 3198 accepit

277 3226 375 3296 qui
406 3233 733 3295 potestatem
760 3224 890 3279 dare
933 3223 1176 3295 legitime
1215 3238 1328 3278 non
1374 3221 1586 3291 habuit,
1636 3221 1878 3277 invenire

277 3335 398 3374 non
426 3333 649 3389 possum
676 3321 876 3383 (1051).
908 3340 933 3365 ι

353 3413 569 3466 Harum
594 3411 763 3482 igitur
788 3410 1186 3465 sententiarum
1215 3408 1633 3480 repugnantiam
1657 3423 1887 3464 concor-

278 3506 418 3561 dare
444 3504 744 3571 nescimus,
768 3502 873 3558 nisi
904 3502 1344 3558 hoc'auctoritati
1373 3502 1520 3556 sedis
1541 3502 1883 3572 apostolicae,

278 3615 415 3653 cum
452 3612 722 3653 consensu
750 3604 954 3652 sach
982 3596 1176 3651 matris
1225 3594 1478 3650 Ecclesiae
1506 3594 1713 3650 licitum
1743 3594 1885 3649 forte

275 3692 551 3756 dicamus,
584 3698 643 3745 ut
667 3705 766 3760 pro
794 3689 976 3761 aliqua
1006 3690 1270 3759 temporis
1303 3688 1628 3743 necessitate
1666 3688 1883 3743 ordina-

282 3794 374 3841 tos
402 3784 471 3839 ab
508 3783 802 3849 hareticis,
850 3798 946 3854 per
973 3782 1374 3837 invocationem
1415 3784 1471 3838 S.
1505 3780 1789 3836 Trinitatis
1828 3781 1884 3835 in

280 3878 477 3934 ordine
515 3893 616 3932 suo
662 3892 776 3932 non
810 3874 1276 3931 reconsecrandos
1303 3875 1586 3945 suscipiat,
1617 3889 1756 3945 quos
1802 3876 1885 3929 ta-

280 3986 416 4026 men
461 3970 750 4041 aliquando
797 3968 868 4025 ad
912 3968 1309 4024 evidentiorem
1359 3967 1630 4024 haeretica:
1660 3967 1887 4022 ordina-

285 4064 462 4120 tionis
477 4063 928 4135 proscriptionem
964 4061 1329 4116 recousecrari
1350 4060 1646 4131 praecipiat.
1670 4061 1885 4115 Nullam

288 4157 441 4212 enim
490 4156 954 4212 consecrationem
1000 4153 1250 4208 videntur
1294 4153 1569 4224 aliquibus
1615 4154 1889 4223 accepisse

288 4252 365 4309 ab
393 4250 661 4307 haereticis
688 4250 889 4321 quippe
898 4249 1018 4320 jam
1038 4246 1250 4303 dudum
1278 4246 1436 4302 omni
1464 4245 1690 4317 spiritali
1715 4245 1888 4317 gratia

286 4345 536 4418 privatis,
581 4352 641 4398 ut
668 4345 731 4397 B.
761 4342 933 4397 Judas
958 4341 1235 4412 apostolus
1259 4338 1327 4395 de
1369 4338 1576 4394 eisdem
1608 4346 1842 4393 testatur
1873 4361 1885 4393 :

289 4463 313 4487 α
366 4440 435 4492 Hi
465 4446 614 4503 sunt,
645 4435 844 4507 inquit,
874 4435 968 4507 qui
1005 4442 1296 4505 segregant
1321 4449 1379 4488 sc
1408 4432 1574 4503 ipsos,
1608 4431 1884 4498 animales,

284 4533 540 4605 spiritum
569 4547 680 4586 non
714 4530 995 4585 habentes.
1042 4551 1067 4576 ιο
1104 4527 1269 4585 Unde
1296 4530 1361 4583 B.
1395 4528 1745 4583 Innocentius
1774 4528 1884 4598 (24,
1922 4543 1966 4603 ι)

287 4644 345 4698 q.
381 4632 430 4693 1,
464 4642 512 4680 c.
547 4630 636 4691 30)
669 4642 683 4679 :
720 4644 747 4673 «
778 4622 1054 4689 Haeretici,
1096 4620 1290 4692 inquit,
1331 4636 1461 4676 cum
1494 4636 1526 4675 a
1556 4620 1662 4676 ﬁde
1690 4621 1887 4675 catho—

288 4721 396 4774 lica
420 4718 762 4781 desisterent,
797 4714 1188 4787 perfectionem
1236 4713 1479 4785 spiritus,
1513 4729 1682 4784 quam
1729 4729 1885 4769 acce-

291 4821 503 4886 perant,
534 4811 851 4866 amiserunt.
881 4831 905 4856 n
940 4809 1082 4863 Hinc
1105 4807 1270 4879 igitur
1297 4806 1584 4878 conjicitur
1610 4805 1889 4862 ordinatos

291 4908 363 4963 ab
398 4906 651 4962 hmretico
677 4921 788 4959 non
815 4904 1287 4959 consecrationem
1318 4901 1558 4972 aliquam
1596 4900 1887 4971 accepisse,

288 4998 393 5057 sed
442 4998 617 5055 solam
672 4996 913 5054 formam
973 4995 1400 5053 consecrationis
1440 4995 1648 5066 absque
1687 4994 1891 5049 virtute

366 5203 553 5267 (1051)
592 5198 705 5254 Hoc
766 5196 992 5254 Damasi
1055 5196 1263 5251 dictum
1309 5203 1363 5251 et
1413 5194 1605 5267 similia
1666 5194 1887 5267 intelligi

289 5266 498 5326 debent
526 5266 606 5325 vel
651 5271 720 5325 de
765 5269 1147 5325 ordinatorum
1194 5283 1326 5322 cum
1368 5266 1602 5321 Ecclesia
1633 5266 1887 5320 concilia-

286 5343 467 5407 tione,
493 5345 574 5396 vel
612 5340 1017 5395 reordinationc
1045 5352 1193 5403 vera,
1238 5338 1283 5392 si
1326 5338 1449 5407 quis
1479 5336 1650 5391 valide
1680 5337 1749 5390 ab
1781 5336 1890 5392 liae-

286 5416 469 5469 retico
508 5411 985 5484 velschismatico
1034 5423 1152 5484 non
1201 5407 1369 5484 fuerit
1410 5407 1716 5473 ordinatus,
1758 5424 1884 5462 cum

284 5486 501 5540 scilicet
526 5478 815 5538 ordinatos
838 5478 1135 5537 ordinandi
1163 5496 1265 5534 nec
1286 5480 1378 5550 jus
1418 5494 1518 5533 nec
1558 5487 1886 5550 potestatem

284 5556 508 5612 habuit.

366 5628 548 5696 (1052)
572 5627 698 5680 Haec
723 5624 1085 5694 disputantur
1110 5622 1179 5676 ab
1225 5621 1523 5696 Adulberto
1550 5622 1889 5696 et_Bernaldo

280 5694 403 5752 non
426 5714 525 5766 per
558 5699 921 5755 assertionem.
947 5696 1038 5749 sed
1064 5695 1435 5766 inquisitionis
1466 5694 1672 5766 grutiu.

367 5764 547 5833 (1053)
594 5770 710 5826 Non
737 5769 852 5821 vult
880 5768 1031 5822 FeliJ:
1066 5767 1169 5831 ΙΙΙ,
1210 5765 1365 5831 epist.
1408 5769 1461 5824 7,
1507 5764 1579 5816 ad
1604 5766 1887 5818 universos

280 5844 582 5911 episcopos,
629 5843 757 5893 tom.
795 5840 851 5893 ΙΙ
893 5837 1089 5892 Concil.
1128 5849 1275 5889 nova:
1314 5834 1451 5897 edit,
1483 5849 1565 5888 eos
1603 5837 1698 5903 qui
1726 5834 1889 5889 Chri-

1998 532 2115 580 tute
2141 525 2607 594 sanctiﬁcationis,
2635 541 2701 581 ex
2727 541 2997 581 consensu
3024 536 3233 583 sanctae
3271 529 3525 587 Ecclesiae
3568 548 3597 587 a

1997 619 2270 673 conversis
2316 619 2638 687 retineatur,
2685 619 2799 675 sive
2847 635 2944 690 per
2991 620 3340 677 iterationem
3388 624 3601 695 penitus

1998 710 2396 781 proscribatur,
2443 711 2514 766 ad
2560 727 2802 782 pratsens
2830 728 2940 768 non
2972 715 3210 769 occurrit
3237 715 3382 785 quod
3430 717 3597 773 ratio-

1996 804 2251 859 nabiliter
2276 804 2439 875 objici
2467 805 2638 875 possit
2667 810 2871 871 (1052).
2898 808 3040 862 Nam
3070 806 3160 862 illa
3190 807 3446 878 objectio.
3477 825 3601 881 quae

1996 897 2128 951 dicit
2170 897 2577 952 invocationem
2619 907 2825 954 sanctae
2854 899 3161 967 Trinitatis,
3201 900 3328 957 licet
3369 902 3439 957 ab
3481 903 3597 959 hae-

1997 990 2168 1046 retico
2204 988 2400 1045 factam
2437 1006 2552 1045 non
2579 1005 2698 1045 esse
2741 991 3150 1058 annullandam,
3181 991 3343 1049 facile
3388 994 3596 1050 refelli—

1994 1092 2105 1151 tur,
2137 1099 2265 1138 cum
2313 1082 2567 1138 ecclesias
2594 1085 2727 1138 item
2773 1085 2843 1139 ab
2879 1084 3150 1141 hmreticis
3182 1101 3278 1156 per
3304 1087 3599 1143 invOcatio-

1998 1192 2123 1231 nem
2166 1179 2223 1232 S.
2265 1177 2541 1231 Trinitatis
2589 1185 2937 1233 consecratas
2986 1194 3363 1234 reconsecrare
3401 1180 3595 1251 jubea-

1995 1286 2141 1335 mur,
2182 1279 2240 1324 ut
2286 1272 2339 1326 S.
2372 1272 2615 1325 Joannes
2660 1270 2858 1341 pra’sul
2906 1271 3257 1341 apostolicus,
3314 1273 3457 1328 illius
3496 1290 3597 1329 no-

1993 1363 2164 1418 minis
2203 1363 2410 1434 primus
2438 1362 2668 1418 diversis
2700 1363 2968 1434 episcopis
2997 1362 3261 1427 scribens,
3288 1364 3592 1421 decrevisse

1993 1455 2235 1527 lcgitur(
2263 1472 2343 1526 ep.
2376 1460 2430 1521 2)
2463 1476 2475 1512 :
2514 1480 2537 1503 α
2570 1456 2857 1525 Ecclesias,
2888 1456 3088 1528 inquit,
3122 1456 3454 1513 Arianorum
3480 1459 3594 1514 ubi-

1991 1564 2208 1620 cunque
2253 1549 2588 1615 inveneritis,
2638 1548 2933 1605 catbolicas
2978 1565 3070 1605 eas
3110 1549 3303 1605 divinis
3347 1552 3593 1621 precibus

1990 1650 2046 1697 et
2071 1643 2332 1713 operibus
2358 1642 2562 1712 absque
2587 1642 2693 1698 ulla
2719 1657 2876 1698 mora
2905 1652 3242 1710 consecrate,
3259 1645 3385 1714 quia
3408 1653 3464 1698 et
3494 1660 3595 1699 nos

1990 1734 2244 1803 fecimus,
2292 1751 2420 1791 cum
2464 1752 2564 1806 pro
2588 1751 2752 1791 causa
2779 1736 3110 1793 Theodorici
3150 1736 3292 1808 regis
3323 1738 3595 1793 Constan-

1912 1809 1958 1871 Β
1985 1829 2216 1900 tinopoli
2247 1828 2557 1884 fuissemus.
2598 1848 2628 1881 »

2058 1924 2268 1994 Nempe
2306 1923 2445 1978 sacri
2487 1922 2831 1993 baptismatis
2876 1922 3115 1979 formam
3162 1924 3225 1983 in
3262 1925 3486 1981 nomine
3529 1928 3591 1982 S.

1986 2016 2283 2083 Trinitatis,
2315 2016 2443 2071 licet
2479 2016 2548 2070 ab
2597 2015 2852 2072 haeretico
2899 2026 3232 2088 susceptam,
3276 2034 3387 2072 non
3426 2019 3590 2074 itera-

1986 2125 2133 2175 mus,
2180 2124 2251 2164 ne
2302 2117 2643 2179 prmeeptum
2681 2109 2750 2163 ab
2788 2110 3054 2179 Apostolo
3098 2126 3271 2164 unum
3318 2110 3588 2181 baptisma

1987 2202 2350 2274 praecipientis
2381 2201 2727 2272 praevaricari
2762 2202 3062 2258 videamur.
3100 2205 3394 2267 Praeterea,
3426 2211 3488 2257 ut
3517 2207 3584 2259 B.

1990 2296 2138 2352 Felix
2190 2311 2328 2367 papa
2382 2295 2623 2367 generali
2690 2295 2928 2366 synodo'
2965 2294 3262 2365 praesidens
3309 2295 3589 2352 verissime

1986 2389 2365 2461 pronuntiavit
2394 2391 2584 2457 (1053)
2617 2406 2629 2442 :
2665 2411 2690 2435 α
2723 2387 2916 2443 Nullus
2943 2388 3008 2442 ad
3035 2388 3329 2443 secundam
3358 2389 3591 2444 tinctio-

1988 2498 2114 2537 nem
2163 2481 2349 2536 venire
2406 2481 2623 2551 poterit,
2679 2480 2782 2536 nisi
2821 2480 3078 2552 primitus
3124 2479 3373 2551 professo
3423 2498 3591 2554 paga—

1988 2576 2166 2629 nismo
2194 2590 2252 2629 se
2296 2573 2665 2629 Christianum
2709 2574 3071 2645 denegaverit.
3106 2593 3133 2626 ››
3170 2575 3306 2643 Quae
3349 2574 3589 2648 denega-

1989 2668 2066 2723 tio
2095 2682 2192 2738 per
2224 2666 2568 2722 iterationem
2605 2666 2860 2737 baptismi
2890 2666 3007 2735 iure
3030 2666 3308 2733 videatur;
3340 2683 3411 2722 ne
3431 2668 3588 2738 juxta

1989 2761 2277 2817 Nicaeuum
2318 2747 2613 2814 concilium
2659 2759 2979 2830 gravissime
3025 2760 3300 2830 puniatur.
3347 2762 3469 2815 Hoc
3499 2769 3589 2817 ta-

1994 2869 2121 2909 men
2158 2850 2529 2907 indubitanter
2555 2851 2783 2917 scimus,
2808 2851 2963 2922 juxta
2993 2852 3323 2921 apostolicas
3351 2853 3589 2908 sanctio-

1992 2962 2110 3011 nes,
2138 2946 2353 3001 nullum
2380 2944 2448 3000 ab
2475 2944 2732 3000 haeretico
2761 2944 3076 3001 ordinatum
3107 2961 3137 2998 a
3163 2944 3472 3013 catholicis,
3503 2947 3588 3003 vel

1994 3041 2051 3095 in
2081 3039 2272 3095 ordine
2300 3055 2399 3095 suo
2443 3037 2842 3109 recipiendum,
2883 3038 2965 3092 vel
2993 3037 3448 3104 reordinandum,
3485 3040 3590 3095 nisi

1988 3133 2041 3187 in
2071 3133 2173 3188 hoc
2202 3132 2365 3188 alicui
2408 3130 2675 3203 temporis
2702 3130 3009 3186 necessitati
3052 3130 3387 3186 consulatur.
3426 3133 3585 3196 Nam,

1990 3235 2051 3282 ut
2077 3225 2367 3297 praedictus
2391 3241 2524 3295 papa
2565 3224 2919 3280 Innocentius
2945 3224 3139 3280 asserit
3171 3240 3186 3277 :
3226 3248 3251 3272 ι
3285 3224 3590 3280 Haereticus

1991 3334 2084 3389 per
2129 3333 2354 3388 pravam
2390 3333 2585 3371 manus
2616 3316 3028 3388 impositiouem
3068 3316 3329 3371 ordinato
3358 3314 3587 3370 damna-

1990 3410 2200 3465 tionem
2247 3410 2528 3481 irrogavit;
2574 3410 2685 3476 cui,
2732 3411 2861 3480 quia
2903 3409 3208 3464 remedium
3246 3408 3589 3480 poenitentiae

1993 3502 2363 3559 necessarium
2391 3511 2494 3569 est,
2520 3502 2776 3573 legitimae
2804 3501 3169 3557 ordinationis
3195 3501 3463 3556 honorem
3494 3500 3591 3556 ha-

1992 3596 2118 3652 bere
2146 3611 2260 3651 non
2290 3603 2486 3666 potest.
2520 3616 2549 3645 »
2582 3598 2721 3650 Item
2761 3592 3087 3650 Africanum
3114 3594 3434 3660 concilium,
3465 3610 3587 3665 cap.

1993 3696 2083 3755 35,
2121 3688 2382 3756 decrevit,
2414 3696 2474 3743 ut
2502 3687 2737 3743 ordinati
2773 3687 2828 3742 in
2867 3696 3019 3759 parte
3047 3688 3271 3754 Donati,
3312 3687 3356 3742 si
3402 3686 3473 3743 ad
3501 3702 3589 3741 ca-

1992 3783 2256 3838 tholicam
2279 3781 2509 3837 correcti
2548 3781 2782 3836 transire
2810 3780 3098 3847 voluerint,
3142 3796 3253 3835 nou
3293 3780 3592 3851 suscipian-

1994 3884 2084 3930 tur
2118 3875 2175 3930 in
2232 3874 2530 3930 honoribus
2574 3874 2710 3941 suis,
2772 3873 3080 3931 secundum
3139 3873 3590 3929 Transmarinum

1964 3969 2308 4037 (concilium,
2352 3967 2591 4039 exceptis
2624 3967 2730 4034 his,
2773 3984 2870 4038 per
2896 3982 3135 4053 quorum
3185 3966 3590 4038 susceptionem

1994 4062 2277 4118 catholicae
2304 4061 2494 4117 unitati
2530 4062 2855 4117 consulitur.

2066 4154 2386 4210 Notandum
2441 4169 2658 4224 quoque
2704 4153 2854 4225 quod
2910 4153 2966 4208 in
3020 4152 3277 4209 Africano
3332 4153 3591 4221 concilio,

1994 4266 2115 4319 cap.
2187 4254 2278 4314 75,
2347 4246 2657 4301 decernitur
2703 4255 2765 4300 ut
2809 4262 2920 4300 non
2986 4246 3146 4301 liceat
3197 4246 3310 4301 ﬁeri
3356 4245 3594 4316 rebapti-

1994 4341 2255 4407 zationes,
2302 4337 2754 4405 reordinationes,
2817 4339 2896 4393 vel
2954 4339 3343 4394 translationes
3389 4339 3594 4411 episco-

1996 4451 2210 4509 porum.

2067 4531 2209 4583 Item
2234 4526 2615 4583 sanctissimus
2655 4539 2790 4595 papa
2827 4523 3129 4594 Gregorius
3157 4524 3400 4580 scribens
3428 4527 3598 4597 Joany

1997 4623 2053 4678 ni
2080 4622 2337 4692 episcopo
2389 4618 2691 4674 Ravennati
2726 4618 2841 4683 (lib.
2898 4633 2967 4686 tt,
3000 4620 3157 4688 epist.
3213 4624 3302 4682 32;
3361 4637 3373 4673 :
3423 4638 3451 4669 (ί
3482 4621 3598 4675 Sic.

2000 4724 2080 4781 ut,
2126 4714 2317 4785 inquit,
2356 4712 2663 4784 baptizatus
2706 4710 2878 4766 semel
2925 4711 3124 4767 iterum
3170 4712 3432 4783 baptizari
3480 4729 3592 4768 non

1995 4807 2176 4871 debet,
2218 4806 2295 4861 ita
2335 4805 2427 4876 qui
2466 4812 2815 4860 consecratus
2859 4812 2940 4859 est
2977 4804 3146 4859 semel
3186 4805 3241 4860 in
3272 4805 3465 4861 eodem
3501 4804 3596 4860 ite-

1995 4916 2121 4956 rum
2146 4898 2337 4954 ordine
2372 4913 2484 4952 non
2527 4896 2687 4953 debet
2715 4897 3050 4965 consecrari;
3089 4897 3183 4953 sed
3215 4898 3259 4953 si
3290 4898 3414 4970 quis
3438 4897 3596 4953 forsi-

1995 5002 2091 5049 tan
2113 5007 2242 5047 cum
2271 4990 2368 5046 levi
2399 4991 2556 5063 culpa
2597 4990 2666 5046 ad
2693 4989 3063 5047 sacerdotium
3097 4992 3265 5060 venit,
3297 5008 3396 5063 pro
3434 4992 3594 5064 culpa

1995 5198 2137 5249 stum
2166 5194 2495 5262 ubnegarunt
2522 5193 2695 5247 denuo
2724 5207 2832 5247 esse
2875 5193 3251 5263 baptizandus,
3278 5207 3371 5245 seu
3397 5192 3472 5245 ad
3511 5208 3593 5246 se-

1997 5265 2229 5319 cundum
2251 5267 2560 5319 tinctio-nem
2582 5265 2946 5319 admittendos
2976 5280 3103 5325 esse,
3130 5269 3191 5315 ut
3216 5268 3401 5316 auctor
3429 5264 3594 5330 hujus

1996 5336 2229 5406 epistolw
2272 5337 2602 5389 intellexisse
2632 5338 2888 5400 videtur;
2929 5336 3031 5406 sect
3060 5348 3391 5399 cwaggeraus
3427 5336 3593 5387 scelus

1995 5404 2378 5476 episcoporum,
2420 5408 2863 5475 presbyterorum
2911 5412 2965 5458 et
2996 5404 3362 5476 (licemini-um,
3410 5406 3496 5457 cui
3538 5420 3593 5457 se

1995 5474 2331 5546 rebaptizari
2343 5474 2726 5546 permiserunt,
2758 5480 2839 5530 ait
2863 5491 2945 5529 eos
2969 5475 3041 5527 ad
3059 5474 3347 5526 secundum
3377 5477 3595 5529 tinctio-

1995 5564 2133 5610 nem,
2163 5549 2256 5601 hoc
2287 5554 2383 5609 est,
2414 5549 2488 5601 ad
2534 5552 2788 5604 iteratum
2828 5548 3145 5615 baptismum
3180 5549 3457 5613 pervenire
3491 5563 3593 5601 non

1990 5622 2256 5688 potuisse;
2287 5621 2398 5672 nisi
2423 5621 2694 5676 Christum
2721 5621 2935 5687 penitus
2963 5622 3239 5685 negarent,
3266 5622 3316 5671 et
3336 5633 3390 5671 se
3413 5633 3591 5685 puga-

1994 5706 2085 5743 nos
2100 5706 2208 5744 esse
2222 5694 2607 5760 proﬁterentur
2629 5710 2646 5740 :
2672 5694 2956 5758 propterea
2968 5699 3243 5758 perpetua:
3264 5690 3593 5758 panitentice

1997 5777 2080 5816 eos
2108 5761 2344 5830 subjicit.
