4062 6182
610 265 746 317 H79

1613 261 1703 314 AD
1743 260 1968 315 OPERA
2006 259 2062 313 S.
2103 258 2424 314 GREGORII
2457 258 2897 313 APPENDICES.

3608 254 3619 267 ‘
3685 270 3775 321 nso

608 386 921 459 pmnitentia
949 384 1113 439 indici
1139 382 1304 437 debet
1323 391 1375 437 et
1397 390 1584 437 tamen
1615 383 1750 438 ordo
1780 384 1999 461 servari.
2029 403 2056 433 η
2100 383 2203 438 Sed
2234 389 2284 450 Α
2314 382 2683 451 anathemate,
2710 382 2803 437 sed
2829 381 3131 453 specialiter
3152 381 3219 437 de
3244 383 3451 450 Acacio,
3470 385 3600 456 cujus
3617 388 3778 444 damna-

610 482 663 535 in
714 480 797 535 his
832 477 1129 541 sententiis,
1170 484 1231 530 ut
1272 475 1429 529 nobis
1468 476 1699 543 videtur,
1732 492 1843 531 non
1887 486 2001 531 tam
2035 476 2198 533 haere-

607 575 842 629 ticorum
892 570 1272 639 usurpationes
1318 585 1483 639 quam
1525 570 1928 626 Catholicorum
1986 570 2199 625 ordina-

608 668 783 721 tiones
820 665 997 718 iterari
1049 662 1428 732 prohibentur.
1490 664 1630 717 Nam
1683 664 2032 731 consecratio,
2077 680 2199 735 qua:

604 759 740 813 nulli
775 758 845 812 ab
875 757 1134 811 haeretico
1162 756 1275 810 dari
1317 765 1510 825 potest,
1548 765 1608 809 ut
1639 757 1929 826 probatum
1965 767 2066 822 est,
2095 757 2136 810 si
2167 773 2197 811 a

604 852 885 906 Catliolico
945 849 1219 904 conversis
1259 849 1611 919 impenditur,
1677 866 1788 904 non
1844 850 2055 915 iterata,
2103 850 2198 905 sed

604 944 853 1016 primitus
896 944 1141 1013 impensa
1190 943 1361 1012 magis
1405 943 1620 1013 proprie
1662 943 1877 997 dicitur.
1926 944 1978 998 Si
2017 960 2200 998 conse-

604 1040 873 1092 crationcs
922 1036 1554 1102 excommunicatorum,
1602 1046 1659 1090 ut
1696 1036 2075 1091 haereticorum
2119 1039 2199 1091 ni-

604 1130 700 1185 hili
727 1131 1035 1201 pendimus,
1058 1132 1119 1183 B.
1148 1129 1469 1183 Anastasius
1490 1144 1640 1198 papa:
1662 1130 1946 1183 sententiis
1964 1130 2031 1184 ad
2053 1134 2198 1185 Ana-

605 1225 835 1279 stasium
891 1232 1194 1295 Augustum
1232 1221 1448 1276 directis
1490 1224 1756 1277 contraire
1793 1224 2076 1291 timemus,
2110 1224 2199 1295 qui

604 1325 950 1374 sacramenta
989 1332 1100 1371 non
1142 1316 1296 1370 irrita
1342 1316 1457 1369 fore
1500 1317 1776 1371 contendit
1806 1332 1928 1387 quae
1966 1319 2198 1373 Aeacius

610 1411 909 1483 patriarcha
938 1411 1591 1480 Constantinopolitanus,
1636 1411 1757 1464 licet
1785 1426 1812 1463 a
1845 1412 2020 1465 Felice
2065 1428 2197 1482 papa

600 1506 716 1577 jam
763 1504 973 1559 dudum
1018 1502 1526 1568 anathematizatus,
1576 1504 1871 1572 usurpavit.
1924 1505 2013 1559 Sic
2051 1506 2197 1559 enim

610 1597 901 1668 praedictus
926 1597 1244 1651 Anastasius
1271 1612 1405 1667 papa
1432 1600 1685 1666 Augusto
1716 1597 1925 1663 scribit,
1955 1613 2073 1668 cap.
2108 1606 2139 1651 8
2184 1617 2197 1653 :

611 1714 632 1737 σι
677 1690 807 1745 ldeo
856 1690 1148 1755 (Aeacius),
1198 1690 1354 1760 cujus
1401 1705 1601 1744 nomen
1651 1690 1881 1745 dicimus
1932 1706 2049 1746 esse
2084 1692 2203 1747 reti-

602 1784 863 1859 cendum,
913 1784 1051 1837 male
1093 1784 1235 1838 bona
1288 1782 1643 1837 ministrando
1701 1783 1803 1838 sibi
1850 1792 2067 1840 tantum
2109 1802 2203 1841 no-

588 1877 749 1942 cuit;
780 1892 911 1931 nam
939 1875 1247 1930 inviolabile
1277 1884 1704 1942 sacramentum,
1752 1876 1900 1946 quod
1928 1894 2024 1948 per
2048 1878 2203 1933 illum

607 1970 798 2025 datum
826 1978 928 2032 est,
964 1970 1083 2023 aliis
1122 1968 1516 2039 perfectionem
1563 1985 1675 2024 sua:
1710 1970 1923 2025 virtutis
1950 1970 2203 2041 obtinuit,

609 2062 655 2118 ei
687 2072 874 2117 autem
901 2061 1097 2117 obfuit.
1136 2085 1159 2110 ι»

679 2188 838 2257 Quod
874 2188 919 2242 si
961 2196 1043 2242 est
1085 2188 1392 2257 aliquorum
1454 2188 1510 2242 in
1557 2197 1770 2243 tantum
1815 2205 1871 2243 se
1910 2190 2205 2247 extendens

607 2284 816 2337 curiosa
857 2281 1089 2352 suspicio
1135 2291 1198 2335 ut
1239 2282 1565 2352 imaginetur
1613 2284 1824 2352 prolato
1868 2299 1899 2337 a
1938 2300 2073 2354 papa
2106 2288 2203 2340 Fe-

607 2376 705 2430 lice
724 2375 953 2447 judicio,
981 2374 1333 2429 inefﬁcaciter
1361 2384 1541 2445 postea
1585 2377 1637 2429 in
1663 2380 2037 2444 sacramentis,
2084 2394 2205 2449 quae

609 2470 839 2524 Aeacius
871 2468 1171 2539 usurpavit,
1221 2468 1411 2538 egisse,
1441 2484 1503 2523 ac
1547 2470 1766 2540 perinde
1824 2486 1919 2525 eos
1960 2480 2205 2527 metuere

608 2562 703 2633 qui
731 2562 812 2616 vel
844 2563 898 2614 in
946 2561 1469 2627 consecrationibus,
1520 2563 1597 2617 vel
1644 2563 1699 2616 in
1733 2562 2054 2633 baptismate
2093 2582 2207 2638 my-

608 2656 770 2710 steria
800 2654 996 2710 tradita
1050 2665 1420 2725 susceperunt,
1476 2672 1542 2709 ne
1589 2656 1733 2711 irrita
1778 2657 1957 2713 divina
2008 2660 2205 2714 beneﬁ-

610 2749 687 2804 cia
747 2747 1052 2814 videantur,
1105 2749 1415 2803 meminerit
1445 2750 1497 2803 in
1547 2750 1685 2804 hanc
1735 2767 1952 2822 quoque
1994 2762 2205 2824 partem

608 2843 854 2897 similiter
884 2850 1173 2896 tractatum
1207 2844 1495 2913 praevalere
1537 2845 1894 2914 superiorem,
1930 2846 2055 2916 quia
2094 2863 2205 2901 non

610 2936 723 2990 sine
789 2937 1141 3005 usurpatione
1200 2936 1480 2990 sacerdotii
1529 2936 1865 3007 adjudicatus
1922 2938 2024 2993 hoc
2070 2942 2202 3010 egit.

611 3033 674 3084 In
723 3045 830 3100 quo
868 3030 1124 3083 virtutem
1169 3045 1323 3083 suam
1376 3028 1746 3085 obtinentibus
1797 3033 2088 3101 mysteriis,
2152 3033 2205 3086 in

610 3123 715 3177 hoc
752 3138 972 3194 quoque
1004 3122 1116 3175 aliis
1155 3137 1243 3175 rea
1273 3122 1370 3175 sibi
1414 3138 1641 3192 persona
1680 3139 1788 3177 non
1826 3126 2026 3181 nocuit.
2065 3128 2205 3181 Nam

610 3214 681 3269 ad
728 3216 880 3269 illum
929 3214 1191 3285 pertinuit
1244 3214 1391 3285 quod
1438 3215 1565 3270 tuba
1616 3217 1872 3273 Davidica
1926 3220 2145 3273 canitur
2185 3237 2198 3274 :

616 3333 640 3357 ιι
684 3310 1070 3363 Verumtamen
1110 3310 1258 3362 Deus
1298 3306 1611 3379 confringet
1649 3311 1821 3381 capita
1852 3312 2201 3367 inimicorum

610 3420 871 3468 suorum;
916 3401 1168 3455 verticem
1215 3402 1391 3472 capilli
1444 3404 1935 3472 perambulantium
1981 3406 2032 3459 in
2074 3407 2205 3461 deli-

612 3497 713 3550 ctis
742 3496 854 3550 suis
884 3498 1049 3551 (Psal.
1080 3501 1291 3561 ικνῐι).
1326 3519 1348 3542 υ
1384 3498 1523 3550 Nam
1562 3498 1814 3567 superbia
1840 3514 2055 3569 semper
2078 3500 2204 3567 sibi,

611 3604 725 3643 non
780 3590 899 3643 aliis
944 3588 1070 3641 facit
1111 3588 1353 3653 ruinam;
1406 3588 1554 3659 quod
1600 3590 1846 3645 universa
1898 3593 2205 3648 caelestium

612 3681 1020 3750 Scripturarum
1071 3690 1302 3734 testatur
1364 3682 1679 3747 auctoritas,
1724 3685 1867 3737 sicut
1900 3685 2063 3738 etiam
2115 3702 2208 3755 per

611 3774 869 3843 Spiritum
895 3781 1143 3827 sanctum
1174 3774 1371 3828 dicitur
1398 3774 1446 3827 in
1492 3775 1760 3845 Propheta
1794 3796 1804 3829 :
1851 3800 1875 3824 σι
1911 3780 2035 3832 Non
2067 3779 2210 3832 habi-

611 3865 750 3919 tabit
804 3866 856 3919 in
906 3864 1092 3919 medio
1141 3866 1339 3920 domus
1379 3882 1516 3921 mea:
1566 3869 1655 3937 qui
1707 3868 1835 3923 facit
1892 3872 2207 3942 superbiam

614 3960 784 4023 (Psal.
831 3964 904 4024 c).
944 3978 970 4007 »
1009 3958 1191 4023 Unde,
1220 3975 1345 4012 cum
1389 3960 1487 4013 sibi
1525 3961 1816 4016 sacerdotis
1852 3980 2050 4017 nomen
2082 3981 2209 4019 ven-

613 4051 894 4113 dicaverit,
923 4050 1315 4105 condemnatus
1361 4051 1410 4104 in
1461 4052 1623 4122 ipsius
1654 4055 1909 4109 verticem
1944 4057 2210 4126 superbia:

614 4153 797 4200 tumor
833 4145 1073 4199 inﬂictus
1109 4154 1217 4209 est;
1266 4162 1374 4199 non
1416 4147 1667 4216 populus,
1710 4149 1801 4218 qui
1846 4149 1899 4202 in
1937 4152 2211 4221 mysteriis

613 4238 823 4294 donum
849 4239 1013 4310 ipsius
1038 4238 1269 4306 sitiebat,
1294 4239 1544 4294 exclusus
1570 4250 1669 4296 est.

683 4364 860 4435 Hujus
896 4365 1058 4435 igitur
1099 4366 1385 4435 apostolici
1428 4367 1747 4436 [Anastasii]
1793 4371 2063 4426 sententia
2116 4388 2205 4426 ve-

2240 1750 2287 1811 B

2305 477 2379 531 tio
2414 476 2680 546 nondum,
2729 492 2794 531 eo
2842 476 3076 543 vivente,
3118 475 3375 546 publicata
3434 478 3649 533 creditur.
3686 484 3782 537 Nam

2308 570 2396 624 ille
2421 569 3039 625 excommunicatoriam
3069 569 3258 624 Felicis
3288 584 3430 639 papa:
3460 571 3691 640 epistolam
3716 591 3784 629 no-

2307 664 2409 717 luit
2435 662 2698 733 recipere,
2751 672 2809 717 ut
2838 663 3122 718 Liberatus
3152 663 3205 716 in
3246 662 3377 717 libro
3406 679 3496 718 suo
3528 674 3723 720 testatur.
3747 670 3788 721 In

2305 774 2408 828 qua
2438 758 2664 827 epistola
2695 758 3015 810 mandatum
3054 766 3135 811 est
3174 756 3368 811 Acacio
3398 766 3452 810 ut
3475 774 3525 811 se
3550 774 3788 813 excommu-

2304 850 2545 905 nicatum
2574 847 2693 905 fore
2721 866 2831 905 non
2861 848 3157 915 dubitaret,
3192 858 3472 920 postquam
3498 854 3701 905 eamdem
3722 854 3793 920 epi-

2307 945 2506 999 stolam
2554 960 2649 1013 per
2701 944 3018 998 Toleratum
3063 942 3349 997 diaconum
3391 945 3689 1014 suscepisset.
3724 945 3792 999 Sed

2305 1039 2515 1107 legatus
2543 1037 2861 1107 apostolica:
2898 1036 3043 1091 sedis
3084 1036 3235 1091 illam
3264 1036 3389 1092 dare
3418 1037 3608 1101 Acacio,
3634 1038 3695 1090 vel
3724 1054 3791 1107 pu-

2306 1131 2504 1185 blicare
2550 1147 2661 1185 non
2723 1130 3087 1201 praesumpsit,
3129 1144 3194 1183 eo
3231 1130 3377 1201 quod
3424 1129 3679 1200 imperator
3719 1130 3795 1199 ejus

2305 1225 2478 1279 errori
2520 1224 2976 1294 patrocinaretur.
3019 1224 3071 1278 Si
3115 1224 3263 1277 enim
3305 1223 3416 1292 ejus
3442 1222 3677 1277 damnatio
3711 1221 3796 1276 sub-

2306 1318 2433 1373 ditis
2461 1318 2571 1373 suis
2600 1318 2871 1389 publicata
2902 1325 3064 1384 esset,
3090 1316 3246 1387 juxta
3294 1317 3428 1371 beati
3463 1316 3713 1371 Innocentii
3735 1332 3795 1385 pa-

2307 1428 2389 1479 pae
2448 1411 2834 1476 assertionem,
2884 1409 3199 1466 ordinandis
3251 1411 3420 1480 potius
3476 1408 3797 1463 damnationem

2307 1520 2469 1575 quam
2508 1504 2980 1559 consecrationem
3018 1504 3300 1575 irrogaret.
3332 1502 3482 1573 Quod
3514 1511 3672 1558 autem
3695 1500 3800 1555 dam-

2306 1598 2456 1653 natio
2485 1598 2604 1670 ejus
2638 1598 2711 1652 ita
2753 1598 3140 1665 occultaretur,
3191 1596 3315 1652 inde
3357 1596 3479 1651 satis
3502 1595 3684 1666 probari
3703 1594 3799 1648 vide-

2317 1702 2435 1755 tur,
2497 1692 2624 1764 quia
2672 1692 3009 1762 Euphemius
3061 1691 3347 1762 episcOpus
3393 1704 3639 1745 successor
3679 1687 3802 1742 Acacii

2319 1786 2520 1858 quaerit
2548 1805 2575 1840 a
2602 1786 2761 1840 beato
2805 1785 3025 1841 Gelasio
3070 1801 3210 1856 papa
3251 1784 3461 1855 quando
3488 1781 3683 1837 Aeacius
3700 1780 3802 1834 dam-

2314 1890 2541 1936 naretur
2588 1884 2671 1945 (B.
2740 1880 2985 1936 Gelasius
3029 1880 3076 1945 Ι,
3130 1882 3285 1949 epist.
3337 1880 3408 1944 9),
3459 1883 3515 1931 ut
3562 1875 3607 1930 in
3648 1873 3801 1944 epistola

2315 1975 2561 2049 ejusdem
2600 1990 2754 2046 papae
2790 1974 2857 2029 ad
2886 1973 3145 2029 eumdem
3174 1972 3524 2044 Euphemium
3561 1968 3801 2025 continetur.

2317 2074 2385 2126 Et
2434 2085 2535 2125 nos
2584 2085 2799 2141 quoque
2845 2069 3169 2135 damnatos,
3220 2082 3448 2138 quorum
3489 2064 3803 2121 damnationem

2315 2162 2495 2218 adhuc
2560 2164 2903 2234 ignoramus,
2967 2162 3151 2217 divina
3218 2169 3543 2217 sacramenta
3613 2156 3804 2213 conﬁcere

2316 2272 2474 2327 posse
2514 2273 2612 2329 per
2653 2272 2978 2311 consensum
3035 2257 3293 2313 Ecclesiae
3331 2255 3608 2319 credimus;
3641 2264 3806 2321 quorum

2313 2362 2496 2407 tamen
2526 2348 2926 2405 confectiouem
2954 2348 3166 2420 publice
3193 2348 3457 2405 damnatis
3491 2345 3711 2402 ascribere
3732 2356 3805 2395 non

2316 2444 2601 2499 audemus.

2384 2536 2527 2605 Quid
2562 2544 2749 2590 autem
2788 2536 2942 2591 vobis
2978 2535 3046 2591 de
3076 2534 3161 2590 his
3204 2535 3455 2591 omnibus
3488 2526 3807 2595 videatur,che

2315 2630 2448 2685 ritas
2484 2637 2662 2684 vestra
2712 2629 2873 2683 nobis
2930 2628 3234 2685 rescribere
3276 2645 3385 2683 non
3429 2634 3664 2699 gravetur.
3700 2624 3807 2681 Item.

2315 2725 2360 2779 si
2414 2723 2853 2778 eonsecrationes
2899 2739 3107 2789 eorum,
3156 2726 3248 2794 qui
3307 2722 3570 2793 quondam
3620 2714 3807 2772 catholiee

2317 2818 2569 2883 ordinati,
2605 2833 2753 2871 nunc
2782 2825 2961 2871 autem
2994 2832 3091 2887 pro
3131 2817 3315 2887 aliqua
3341 2816 3487 2887 culpa
3533 2821 3639 2868 sunt
3657 2806 3807 2867 remoti,

2317 2920 2379 2965 ut
2420 2912 2805 2966 haereticorum
2852 2926 2950 2980 pro
2997 2910 3166 2964 nihilo
3214 2910 3478 2969 ducimus.
3521 2902 3744 2962 sententiis
3771 2899 3809 2951 S.

2316 3005 2601 3076 Augustini
2632 3004 3001 3059 contradicere
3034 3004 3313 3071 videmur;
3358 3003 3449 3074 qui
3485 3010 3533 3056 et
3574 3001 3621 3055 in
3656 2995 3811 3050 damna-

2244 3122 2287 3183 C
2318 3100 2385 3153 tis
2430 3107 2829 3152 sacramentum
2883 3097 3247 3153 ordinationis
3301 3110 3596 3167 permanere
3642 3092 3686 3144 in
3716 3086 3811 3140 libro

2316 3200 2395 3251 De
2441 3194 2586 3247 bono
2615 3191 2887 3263 coniugali
2919 3200 3151 3246 testatur
3181 3198 3321 3261 (cap.
3353 3196 3440 3256 24)
3485 3209 3496 3244 :
3530 3213 3549 3236 ο
3587 3186 3647 3250 Si,
3672 3178 3812 3250 inquit.

2310 3288 2405 3342 ﬁat
2430 3286 2697 3341 ordinatio
2725 3286 2855 3340 cieri
2877 3284 2948 3340 ad
2978 3286 3194 3355 plebem
3224 3282 3639 3357 eongregaudam,
3657 3270 3813 3331 etiamsi

2311 3380 2482 3452 plebis
2528 3378 2870 3450 congregatio
2912 3396 3018 3432 non
3067 3378 3445 3449 subsequatur,
3488 3381 3643 3430 manet
3679 3377 3813 3422 tamen

2314 3475 2368 3529 in
2401 3474 2666 3529 ordinatis
2706 3481 3112 3527 sacramentum
3145 3472 3513 3527 ordinationis.
3544 3470 3600 3521 Et
3625 3465 3659 3518 si
3688 3462 3811 3529 aliqua

2316 3569 2470 3639 culpa
2514 3568 2803 3639 quisquam
2833 3568 2901 3621 ab
2932 3566 3115 3621 ofﬁcio
3160 3575 3522 3629 removeatur,
3550 3561 3809 3617 sacramento

2318 3662 2541 3717 Domini
2588 3661 2754 3715 semel
2814 3660 3075 3729 imposito
3124 3677 3239 3715 non
3289 3660 3505 3726 carebit,
3545 3643 3812 3725 qnamvisad

2309 3756 2578 3827 judicium
2630 3763 2995 3825 permanente.
3062 3778 3085 3801 »
3141 3758 3310 3809 Juxta
3342 3754 3495 3825 hujus
3536 3749 3624 3803 viri
3659 3750 3812 3800 senten-

2316 3849 2473 3917 tiam,
2507 3849 2703 3903 remoti
2750 3849 2912 3902 etiam
2956 3848 3023 3902 ab
3065 3847 3269 3917 ofﬁcio,
3334 3865 3458 3903 cum
3505 3842 3813 3899 sacrametli'Im

2318 3942 2677 3996 ordinationis
2713 3941 3004 4007 retineant,
3049 3941 3237 3996 divina
3281 3946 3615 4001 sacramenta,
3650 3933 3740 3986 licet
3770 3921 3814 3976 ad

2316 4034 2727 4089 damnationem
2772 4050 2949 4100 suam,
3005 4034 3285 4090 celebrare
3332 4040 3575 4104 possunt;
3621 4026 3657 4082 si
3688 4032 3814 4076 tamen

2319 4128 2471 4182 vobis
2498 4144 2610 4182 non
2650 4128 2809 4182 aliter
2842 4127 3051 4182 videtur
3088 4128 3516 4199 intelligendum.

2386 4223 2595 4275 Vestrae
2634 4220 2793 4292 igitur
2818 4221 3220 4275 deliberationis
3258 4222 3575 4277 sententiam
3606 4214 3811 4279 exspwﬂ'

2317 4326 2441 4366 mus
2481 4310 2546 4364 de
2575 4310 2657 4363 his
2700 4309 2979 4375 omnibus,
3021 4310 3131 4364 sive
3172 4327 3297 4381 quae
3332 4327 3432 4365 nos
3473 4308 3579 4379 ipsi,
3615 4306 3819 4364 utcun‘lue

2321 4416 2417 4469 pro
2447 4406 2606 4468 captu
2647 4408 2853 4454 nostrae
2902 4399 3277 4470 inulligentia:
3319 4401 3585 4463 solvimus,
3614 4393 3703 4448 sive
3738 4394 3821 4453 (1⁸³³⁸

614 4466 728 4513 tare
800 4458 1011 4512 videtur
1074 4475 1143 4514 ne
1199 4459 1277 4512 vel
1336 4461 1796 4516 excommunicati
1861 4460 2285 4520 sacramentaD
2322 4458 2421 4541 ξιοε
2469 4458 2713 4540 ηξηιάυιη
2775 4488 3005 4553 solvere,
3051 4458 3146 4542 55,,
3209 4489 3501 4559 intelligere
3552 4458 3819 4555 potuimus:

614 4552 764 4604 irrita
812 4550 932 4606 fore
983 4562 1336 4617 censeantur;
1390 4554 1539 4624 quod
1585 4564 1775 4610 vestra:
1816 4557 2099 4611 assertioni
2147 4557 2213 4612 de

613 4642 928 4713 liujusmodi
970 4656 1438 4701 sacramentorum
1486 4648 1861 4704 annullatione
1907 4666 2017 4704 non
2068 4650 2217 4706 dubi-

612 4745 760 4791 tatur
802 4754 1121 4809 repugnare,
1171 4742 1272 4794 nisi
1322 4741 1461 4796 forte
1507 4743 1755 4797 dicamus
1802 4743 2022 4799 beatum
2078 4750 2218 4800 Ana-

614 4831 847 4884 stasium
895 4847 1088 4902 papam
1143 4850 1257 4888 non
1298 4834 1403 4891 hoc
1467 4835 1674 4892 dixisse
1722 4837 1790 4893 de
1838 4840 2123 4910 publicatis
2162 4844 2214 4896 in

2326 4596 2352 4624 ‹‹
2395 4578 2541 4630 Deus
2578 4585 2765 4631 autem
2813 4576 2960 4648 pacis
3005 4577 3304 4633 sanctiﬁcet
3347 4593 3439 4631 vos
3472 4591 3560 4646 per
3592 4564 3824 4657 omnim}lt

2294 4664 2531 4736 'iuteger
2573 4666 2795 4737 spiritus
2843 4676 3038 4734 vester,
3094 4676 3150 4721 et
3196 4669 3397 4732 anima,
3451 4674 3501 4719 et
3548 4670 3712 4727 corpus
3744 4658 3823 4702 Sine

2324 4755 2539 4823 querela
2577 4755 2629 4808 in
2658 4756 2891 4810 adventu
2932 4757 3148 4811 Domini
3198 4756 3369 4811 nostri
3408 4757 3529 4809 Jesu
3555 4740 3723 4804 Christi
3746 4748 3823 4789 ser-

2328 4854 2479 4898 vetur
2514 4848 2559 4907 (1
2582 4846 2757 4899 Thess.
2786 4850 2865 4909 v).
2902 4869 2925 4893 υ
