4062 6182
305 223 435 278 1181

1209 224 1494 280 ΑΡΡΕΝΠ.
1540 224 1627 280 IIl.
1667 254 1737 265 -—
1773 222 1945 280 ΜΟΝΈ

2010 224 2190 280 ΕΝΤΑ
2228 224 2688 316 GREGQRIANA.
3464 236 3601 291 1182

300 400 2525 431 m

848 581 1806 695 BERNALDI
1870 582 3041 699 PRESBYTER!

559 833 694 952 ΒΕ
786 836 1263 955 νιΤΑΝυΑ
1355 782 2505 960 EXCOMMUNICATOBUM
2598 843 3344 978 CllllllllNlllNE.

1100 1117 1231 1192 DE
1311 1117 2196 1200 RECONCILIATIONE
2275 1118 2802 1203 LAPSORUM

1868 1311 1931 1348 ΕΤ
1969 1310 2035 1348 DE

478 1416 984 1509 ‘CONCILIORUM,
1027 1443 1385 1521 CANONUM,
1428 1445 1920 1513 DECRETORUM,
1966 1447 2478 1519 DECRETALIUM,
2520 1450 2950 1520 IPSORUMQUE
2989 1453 3396 1511 PONTIFICUM

1500 1539 1933 1596 ROMANORUM
1970 1542 2443 1597 AUCTORITATE

1763 1710 2133 1799 LIBER

1178 1896 1352 1958 Nunc
1367 1897 1643 1977 primum
1673 1917 1753 1959 ex
1773 1900 2022 1959 tenebris
2052 1903 2118 1958 in
2147 1899 2335 1961 lucem
2356 1901 2717 1963 vindicatus.

1787 2082 2104 2097 μ-ι--η

1746 2212 2130 2274 LECTORI.

360 2370 498 2438 Quis
553 2368 738 2436 fuerit,
797 2380 1004 2444 etquae
1032 2371 1312 2445 scripserit
1362 2372 1663 2429 Bernaldus
1712 2371 2148 2429 Constantiensis
2195 2373 2499 2446 presbyter,
2548 2372 2739 2429 docuit
2766 2375 3054 2432 Gretserus
3088 2375 3143 2431 in
3187 2376 3454 2448 Apologia
3500 2393 3601 2449 pro

234 2462 235 2467 “
287 2463 560 2535 Gregorio
610 2465 730 2519 VII.
761 2466 860 2521 Cui
903 2466 1067 2520 etiam
1114 2467 1259 2521 varia
1308 2466 1569 2522 Bernaldi
1610 2467 1868 2537 opuscula
1898 2483 1995 2539 pro
2023 2465 2290 2537 Gregorio
2317 2466 2510 2521 eodem
2540 2468 2794 2538 pontiﬁce
2824 2477 3015 2524 contra
3044 2468 3439 2538 schismaticos,
3473 2480 3604 2528 ante

287 2573 574 2630 nunquam
629 2558 765 2627 visa,
794 2559 1044 2615 inseruit.
1100 2562 1314 2615 Interea
1364 2560 1594 2615 numine
1646 2561 1785 2615 bene
1829 2562 2006 2615 amico
2052 2575 2119 2613 ex
2170 2558 2412 2614 tenebris
2439 2562 2661 2616 emersit
2706 2569 2761 2616 et
2812 2562 2913 2616 iste
2962 2562 3056 2634 qui
3096 2580 3243 2619 nunc
3294 2563 3604 2634 publicatur

290 2653 637 2720 tractatulus,
667 2668 856 2725 quem,
902 2663 965 2709 ut
1012 2652 1280 2708 vindicem
1312 2654 1630 2725 Gregoriani
1672 2654 1996 2709 nominiset
2036 2651 2280 2719 honoris,
2313 2667 2442 2707 cum
2484 2653 2787 2710 orthodoxo
2815 2654 3017 2710 lectore
3045 2657 3458 2713 communicare
3485 2673 3598 2713 non

288 2744 629 2801 distulimus.

364 2838 736 2906 Gebehardus,
766 2855 932 2910 quem
980 2840 1128 2896 brevi
1169 2840 1469 2913 praeloquio
1502 2840 1818 2913 alloquitur,
1863 2840 2091 2897 forsitan
2141 2841 2232 2897 ille
2269 2841 2375 2897 erit
2415 2840 2484 2896 de
2529 2856 2640 2912 quo
2692 2838 2999 2895 Bernaldus
3044 2839 3099 2893 in
3151 2855 3253 2894 suo
3299 2839 3599 2909 Chronico,
3642 2832 3649 2839 “

291 2949 443 2988 anno
488 2940 645 2988 1098.
677 2934 993 2989 Gebhardus
1027 2935 1129 3002 (sic
1169 2934 1316 2989 enim
1348 2933 1660 3006 legendum,
1692 2950 1803 2989 non
1834 2944 1895 2991 ut
1923 2935 2233 2992 Urstisiaua
2264 2936 2456 3003 editio,
2485 2936 2813 3003 Gerhardus)
2836 2934 3161 2990 venerabilis
3185 2936 3350 2989 abbas
3370 2937 3599 3004 Schaff-

285 3036 497 3087 usensis
521 3048 623 3105 prq
656 3032 963 3087 humilitate
992 3034 1162 3087 locum
1189 3048 1365 3101 suum,
1401 3037 1668 3087 annuente
1697 3032 1915 3085 domino
1947 3046 2123 3102 papa,
2152 3030 2382 3098 dimisit,
2413 3035 2463 3085 et
2487 3031 2555 3084 ab
2588 3032 2704 3100 ipso
2731 3032 3142 3095 concessionem,
3170 3034 3232 3083 ut
3260 3029 3402 3083 alius
3427 3029 3599 3083 eidem

290 3127 406 3180 loco
453 3127 619 3180 abbas
664 3129 1042 3196 praeﬁceretur,
1092 3128 1419 3196 impetravit.
1451 3128 1605 3189 Item,
1654 3141 1792 3179 anno
1827 3127 1985 3187 H00,
2019 3124 2363 3179 Gebehardus
2403 3125 2721 3179 venerabilis
2752 3124 2944 3190 abbas,
2974 3125 3071 3192 qui
3090 3123 3302 3192 pridem
3330 3122 3602 3188 Schaffhu

286 3235 497 3275 sensem
540 3220 817 3273 abbatiam
845 3235 945 3290 pro
976 3223 1082 3274 Deo
1120 3221 1353 3283 dimisit,
1400 3225 1451 3276 et
1487 3220 1586 3275 hoc
1613 3237 1732 3274 cum
1760 3220 2076 3273 auctoritate
2102 3219 2309 3275 domini
2340 3219 2551 3274 Urbani
2572 3234 2731 3288 papa:
2757 3218 3187 3286 Hierosolymam
3214 3232 3329 3270 cum
3363 3217 3605 3270 emet-cita

290 3313 729 3368 Christianorum
768 3315 952 3383 petiit,
992 3317 1091 3383 qui
1123 3320 1247 3384 post
1288 3316 1481 3369 multos
1512 3314 1717 3368 labores
1760 3315 2030 3367 civitatem
2056 3313 2421 3374 obtinuerunt,
2468 3316 2517 3366 et
2539 3312 2800 3381 praedicto
2825 3311 3025 3365 abbati
3051 3310 3353 3379 sepulcrum
3394 3310 3605 3364 Domini

294 3407 702 3461 custodiendum
730 3410 1122 3461 commiserunt.
1766 3404 1767 3407 “

362 3501 537 3554 Porro
567 3499 829 3572 quidquid
861 3500 918 3554 in
968 3500 1073 3555 hoc
1121 3500 1383 3570 cpusculo
1430 3499 1735 3555 Bernaldus
1779 3499 2045 3570 disputat,
2094 3497 2148 3553 id
2178 3514 2242 3553 eo
2291 3497 2465 3554 tendit
2510 3506 2573 3553 ut
2597 3496 2849 3553 ostendat
2874 3497 3125 3569 Gregorii
3156 3499 3256 3553 VII
3285 3505 3341 3552 et
3365 3495 3602 3552 aliorum

281 3593 654 3649 recentiorum
724 3592 1046 3665 pontiﬁcum
1099 3593 1331 3649 decretis
1392 3609 1504 3649 non
1581 3594 1852 3647 minorem
1904 3592 2281 3660 reverentiam,
2335 3591 2738 3647 observantiam
2786 3599 2842 3646 et
2886 3590 3258 3647 obedientiam
3298 3590 3482 3646 deberi
3539 3605 3601 3645 ac

284 3687 516 3743 statutis
548 3694 795 3743 veterum
827 3687 1153 3758 pontiﬁcum
1201 3695 1257 3743 et
1284 3672 1673 3754 conciliorum;
1711 3703 1774 3741 ac
1802 3695 2086 3758 propterea
2127 3685 2629 3741 excommunicatos
2678 3694 2809 3741 tunc
2854 3701 2885 3739 a
2927 3684 3053 3740 sede
3080 3683 3375 3755 apostolica
3406 3683 3600 3738 merito

284 3780 475 3844 vitari;
506 3795 755 3836 reversos
777 3789 984 3848 tamen,
1014 3779 1094 3835 vel
1127 3780 1196 3836 ad
1225 3780 1510 3836 meliorem
1540 3787 1787 3835 mentem
1808 3779 2007 3835 reverti
2036 3778 2337 3850 cupientes,
2362 3779 2485 3849 jure
2522 3778 2692 3850 recipi
2723 3786 2778 3834 et
2807 3777 2960 3833 venia
2989 3776 3215 3846 donari;
3247 3783 3402 3832 erant
3449 3776 3599 3831 enim

282 3872 383 3947 qui
413 3889 469 3928 se
498 3873 662 3946 lapsis
692 3874 745 3928 in
789 3874 1031 3930 schisma
1062 3874 1345 3946 rigidiores
1374 3890 1545 3947 quam
1572 3874 1862 3947 oportebat
1891 3872 2215 3943 praeberent.

1748 4019 2158 4031 —————_

362 4177 602 4235 Domino
617 4195 679 4235 ac
702 4177 994 4235 venerabili
1020 4180 1406 4236 Gsnansnno
1427 4178 1746 4249 evangelicae
1768 4195 1886 4249 per-
1921 4185 1973 4247 Α
2002 4194 2061 4233 se
2081 4177 2273 4233 saltem
2304 4178 2373 4232 ab
2399 4192 2592 4231 eorum
2640 4176 2895 4247 centagio
2941 4174 3252 4230 immunem
3301 4172 3597 4229 custodiat.

286 4271 548 4328 fectionis
595 4272 712 4328 viro
755 4275 1128 4329 BEBNALDUS
1171 4273 1288 4327 solo
1317 4272 1548 4327 nomine
1586 4270 1890 4343 presbyter,

283 4381 401 4421 non
450 4365 723 4433 moribus,
778 4374 901 4436 post
956 4365 1324 4421 transitoriam
1376 4364 1538 4436 hujus
1604 4364 1727 4421 vitae
1793 4379 1889 4435 pe-

283 4459 736 4531 regrinationem,
788 4459 1032 4514 caelestis
1093 4458 1286 4529 patriae
1345 4467 1611 4515 aeternam
1679 4472 1893 4530 posses-

284 4567 500 4606 snonem
509 4595 521 4606 .

365 4684 389 4708 α
425 4664 508 4716 De
536 4662 842 4733 periculosa
867 4662 1479 4718 excommunicatorum
1502 4663 1895 4719 communione

295 4755 543 4823 vitanda,
609 4755 664 4810 in
733 4763 1001 4825 quantum
1068 4756 1374 4826 potuimus,
1426 4765 1620 4811 vestras
1648 4756 1897 4827 petitioni

290 4848 580 4904 scribendo
604 4847 918 4904 satisfacere
944 4848 1277 4905 studuimus.
1310 4848 1416 4905 Sed
1444 4857 1499 4904 et
1527 4848 1634 4904 alia
1663 4848 1896 4921 adjicere

291 4959 408 4997 non
460 4942 628 5013 piguit
678 4958 804 5014 qum
854 4958 968 4998 non
1015 4942 1198 4998 minus
1240 4941 1392 4997 vobis
1441 4942 1701 5012 placitura
1731 4951 1895 5014 puta-

292 5035 492 5103 vimus,
553 5035 801 5092 videlicet
855 5034 988 5106 quid
1036 5036 1110 5091 sit
1155 5034 1570 5106 intelligendum
1600 5035 1668 5090 de
1714 5036 1895 5106 rigore

291 5144 575 5185 canonum
603 5144 767 5200 super
796 5128 1144 5185 damnatione
1171 5127 1281 5184 sive
1326 5127 1671 5199 depositione
1716 5129 1897 5200 lapso-

294 5237 445 5277 rum.
499 5224 663 5290 ltem,
715 5222 783 5278 de
829 5221 1265 5278 reconciliatione
1314 5236 1509 5299 eorum
1536 5221 1651 5276 sive
1674 5221 1894 5277 haereti-

290 5330 517 5371 corum.
583 5318 665 5370 De
738 5315 939 5387 quibus
1010 5314 1268 5371 omnibus
1320 5330 1455 5375 non.
1497 5323 1735 5380 nostras,
1801 5315 1898 5371 sed

290 5415 616 5464 sanctorum
665 5409 893 5464 Patrum
938 5409 1239 5463 sententias
1284 5407 1516 5464 ﬁdeliter
1556 5408 1890 5480 collegimus.

296 5502 515 5556 Harum
561 5500 710 5556 enim
750 5517 940 5557 rerum
990 5501 1380 5570 consideratio,
1414 5510 1607 5557 nostro
1658 5501 1892 5572 tempori

2001 4269 2408 4340 Omnipotentis
2456 4270 2563 4324 Dei
2607 4267 2984 4323 misericordia
3038 4283 3134 4322 vos
3178 4282 3397 4337 semper
3449 4267 3601 4321 inco-
3682 4336 3699 4343 η

2003 4364 2212 4419 lumem
2239 4362 2521 4432 nostrique
2564 4372 2871 4416 memorem
2899 4368 3167 4431 protegat,
3194 4359 3395 4415 domne
3430 4358 3599 4415 frater

2002 4456 2400 4513 amantissime.
2450 4478 2475 4503 ιι

2075 4570 2353 4639 Quantum
2415 4583 2482 4623 ex
2531 4565 2961 4639 apostolicorum
3014 4564 3263 4621 viromm
3317 4564 3603 4621 sententiis

2004 4662 2258 4733 colligere
2283 4662 2584 4733 potuimus,
2634 4668 2747 4714 tres
2790 4666 2919 4713 sunt
2965 4674 3211 4729 personae
3252 4674 3391 4731 quas
3430 4659 3603 4715 sancti

2005 4759 2196 4811 Patres
2237 4754 2409 4811 nostri
2451 4754 2552 4810 sub
2594 4751 3162 4808 excommunicatione
3188 4752 3413 4809 multari
3436 4761 3604 4808 nota-

2004 4856 2218 4904 verunt.
2260 4848 2638 4918 Principaliter
2675 4845 2897 4916 quidem
2938 4846 3049 4917 ipse
3074 4846 3601 4913 excommunicatus,

2006 4943 2098 5016 qui
2147 4941 2449 5014 specialiter
2496 4941 2566 4996 ab
2608 4939 2980 4996 ecclesiastica
3016 4940 3411 4997 communione
3453 4940 3604 5012 judi-

2004 5036 2152 5092 cario
2178 5034 2367 5090 ordine
2415 5043 2699 5105 separatus
2725 5042 2824 5089 est.
2868 5032 3081 5089 Deinde
3119 5032 3299 5090 fautor
3339 5034 3479 5106 ejus,
3512 5036 3604 5106 qui

2005 5132 2053 5187 ei
2128 5130 2272 5185 intus
2345 5137 2402 5183 et
2440 5128 2685 5183 exterius
2756 5127 3098 5183 assentiendo
3138 5136 3196 5182 et
3257 5127 3605 5199 cooperando

2005 5221 2188 5280 favere
2228 5237 2344 5278 non
2388 5231 2622 5277 veretur.
2655 5224 2816 5290 Item,
2862 5229 2917 5276 et
2951 5220 3386 5277 communicator
3414 5220 3606 5290 ipsius,

2010 5316 2125 5388 qui,
2177 5316 2275 5372 etsi
2315 5315 2434 5387 ejus
2493 5314 2666 5371 errori
2707 5330 2765 5370 se
2807 5314 3070 5371 assentire
3097 5328 3207 5368 non
3250 5311 3486 5383 detegat,
3533 5311 3604 5367 ab

2004 5410 2121 5481 ejus
2145 5417 2335 5465 tamen
2368 5424 2427 5463 se
2466 5409 2859 5465 communione
2886 5422 3001 5462 non
3031 5413 3267 5476 separat.
3305 5404 3412 5461 Sed
3452 5412 3508 5460 et
3552 5404 3606 5460 hi

2007 5517 2200 5558 omnes
2242 5502 2464 5557 audiant
2491 5502 2623 5573 quid
2652 5502 2845 5556 beatus
2884 5498 3132 5556 Gelasius
3180 5514 3320 5571 papa
3362 5498 3606 5554 scribens

291 5594 539 5650 maxime
587 5594 912 5660 necessaria,
963 5594 1022 5649 in
1046 5610 1160 5666 quo
1215 5600 1400 5650 sancta
1449 5594 1690 5650 Ecclesia
1751 5564 1896 5650 inter
1928 5564 1976 5625 B
2007 5593 2375 5651 Orientalibus
2413 5564 2680 5666 episcopis
2702 5593 2843 5649 dicat
2883 5611 2895 5647 :
2926 5614 2953 5639 ι
2983 5564 3215 5660 Omnes,
3237 5564 3430 5663 inquit,
3455 5606 3606 5646 com-

294 5687 808 5743 excommunicatos
826 5695 884 5743 et
906 5687 1197 5745 damnatos
1216 5703 1381 5758 supra
1405 5685 1636 5743 modum
1663 5687 1894 5756 laborat,

292 5788 365 5835 ut
396 5779 476 5835 vel
528 5795 722 5836 eorum
768 5781 1005 5852 aliquem
1054 5780 1110 5835 in
1147 5781 1332 5836 sinum
1362 5795 1523 5835 suum
1547 5780 1785 5850 recipiat,
1817 5781 1899 5839 vel

2007 5688 2194 5761 plices,
2247 5696 2566 5759 sectatores,
2602 5685 3102 5743 communicatores
3129 5686 3404 5742 damnatae
3432 5685 3602 5739 semel

2008 5780 2290 5853 pravitatis
2324 5781 2435 5853 pari
2462 5788 2609 5837 sorte
2653 5785 2965 5836 censentur.
3008 5802 3034 5828 ι
3073 5781 3145 5835 Et
3192 5787 3314 5849 post
3357 5790 3530 5848 pauca
3587 5797 3599 5834 :
