  <div class='ocr_page' id='page_1' title='image "/cluster/home/n/w/nwhite01/storage/ocr_20150623/148/hvd.32044054760061/597.png"; bbox 0 0 4062 6182; ppageno 0'>
   <div class='ocr_carea' id='block_1_1' title="bbox 591 254 725 320">
    <p class='ocr_par' dir='ltr' id='par_1_1' title="bbox 591 254 725 320">
     <span class='ocr_line' id='line_1_1' title="bbox 591 254 725 320; baseline 0.022 -3"><span class='ocrx_word' id='word_1_1' title='bbox 591 254 725 320; x_wconf 74' lang='lat' dir='ltr'><strong>usa</strong></span> 
     </span>
    </p>
   </div>
   <div class='ocr_carea' id='block_1_2' title="bbox 1589 209 2877 317">
    <p class='ocr_par' dir='ltr' id='par_1_2' title="bbox 1589 209 2877 317">
     <span class='ocr_line' id='line_1_2' title="bbox 1589 209 2877 317; baseline -0.002 -3"><span class='ocrx_word' id='word_1_2' title='bbox 1589 259 1683 314; x_wconf 83' lang='lat' dir='ltr'><strong>AD</strong></span> <span class='ocrx_word' id='word_1_3' title='bbox 1719 257 1944 317; x_wconf 72' lang='lat' dir='ltr'><strong>OPEBA</strong></span> <span class='ocrx_word' id='word_1_4' title='bbox 1983 256 2039 313; x_wconf 92' lang='lat' dir='ltr'><strong>S.</strong></span> <span class='ocrx_word' id='word_1_5' title='bbox 2079 250 2402 313; x_wconf 80' lang='lat' dir='ltr'><strong>GREGORII</strong></span> <span class='ocrx_word' id='word_1_6' title='bbox 2426 209 2877 313; x_wconf 30' lang='lat' dir='ltr'><strong>.APPENDICES.</strong></span> 
     </span>
    </p>
   </div>
   <div class='ocr_carea' id='block_1_3' title="bbox 3658 272 3751 326">
    <p class='ocr_par' dir='ltr' id='par_1_3' title="bbox 3658 272 3751 326">
     <span class='ocr_line' id='line_1_3' title="bbox 3658 272 3751 326; baseline 0.043 -4"><span class='ocrx_word' id='word_1_7' title='bbox 3658 272 3751 326; x_wconf 66' lang='grc'><strong>1186</strong></span> 
     </span>
    </p>
   </div>
   <div class='ocr_carea' id='block_1_4' title="bbox 591 368 3758 457">
    <p class='ocr_par' dir='ltr' id='par_1_4' title="bbox 591 368 3758 457">
     <span class='ocr_line' id='line_1_4' title="bbox 591 368 3758 457; baseline 0.006 -29"><span class='ocrx_word' id='word_1_8' title='bbox 591 412 617 438; x_wconf 76' lang='grc' dir='ltr'><strong>,ι</strong></span> <span class='ocrx_word' id='word_1_9' title='bbox 657 388 918 455; x_wconf 46' lang='lat' dir='ltr'><strong>Aonius,</strong></span> <span class='ocrx_word' id='word_1_10' title='bbox 960 385 1170 457; x_wconf 78' lang='lat' dir='ltr'><strong>inquit,</strong></span> <span class='ocrx_word' id='word_1_11' title='bbox 1220 368 1315 455; x_wconf 79' lang='lat' dir='ltr'><strong>qui</strong></span> <span class='ocrx_word' id='word_1_12' title='bbox 1371 384 1536 438; x_wconf 90' lang='lat' dir='ltr'><strong>Petro</strong></span> <span class='ocrx_word' id='word_1_13' title='bbox 1590 381 2041 448; x_wconf 83' lang='lat' dir='ltr'><strong>communicavit,</strong></span> <span class='ocrx_word' id='word_1_14' title='bbox 2116 389 2177 436; x_wconf 92' lang='lat' dir='ltr'><strong>ut</strong></span> <span class='ocrx_word' id='word_1_15' title='bbox 2203 385 2257 447; x_wconf 85' lang='grc' dir='ltr'><strong>Α</strong></span> <span class='ocrx_word' id='word_1_16' title='bbox 2292 381 2501 436; x_wconf 87' lang='lat' dir='ltr'><strong>unitate</strong></span> <span class='ocrx_word' id='word_1_17' title='bbox 2541 381 2923 450; x_wconf 35' lang='lat' dir='ltr'><strong>sunt,.bonos,</strong></span> <span class='ocrx_word' id='word_1_18' title='bbox 2962 380 3067 436; x_wconf 89' lang='lat' dir='ltr'><strong>nisi</strong></span> <span class='ocrx_word' id='word_1_19' title='bbox 3118 384 3453 453; x_wconf 86' lang='lat' dir='ltr'><strong>consentiant,</strong></span> <span class='ocrx_word' id='word_1_20' title='bbox 3483 402 3563 443; x_wconf 87' lang='lat' dir='ltr'><strong>sua</strong></span> <span class='ocrx_word' id='word_1_21' title='bbox 3580 405 3758 447; x_wconf 85' lang='lat' dir='ltr'><strong>commu-</strong></span> 
     </span>
    </p>
   </div>
   <div class='ocr_carea' id='block_1_5' title="bbox 587 474 2178 550">
    <p class='ocr_par' dir='ltr' id='par_1_5' title="bbox 587 474 2178 550">
     <span class='ocr_line' id='line_1_5' title="bbox 587 474 2178 550; baseline -0.006 -13"><span class='ocrx_word' id='word_1_22' title='bbox 587 482 831 537; x_wconf 89' lang='lat' dir='ltr'><strong>criminis</strong></span> <span class='ocrx_word' id='word_1_23' title='bbox 890 478 1175 550; x_wconf 81' lang='lat' dir='ltr'><strong>particeps,</strong></span> <span class='ocrx_word' id='word_1_24' title='bbox 1225 476 1299 531; x_wconf 89' lang='lat' dir='ltr'><strong>ita</strong></span> <span class='ocrx_word' id='word_1_25' title='bbox 1341 474 1518 543; x_wconf 80' lang='lat' dir='ltr'><strong>factus</strong></span> <span class='ocrx_word' id='word_1_26' title='bbox 1562 483 1647 529; x_wconf 89' lang='lat' dir='ltr'><strong>est</strong></span> <span class='ocrx_word' id='word_1_27' title='bbox 1692 489 1889 546; x_wconf 62' lang='lat' dir='ltr'><strong>paenae.</strong></span> <span class='ocrx_word' id='word_1_28' title='bbox 1932 498 1960 524; x_wconf 71' lang='grc' dir='ltr'><strong>η</strong></span> <span class='ocrx_word' id='word_1_29' title='bbox 2014 477 2178 539; x_wconf 84' lang='lat' dir='ltr'><strong>Item,</strong></span> 
     </span>
    </p>
   </div>
   <div class='ocr_carea' id='block_1_6' title="bbox 587 569 2179 643">
    <p class='ocr_par' dir='ltr' id='par_1_6' title="bbox 587 569 2179 643">
     <span class='ocr_line' id='line_1_6' title="bbox 587 569 2179 643; baseline -0.005 -11"><span class='ocrx_word' id='word_1_30' title='bbox 587 576 841 633; x_wconf 88' lang='lat' dir='ltr'><strong>omnibus</strong></span> <span class='ocrx_word' id='word_1_31' title='bbox 896 572 1163 643; x_wconf 84' lang='lat' dir='ltr'><strong>episcopis</strong></span> <span class='ocrx_word' id='word_1_32' title='bbox 1201 569 1495 627; x_wconf 65' lang='lat' dir='ltr'><strong>Dardaniae</strong></span> <span class='ocrx_word' id='word_1_33' title='bbox 1561 587 1574 624; x_wconf 76' lang='grc' dir='ltr'>ε</span> <span class='ocrx_word' id='word_1_34' title='bbox 1620 594 1645 618; x_wconf 77' lang='grc' dir='ltr'><strong>α</strong></span> <span class='ocrx_word' id='word_1_35' title='bbox 1693 572 1910 639; x_wconf 84' lang='lat' dir='ltr'><strong>Patres,</strong></span> <span class='ocrx_word' id='word_1_36' title='bbox 1977 569 2179 640; x_wconf 84' lang='lat' dir='ltr'><strong>inquit,</strong></span> 
     </span>
    </p>
   </div>
   <div class='ocr_carea' id='block_1_7' title="bbox 584 663 2180 736">
    <p class='ocr_par' dir='ltr' id='par_1_7' title="bbox 584 663 2180 736">
     <span class='ocr_line' id='line_1_7' title="bbox 584 663 2180 736; baseline -0.004 -13"><span class='ocrx_word' id='word_1_37' title='bbox 584 668 777 733; x_wconf 82' lang='lat' dir='ltr'><strong>nostri,</strong></span> <span class='ocrx_word' id='word_1_38' title='bbox 806 674 1029 721; x_wconf 90' lang='lat' dir='ltr'><strong>auctore</strong></span> <span class='ocrx_word' id='word_1_39' title='bbox 1058 664 1351 736; x_wconf 85' lang='lat' dir='ltr'><strong>cujuslibet</strong></span> <span class='ocrx_word' id='word_1_40' title='bbox 1375 663 1623 731; x_wconf 70' lang='lat' dir='ltr'><strong>insaniae,</strong></span> <span class='ocrx_word' id='word_1_41' title='bbox 1653 679 1715 718; x_wconf 89' lang='lat' dir='ltr'><strong>ac</strong></span> <span class='ocrx_word' id='word_1_42' title='bbox 1757 664 1954 734; x_wconf 90' lang='lat' dir='ltr'><strong>pariter</strong></span> <span class='ocrx_word' id='word_1_43' title='bbox 1993 678 2180 719; x_wconf 91' lang='lat' dir='ltr'><strong>errore</strong></span> 
     </span>
    </p>
   </div>
   <div class='ocr_carea' id='block_1_8' title="bbox 584 755 2174 829">
    <p class='ocr_par' dir='ltr' id='par_1_8' title="bbox 584 755 2174 829">
     <span class='ocr_line' id='line_1_8' title="bbox 584 755 2174 829; baseline -0.005 -13"><span class='ocrx_word' id='word_1_44' title='bbox 584 762 882 826; x_wconf 89' lang='lat' dir='ltr'><strong>damnato,</strong></span> <span class='ocrx_word' id='word_1_45' title='bbox 914 757 1165 813; x_wconf 84' lang='lat' dir='ltr'><strong>sufﬁcere</strong></span> <span class='ocrx_word' id='word_1_46' title='bbox 1195 757 1607 829; x_wconf 86' lang='lat' dir='ltr'><strong>judicaverunt,</strong></span> <span class='ocrx_word' id='word_1_47' title='bbox 1645 763 1707 812; x_wconf 90' lang='lat' dir='ltr'><strong>ut</strong></span> <span class='ocrx_word' id='word_1_48' title='bbox 1740 757 1985 828; x_wconf 88' lang='lat' dir='ltr'><strong>quisquis</strong></span> <span class='ocrx_word' id='word_1_49' title='bbox 2025 755 2174 825; x_wconf 81' lang='lat' dir='ltr'><strong>[edit.</strong></span> 
     </span>
    </p>
   </div>
   <div class='ocr_carea' id='block_1_9' title="bbox 583 848 2182 922">
    <p class='ocr_par' dir='ltr' id='par_1_9' title="bbox 583 848 2182 922">
     <span class='ocr_line' id='line_1_9' title="bbox 583 848 2182 922; baseline -0.004 -12"><span class='ocrx_word' id='word_1_50' title='bbox 583 857 779 917; x_wconf 89' lang='lat' dir='ltr'><strong>Rom.,</strong></span> <span class='ocrx_word' id='word_1_51' title='bbox 827 854 1100 907; x_wconf 89' lang='lat' dir='ltr'><strong>Decretal.</strong></span> <span class='ocrx_word' id='word_1_52' title='bbox 1157 853 1401 921; x_wconf 82' lang='lat' dir='ltr'><strong>quisque]</strong></span> <span class='ocrx_word' id='word_1_53' title='bbox 1449 849 1741 921; x_wconf 87' lang='lat' dir='ltr'><strong>aliquando</strong></span> <span class='ocrx_word' id='word_1_54' title='bbox 1786 848 1954 922; x_wconf 77' lang='lat' dir='ltr'><strong>hujus</strong></span> <span class='ocrx_word' id='word_1_55' title='bbox 1978 850 2182 905; x_wconf 88' lang='lat' dir='ltr'><strong>erroris</strong></span> 
     </span>
    </p>
   </div>
   <div class='ocr_carea' id='block_1_10' title="bbox 583 942 2180 1015">
    <p class='ocr_par' dir='ltr' id='par_1_10' title="bbox 583 942 2180 1015">
     <span class='ocr_line' id='line_1_10' title="bbox 583 942 2180 1015; baseline -0.003 -12"><span class='ocrx_word' id='word_1_56' title='bbox 583 946 1024 1003; x_wconf 82' lang='lat' dir='ltr'><strong>communicatur</strong></span> <span class='ocrx_word' id='word_1_57' title='bbox 1070 945 1348 1012; x_wconf 84' lang='lat' dir='ltr'><strong>existeret,</strong></span> <span class='ocrx_word' id='word_1_58' title='bbox 1406 943 1690 1015; x_wconf 89' lang='lat' dir='ltr'><strong>principali</strong></span> <span class='ocrx_word' id='word_1_59' title='bbox 1745 942 1865 1014; x_wconf 89' lang='lat' dir='ltr'><strong>ejus</strong></span> <span class='ocrx_word' id='word_1_60' title='bbox 1911 942 2180 998; x_wconf 86' lang='lat' dir='ltr'><strong>sententia</strong></span> 
     </span>
    </p>
   </div>
   <div class='ocr_carea' id='block_1_11' title="bbox 586 1038 2183 1107">
    <p class='ocr_par' dir='ltr' id='par_1_11' title="bbox 586 1038 2183 1107">
     <span class='ocr_line' id='line_1_11' title="bbox 586 1038 2183 1107; baseline -0.004 -11"><span class='ocrx_word' id='word_1_61' title='bbox 586 1041 880 1097; x_wconf 88' lang='lat' dir='ltr'><strong>damnatus</strong></span> <span class='ocrx_word' id='word_1_62' title='bbox 907 1049 1050 1095; x_wconf 90' lang='lat' dir='ltr'><strong>esset</strong></span> <span class='ocrx_word' id='word_1_63' title='bbox 1066 1038 1219 1106; x_wconf 89' lang='lat' dir='ltr'><strong>[edit.</strong></span> <span class='ocrx_word' id='word_1_64' title='bbox 1248 1042 1417 1093; x_wconf 85' lang='lat' dir='ltr'><strong>Rom.</strong></span> <span class='ocrx_word' id='word_1_65' title='bbox 1438 1038 1734 1107; x_wconf 61' lang='lat' dir='ltr'><strong>mancipati</strong></span> <span class='ocrx_word' id='word_1_66' title='bbox 1750 1039 2014 1092; x_wconf 81' lang='lat' dir='ltr'><strong>sententia</strong></span> <span class='ocrx_word' id='word_1_67' title='bbox 2037 1038 2183 1091; x_wconf 80' lang='lat' dir='ltr'><strong>dam-</strong></span> 
     </span>
    </p>
   </div>
   <div class='ocr_carea' id='block_1_12' title="bbox 584 1129 2184 1202">
    <p class='ocr_par' dir='ltr' id='par_1_12' title="bbox 584 1129 2184 1202">
     <span class='ocr_line' id='line_1_12' title="bbox 584 1129 2184 1202; baseline -0.004 -12"><span class='ocrx_word' id='word_1_68' title='bbox 584 1136 822 1191; x_wconf 75' lang='lat' dir='ltr'><strong>nationis</strong></span> <span class='ocrx_word' id='word_1_69' title='bbox 866 1133 983 1202; x_wconf 72' lang='lat' dir='ltr'><strong>ejus</strong></span> <span class='ocrx_word' id='word_1_70' title='bbox 1030 1138 1164 1187; x_wconf 81' lang='lat' dir='ltr'><strong>esset</strong></span> <span class='ocrx_word' id='word_1_71' title='bbox 1215 1133 1555 1198; x_wconf 77' lang='lat' dir='ltr'><strong>obstrictus];</strong></span> <span class='ocrx_word' id='word_1_72' title='bbox 1592 1130 1854 1202; x_wconf 90' lang='lat' dir='ltr'><strong>quoniam</strong></span> <span class='ocrx_word' id='word_1_73' title='bbox 1897 1129 2184 1185; x_wconf 84' lang='lat' dir='ltr'><strong>manifeste</strong></span> 
     </span>
    </p>
   </div>
   <div class='ocr_carea' id='block_1_13' title="bbox 582 1223 2184 1299">
    <p class='ocr_par' dir='ltr' id='par_1_13' title="bbox 582 1223 2184 1299">
     <span class='ocr_line' id='line_1_13' title="bbox 582 1223 2184 1299; baseline -0.002 -18"><span class='ocrx_word' id='word_1_74' title='bbox 582 1227 811 1299; x_wconf 88' lang='lat' dir='ltr'><strong>quilibet</strong></span> <span class='ocrx_word' id='word_1_75' title='bbox 838 1227 921 1281; x_wconf 87' lang='lat' dir='ltr'><strong>vel</strong></span> <span class='ocrx_word' id='word_1_76' title='bbox 952 1225 1293 1297; x_wconf 88' lang='lat' dir='ltr'><strong>possessione</strong></span> <span class='ocrx_word' id='word_1_77' title='bbox 1321 1240 1442 1291; x_wconf 88' lang='lat' dir='ltr'><strong>sua,</strong></span> <span class='ocrx_word' id='word_1_78' title='bbox 1483 1224 1568 1278; x_wconf 90' lang='lat' dir='ltr'><strong>vel</strong></span> <span class='ocrx_word' id='word_1_79' title='bbox 1598 1223 1986 1279; x_wconf 89' lang='lat' dir='ltr'><strong>communione</strong></span> <span class='ocrx_word' id='word_1_80' title='bbox 2017 1223 2184 1293; x_wconf 88' lang='lat' dir='ltr'><strong>possit</strong></span> 
     </span>
    </p>
   </div>
   <div class='ocr_carea' id='block_1_14' title="bbox 585 1316 2183 1391">
    <p class='ocr_par' dir='ltr' id='par_1_14' title="bbox 585 1316 2183 1391">
     <span class='ocr_line' id='line_1_14' title="bbox 585 1316 2183 1391; baseline -0.003 -16"><span class='ocrx_word' id='word_1_81' title='bbox 585 1319 827 1391; x_wconf 84' lang='lat' dir='ltr'><strong>agnosci.</strong></span> <span class='ocrx_word' id='word_1_82' title='bbox 861 1339 890 1373; x_wconf 65' lang='grc' dir='ltr'><strong>ν</strong></span> <span class='ocrx_word' id='word_1_83' title='bbox 925 1321 992 1374; x_wconf 81' lang='lat' dir='ltr'><strong>Et</strong></span> <span class='ocrx_word' id='word_1_84' title='bbox 1033 1327 1154 1389; x_wconf 94' lang='lat' dir='ltr'><strong>post</strong></span> <span class='ocrx_word' id='word_1_85' title='bbox 1184 1334 1353 1389; x_wconf 88' lang='lat' dir='ltr'><strong>pauca</strong></span> <span class='ocrx_word' id='word_1_86' title='bbox 1388 1337 1402 1372; x_wconf 87' lang='lat'><strong>:</strong></span> <span class='ocrx_word' id='word_1_87' title='bbox 1436 1340 1463 1365; x_wconf 76' lang='grc' dir='ltr'><strong><em>α</em></strong></span> <span class='ocrx_word' id='word_1_88' title='bbox 1498 1319 1703 1372; x_wconf 86' lang='lat' dir='ltr'><strong>Forma</strong></span> <span class='ocrx_word' id='word_1_89' title='bbox 1751 1316 1877 1371; x_wconf 90' lang='lat' dir='ltr'><strong>ﬁdei</strong></span> <span class='ocrx_word' id='word_1_90' title='bbox 1924 1332 2183 1371; x_wconf 86' lang='lat' dir='ltr'><strong>commu-</strong></span> 
     </span>
    </p>
   </div>
   <div class='ocr_carea' id='block_1_15' title="bbox 583 1410 2181 1484">
    <p class='ocr_par' dir='ltr' id='par_1_15' title="bbox 583 1410 2181 1484">
     <span class='ocr_line' id='line_1_15' title="bbox 583 1410 2181 1484; baseline -0.004 -14"><span class='ocrx_word' id='word_1_91' title='bbox 583 1413 870 1484; x_wconf 88' lang='lat' dir='ltr'><strong>nionisque</strong></span> <span class='ocrx_word' id='word_1_92' title='bbox 898 1412 1202 1478; x_wconf 76' lang='lat' dir='ltr'><strong>catholicae,</strong></span> <span class='ocrx_word' id='word_1_93' title='bbox 1233 1411 1458 1467; x_wconf 70' lang='lat' dir='ltr'><strong>Nicaeno</strong></span> <span class='ocrx_word' id='word_1_94' title='bbox 1497 1411 1707 1481; x_wconf 85' lang='lat' dir='ltr'><strong>prolato</strong></span> <span class='ocrx_word' id='word_1_95' title='bbox 1735 1410 1988 1477; x_wconf 91' lang='lat' dir='ltr'><strong>concilio,</strong></span> <span class='ocrx_word' id='word_1_96' title='bbox 2016 1410 2181 1464; x_wconf 78' lang='lat' dir='ltr'><strong>Aria-</strong></span> 
     </span>
    </p>
   </div>
   <div class='ocr_carea' id='block_1_16' title="bbox 584 1503 2181 1576">
    <p class='ocr_par' dir='ltr' id='par_1_16' title="bbox 584 1503 2181 1576">
     <span class='ocr_line' id='line_1_16' title="bbox 584 1503 2181 1576; baseline -0.003 -14"><span class='ocrx_word' id='word_1_97' title='bbox 584 1523 687 1563; x_wconf 87' lang='lat' dir='ltr'><strong>nos</strong></span> <span class='ocrx_word' id='word_1_98' title='bbox 757 1521 970 1571; x_wconf 90' lang='lat' dir='ltr'><strong>omnes,</strong></span> <span class='ocrx_word' id='word_1_99' title='bbox 1023 1506 1105 1561; x_wconf 91' lang='lat' dir='ltr'><strong>vel</strong></span> <span class='ocrx_word' id='word_1_100' title='bbox 1174 1505 1423 1576; x_wconf 85' lang='lat' dir='ltr'><strong>quisquis</strong></span> <span class='ocrx_word' id='word_1_101' title='bbox 1492 1504 1547 1558; x_wconf 90' lang='lat' dir='ltr'><strong>in</strong></span> <span class='ocrx_word' id='word_1_102' title='bbox 1601 1503 1738 1557; x_wconf 90' lang='lat' dir='ltr'><strong>hanc</strong></span> <span class='ocrx_word' id='word_1_103' title='bbox 1794 1513 2002 1574; x_wconf 90' lang='lat' dir='ltr'><strong>pestem</strong></span> <span class='ocrx_word' id='word_1_104' title='bbox 2072 1504 2181 1558; x_wconf 85' lang='lat' dir='ltr'><strong>sive</strong></span> 
     </span>
    </p>
   </div>
   <div class='ocr_carea' id='block_1_17' title="bbox 585 1596 2180 1667">
    <p class='ocr_par' dir='ltr' id='par_1_17' title="bbox 585 1596 2180 1667">
     <span class='ocr_line' id='line_1_17' title="bbox 585 1596 2180 1667; baseline -0.003 -10"><span class='ocrx_word' id='word_1_105' title='bbox 585 1616 877 1667; x_wconf 90' lang='lat' dir='ltr'><strong>consensu,</strong></span> <span class='ocrx_word' id='word_1_106' title='bbox 932 1598 1044 1655; x_wconf 87' lang='lat' dir='ltr'><strong>sive</strong></span> <span class='ocrx_word' id='word_1_107' title='bbox 1113 1597 1503 1653; x_wconf 86' lang='lat' dir='ltr'><strong>communione</strong></span> <span class='ocrx_word' id='word_1_108' title='bbox 1569 1596 1849 1662; x_wconf 83' lang='lat' dir='ltr'><strong>deciderit,</strong></span> <span class='ocrx_word' id='word_1_109' title='bbox 1919 1596 2034 1651; x_wconf 91' lang='lat' dir='ltr'><strong>sine</strong></span> <span class='ocrx_word' id='word_1_110' title='bbox 2090 1613 2180 1652; x_wconf 89' lang='lat' dir='ltr'><strong>re—</strong></span> 
     </span>
    </p>
   </div>
   <div class='ocr_carea' id='block_1_18' title="bbox 582 1688 2181 1759">
    <p class='ocr_par' dir='ltr' id='par_1_18' title="bbox 582 1688 2181 1759">
     <span class='ocr_line' id='line_1_18' title="bbox 582 1688 2181 1759; baseline -0.004 -10"><span class='ocrx_word' id='word_1_111' title='bbox 582 1694 906 1749; x_wconf 85' lang='lat' dir='ltr'><strong>tractatione</strong></span> <span class='ocrx_word' id='word_1_112' title='bbox 931 1691 1169 1748; x_wconf 88' lang='lat' dir='ltr'><strong>excludit</strong></span> <span class='ocrx_word' id='word_1_113' title='bbox 1202 1691 1357 1759; x_wconf 89' lang='lat' dir='ltr'><strong>[edit.</strong></span> <span class='ocrx_word' id='word_1_114' title='bbox 1385 1693 1551 1745; x_wconf 88' lang='lat' dir='ltr'><strong>Rom.</strong></span> <span class='ocrx_word' id='word_1_115' title='bbox 1576 1690 1870 1757; x_wconf 76' lang='lat' dir='ltr'><strong>conclusit].</strong></span> <span class='ocrx_word' id='word_1_116' title='bbox 1894 1712 1920 1738; x_wconf 79' lang='lat' dir='ltr'><strong>n</strong></span> <span class='ocrx_word' id='word_1_117' title='bbox 1951 1688 2102 1744; x_wconf 89' lang='lat' dir='ltr'><strong>Idem</strong></span> <span class='ocrx_word' id='word_1_118' title='bbox 2128 1689 2181 1743; x_wconf 91' lang='lat' dir='ltr'><strong>in</strong></span> 
     </span>
    </p>
   </div>
   <div class='ocr_carea' id='block_1_19' title="bbox 2286 474 3756 548">
    <p class='ocr_par' dir='ltr' id='par_1_19' title="bbox 2286 474 3756 548">
     <span class='ocr_line' id='line_1_19' title="bbox 2286 474 3756 548; baseline 0.007 -20"><span class='ocrx_word' id='word_1_119' title='bbox 2286 474 2457 531; x_wconf 89' lang='lat' dir='ltr'><strong>nione</strong></span> <span class='ocrx_word' id='word_1_120' title='bbox 2500 491 2617 530; x_wconf 91' lang='lat' dir='ltr'><strong>non</strong></span> <span class='ocrx_word' id='word_1_121' title='bbox 2665 476 2966 541; x_wconf 89' lang='lat' dir='ltr'><strong>maculant,</strong></span> <span class='ocrx_word' id='word_1_122' title='bbox 3011 475 3151 530; x_wconf 89' lang='lat' dir='ltr'><strong>sicut</strong></span> <span class='ocrx_word' id='word_1_123' title='bbox 3193 477 3253 530; x_wconf 91' lang='lat' dir='ltr'><strong>B.</strong></span> <span class='ocrx_word' id='word_1_124' title='bbox 3283 480 3415 548; x_wconf 82' lang='lat' dir='ltr'><strong>Aug.</strong></span> <span class='ocrx_word' id='word_1_125' title='bbox 3441 488 3602 536; x_wconf 89' lang='lat' dir='ltr'><strong>contra</strong></span> <span class='ocrx_word' id='word_1_126' title='bbox 3625 484 3756 539; x_wconf 84' lang='lat' dir='ltr'><strong>Dona-</strong></span> 
     </span>
    </p>
   </div>
   <div class='ocr_carea' id='block_1_20' title="bbox 2289 567 3758 645">
    <p class='ocr_par' dir='ltr' id='par_1_20' title="bbox 2289 567 3758 645">
     <span class='ocr_line' id='line_1_20' title="bbox 2289 567 3758 645; baseline 0.006 -23"><span class='ocrx_word' id='word_1_127' title='bbox 2289 568 2446 624; x_wconf 74' lang='lat' dir='ltr'><strong>tistae</strong></span> <span class='ocrx_word' id='word_1_128' title='bbox 2498 567 2934 639; x_wconf 83' lang='lat' dir='ltr'><strong>frequentissime</strong></span> <span class='ocrx_word' id='word_1_129' title='bbox 3008 578 3067 623; x_wconf 91' lang='lat' dir='ltr'><strong>et</strong></span> <span class='ocrx_word' id='word_1_130' title='bbox 3135 567 3545 641; x_wconf 85' lang='lat' dir='ltr'><strong>irrefragabiliter</strong></span> <span class='ocrx_word' id='word_1_131' title='bbox 3606 576 3758 645; x_wconf 87' lang='lat' dir='ltr'><strong>probat.</strong></span> 
     </span>
    </p>
   </div>
   <div class='ocr_carea' id='block_1_21' title="bbox 2296 661 3762 739">
    <p class='ocr_par' dir='ltr' id='par_1_21' title="bbox 2296 661 3762 739">
     <span class='ocr_line' id='line_1_21' title="bbox 2296 661 3762 739; baseline 0.005 -22"><span class='ocrx_word' id='word_1_132' title='bbox 2296 665 2591 734; x_wconf 86' lang='lat' dir='ltr'><strong>Postquam</strong></span> <span class='ocrx_word' id='word_1_133' title='bbox 2640 677 2766 716; x_wconf 90' lang='lat' dir='ltr'><strong>vero</strong></span> <span class='ocrx_word' id='word_1_134' title='bbox 2814 661 2883 716; x_wconf 90' lang='lat' dir='ltr'><strong>ab</strong></span> <span class='ocrx_word' id='word_1_135' title='bbox 2937 661 3172 716; x_wconf 87' lang='lat' dir='ltr'><strong>Ecclesia</strong></span> <span class='ocrx_word' id='word_1_136' title='bbox 3214 674 3521 734; x_wconf 87' lang='lat' dir='ltr'><strong>separantur,</strong></span> <span class='ocrx_word' id='word_1_137' title='bbox 3566 682 3652 721; x_wconf 92' lang='lat' dir='ltr'><strong>non</strong></span> <span class='ocrx_word' id='word_1_138' title='bbox 3682 671 3762 739; x_wconf 88' lang='lat' dir='ltr'><strong>jam</strong></span> 
     </span>
    </p>
   </div>
   <div class='ocr_carea' id='block_1_22' title="bbox 2288 754 3765 821">
    <p class='ocr_par' dir='ltr' id='par_1_22' title="bbox 2288 754 3765 821">
     <span class='ocr_line' id='line_1_22' title="bbox 2288 754 3765 821; baseline 0.003 -11"><span class='ocrx_word' id='word_1_139' title='bbox 2288 755 2404 810; x_wconf 91' lang='lat' dir='ltr'><strong>sola</strong></span> <span class='ocrx_word' id='word_1_140' title='bbox 2478 755 2859 821; x_wconf 87' lang='lat' dir='ltr'><strong>consensione,</strong></span> <span class='ocrx_word' id='word_1_141' title='bbox 2936 755 3031 811; x_wconf 91' lang='lat' dir='ltr'><strong>sed</strong></span> <span class='ocrx_word' id='word_1_142' title='bbox 3098 754 3257 810; x_wconf 89' lang='lat' dir='ltr'><strong>etiam</strong></span> <span class='ocrx_word' id='word_1_143' title='bbox 3307 757 3537 813; x_wconf 74' lang='lat' dir='ltr'><strong>exteriori</strong></span> <span class='ocrx_word' id='word_1_144' title='bbox 3580 775 3765 815; x_wconf 87' lang='lat' dir='ltr'><strong>commn-</strong></span> 
     </span>
    </p>
   </div>
   <div class='ocr_carea' id='block_1_23' title="bbox 2288 848 3765 909">
    <p class='ocr_par' dir='ltr' id='par_1_23' title="bbox 2288 848 3765 909">
     <span class='ocr_line' id='line_1_23' title="bbox 2288 848 3765 909; baseline 0.003 -5"><span class='ocrx_word' id='word_1_145' title='bbox 2288 850 2456 904; x_wconf 88' lang='lat' dir='ltr'><strong>nione</strong></span> <span class='ocrx_word' id='word_1_146' title='bbox 2506 848 3012 904; x_wconf 89' lang='lat' dir='ltr'><strong>communicatores</strong></span> <span class='ocrx_word' id='word_1_147' title='bbox 3063 864 3189 905; x_wconf 91' lang='lat' dir='ltr'><strong>suos</strong></span> <span class='ocrx_word' id='word_1_148' title='bbox 3235 850 3488 905; x_wconf 87' lang='lat' dir='ltr'><strong>maculare</strong></span> <span class='ocrx_word' id='word_1_149' title='bbox 3524 867 3615 906; x_wconf 92' lang='lat' dir='ltr'><strong>non</strong></span> <span class='ocrx_word' id='word_1_150' title='bbox 3655 853 3765 909; x_wconf 84' lang='lat' dir='ltr'><strong>dubi-</strong></span> 
     </span>
    </p>
   </div>
   <div class='ocr_carea' id='block_1_24' title="bbox 2287 950 2493 998">
    <p class='ocr_par' dir='ltr' id='par_1_24' title="bbox 2287 950 2493 998">
     <span class='ocr_line' id='line_1_24' title="bbox 2287 950 2493 998; baseline 0 0"><span class='ocrx_word' id='word_1_151' title='bbox 2287 950 2493 998; x_wconf 85' lang='lat' dir='ltr'><strong>tantur.</strong></span> 
     </span>
    </p>
   </div>
   <div class='ocr_carea' id='block_1_25' title="bbox 2362 1035 3768 1107">
    <p class='ocr_par' dir='ltr' id='par_1_25' title="bbox 2362 1035 3768 1107">
     <span class='ocr_line' id='line_1_25' title="bbox 2362 1035 3768 1107; baseline 0.001 -16"><span class='ocrx_word' id='word_1_152' title='bbox 2362 1035 2527 1092; x_wconf 91' lang='lat' dir='ltr'><strong>Unde</strong></span> <span class='ocrx_word' id='word_1_153' title='bbox 2556 1035 2703 1092; x_wconf 90' lang='lat' dir='ltr'><strong>idem</strong></span> <span class='ocrx_word' id='word_1_154' title='bbox 2731 1038 2795 1091; x_wconf 92' lang='lat' dir='ltr'><strong>B.</strong></span> <span class='ocrx_word' id='word_1_155' title='bbox 2826 1039 2967 1107; x_wconf 85' lang='lat' dir='ltr'><strong>Aug.</strong></span> <span class='ocrx_word' id='word_1_156' title='bbox 3025 1036 3079 1091; x_wconf 93' lang='lat' dir='ltr'><strong>in</strong></span> <span class='ocrx_word' id='word_1_157' title='bbox 3109 1051 3175 1091; x_wconf 83' lang='lat' dir='ltr'><strong>1v</strong></span> <span class='ocrx_word' id='word_1_158' title='bbox 3200 1035 3572 1107; x_wconf 88' lang='lat' dir='ltr'><strong>Carthaginensi</strong></span> <span class='ocrx_word' id='word_1_159' title='bbox 3602 1039 3768 1093; x_wconf 88' lang='lat' dir='ltr'><strong>concilio</strong></span> 
     </span>
    </p>
   </div>
   <div class='ocr_carea' id='block_1_26' title="bbox 2289 1129 3772 1201">
    <p class='ocr_par' dir='ltr' id='par_1_26' title="bbox 2289 1129 3772 1201">
     <span class='ocr_line' id='line_1_26' title="bbox 2289 1129 3772 1201; baseline 0.001 -16"><span class='ocrx_word' id='word_1_160' title='bbox 2289 1146 2320 1185; x_wconf 90' lang='lat' dir='ltr'><strong>a</strong></span> <span class='ocrx_word' id='word_1_161' title='bbox 2349 1144 2559 1186; x_wconf 83' lang='lat' dir='ltr'><strong>ccxvu</strong></span> <span class='ocrx_word' id='word_1_162' title='bbox 2609 1129 2878 1201; x_wconf 88' lang='lat' dir='ltr'><strong>episcopis</strong></span> <span class='ocrx_word' id='word_1_163' title='bbox 2906 1129 3117 1196; x_wconf 88' lang='lat' dir='ltr'><strong>habito,</strong></span> <span class='ocrx_word' id='word_1_164' title='bbox 3146 1130 3458 1185; x_wconf 88' lang='lat' dir='ltr'><strong>sententiam</strong></span> <span class='ocrx_word' id='word_1_165' title='bbox 3485 1132 3772 1186; x_wconf 85' lang='lat' dir='ltr'><strong>excommuni-</strong></span> 
     </span>
    </p>
   </div>
   <div class='ocr_carea' id='block_1_27' title="bbox 2290 1221 3771 1294">
    <p class='ocr_par' dir='ltr' id='par_1_27' title="bbox 2290 1221 3771 1294">
     <span class='ocr_line' id='line_1_27' title="bbox 2290 1221 3771 1294; baseline 0.001 -16"><span class='ocrx_word' id='word_1_166' title='bbox 2290 1223 2522 1279; x_wconf 81' lang='lat' dir='ltr'><strong>cationis</strong></span> <span class='ocrx_word' id='word_1_167' title='bbox 2567 1239 2664 1278; x_wconf 91' lang='lat' dir='ltr'><strong>sua</strong></span> <span class='ocrx_word' id='word_1_168' title='bbox 2705 1222 3105 1293; x_wconf 88' lang='lat' dir='ltr'><strong>subscriptione</strong></span> <span class='ocrx_word' id='word_1_169' title='bbox 3147 1221 3467 1278; x_wconf 88' lang='lat' dir='ltr'><strong>conﬁrmavit</strong></span> <span class='ocrx_word' id='word_1_170' title='bbox 3501 1239 3636 1294; x_wconf 88' lang='lat' dir='ltr'><strong>super</strong></span> <span class='ocrx_word' id='word_1_171' title='bbox 3666 1240 3771 1291; x_wconf 85' lang='lat' dir='ltr'><strong>eum,</strong></span> 
     </span>
    </p>
   </div>
   <div class='ocr_carea' id='block_1_28' title="bbox 2288 1315 3773 1393">
    <p class='ocr_par' dir='ltr' id='par_1_28' title="bbox 2288 1315 3773 1393">
     <span class='ocr_line' id='line_1_28' title="bbox 2288 1315 3773 1393; baseline 0 -22"><span class='ocrx_word' id='word_1_172' title='bbox 2288 1316 2605 1393; x_wconf 73' lang='lat' dir='ltr'><strong>quicunque</strong></span> <span class='ocrx_word' id='word_1_173' title='bbox 2651 1316 2905 1387; x_wconf 90' lang='lat' dir='ltr'><strong>deinceps</strong></span> <span class='ocrx_word' id='word_1_174' title='bbox 2946 1315 3407 1372; x_wconf 84' lang='lat' dir='ltr'><strong>excommunicato</strong></span> <span class='ocrx_word' id='word_1_175' title='bbox 3441 1316 3511 1370; x_wconf 88' lang='lat' dir='ltr'><strong>vel</strong></span> <span class='ocrx_word' id='word_1_176' title='bbox 3535 1316 3773 1371; x_wconf 86' lang='lat' dir='ltr'><strong>inoratione</strong></span> 
     </span>
    </p>
   </div>
   <div class='ocr_carea' id='block_1_29' title="bbox 2287 1407 3772 1481">
    <p class='ocr_par' dir='ltr' id='par_1_29' title="bbox 2287 1407 3772 1481">
     <span class='ocr_line' id='line_1_29' title="bbox 2287 1407 3772 1481; baseline -0.002 -16"><span class='ocrx_word' id='word_1_177' title='bbox 2287 1409 2798 1466; x_wconf 88' lang='lat' dir='ltr'><strong>commnnicaverit.</strong></span> <span class='ocrx_word' id='word_1_178' title='bbox 2851 1412 2973 1481; x_wconf 89' lang='lat' dir='ltr'><strong>Qua</strong></span> <span class='ocrx_word' id='word_1_179' title='bbox 3013 1409 3277 1464; x_wconf 88' lang='lat' dir='ltr'><strong>sententia</strong></span> <span class='ocrx_word' id='word_1_180' title='bbox 3315 1417 3367 1464; x_wconf 88' lang='lat' dir='ltr'><strong>et</strong></span> <span class='ocrx_word' id='word_1_181' title='bbox 3392 1408 3478 1479; x_wconf 91' lang='lat' dir='ltr'><strong>ipsi</strong></span> <span class='ocrx_word' id='word_1_182' title='bbox 3503 1409 3689 1478; x_wconf 91' lang='lat' dir='ltr'><strong>apostoli</strong></span> <span class='ocrx_word' id='word_1_183' title='bbox 3707 1407 3772 1462; x_wconf 86' lang='lat' dir='ltr'><strong>bu-</strong></span> 
     </span>
    </p>
   </div>
   <div class='ocr_carea' id='block_1_30' title="bbox 2279 1501 3773 1575">
    <p class='ocr_par' dir='ltr' id='par_1_30' title="bbox 2279 1501 3773 1575">
     <span class='ocr_line' id='line_1_30' title="bbox 2279 1501 3773 1575; baseline -0.002 -17"><span class='ocrx_word' id='word_1_184' title='bbox 2279 1501 2524 1575; x_wconf 90' lang='lat' dir='ltr'><strong>jusmodi</strong></span> <span class='ocrx_word' id='word_1_185' title='bbox 2546 1503 3079 1558; x_wconf 89' lang='lat' dir='ltr'><strong>communicatorem</strong></span> <span class='ocrx_word' id='word_1_186' title='bbox 3099 1501 3435 1569; x_wconf 89' lang='lat' dir='ltr'><strong>damnavere,</strong></span> <span class='ocrx_word' id='word_1_187' title='bbox 3455 1501 3593 1574; x_wconf 72' lang='lat' dir='ltr'><strong>juxta</strong></span> <span class='ocrx_word' id='word_1_188' title='bbox 3612 1508 3773 1556; x_wconf 86' lang='lat' dir='ltr'><strong>attesta-</strong></span> 
     </span>
    </p>
   </div>
   <div class='ocr_carea' id='block_1_31' title="bbox 2288 1596 2927 1668">
    <p class='ocr_par' dir='ltr' id='par_1_31' title="bbox 2288 1596 2927 1668">
     <span class='ocr_line' id='line_1_31' title="bbox 2288 1596 2927 1668; baseline 0.003 -18"><span class='ocrx_word' id='word_1_189' title='bbox 2288 1597 2496 1651; x_wconf 89' lang='lat' dir='ltr'><strong>tionem</strong></span> <span class='ocrx_word' id='word_1_190' title='bbox 2519 1596 2722 1652; x_wconf 90' lang='lat' dir='ltr'><strong>Callisti</strong></span> <span class='ocrx_word' id='word_1_191' title='bbox 2752 1611 2927 1668; x_wconf 61' lang='lat' dir='ltr'><strong>papae.</strong></span> 
     </span>
    </p>
   </div>
   <div class='ocr_carea' id='block_1_32' title="bbox 2363 1687 3778 1761">
    <p class='ocr_par' dir='ltr' id='par_1_32' title="bbox 2363 1687 3778 1761">
     <span class='ocr_line' id='line_1_32' title="bbox 2363 1687 3778 1761; baseline -0.003 -16"><span class='ocrx_word' id='word_1_192' title='bbox 2363 1692 2660 1761; x_wconf 88' lang='lat' dir='ltr'><strong>Hucusque</strong></span> <span class='ocrx_word' id='word_1_193' title='bbox 2734 1689 2802 1745; x_wconf 92' lang='lat' dir='ltr'><strong>de</strong></span> <span class='ocrx_word' id='word_1_194' title='bbox 2870 1689 2987 1760; x_wconf 85' lang='lat' dir='ltr'><strong>lege</strong></span> <span class='ocrx_word' id='word_1_195' title='bbox 3048 1687 3599 1744; x_wconf 87' lang='lat' dir='ltr'><strong>excommunicationis</strong></span> <span class='ocrx_word' id='word_1_196' title='bbox 3640 1694 3778 1742; x_wconf 72' lang='lat' dir='ltr'><strong>vesuae</strong></span> 
     </span>
    </p>
   </div>
   <div class='ocr_carea' id='block_1_33' title="bbox 582 1770 3779 1858">
    <p class='ocr_par' dir='ltr' id='par_1_33' title="bbox 582 1770 3779 1858">
     <span class='ocr_line' id='line_1_33' title="bbox 582 1770 3779 1858; baseline -0.003 -15"><span class='ocrx_word' id='word_1_197' title='bbox 582 1787 975 1858; x_wconf 88' lang='lat' dir='ltr'><strong>sequentibus:</strong></span> <span class='ocrx_word' id='word_1_198' title='bbox 1006 1809 1031 1833; x_wconf 73' lang='grc' dir='ltr'><strong>«ι</strong></span> <span class='ocrx_word' id='word_1_199' title='bbox 1058 1784 1212 1840; x_wconf 90' lang='lat' dir='ltr'><strong>Idem</strong></span> <span class='ocrx_word' id='word_1_200' title='bbox 1254 1783 1370 1854; x_wconf 91' lang='lat' dir='ltr'><strong>ipse</strong></span> <span class='ocrx_word' id='word_1_201' title='bbox 1412 1799 1591 1852; x_wconf 85' lang='lat' dir='ltr'><strong>error,</strong></span> <span class='ocrx_word' id='word_1_202' title='bbox 1617 1783 1706 1854; x_wconf 91' lang='lat' dir='ltr'><strong>qui</strong></span> <span class='ocrx_word' id='word_1_203' title='bbox 1736 1783 1903 1838; x_wconf 83' lang='lat' dir='ltr'><strong>semel</strong></span> <span class='ocrx_word' id='word_1_204' title='bbox 1945 1791 2028 1837; x_wconf 91' lang='lat' dir='ltr'><strong>est</strong></span> <span class='ocrx_word' id='word_1_205' title='bbox 2051 1799 2175 1837; x_wconf 91' lang='lat' dir='ltr'><strong>cum</strong></span> <span class='ocrx_word' id='word_1_206' title='bbox 2213 1770 2260 1831; x_wconf 89' lang='grc' dir='ltr'><strong>Β</strong></span> <span class='ocrx_word' id='word_1_207' title='bbox 2289 1781 2529 1854; x_wconf 90' lang='lat' dir='ltr'><strong>petitioni</strong></span> <span class='ocrx_word' id='word_1_208' title='bbox 2574 1791 2850 1853; x_wconf 88' lang='lat' dir='ltr'><strong>utcunque</strong></span> <span class='ocrx_word' id='word_1_209' title='bbox 2889 1780 3267 1838; x_wconf 79' lang='lat' dir='ltr'><strong>satisfecimns.</strong></span> <span class='ocrx_word' id='word_1_210' title='bbox 3300 1781 3401 1837; x_wconf 87' lang='lat' dir='ltr'><strong>Sed</strong></span> <span class='ocrx_word' id='word_1_211' title='bbox 3450 1780 3559 1851; x_wconf 90' lang='lat' dir='ltr'><strong>quia</strong></span> <span class='ocrx_word' id='word_1_212' title='bbox 3594 1795 3683 1834; x_wconf 92' lang='lat' dir='ltr'><strong>non</strong></span> <span class='ocrx_word' id='word_1_213' title='bbox 3702 1778 3779 1833; x_wconf 84' lang='lat' dir='ltr'><strong>sine</strong></span> 
     </span>
    </p>
   </div>
   <div class='ocr_carea' id='block_1_34' title="bbox 580 1876 2182 1947">
    <p class='ocr_par' dir='ltr' id='par_1_34' title="bbox 580 1876 2182 1947">
     <span class='ocr_line' id='line_1_34' title="bbox 580 1876 2182 1947; baseline -0.002 -12"><span class='ocrx_word' id='word_1_214' title='bbox 580 1898 680 1937; x_wconf 93' lang='lat' dir='ltr'><strong>suo</strong></span> <span class='ocrx_word' id='word_1_215' title='bbox 720 1890 942 1935; x_wconf 90' lang='lat' dir='ltr'><strong>auctore</strong></span> <span class='ocrx_word' id='word_1_216' title='bbox 983 1878 1295 1943; x_wconf 88' lang='lat' dir='ltr'><strong>damnatus,</strong></span> <span class='ocrx_word' id='word_1_217' title='bbox 1339 1876 1392 1931; x_wconf 87' lang='lat' dir='ltr'><strong>in</strong></span> <span class='ocrx_word' id='word_1_218' title='bbox 1424 1876 1686 1947; x_wconf 88' lang='lat' dir='ltr'><strong>participe</strong></span> <span class='ocrx_word' id='word_1_219' title='bbox 1713 1876 1957 1947; x_wconf 87' lang='lat' dir='ltr'><strong>quolibet</strong></span> <span class='ocrx_word' id='word_1_220' title='bbox 2005 1891 2182 1947; x_wconf 72' lang='lat' dir='ltr'><strong>pravae</strong></span> 
     </span>
    </p>
   </div>
   <div class='ocr_carea' id='block_1_35' title="bbox 585 1970 2184 2042">
    <p class='ocr_par' dir='ltr' id='par_1_35' title="bbox 585 1970 2184 2042">
     <span class='ocr_line' id='line_1_35' title="bbox 585 1970 2184 2042; baseline -0.004 -12"><span class='ocrx_word' id='word_1_221' title='bbox 585 1972 989 2032; x_wconf 89' lang='lat' dir='ltr'><strong>communionis</strong></span> <span class='ocrx_word' id='word_1_222' title='bbox 1041 1970 1261 2036; x_wconf 87' lang='lat' dir='ltr'><strong>effecto,</strong></span> <span class='ocrx_word' id='word_1_223' title='bbox 1310 1978 1367 2025; x_wconf 89' lang='lat' dir='ltr'><strong>et</strong></span> <span class='ocrx_word' id='word_1_224' title='bbox 1418 1970 1849 2025; x_wconf 86' lang='lat' dir='ltr'><strong>exsecrationem</strong></span> <span class='ocrx_word' id='word_1_225' title='bbox 1916 1978 2091 2042; x_wconf 85' lang='lat' dir='ltr'><strong>gestat</strong></span> <span class='ocrx_word' id='word_1_226' title='bbox 2130 1978 2184 2025; x_wconf 89' lang='lat' dir='ltr'><strong>et</strong></span> 
     </span>
    </p>
   </div>
   <div class='ocr_carea' id='block_1_36' title="bbox 583 2081 1349 2138">
    <p class='ocr_par' dir='ltr' id='par_1_36' title="bbox 583 2081 1349 2138">
     <span class='ocr_line' id='line_1_36' title="bbox 583 2081 1349 2138; baseline -0.004 -15"><span class='ocrx_word' id='word_1_227' title='bbox 583 2081 822 2138; x_wconf 71' lang='lat' dir='ltr'><strong>pmnam.</strong></span> <span class='ocrx_word' id='word_1_228' title='bbox 850 2089 877 2114; x_wconf 70' lang='grc' dir='ltr'><strong>υ</strong></span> <span class='ocrx_word' id='word_1_229' title='bbox 1346 2126 1349 2127; x_wconf 22' lang='grc' dir='ltr'><em>ν</em></span> 
     </span>
    </p>
   </div>
   <div class='ocr_carea' id='block_1_37' title="bbox 654 2154 2179 2227">
    <p class='ocr_par' dir='ltr' id='par_1_37' title="bbox 654 2154 2179 2227">
     <span class='ocr_line' id='line_1_37' title="bbox 654 2154 2179 2227; baseline -0.002 -14"><span class='ocrx_word' id='word_1_230' title='bbox 654 2158 898 2227; x_wconf 87' lang='lat' dir='ltr'><strong>Qualiter</strong></span> <span class='ocrx_word' id='word_1_231' title='bbox 924 2164 1110 2212; x_wconf 88' lang='lat' dir='ltr'><strong>autem</strong></span> <span class='ocrx_word' id='word_1_232' title='bbox 1150 2154 1649 2211; x_wconf 81' lang='lat' dir='ltr'><strong>excommunicatos</strong></span> <span class='ocrx_word' id='word_1_233' title='bbox 1675 2154 1840 2209; x_wconf 86' lang='lat' dir='ltr'><strong>vitare</strong></span> <span class='ocrx_word' id='word_1_234' title='bbox 1864 2154 2179 2222; x_wconf 87' lang='lat' dir='ltr'><strong>debeamus,</strong></span> 
     </span>
    </p>
   </div>
   <div class='ocr_carea' id='block_1_38' title="bbox 585 2247 2181 2322">
    <p class='ocr_par' dir='ltr' id='par_1_38' title="bbox 585 2247 2181 2322">
     <span class='ocr_line' id='line_1_38' title="bbox 585 2247 2181 2322; baseline -0.003 -16"><span class='ocrx_word' id='word_1_235' title='bbox 585 2250 927 2322; x_wconf 88' lang='lat' dir='ltr'><strong>apertissime</strong></span> <span class='ocrx_word' id='word_1_236' title='bbox 972 2249 1129 2303; x_wconf 79' lang='lat' dir='ltr'><strong>nobis</strong></span> <span class='ocrx_word' id='word_1_237' title='bbox 1176 2247 1553 2319; x_wconf 66' lang='lat' dir='ltr'><strong>praescriptum</strong></span> <span class='ocrx_word' id='word_1_238' title='bbox 1586 2255 1665 2302; x_wconf 82' lang='lat' dir='ltr'><strong>est</strong></span> <span class='ocrx_word' id='word_1_239' title='bbox 1710 2264 1742 2302; x_wconf 86' lang='lat' dir='ltr'><strong>a</strong></span> <span class='ocrx_word' id='word_1_240' title='bbox 1787 2248 1879 2302; x_wconf 92' lang='lat' dir='ltr'><strong>SS.</strong></span> <span class='ocrx_word' id='word_1_241' title='bbox 1913 2248 2181 2314; x_wconf 86' lang='lat' dir='ltr'><strong>Patrihus,</strong></span> 
     </span>
    </p>
   </div>
   <div class='ocr_carea' id='block_1_39' title="bbox 588 2342 2186 2414">
    <p class='ocr_par' dir='ltr' id='par_1_39' title="bbox 588 2342 2186 2414">
     <span class='ocr_line' id='line_1_39' title="bbox 588 2342 2186 2414; baseline -0.002 -15"><span class='ocrx_word' id='word_1_242' title='bbox 588 2345 728 2399; x_wconf 86' lang='lat' dir='ltr'><strong>inter</strong></span> <span class='ocrx_word' id='word_1_243' title='bbox 756 2359 896 2414; x_wconf 91' lang='lat' dir='ltr'><strong>quos</strong></span> <span class='ocrx_word' id='word_1_244' title='bbox 927 2342 1217 2397; x_wconf 78' lang='lat' dir='ltr'><strong>Callistus]</strong></span> <span class='ocrx_word' id='word_1_245' title='bbox 1242 2346 1445 2407; x_wconf 81' lang='lat'><strong>(1054),</strong></span> <span class='ocrx_word' id='word_1_246' title='bbox 1477 2356 1616 2411; x_wconf 89' lang='lat' dir='ltr'><strong>papa</strong></span> <span class='ocrx_word' id='word_1_247' title='bbox 1645 2348 1698 2394; x_wconf 90' lang='lat' dir='ltr'><strong>et</strong></span> <span class='ocrx_word' id='word_1_248' title='bbox 1720 2345 1926 2412; x_wconf 86' lang='lat' dir='ltr'><strong>martyr</strong></span> <span class='ocrx_word' id='word_1_249' title='bbox 1945 2348 2186 2412; x_wconf 89' lang='lat' dir='ltr'><strong>quatuor</strong></span> 
     </span>
    </p>
   </div>
   <div class='ocr_carea' id='block_1_40' title="bbox 586 2434 2185 2505">
    <p class='ocr_par' dir='ltr' id='par_1_40' title="bbox 586 2434 2185 2505">
     <span class='ocr_line' id='line_1_40' title="bbox 586 2434 2185 2505; baseline -0.002 -14"><span class='ocrx_word' id='word_1_250' title='bbox 586 2452 672 2491; x_wconf 88' lang='lat' dir='ltr'><strong>res</strong></span> <span class='ocrx_word' id='word_1_251' title='bbox 714 2442 1023 2501; x_wconf 87' lang='lat' dir='ltr'><strong>enumerat,</strong></span> <span class='ocrx_word' id='word_1_252' title='bbox 1072 2435 1129 2489; x_wconf 90' lang='lat' dir='ltr'><strong>in</strong></span> <span class='ocrx_word' id='word_1_253' title='bbox 1175 2434 1374 2505; x_wconf 88' lang='lat' dir='ltr'><strong>quibus</strong></span> <span class='ocrx_word' id='word_1_254' title='bbox 1434 2434 1973 2488; x_wconf 81' lang='lat' dir='ltr'><strong>excommunicatnm</strong></span> <span class='ocrx_word' id='word_1_255' title='bbox 2015 2434 2185 2488; x_wconf 89' lang='lat' dir='ltr'><strong>vitare</strong></span> 
     </span>
    </p>
   </div>
   <div class='ocr_carea' id='block_1_41' title="bbox 587 2526 2185 2594">
    <p class='ocr_par' dir='ltr' id='par_1_41' title="bbox 587 2526 2185 2594">
     <span class='ocr_line' id='line_1_41' title="bbox 587 2526 2185 2594; baseline -0.003 -9"><span class='ocrx_word' id='word_1_256' title='bbox 587 2528 902 2593; x_wconf 88' lang='lat' dir='ltr'><strong>debeamus,</strong></span> <span class='ocrx_word' id='word_1_257' title='bbox 963 2526 1211 2582; x_wconf 90' lang='lat' dir='ltr'><strong>videlicet</strong></span> <span class='ocrx_word' id='word_1_258' title='bbox 1252 2526 1305 2581; x_wconf 93' lang='lat' dir='ltr'><strong>in</strong></span> <span class='ocrx_word' id='word_1_259' title='bbox 1362 2526 1710 2594; x_wconf 83' lang='lat' dir='ltr'><strong>salutatione,</strong></span> <span class='ocrx_word' id='word_1_260' title='bbox 1772 2526 1829 2580; x_wconf 91' lang='lat' dir='ltr'><strong>in</strong></span> <span class='ocrx_word' id='word_1_261' title='bbox 1870 2526 2086 2593; x_wconf 88' lang='lat' dir='ltr'><strong>osculo,</strong></span> <span class='ocrx_word' id='word_1_262' title='bbox 2127 2527 2185 2581; x_wconf 89' lang='lat' dir='ltr'><strong>in</strong></span> 
     </span>
    </p>
   </div>
   <div class='ocr_carea' id='block_1_42' title="bbox 586 2620 2184 2691">
    <p class='ocr_par' dir='ltr' id='par_1_42' title="bbox 586 2620 2184 2691">
     <span class='ocr_line' id='line_1_42' title="bbox 586 2620 2184 2691; baseline -0.001 -15"><span class='ocrx_word' id='word_1_263' title='bbox 586 2621 849 2685; x_wconf 87' lang='lat' dir='ltr'><strong>oratione,</strong></span> <span class='ocrx_word' id='word_1_264' title='bbox 895 2622 951 2675; x_wconf 91' lang='lat' dir='ltr'><strong>in</strong></span> <span class='ocrx_word' id='word_1_265' title='bbox 999 2636 1205 2675; x_wconf 90' lang='lat' dir='ltr'><strong>mensa.</strong></span> <span class='ocrx_word' id='word_1_266' title='bbox 1274 2643 1298 2667; x_wconf 76' lang='grc' dir='ltr'><strong>ιι</strong></span> <span class='ocrx_word' id='word_1_267' title='bbox 1332 2622 1477 2675; x_wconf 86' lang='lat' dir='ltr'><strong>Nam</strong></span> <span class='ocrx_word' id='word_1_268' title='bbox 1529 2621 1863 2691; x_wconf 88' lang='lat' dir='ltr'><strong>quicunque,</strong></span> <span class='ocrx_word' id='word_1_269' title='bbox 1894 2620 2088 2691; x_wconf 89' lang='lat' dir='ltr'><strong>inquit,</strong></span> <span class='ocrx_word' id='word_1_270' title='bbox 2126 2620 2184 2675; x_wconf 90' lang='lat' dir='ltr'><strong>in</strong></span> 
     </span>
    </p>
   </div>
   <div class='ocr_carea' id='block_1_43' title="bbox 589 2710 2185 2784">
    <p class='ocr_par' dir='ltr' id='par_1_43' title="bbox 589 2710 2185 2784">
     <span class='ocr_line' id='line_1_43' title="bbox 589 2710 2185 2784; baseline -0.001 -14"><span class='ocrx_word' id='word_1_271' title='bbox 589 2716 670 2770; x_wconf 89' lang='lat' dir='ltr'><strong>his</strong></span> <span class='ocrx_word' id='word_1_272' title='bbox 712 2714 792 2768; x_wconf 89' lang='lat' dir='ltr'><strong>vel</strong></span> <span class='ocrx_word' id='word_1_273' title='bbox 837 2714 892 2768; x_wconf 91' lang='lat' dir='ltr'><strong>in</strong></span> <span class='ocrx_word' id='word_1_274' title='bbox 934 2710 1072 2768; x_wconf 58' lang='lat' dir='ltr'><strong>aliis‘</strong></span> <span class='ocrx_word' id='word_1_275' title='bbox 1097 2712 1382 2784; x_wconf 88' lang='lat' dir='ltr'><strong>prohibitis</strong></span> <span class='ocrx_word' id='word_1_276' title='bbox 1423 2712 1659 2768; x_wconf 89' lang='lat' dir='ltr'><strong>scienter</strong></span> <span class='ocrx_word' id='word_1_277' title='bbox 1699 2713 2185 2770; x_wconf 84' lang='lat' dir='ltr'><strong>excommunicatis</strong></span> 
     </span>
    </p>
   </div>
   <div class='ocr_carea' id='block_1_44' title="bbox 586 2805 2181 2877">
    <p class='ocr_par' dir='ltr' id='par_1_44' title="bbox 586 2805 2181 2877">
     <span class='ocr_line' id='line_1_44' title="bbox 586 2805 2181 2877; baseline -0.001 -14"><span class='ocrx_word' id='word_1_278' title='bbox 586 2805 1095 2875; x_wconf 89' lang='lat' dir='ltr'><strong>communicaverit,</strong></span> <span class='ocrx_word' id='word_1_279' title='bbox 1141 2805 1293 2877; x_wconf 84' lang='lat' dir='ltr'><strong>juxta</strong></span> <span class='ocrx_word' id='word_1_280' title='bbox 1335 2807 1709 2876; x_wconf 88' lang='lat' dir='ltr'><strong>apostolorum</strong></span> <span class='ocrx_word' id='word_1_281' title='bbox 1755 2806 2181 2875; x_wconf 88' lang='lat' dir='ltr'><strong>institutionem,</strong></span> 
     </span>
    </p>
   </div>
   <div class='ocr_carea' id='block_1_45' title="bbox 530 2893 1930 2971">
    <p class='ocr_par' dir='ltr' id='par_1_45' title="bbox 530 2893 1930 2971">
     <span class='ocr_line' id='line_1_45' title="bbox 530 2893 1930 2971; baseline -0.006 -14"><span class='ocrx_word' id='word_1_282' title='bbox 530 2893 535 2899; x_wconf 73' lang='grc'><strong>’</strong></span> <span class='ocrx_word' id='word_1_283' title='bbox 586 2909 640 2957; x_wconf 87' lang='lat' dir='ltr'><strong>et</strong></span> <span class='ocrx_word' id='word_1_284' title='bbox 661 2902 773 2970; x_wconf 92' lang='lat' dir='ltr'><strong>ipse</strong></span> <span class='ocrx_word' id='word_1_285' title='bbox 810 2899 969 2954; x_wconf 90' lang='lat' dir='ltr'><strong>simili</strong></span> <span class='ocrx_word' id='word_1_286' title='bbox 997 2898 1548 2955; x_wconf 84' lang='lat' dir='ltr'><strong>excommunicationi</strong></span> <span class='ocrx_word' id='word_1_287' title='bbox 1574 2899 1868 2971; x_wconf 88' lang='lat' dir='ltr'><strong>subjaceat.</strong></span> <span class='ocrx_word' id='word_1_288' title='bbox 1906 2923 1930 2948; x_wconf 75' lang='grc' dir='ltr'><strong>ι.</strong></span> 
     </span>
    </p>
   </div>
   <div class='ocr_carea' id='block_1_46' title="bbox 656 2993 2184 3064">
    <p class='ocr_par' dir='ltr' id='par_1_46' title="bbox 656 2993 2184 3064">
     <span class='ocr_line' id='line_1_46' title="bbox 656 2993 2184 3064; baseline -0.001 -15"><span class='ocrx_word' id='word_1_289' title='bbox 656 2995 929 3049; x_wconf 88' lang='lat' dir='ltr'><strong>Fautores</strong></span> <span class='ocrx_word' id='word_1_290' title='bbox 959 3008 1179 3064; x_wconf 91' lang='lat' dir='ltr'><strong>quoque</strong></span> <span class='ocrx_word' id='word_1_291' title='bbox 1207 3008 1401 3048; x_wconf 90' lang='lat' dir='ltr'><strong>eorum</strong></span> <span class='ocrx_word' id='word_1_292' title='bbox 1432 3000 1488 3046; x_wconf 91' lang='lat' dir='ltr'><strong>et</strong></span> <span class='ocrx_word' id='word_1_293' title='bbox 1515 2993 2010 3048; x_wconf 89' lang='lat' dir='ltr'><strong>communicatores</strong></span> <span class='ocrx_word' id='word_1_294' title='bbox 2039 2993 2184 3048; x_wconf 83' lang='lat' dir='ltr'><strong>nihi-</strong></span> 
     </span>
    </p>
   </div>
   <div class='ocr_carea' id='block_1_47' title="bbox 588 3084 2179 3157">
    <p class='ocr_par' dir='ltr' id='par_1_47' title="bbox 588 3084 2179 3157">
     <span class='ocr_line' id='line_1_47' title="bbox 588 3084 2179 3157; baseline -0.002 -16"><span class='ocrx_word' id='word_1_295' title='bbox 588 3087 826 3143; x_wconf 87' lang='lat' dir='ltr'><strong>lominus</strong></span> <span class='ocrx_word' id='word_1_296' title='bbox 864 3086 1031 3141; x_wconf 90' lang='lat' dir='ltr'><strong>vitare</strong></span> <span class='ocrx_word' id='word_1_297' title='bbox 1071 3084 1337 3141; x_wconf 87' lang='lat' dir='ltr'><strong>debemus</strong></span> <span class='ocrx_word' id='word_1_298' title='bbox 1360 3084 1515 3157; x_wconf 83' lang='lat' dir='ltr'><strong>juxta</strong></span> <span class='ocrx_word' id='word_1_299' title='bbox 1544 3085 1952 3141; x_wconf 89' lang='lat' dir='ltr'><strong>attestationem</strong></span> <span class='ocrx_word' id='word_1_300' title='bbox 1980 3089 2044 3141; x_wconf 91' lang='lat' dir='ltr'><strong>B.</strong></span> <span class='ocrx_word' id='word_1_301' title='bbox 2073 3088 2179 3142; x_wconf 78' lang='lat' dir='ltr'><strong>Ge-</strong></span> 
     </span>
    </p>
   </div>
   <div class='ocr_carea' id='block_1_48' title="bbox 2292 1872 3778 1933">
    <p class='ocr_par' dir='ltr' id='par_1_48' title="bbox 2292 1872 3778 1933">
     <span class='ocr_line' id='line_1_48' title="bbox 2292 1872 3778 1933; baseline -0.004 -1"><span class='ocrx_word' id='word_1_302' title='bbox 2292 1876 2506 1933; x_wconf 73' lang='lat' dir='ltr'><strong>fmnore</strong></span> <span class='ocrx_word' id='word_1_303' title='bbox 2551 1884 2666 1931; x_wconf 88' lang='lat' dir='ltr'><strong>tam</strong></span> <span class='ocrx_word' id='word_1_304' title='bbox 2701 1875 3025 1931; x_wconf 91' lang='lat' dir='ltr'><strong>charissimo</strong></span> <span class='ocrx_word' id='word_1_305' title='bbox 3074 1874 3224 1930; x_wconf 81' lang='lat' dir='ltr'><strong>fratri</strong></span> <span class='ocrx_word' id='word_1_306' title='bbox 3270 1884 3323 1930; x_wconf 92' lang='lat' dir='ltr'><strong>et</strong></span> <span class='ocrx_word' id='word_1_307' title='bbox 3358 1873 3562 1930; x_wconf 91' lang='lat' dir='ltr'><strong>domino</strong></span> <span class='ocrx_word' id='word_1_308' title='bbox 3598 1872 3778 1928; x_wconf 86' lang='lat' dir='ltr'><strong>debitum</strong></span> 
     </span>
    </p>
   </div>
   <div class='ocr_carea' id='block_1_49' title="bbox 2292 1965 3781 2041">
    <p class='ocr_par' dir='ltr' id='par_1_49' title="bbox 2292 1965 3781 2041">
     <span class='ocr_line' id='line_1_49' title="bbox 2292 1965 3781 2041; baseline -0.005 -17"><span class='ocrx_word' id='word_1_309' title='bbox 2292 1970 2599 2041; x_wconf 87' lang='lat' dir='ltr'><strong>persolvere</strong></span> <span class='ocrx_word' id='word_1_310' title='bbox 2647 1969 2931 2036; x_wconf 90' lang='lat' dir='ltr'><strong>debemus,</strong></span> <span class='ocrx_word' id='word_1_311' title='bbox 2971 1977 3023 2024; x_wconf 89' lang='lat' dir='ltr'><strong>et</strong></span> <span class='ocrx_word' id='word_1_312' title='bbox 3065 1970 3170 2023; x_wconf 91' lang='lat' dir='ltr'><strong>alia</strong></span> <span class='ocrx_word' id='word_1_313' title='bbox 3233 1984 3342 2023; x_wconf 92' lang='lat' dir='ltr'><strong>non</strong></span> <span class='ocrx_word' id='word_1_314' title='bbox 3387 1967 3551 2022; x_wconf 89' lang='lat' dir='ltr'><strong>minus</strong></span> <span class='ocrx_word' id='word_1_315' title='bbox 3593 1965 3781 2037; x_wconf 84' lang='lat' dir='ltr'><strong>placitura</strong></span> 
     </span>
    </p>
   </div>
   <div class='ocr_carea' id='block_1_50' title="bbox 2293 2056 3782 2133">
    <p class='ocr_par' dir='ltr' id='par_1_50' title="bbox 2293 2056 3782 2133">
     <span class='ocr_line' id='line_1_50' title="bbox 2293 2056 3782 2133; baseline -0.005 -17"><span class='ocrx_word' id='word_1_316' title='bbox 2293 2063 2448 2117; x_wconf 90' lang='lat' dir='ltr'><strong>vobis</strong></span> <span class='ocrx_word' id='word_1_317' title='bbox 2492 2078 2881 2133; x_wconf 89' lang='lat' dir='ltr'><strong>supererogare</strong></span> <span class='ocrx_word' id='word_1_318' title='bbox 2929 2061 3203 2129; x_wconf 91' lang='lat' dir='ltr'><strong>volumus,</strong></span> <span class='ocrx_word' id='word_1_319' title='bbox 3256 2060 3483 2117; x_wconf 87' lang='lat' dir='ltr'><strong>videlicet</strong></span> <span class='ocrx_word' id='word_1_320' title='bbox 3506 2057 3618 2130; x_wconf 87' lang='lat' dir='ltr'><strong>quid</strong></span> <span class='ocrx_word' id='word_1_321' title='bbox 3648 2056 3702 2111; x_wconf 86' lang='lat' dir='ltr'><strong>sit</strong></span> <span class='ocrx_word' id='word_1_322' title='bbox 3727 2056 3782 2109; x_wconf 83' lang='lat' dir='ltr'><strong>in-</strong></span> 
     </span>
    </p>
   </div>
   <div class='ocr_carea' id='block_1_51' title="bbox 2293 2150 3781 2226">
    <p class='ocr_par' dir='ltr' id='par_1_51' title="bbox 2293 2150 3781 2226">
     <span class='ocr_line' id='line_1_51' title="bbox 2293 2150 3781 2226; baseline -0.005 -17"><span class='ocrx_word' id='word_1_323' title='bbox 2293 2153 2649 2226; x_wconf 87' lang='lat' dir='ltr'><strong>telligendum</strong></span> <span class='ocrx_word' id='word_1_324' title='bbox 2691 2154 2757 2211; x_wconf 90' lang='lat' dir='ltr'><strong>de</strong></span> <span class='ocrx_word' id='word_1_325' title='bbox 2793 2155 2977 2225; x_wconf 87' lang='lat' dir='ltr'><strong>rigore</strong></span> <span class='ocrx_word' id='word_1_326' title='bbox 3004 2170 3279 2210; x_wconf 89' lang='lat' dir='ltr'><strong>canonum</strong></span> <span class='ocrx_word' id='word_1_327' title='bbox 3309 2169 3464 2224; x_wconf 86' lang='lat' dir='ltr'><strong>super</strong></span> <span class='ocrx_word' id='word_1_328' title='bbox 3493 2150 3781 2211; x_wconf 84' lang='lat' dir='ltr'><strong>damnatione,</strong></span> 
     </span>
    </p>
   </div>
   <div class='ocr_carea' id='block_1_52' title="bbox 2296 2242 3782 2319">
    <p class='ocr_par' dir='ltr' id='par_1_52' title="bbox 2296 2242 3782 2319">
     <span class='ocr_line' id='line_1_52' title="bbox 2296 2242 3782 2319; baseline -0.005 -18"><span class='ocrx_word' id='word_1_329' title='bbox 2296 2248 2373 2302; x_wconf 91' lang='lat' dir='ltr'><strong>vel</strong></span> <span class='ocrx_word' id='word_1_330' title='bbox 2415 2247 2750 2319; x_wconf 88' lang='lat' dir='ltr'><strong>depositione</strong></span> <span class='ocrx_word' id='word_1_331' title='bbox 2791 2247 3091 2319; x_wconf 87' lang='lat' dir='ltr'><strong>lapsorum,</strong></span> <span class='ocrx_word' id='word_1_332' title='bbox 3112 2264 3216 2304; x_wconf 91' lang='lat' dir='ltr'><strong>nec</strong></span> <span class='ocrx_word' id='word_1_333' title='bbox 3239 2264 3347 2303; x_wconf 90' lang='lat' dir='ltr'><strong>non</strong></span> <span class='ocrx_word' id='word_1_334' title='bbox 3366 2255 3415 2301; x_wconf 92' lang='lat' dir='ltr'><strong>et</strong></span> <span class='ocrx_word' id='word_1_335' title='bbox 3435 2242 3782 2300; x_wconf 82' lang='lat' dir='ltr'><strong>reconciliatione</strong></span> 
     </span>
    </p>
   </div>
   <div class='ocr_carea' id='block_1_53' title="bbox 2291 2334 3783 2413">
    <p class='ocr_par' dir='ltr' id='par_1_53' title="bbox 2291 2334 3783 2413">
     <span class='ocr_line' id='line_1_53' title="bbox 2291 2334 3783 2413; baseline -0.007 -17"><span class='ocrx_word' id='word_1_336' title='bbox 2291 2356 2504 2396; x_wconf 90' lang='lat' dir='ltr'><strong>eorum.</strong></span> <span class='ocrx_word' id='word_1_337' title='bbox 2527 2343 2668 2395; x_wconf 89' lang='lat' dir='ltr'><strong>Nam</strong></span> <span class='ocrx_word' id='word_1_338' title='bbox 2694 2341 2751 2395; x_wconf 93' lang='lat' dir='ltr'><strong>in</strong></span> <span class='ocrx_word' id='word_1_339' title='bbox 2775 2338 3090 2413; x_wconf 87' lang='lat' dir='ltr'><strong>hujusmodi</strong></span> <span class='ocrx_word' id='word_1_340' title='bbox 3119 2341 3301 2397; x_wconf 88' lang='lat' dir='ltr'><strong>causis</strong></span> <span class='ocrx_word' id='word_1_341' title='bbox 3330 2354 3512 2411; x_wconf 85' lang='lat' dir='ltr'><strong>magna</strong></span> <span class='ocrx_word' id='word_1_342' title='bbox 3536 2334 3783 2392; x_wconf 88' lang='lat' dir='ltr'><strong>discretione</strong></span> 
     </span>
    </p>
   </div>
   <div class='ocr_carea' id='block_1_54' title="bbox 2294 2425 3784 2507">
    <p class='ocr_par' dir='ltr' id='par_1_54' title="bbox 2294 2425 3784 2507">
     <span class='ocr_line' id='line_1_54' title="bbox 2294 2425 3784 2507; baseline -0.007 -20"><span class='ocrx_word' id='word_1_343' title='bbox 2294 2433 2626 2505; x_wconf 87' lang='lat' dir='ltr'><strong>indigemus,</strong></span> <span class='ocrx_word' id='word_1_344' title='bbox 2682 2449 2753 2489; x_wconf 90' lang='lat' dir='ltr'><strong>ne</strong></span> <span class='ocrx_word' id='word_1_345' title='bbox 2783 2432 2865 2489; x_wconf 88' lang='lat' dir='ltr'><strong>vel</strong></span> <span class='ocrx_word' id='word_1_346' title='bbox 2918 2433 3152 2488; x_wconf 91' lang='lat' dir='ltr'><strong>nimium</strong></span> <span class='ocrx_word' id='word_1_347' title='bbox 3204 2432 3363 2507; x_wconf 82' lang='lat' dir='ltr'><strong>rigidi</strong></span> <span class='ocrx_word' id='word_1_348' title='bbox 3418 2447 3532 2486; x_wconf 91' lang='lat' dir='ltr'><strong>cum</strong></span> <span class='ocrx_word' id='word_1_349' title='bbox 3554 2425 3784 2485; x_wconf 85' lang='lat' dir='ltr'><strong>Novatianis</strong></span> 
     </span>
    </p>
   </div>
   <div class='ocr_carea' id='block_1_55' title="bbox 2293 2519 3784 2599">
    <p class='ocr_par' dir='ltr' id='par_1_55' title="bbox 2293 2519 3784 2599">
     <span class='ocr_line' id='line_1_55' title="bbox 2293 2519 3784 2599; baseline -0.008 -17"><span class='ocrx_word' id='word_1_350' title='bbox 2293 2525 2577 2597; x_wconf 89' lang='lat' dir='ltr'><strong>desperare</strong></span> <span class='ocrx_word' id='word_1_351' title='bbox 2598 2526 2880 2582; x_wconf 88' lang='lat' dir='ltr'><strong>videamur</strong></span> <span class='ocrx_word' id='word_1_352' title='bbox 2903 2526 2971 2583; x_wconf 90' lang='lat' dir='ltr'><strong>de</strong></span> <span class='ocrx_word' id='word_1_353' title='bbox 3000 2526 3179 2583; x_wconf 87' lang='lat' dir='ltr'><strong>salute</strong></span> <span class='ocrx_word' id='word_1_354' title='bbox 3210 2526 3497 2599; x_wconf 88' lang='lat' dir='ltr'><strong>lapsorum,</strong></span> <span class='ocrx_word' id='word_1_355' title='bbox 3526 2522 3595 2577; x_wconf 87' lang='lat' dir='ltr'><strong>vel</strong></span> <span class='ocrx_word' id='word_1_356' title='bbox 3621 2519 3784 2575; x_wconf 87' lang='lat' dir='ltr'><strong>nimium</strong></span> 
     </span>
    </p>
   </div>
   <div class='ocr_carea' id='block_1_56' title="bbox 2290 2612 3784 2693">
    <p class='ocr_par' dir='ltr' id='par_1_56' title="bbox 2290 2612 3784 2693">
     <span class='ocr_line' id='line_1_56' title="bbox 2290 2612 3784 2693; baseline -0.009 -18"><span class='ocrx_word' id='word_1_357' title='bbox 2290 2620 2526 2688; x_wconf 91' lang='lat' dir='ltr'><strong>remissi,</strong></span> <span class='ocrx_word' id='word_1_358' title='bbox 2545 2619 2723 2675; x_wconf 88' lang='lat' dir='ltr'><strong>zelum</strong></span> <span class='ocrx_word' id='word_1_359' title='bbox 2741 2621 2840 2676; x_wconf 91' lang='lat' dir='ltr'><strong>Dei</strong></span> <span class='ocrx_word' id='word_1_360' title='bbox 2856 2636 2968 2675; x_wconf 91' lang='lat' dir='ltr'><strong>non</strong></span> <span class='ocrx_word' id='word_1_361' title='bbox 2991 2619 3195 2676; x_wconf 88' lang='lat' dir='ltr'><strong>habere</strong></span> <span class='ocrx_word' id='word_1_362' title='bbox 3209 2619 3506 2693; x_wconf 90' lang='lat' dir='ltr'><strong>judicemur</strong></span> <span class='ocrx_word' id='word_1_363' title='bbox 3520 2619 3596 2671; x_wconf 87' lang='lat' dir='ltr'><strong>.Et</strong></span> <span class='ocrx_word' id='word_1_364' title='bbox 3616 2612 3784 2685; x_wconf 85' lang='lat' dir='ltr'><strong>primum</strong></span> 
     </span>
    </p>
   </div>
   <div class='ocr_carea' id='block_1_57' title="bbox 2291 2711 3179 2785">
    <p class='ocr_par' dir='ltr' id='par_1_57' title="bbox 2291 2711 3179 2785">
     <span class='ocr_line' id='line_1_57' title="bbox 2291 2711 3179 2785; baseline 0.001 -18"><span class='ocrx_word' id='word_1_365' title='bbox 2291 2713 2513 2784; x_wconf 89' lang='lat' dir='ltr'><strong>quidem</strong></span> <span class='ocrx_word' id='word_1_366' title='bbox 2559 2711 2629 2769; x_wconf 91' lang='lat' dir='ltr'><strong>de</strong></span> <span class='ocrx_word' id='word_1_367' title='bbox 2671 2713 2852 2785; x_wconf 89' lang='lat' dir='ltr'><strong>rigore</strong></span> <span class='ocrx_word' id='word_1_368' title='bbox 2878 2729 3179 2769; x_wconf 89' lang='lat' dir='ltr'><strong>canonum.</strong></span> 
     </span>
    </p>
   </div>
   <div class='ocr_carea' id='block_1_58' title="bbox 2363 2794 3787 2877">
    <p class='ocr_par' dir='ltr' id='par_1_58' title="bbox 2363 2794 3787 2877">
     <span class='ocr_line' id='line_1_58' title="bbox 2363 2794 3787 2877; baseline -0.011 -15"><span class='ocrx_word' id='word_1_369' title='bbox 2363 2809 2542 2862; x_wconf 90' lang='lat' dir='ltr'><strong>Locus</strong></span> <span class='ocrx_word' id='word_1_370' title='bbox 2602 2807 2936 2877; x_wconf 75' lang='lat' dir='ltr'><strong>poenitentiae</strong></span> <span class='ocrx_word' id='word_1_371' title='bbox 2980 2808 3146 2862; x_wconf 89' lang='lat' dir='ltr'><strong>semel</strong></span> <span class='ocrx_word' id='word_1_372' title='bbox 3213 2814 3427 2862; x_wconf 88' lang='lat' dir='ltr'><strong>tantum</strong></span> <span class='ocrx_word' id='word_1_373' title='bbox 3469 2800 3714 2873; x_wconf 82' lang='lat' dir='ltr'><strong>antiquitus</strong></span> <span class='ocrx_word' id='word_1_374' title='bbox 3751 2794 3787 2847; x_wconf 88' lang='lat' dir='ltr'><strong>in</strong></span> 
     </span>
    </p>
   </div>
   <div class='ocr_carea' id='block_1_59' title="bbox 2292 2891 3790 2973">
    <p class='ocr_par' dir='ltr' id='par_1_59' title="bbox 2292 2891 3790 2973">
     <span class='ocr_line' id='line_1_59' title="bbox 2292 2891 3790 2973; baseline -0.009 -18"><span class='ocrx_word' id='word_1_375' title='bbox 2292 2901 2528 2955; x_wconf 87' lang='lat' dir='ltr'><strong>Ecclesia</strong></span> <span class='ocrx_word' id='word_1_376' title='bbox 2553 2900 2750 2973; x_wconf 83' lang='lat' dir='ltr'><strong>legitur</strong></span> <span class='ocrx_word' id='word_1_377' title='bbox 2800 2916 3110 2968; x_wconf 90' lang='lat' dir='ltr'><strong>concessus,</strong></span> <span class='ocrx_word' id='word_1_378' title='bbox 3143 2917 3247 2956; x_wconf 89' lang='lat' dir='ltr'><strong>nec</strong></span> <span class='ocrx_word' id='word_1_379' title='bbox 3274 2898 3426 2954; x_wconf 90' lang='lat' dir='ltr'><strong>alicui</strong></span> <span class='ocrx_word' id='word_1_380' title='bbox 3465 2905 3574 2969; x_wconf 91' lang='lat' dir='ltr'><strong>post</strong></span> <span class='ocrx_word' id='word_1_381' title='bbox 3598 2891 3790 2965; x_wconf 63' lang='lat' dir='ltr'><strong>paeniten-</strong></span> 
     </span>
    </p>
   </div>
   <div class='ocr_carea' id='block_1_60' title="bbox 2294 2984 3791 3065">
    <p class='ocr_par' dir='ltr' id='par_1_60' title="bbox 2294 2984 3791 3065">
     <span class='ocr_line' id='line_1_60' title="bbox 2294 2984 3791 3065; baseline -0.007 -17"><span class='ocrx_word' id='word_1_382' title='bbox 2294 2995 2427 3048; x_wconf 91' lang='lat' dir='ltr'><strong>tiam</strong></span> <span class='ocrx_word' id='word_1_383' title='bbox 2484 2994 2687 3048; x_wconf 90' lang='lat' dir='ltr'><strong>iterum</strong></span> <span class='ocrx_word' id='word_1_384' title='bbox 2735 2993 2885 3065; x_wconf 87' lang='lat' dir='ltr'><strong>lapso</strong></span> <span class='ocrx_word' id='word_1_385' title='bbox 2938 2992 3343 3050; x_wconf 90' lang='lat' dir='ltr'><strong>concedendus.</strong></span> <span class='ocrx_word' id='word_1_386' title='bbox 3392 2990 3473 3046; x_wconf 83' lang='lat' dir='ltr'><strong>Sic</strong></span> <span class='ocrx_word' id='word_1_387' title='bbox 3510 2987 3633 3044; x_wconf 90' lang='lat' dir='ltr'><strong>enim</strong></span> <span class='ocrx_word' id='word_1_388' title='bbox 3656 2984 3791 3038; x_wconf 81' lang='lat' dir='ltr'><strong>beatus</strong></span> 
     </span>
    </p>
   </div>
   <div class='ocr_carea' id='block_1_61' title="bbox 2293 3072 3793 3157">
    <p class='ocr_par' dir='ltr' id='par_1_61' title="bbox 2293 3072 3793 3157">
     <span class='ocr_line' id='line_1_61' title="bbox 2293 3072 3793 3157; baseline -0.009 -16"><span class='ocrx_word' id='word_1_389' title='bbox 2293 3087 2521 3142; x_wconf 84' lang='lat' dir='ltr'><strong>Siricius</strong></span> <span class='ocrx_word' id='word_1_390' title='bbox 2562 3102 2697 3157; x_wconf 89' lang='lat' dir='ltr'><strong>papa</strong></span> <span class='ocrx_word' id='word_1_391' title='bbox 2736 3086 2789 3142; x_wconf 89' lang='lat' dir='ltr'><strong>in</strong></span> <span class='ocrx_word' id='word_1_392' title='bbox 2837 3085 3074 3142; x_wconf 89' lang='lat' dir='ltr'><strong>decretis</strong></span> <span class='ocrx_word' id='word_1_393' title='bbox 3113 3087 3229 3142; x_wconf 90' lang='lat' dir='ltr'><strong>suis</strong></span> <span class='ocrx_word' id='word_1_394' title='bbox 3269 3085 3337 3141; x_wconf 91' lang='lat' dir='ltr'><strong>de</strong></span> <span class='ocrx_word' id='word_1_395' title='bbox 3384 3076 3657 3155; x_wconf 85' lang='lat' dir='ltr'><strong>hujusmodi</strong></span> <span class='ocrx_word' id='word_1_396' title='bbox 3679 3072 3793 3144; x_wconf 77' lang='lat' dir='ltr'><strong>lapsis</strong></span> 
     </span>
    </p>
   </div>
   <div class='ocr_carea' id='block_1_62' title="bbox 587 3155 3791 3252">
    <p class='ocr_par' dir='ltr' id='par_1_62' title="bbox 587 3155 3791 3252">
     <span class='ocr_line' id='line_1_62' title="bbox 587 3155 3791 3252; baseline -0.003 -18"><span class='ocrx_word' id='word_1_397' title='bbox 587 3180 703 3235; x_wconf 84' lang='lat' dir='ltr'><strong>Iasii</strong></span> <span class='ocrx_word' id='word_1_398' title='bbox 754 3195 928 3251; x_wconf 61' lang='lat' dir='ltr'><strong>papa,</strong></span> <span class='ocrx_word' id='word_1_399' title='bbox 996 3180 1091 3249; x_wconf 89' lang='lat' dir='ltr'><strong>qui</strong></span> <span class='ocrx_word' id='word_1_400' title='bbox 1143 3155 1508 3235; x_wconf 88' lang='lat' dir='ltr'><strong>Orientalibus</strong></span> <span class='ocrx_word' id='word_1_401' title='bbox 1555 3178 1822 3249; x_wconf 89' lang='lat' dir='ltr'><strong>episcopis</strong></span> <span class='ocrx_word' id='word_1_402' title='bbox 1882 3178 1951 3235; x_wconf 91' lang='lat' dir='ltr'><strong>de</strong></span> <span class='ocrx_word' id='word_1_403' title='bbox 1978 3180 2181 3235; x_wconf 81' lang='lat' dir='ltr'><strong>Acacio</strong></span> <span class='ocrx_word' id='word_1_404' title='bbox 2211 3155 2255 3218; x_wconf 68' lang='grc' dir='ltr'><strong>Ο</strong></span> <span class='ocrx_word' id='word_1_405' title='bbox 2292 3179 2532 3235; x_wconf 88' lang='lat' dir='ltr'><strong>afﬁrmat</strong></span> <span class='ocrx_word' id='word_1_406' title='bbox 2554 3155 2708 3251; x_wconf 45' lang='lat' dir='ltr'><strong>{quia</strong></span> <span class='ocrx_word' id='word_1_407' title='bbox 2724 3179 2840 3251; x_wconf 91' lang='lat' dir='ltr'><strong>jam</strong></span> <span class='ocrx_word' id='word_1_408' title='bbox 2861 3179 3163 3252; x_wconf 81' lang='lat' dir='ltr'><strong>paenitendi</strong></span> <span class='ocrx_word' id='word_1_409' title='bbox 3186 3169 3791 3250; x_wconf 76' lang='lat' dir='ltr'><strong>suffngiumnonhabeant;</strong></span> 
     </span>
    </p>
   </div>
   <div class='ocr_carea' id='block_1_63' title="bbox 584 3271 2185 3340">
    <p class='ocr_par' dir='ltr' id='par_1_63' title="bbox 584 3271 2185 3340">
     <span class='ocr_line' id='line_1_63' title="bbox 584 3271 2185 3340; baseline -0.001 -11"><span class='ocrx_word' id='word_1_410' title='bbox 584 3273 1047 3329; x_wconf 89' lang='lat' dir='ltr'><strong>communicatore</strong></span> <span class='ocrx_word' id='word_1_411' title='bbox 1106 3271 1705 3327; x_wconf 80' lang='lat' dir='ltr'><strong>excommunicatorum</strong></span> <span class='ocrx_word' id='word_1_412' title='bbox 1766 3272 2049 3340; x_wconf 90' lang='lat' dir='ltr'><strong>scribens,</strong></span> <span class='ocrx_word' id='word_1_413' title='bbox 2110 3274 2185 3328; x_wconf 88' lang='lat' dir='ltr'><strong>ita</strong></span> 
     </span>
    </p>
   </div>
   <div class='ocr_carea' id='block_1_64' title="bbox 587 3364 2188 3432">
    <p class='ocr_par' dir='ltr' id='par_1_64' title="bbox 587 3364 2188 3432">
     <span class='ocr_line' id='line_1_64' title="bbox 587 3364 2188 3432; baseline 0.002 -12"><span class='ocrx_word' id='word_1_414' title='bbox 587 3374 814 3421; x_wconf 91' lang='lat' dir='ltr'><strong>testatur</strong></span> <span class='ocrx_word' id='word_1_415' title='bbox 859 3385 872 3419; x_wconf 89' lang='lat'>:</span> <span class='ocrx_word' id='word_1_416' title='bbox 930 3387 956 3415; x_wconf 80' lang='grc' dir='ltr'>α</span> <span class='ocrx_word' id='word_1_417' title='bbox 1003 3364 1145 3432; x_wconf 77' lang='lat' dir='ltr'><strong>Nihil</strong></span> <span class='ocrx_word' id='word_1_418' title='bbox 1186 3364 1348 3420; x_wconf 91' lang='lat' dir='ltr'><strong>nobis</strong></span> <span class='ocrx_word' id='word_1_419' title='bbox 1381 3380 1676 3420; x_wconf 89' lang='lat' dir='ltr'><strong>commune</strong></span> <span class='ocrx_word' id='word_1_420' title='bbox 1716 3381 1845 3420; x_wconf 88' lang='lat' dir='ltr'><strong>cum</strong></span> <span class='ocrx_word' id='word_1_421' title='bbox 1877 3365 2188 3423; x_wconf 89' lang='lat' dir='ltr'><strong>hominibus</strong></span> 
     </span>
    </p>
   </div>
   <div class='ocr_carea' id='block_1_65' title="bbox 587 3458 2182 3530">
    <p class='ocr_par' dir='ltr' id='par_1_65' title="bbox 587 3458 2182 3530">
     <span class='ocr_line' id='line_1_65' title="bbox 587 3458 2182 3530; baseline -0.001 -15"><span class='ocrx_word' id='word_1_422' title='bbox 587 3460 990 3515; x_wconf 89' lang='lat' dir='ltr'><strong>communionis</strong></span> <span class='ocrx_word' id='word_1_423' title='bbox 1038 3467 1295 3515; x_wconf 64' lang='lat' dir='ltr'><strong>externae.</strong></span> <span class='ocrx_word' id='word_1_424' title='bbox 1361 3478 1390 3511; x_wconf 87' lang='lat'>»</span> <span class='ocrx_word' id='word_1_425' title='bbox 1436 3458 1591 3514; x_wconf 91' lang='lat' dir='ltr'><strong>Idem</strong></span> <span class='ocrx_word' id='word_1_426' title='bbox 1654 3459 1713 3519; x_wconf 88' lang='lat' dir='ltr'><strong>in</strong></span> <span class='ocrx_word' id='word_1_427' title='bbox 1760 3460 2113 3530; x_wconf 89' lang='lat' dir='ltr'><strong>sequentibus</strong></span> <span class='ocrx_word' id='word_1_428' title='bbox 2168 3479 2182 3514; x_wconf 87' lang='lat'><strong>:</strong></span> 
     </span>
    </p>
   </div>
   <div class='ocr_carea' id='block_1_66' title="bbox 592 3551 2188 3626">
    <p class='ocr_par' dir='ltr' id='par_1_66' title="bbox 592 3551 2188 3626">
     <span class='ocr_line' id='line_1_66' title="bbox 592 3551 2188 3626; baseline 0.004 -24"><span class='ocrx_word' id='word_1_429' title='bbox 592 3576 617 3602; x_wconf 77' lang='grc' dir='ltr'>ιι</span> <span class='ocrx_word' id='word_1_430' title='bbox 651 3552 797 3622; x_wconf 81' lang='lat' dir='ltr'><strong>Quid</strong></span> <span class='ocrx_word' id='word_1_431' title='bbox 823 3554 1002 3626; x_wconf 90' lang='lat' dir='ltr'><strong>juvat,</strong></span> <span class='ocrx_word' id='word_1_432' title='bbox 1029 3551 1075 3606; x_wconf 90' lang='lat' dir='ltr'><strong>si</strong></span> <span class='ocrx_word' id='word_1_433' title='bbox 1103 3552 1224 3623; x_wconf 88' lang='lat' dir='ltr'><strong>quis</strong></span> <span class='ocrx_word' id='word_1_434' title='bbox 1247 3551 1405 3607; x_wconf 91' lang='lat' dir='ltr'><strong>alicui</strong></span> <span class='ocrx_word' id='word_1_435' title='bbox 1436 3551 1761 3607; x_wconf 90' lang='lat' dir='ltr'><strong>evidentiori</strong></span> <span class='ocrx_word' id='word_1_436' title='bbox 1794 3552 2048 3608; x_wconf 72' lang='lat' dir='ltr'><strong>haeretico</strong></span> <span class='ocrx_word' id='word_1_437' title='bbox 2073 3568 2188 3608; x_wconf 91' lang='lat' dir='ltr'><strong>non</strong></span> 
     </span>
    </p>
   </div>
   <div class='ocr_carea' id='block_1_67' title="bbox 587 3644 2186 3711">
    <p class='ocr_par' dir='ltr' id='par_1_67' title="bbox 587 3644 2186 3711">
     <span class='ocr_line' id='line_1_67' title="bbox 587 3644 2186 3711; baseline 0.001 -12"><span class='ocrx_word' id='word_1_438' title='bbox 587 3647 1059 3701; x_wconf 87' lang='lat' dir='ltr'><strong>communicatore</strong></span> <span class='ocrx_word' id='word_1_439' title='bbox 1108 3644 1715 3699; x_wconf 84' lang='lat' dir='ltr'><strong>excommunicatorum</strong></span> <span class='ocrx_word' id='word_1_440' title='bbox 1770 3645 2049 3711; x_wconf 88' lang='lat' dir='ltr'><strong>scribens,</strong></span> <span class='ocrx_word' id='word_1_441' title='bbox 2116 3646 2186 3701; x_wconf 88' lang='lat' dir='ltr'><strong>ita</strong></span> 
     </span>
    </p>
   </div>
   <div class='ocr_carea' id='block_1_68' title="bbox 587 3736 2186 3808">
    <p class='ocr_par' dir='ltr' id='par_1_68' title="bbox 587 3736 2186 3808">
     <span class='ocr_line' id='line_1_68' title="bbox 587 3736 2186 3808; baseline 0.002 -17"><span class='ocrx_word' id='word_1_442' title='bbox 587 3737 682 3808; x_wconf 90' lang='lat' dir='ltr'><strong>qui</strong></span> <span class='ocrx_word' id='word_1_443' title='bbox 710 3736 778 3791; x_wconf 86' lang='lat' dir='ltr'><strong>ab</strong></span> <span class='ocrx_word' id='word_1_444' title='bbox 808 3737 955 3792; x_wconf 89' lang='lat' dir='ltr'><strong>illius</strong></span> <span class='ocrx_word' id='word_1_445' title='bbox 982 3736 1372 3791; x_wconf 90' lang='lat' dir='ltr'><strong>communione</strong></span> <span class='ocrx_word' id='word_1_446' title='bbox 1413 3752 1527 3791; x_wconf 89' lang='lat' dir='ltr'><strong>non</strong></span> <span class='ocrx_word' id='word_1_447' title='bbox 1569 3746 1698 3792; x_wconf 92' lang='lat' dir='ltr'><strong>sunt</strong></span> <span class='ocrx_word' id='word_1_448' title='bbox 1738 3736 1933 3793; x_wconf 83' lang='lat' dir='ltr'><strong>divisi?</strong></span> <span class='ocrx_word' id='word_1_449' title='bbox 1967 3762 1991 3786; x_wconf 78' lang='grc' dir='ltr'><strong>ι»</strong></span> <span class='ocrx_word' id='word_1_450' title='bbox 2022 3739 2186 3794; x_wconf 88' lang='lat' dir='ltr'><strong>Unde</strong></span> 
     </span>
    </p>
   </div>
   <div class='ocr_carea' id='block_1_69' title="bbox 589 3828 2187 3899">
    <p class='ocr_par' dir='ltr' id='par_1_69' title="bbox 589 3828 2187 3899">
     <span class='ocr_line' id='line_1_69' title="bbox 589 3828 2187 3899; baseline 0.001 -14"><span class='ocrx_word' id='word_1_451' title='bbox 589 3838 646 3885; x_wconf 88' lang='lat' dir='ltr'><strong>et</strong></span> <span class='ocrx_word' id='word_1_452' title='bbox 699 3829 857 3883; x_wconf 90' lang='lat' dir='ltr'><strong>multi</strong></span> <span class='ocrx_word' id='word_1_453' title='bbox 896 3828 1137 3899; x_wconf 89' lang='lat' dir='ltr'><strong>religiosi</strong></span> <span class='ocrx_word' id='word_1_454' title='bbox 1182 3844 1248 3883; x_wconf 81' lang='lat' dir='ltr'><strong>ex</strong></span> <span class='ocrx_word' id='word_1_455' title='bbox 1314 3829 1577 3884; x_wconf 79' lang='lat' dir='ltr'><strong>Romanis</strong></span> <span class='ocrx_word' id='word_1_456' title='bbox 1622 3845 1681 3884; x_wconf 91' lang='lat' dir='ltr'><strong>se</strong></span> <span class='ocrx_word' id='word_1_457' title='bbox 1725 3846 1755 3884; x_wconf 90' lang='lat' dir='ltr'><strong>a</strong></span> <span class='ocrx_word' id='word_1_458' title='bbox 1798 3831 2187 3887; x_wconf 92' lang='lat' dir='ltr'><strong>communione</strong></span> 
     </span>
    </p>
   </div>
   <div class='ocr_carea' id='block_1_70' title="bbox 589 3920 2186 3992">
    <p class='ocr_par' dir='ltr' id='par_1_70' title="bbox 589 3920 2186 3992">
     <span class='ocr_line' id='line_1_70' title="bbox 589 3920 2186 3992; baseline 0.001 -14"><span class='ocrx_word' id='word_1_459' title='bbox 589 3920 864 3978; x_wconf 80' lang='lat' dir='ltr'><strong>Anastasii</strong></span> <span class='ocrx_word' id='word_1_460' title='bbox 893 3935 1045 3991; x_wconf 73' lang='lat' dir='ltr'><strong>papa:</strong></span> <span class='ocrx_word' id='word_1_461' title='bbox 1090 3921 1493 3987; x_wconf 79' lang='lat' dir='ltr'><strong>subtraxerunt,</strong></span> <span class='ocrx_word' id='word_1_462' title='bbox 1544 3937 1609 3976; x_wconf 89' lang='lat' dir='ltr'><strong>eo</strong></span> <span class='ocrx_word' id='word_1_463' title='bbox 1636 3921 1782 3992; x_wconf 93' lang='lat' dir='ltr'><strong>quod</strong></span> <span class='ocrx_word' id='word_1_464' title='bbox 1822 3924 1935 3992; x_wconf 86' lang='lat' dir='ltr'><strong>ipse</strong></span> <span class='ocrx_word' id='word_1_465' title='bbox 1966 3924 2186 3979; x_wconf 91' lang='lat' dir='ltr'><strong>cuidam</strong></span> 
     </span>
    </p>
   </div>
   <div class='ocr_carea' id='block_1_71' title="bbox 588 4012 2185 4087">
    <p class='ocr_par' dir='ltr' id='par_1_71' title="bbox 588 4012 2185 4087">
     <span class='ocr_line' id='line_1_71' title="bbox 588 4012 2185 4087; baseline 0.002 -19"><span class='ocrx_word' id='word_1_466' title='bbox 588 4012 818 4068; x_wconf 83' lang='lat' dir='ltr'><strong>diacono</strong></span> <span class='ocrx_word' id='word_1_467' title='bbox 874 4012 1353 4068; x_wconf 88' lang='lat' dir='ltr'><strong>Thessalonicensi</strong></span> <span class='ocrx_word' id='word_1_468' title='bbox 1403 4013 1889 4068; x_wconf 90' lang='lat' dir='ltr'><strong>communicaverit</strong></span> <span class='ocrx_word' id='word_1_469' title='bbox 1939 4015 2029 4084; x_wconf 92' lang='lat' dir='ltr'><strong>qui</strong></span> <span class='ocrx_word' id='word_1_470' title='bbox 2072 4015 2185 4087; x_wconf 89' lang='lat' dir='ltr'><strong>jam</strong></span> 
     </span>
    </p>
   </div>
   <div class='ocr_carea' id='block_1_72' title="bbox 588 4104 2186 4164">
    <p class='ocr_par' dir='ltr' id='par_1_72' title="bbox 588 4104 2186 4164">
     <span class='ocr_line' id='line_1_72' title="bbox 588 4104 2186 4164; baseline 0.001 -2"><span class='ocrx_word' id='word_1_471' title='bbox 588 4106 791 4162; x_wconf 79' lang='lat' dir='ltr'><strong>Acacio</strong></span> <span class='ocrx_word' id='word_1_472' title='bbox 838 4104 1277 4162; x_wconf 90' lang='lat' dir='ltr'><strong>communicavit.</strong></span> <span class='ocrx_word' id='word_1_473' title='bbox 1337 4105 1426 4161; x_wconf 89' lang='lat' dir='ltr'><strong>Sic</strong></span> <span class='ocrx_word' id='word_1_474' title='bbox 1478 4105 1628 4161; x_wconf 89' lang='lat' dir='ltr'><strong>enim</strong></span> <span class='ocrx_word' id='word_1_475' title='bbox 1658 4110 1948 4163; x_wconf 85' lang='lat' dir='ltr'><strong>Romanus</strong></span> <span class='ocrx_word' id='word_1_476' title='bbox 1993 4109 2186 4164; x_wconf 90' lang='lat' dir='ltr'><strong>Ponti-</strong></span> 
     </span>
    </p>
   </div>
   <div class='ocr_carea' id='block_1_73' title="bbox 586 4199 1258 4265">
    <p class='ocr_par' dir='ltr' id='par_1_73' title="bbox 586 4199 1258 4265">
     <span class='ocr_line' id='line_1_73' title="bbox 586 4199 1258 4265; baseline -0.004 -10"><span class='ocrx_word' id='word_1_477' title='bbox 586 4199 758 4255; x_wconf 86' lang='lat' dir='ltr'><strong>ﬁcalis</strong></span> <span class='ocrx_word' id='word_1_478' title='bbox 785 4207 1020 4255; x_wconf 86' lang='lat' dir='ltr'><strong>testatur</strong></span> <span class='ocrx_word' id='word_1_479' title='bbox 1062 4204 1258 4265; x_wconf 56' lang='lat'><strong>(1055).</strong></span> 
     </span>
    </p>
   </div>
   <div class='ocr_carea' id='block_1_74' title="bbox 657 4292 2186 4351">
    <p class='ocr_par' dir='ltr' id='par_1_74' title="bbox 657 4292 2186 4351">
     <span class='ocr_line' id='line_1_74' title="bbox 657 4292 2186 4351; baseline 0.004 -5"><span class='ocrx_word' id='word_1_480' title='bbox 657 4292 788 4348; x_wconf 90' lang='lat' dir='ltr'><strong>Ideo</strong></span> <span class='ocrx_word' id='word_1_481' title='bbox 843 4300 1028 4347; x_wconf 89' lang='lat' dir='ltr'><strong>autem</strong></span> <span class='ocrx_word' id='word_1_482' title='bbox 1076 4292 1172 4347; x_wconf 92' lang='lat' dir='ltr'><strong>SS.</strong></span> <span class='ocrx_word' id='word_1_483' title='bbox 1228 4294 1417 4347; x_wconf 87' lang='lat' dir='ltr'><strong>Patres</strong></span> <span class='ocrx_word' id='word_1_484' title='bbox 1445 4292 1939 4349; x_wconf 91' lang='lat' dir='ltr'><strong>communicatores</strong></span> <span class='ocrx_word' id='word_1_485' title='bbox 1968 4310 2186 4351; x_wconf 85' lang='lat' dir='ltr'><strong>excom-</strong></span> 
     </span>
    </p>
   </div>
   <div class='ocr_carea' id='block_1_75' title="bbox 587 4386 2183 4456">
    <p class='ocr_par' dir='ltr' id='par_1_75' title="bbox 587 4386 2183 4456">
     <span class='ocr_line' id='line_1_75' title="bbox 587 4386 2183 4456; baseline 0.003 -16"><span class='ocrx_word' id='word_1_486' title='bbox 587 4386 993 4442; x_wconf 84' lang='lat' dir='ltr'><strong>municatorum</strong></span> <span class='ocrx_word' id='word_1_487' title='bbox 1023 4399 1181 4456; x_wconf 75' lang='lat' dir='ltr'><strong>aeque</strong></span> <span class='ocrx_word' id='word_1_488' title='bbox 1223 4393 1285 4440; x_wconf 92' lang='lat' dir='ltr'><strong>ut</strong></span> <span class='ocrx_word' id='word_1_489' title='bbox 1326 4386 1832 4442; x_wconf 88' lang='lat' dir='ltr'><strong>excommunicatos</strong></span> <span class='ocrx_word' id='word_1_490' title='bbox 1879 4387 2033 4444; x_wconf 88' lang='lat' dir='ltr'><strong>vitari</strong></span> <span class='ocrx_word' id='word_1_491' title='bbox 2083 4405 2183 4445; x_wconf 91' lang='lat' dir='ltr'><strong>vo-</strong></span> 
     </span>
    </p>
   </div>
   <div class='ocr_carea' id='block_1_76' title="bbox 586 4477 2180 4551">
    <p class='ocr_par' dir='ltr' id='par_1_76' title="bbox 586 4477 2180 4551">
     <span class='ocr_line' id='line_1_76' title="bbox 586 4477 2180 4551; baseline 0.003 -18"><span class='ocrx_word' id='word_1_492' title='bbox 586 4478 825 4546; x_wconf 91' lang='lat' dir='ltr'><strong>luerunt,</strong></span> <span class='ocrx_word' id='word_1_493' title='bbox 869 4479 999 4551; x_wconf 85' lang='lat' dir='ltr'><strong>quia</strong></span> <span class='ocrx_word' id='word_1_494' title='bbox 1029 4477 1270 4545; x_wconf 89' lang='lat' dir='ltr'><strong>eosdem,</strong></span> <span class='ocrx_word' id='word_1_495' title='bbox 1302 4479 1456 4549; x_wconf 89' lang='lat' dir='ltr'><strong>quasi</strong></span> <span class='ocrx_word' id='word_1_496' title='bbox 1507 4479 1598 4550; x_wconf 92' lang='lat' dir='ltr'><strong>qui</strong></span> <span class='ocrx_word' id='word_1_497' title='bbox 1626 4492 1684 4534; x_wconf 91' lang='lat' dir='ltr'><strong>se</strong></span> <span class='ocrx_word' id='word_1_498' title='bbox 1712 4479 1862 4550; x_wconf 92' lang='lat' dir='ltr'><strong>ipsos</strong></span> <span class='ocrx_word' id='word_1_499' title='bbox 1888 4480 2180 4538; x_wconf 90' lang='lat' dir='ltr'><strong>damnave-</strong></span> 
     </span>
    </p>
   </div>
   <div class='ocr_carea' id='block_1_77' title="bbox 587 4570 2182 4644">
    <p class='ocr_par' dir='ltr' id='par_1_77' title="bbox 587 4570 2182 4644">
     <span class='ocr_line' id='line_1_77' title="bbox 587 4570 2182 4644; baseline 0.003 -19"><span class='ocrx_word' id='word_1_500' title='bbox 587 4572 717 4640; x_wconf 88' lang='lat' dir='ltr'><strong>rint,</strong></span> <span class='ocrx_word' id='word_1_501' title='bbox 750 4572 1081 4628; x_wconf 88' lang='lat' dir='ltr'><strong>habuerunt.</strong></span> <span class='ocrx_word' id='word_1_502' title='bbox 1113 4572 1258 4627; x_wconf 82' lang='lat' dir='ltr'><strong>Hinc</strong></span> <span class='ocrx_word' id='word_1_503' title='bbox 1276 4573 1340 4626; x_wconf 89' lang='lat' dir='ltr'><strong>B.</strong></span> <span class='ocrx_word' id='word_1_504' title='bbox 1363 4570 1617 4629; x_wconf 86' lang='lat' dir='ltr'><strong>Gelasius</strong></span> <span class='ocrx_word' id='word_1_505' title='bbox 1646 4587 1784 4642; x_wconf 90' lang='lat' dir='ltr'><strong>papa</strong></span> <span class='ocrx_word' id='word_1_506' title='bbox 1804 4572 1875 4627; x_wconf 90' lang='lat' dir='ltr'><strong>ad</strong></span> <span class='ocrx_word' id='word_1_507' title='bbox 1896 4573 2182 4644; x_wconf 66' lang='lat' dir='ltr'><strong>praedictos</strong></span> 
     </span>
    </p>
   </div>
   <div class='ocr_carea' id='block_1_78' title="bbox 585 4663 2180 4738">
    <p class='ocr_par' dir='ltr' id='par_1_78' title="bbox 585 4663 2180 4738">
     <span class='ocr_line' id='line_1_78' title="bbox 585 4663 2180 4738; baseline 0.004 -21"><span class='ocrx_word' id='word_1_508' title='bbox 585 4663 833 4719; x_wconf 86' lang='lat' dir='ltr'><strong>scribens</strong></span> <span class='ocrx_word' id='word_1_509' title='bbox 855 4664 927 4720; x_wconf 89' lang='lat' dir='ltr'><strong>de</strong></span> <span class='ocrx_word' id='word_1_510' title='bbox 976 4664 1177 4720; x_wconf 89' lang='lat' dir='ltr'><strong>eodem</strong></span> <span class='ocrx_word' id='word_1_511' title='bbox 1207 4664 1412 4721; x_wconf 86' lang='lat' dir='ltr'><strong>Acacio</strong></span> <span class='ocrx_word' id='word_1_512' title='bbox 1463 4682 1477 4718; x_wconf 89' lang='lat'><strong>:</strong></span> <span class='ocrx_word' id='word_1_513' title='bbox 1536 4687 1563 4713; x_wconf 76' lang='grc' dir='ltr'>ι</span> <span class='ocrx_word' id='word_1_514' title='bbox 1611 4665 1778 4734; x_wconf 84' lang='lat' dir='ltr'><strong>Quid,</strong></span> <span class='ocrx_word' id='word_1_515' title='bbox 1826 4665 2020 4736; x_wconf 90' lang='lat' dir='ltr'><strong>inquit,</strong></span> <span class='ocrx_word' id='word_1_516' title='bbox 2052 4683 2180 4738; x_wconf 87' lang='lat' dir='ltr'><strong>que-</strong></span> 
     </span>
    </p>
   </div>
   <div class='ocr_carea' id='block_1_79' title="bbox 586 4756 2181 4827">
    <p class='ocr_par' dir='ltr' id='par_1_79' title="bbox 586 4756 2181 4827">
     <span class='ocr_line' id='line_1_79' title="bbox 586 4756 2181 4827; baseline 0.004 -16"><span class='ocrx_word' id='word_1_517' title='bbox 586 4764 784 4811; x_wconf 88' lang='lat' dir='ltr'><strong>runtur</strong></span> <span class='ocrx_word' id='word_1_518' title='bbox 831 4757 1096 4812; x_wconf 84' lang='lat' dir='ltr'><strong>Acacium</strong></span> <span class='ocrx_word' id='word_1_519' title='bbox 1146 4772 1176 4811; x_wconf 95' lang='lat' dir='ltr'><strong>a</strong></span> <span class='ocrx_word' id='word_1_520' title='bbox 1229 4756 1387 4813; x_wconf 90' lang='lat' dir='ltr'><strong>nobis</strong></span> <span class='ocrx_word' id='word_1_521' title='bbox 1437 4757 1605 4814; x_wconf 86' lang='lat' dir='ltr'><strong>fuisse</strong></span> <span class='ocrx_word' id='word_1_522' title='bbox 1651 4758 1997 4827; x_wconf 85' lang='lat' dir='ltr'><strong>damnatum,</strong></span> <span class='ocrx_word' id='word_1_523' title='bbox 2051 4775 2181 4817; x_wconf 88' lang='lat' dir='ltr'><strong>cum</strong></span> 
     </span>
    </p>
   </div>
   <div class='ocr_carea' id='block_1_80' title="bbox 586 4849 2180 4924">
    <p class='ocr_par' dir='ltr' id='par_1_80' title="bbox 586 4849 2180 4924">
     <span class='ocr_line' id='line_1_80' title="bbox 586 4849 2180 4924; baseline 0.004 -21"><span class='ocrx_word' id='word_1_524' title='bbox 586 4857 801 4920; x_wconf 91' lang='lat' dir='ltr'><strong>recepta</strong></span> <span class='ocrx_word' id='word_1_525' title='bbox 851 4849 1245 4906; x_wconf 88' lang='lat' dir='ltr'><strong>communione</strong></span> <span class='ocrx_word' id='word_1_526' title='bbox 1299 4850 1447 4905; x_wconf 88' lang='lat' dir='ltr'><strong>Petri</strong></span> <span class='ocrx_word' id='word_1_527' title='bbox 1489 4867 1549 4907; x_wconf 92' lang='lat' dir='ltr'><strong>se</strong></span> <span class='ocrx_word' id='word_1_528' title='bbox 1574 4850 1837 4907; x_wconf 88' lang='lat' dir='ltr'><strong>doceatur</strong></span> <span class='ocrx_word' id='word_1_529' title='bbox 1876 4853 1993 4924; x_wconf 90' lang='lat' dir='ltr'><strong>ipse</strong></span> <span class='ocrx_word' id='word_1_530' title='bbox 2020 4852 2180 4909; x_wconf 89' lang='lat' dir='ltr'><strong>dam-</strong></span> 
     </span>
    </p>
   </div>
   <div class='ocr_carea' id='block_1_81' title="bbox 586 4944 2180 5011">
    <p class='ocr_par' dir='ltr' id='par_1_81' title="bbox 586 4944 2180 5011">
     <span class='ocr_line' id='line_1_81' title="bbox 586 4944 2180 5011; baseline 0.004 -15"><span class='ocrx_word' id='word_1_531' title='bbox 586 4948 779 5000; x_wconf 74' lang='lat' dir='ltr'><strong>nasse?</strong></span> <span class='ocrx_word' id='word_1_532' title='bbox 823 4964 851 4993; x_wconf 87' lang='grc'><strong>››</strong></span> <span class='ocrx_word' id='word_1_533' title='bbox 910 4946 1073 5011; x_wconf 87' lang='lat' dir='ltr'><strong>Nam,</strong></span> <span class='ocrx_word' id='word_1_534' title='bbox 1126 4959 1255 4999; x_wconf 90' lang='lat' dir='ltr'><strong>cum</strong></span> <span class='ocrx_word' id='word_1_535' title='bbox 1285 4944 1464 4999; x_wconf 89' lang='lat' dir='ltr'><strong>omnis</strong></span> <span class='ocrx_word' id='word_1_536' title='bbox 1492 4945 2005 5002; x_wconf 88' lang='lat' dir='ltr'><strong>excommunicatus</strong></span> <span class='ocrx_word' id='word_1_537' title='bbox 2028 4955 2180 5003; x_wconf 85' lang='lat' dir='ltr'><strong>extra</strong></span> 
     </span>
    </p>
   </div>
   <div class='ocr_carea' id='block_1_82' title="bbox 586 5035 2181 5109">
    <p class='ocr_par' dir='ltr' id='par_1_82' title="bbox 586 5035 2181 5109">
     <span class='ocr_line' id='line_1_82' title="bbox 586 5035 2181 5109; baseline 0.004 -19"><span class='ocrx_word' id='word_1_538' title='bbox 586 5035 881 5093; x_wconf 88' lang='lat' dir='ltr'><strong>Ecclesiam</strong></span> <span class='ocrx_word' id='word_1_539' title='bbox 929 5037 1024 5104; x_wconf 88' lang='lat' dir='ltr'><strong>sit,</strong></span> <span class='ocrx_word' id='word_1_540' title='bbox 1082 5038 1372 5109; x_wconf 89' lang='lat' dir='ltr'><strong>nullusque</strong></span> <span class='ocrx_word' id='word_1_541' title='bbox 1418 5037 1579 5092; x_wconf 91' lang='lat' dir='ltr'><strong>simul</strong></span> <span class='ocrx_word' id='word_1_542' title='bbox 1628 5037 1770 5093; x_wconf 92' lang='lat' dir='ltr'><strong>intra</strong></span> <span class='ocrx_word' id='word_1_543' title='bbox 1800 5047 1856 5093; x_wconf 90' lang='lat' dir='ltr'><strong>et</strong></span> <span class='ocrx_word' id='word_1_544' title='bbox 1883 5048 2037 5095; x_wconf 84' lang='lat' dir='ltr'><strong>extra</strong></span> <span class='ocrx_word' id='word_1_545' title='bbox 2062 5056 2181 5096; x_wconf 88' lang='lat' dir='ltr'><strong>esse</strong></span> 
     </span>
    </p>
   </div>
   <div class='ocr_carea' id='block_1_83' title="bbox 584 5129 2178 5202">
    <p class='ocr_par' dir='ltr' id='par_1_83' title="bbox 584 5129 2178 5202">
     <span class='ocr_line' id='line_1_83' title="bbox 584 5129 2178 5202; baseline 0.003 -19"><span class='ocrx_word' id='word_1_546' title='bbox 584 5129 774 5201; x_wconf 90' lang='lat' dir='ltr'><strong>possit,</strong></span> <span class='ocrx_word' id='word_1_547' title='bbox 823 5130 909 5186; x_wconf 92' lang='lat' dir='ltr'><strong>ille</strong></span> <span class='ocrx_word' id='word_1_548' title='bbox 937 5129 1314 5186; x_wconf 89' lang='lat' dir='ltr'><strong>indubitanter</strong></span> <span class='ocrx_word' id='word_1_549' title='bbox 1353 5145 1387 5184; x_wconf 89' lang='lat' dir='ltr'><strong>a</strong></span> <span class='ocrx_word' id='word_1_550' title='bbox 1413 5129 1679 5185; x_wconf 86' lang='lat' dir='ltr'><strong>catholica</strong></span> <span class='ocrx_word' id='word_1_551' title='bbox 1707 5131 1915 5186; x_wconf 86' lang='lat' dir='ltr'><strong>unitate</strong></span> <span class='ocrx_word' id='word_1_552' title='bbox 1939 5147 2001 5186; x_wconf 90' lang='lat' dir='ltr'><strong>se</strong></span> <span class='ocrx_word' id='word_1_553' title='bbox 2023 5148 2178 5202; x_wconf 91' lang='lat' dir='ltr'><strong>sepa-</strong></span> 
     </span>
    </p>
   </div>
   <div class='ocr_carea' id='block_1_84' title="bbox 582 5223 2179 5294">
    <p class='ocr_par' dir='ltr' id='par_1_84' title="bbox 582 5223 2179 5294">
     <span class='ocr_line' id='line_1_84' title="bbox 582 5223 2179 5294; baseline 0.003 -18"><span class='ocrx_word' id='word_1_554' title='bbox 582 5231 691 5289; x_wconf 88' lang='lat' dir='ltr'><strong>rat,</strong></span> <span class='ocrx_word' id='word_1_555' title='bbox 745 5223 1055 5294; x_wconf 90' lang='lat' dir='ltr'><strong>quicunque</strong></span> <span class='ocrx_word' id='word_1_556' title='bbox 1083 5239 1141 5278; x_wconf 91' lang='lat' dir='ltr'><strong>se</strong></span> <span class='ocrx_word' id='word_1_557' title='bbox 1183 5223 1251 5278; x_wconf 89' lang='lat' dir='ltr'><strong>ab</strong></span> <span class='ocrx_word' id='word_1_558' title='bbox 1293 5223 1901 5278; x_wconf 78' lang='lat' dir='ltr'><strong>excommunicatorum</strong></span> <span class='ocrx_word' id='word_1_559' title='bbox 1928 5239 2179 5281; x_wconf 86' lang='lat' dir='ltr'><strong>commu-</strong></span> 
     </span>
    </p>
   </div>
   <div class='ocr_carea' id='block_1_85' title="bbox 582 5313 2177 5387">
    <p class='ocr_par' dir='ltr' id='par_1_85' title="bbox 582 5313 2177 5387">
     <span class='ocr_line' id='line_1_85' title="bbox 582 5313 2177 5387; baseline 0.003 -17"><span class='ocrx_word' id='word_1_560' title='bbox 582 5315 752 5371; x_wconf 89' lang='lat' dir='ltr'><strong>nione</strong></span> <span class='ocrx_word' id='word_1_561' title='bbox 774 5332 890 5371; x_wconf 91' lang='lat' dir='ltr'><strong>non</strong></span> <span class='ocrx_word' id='word_1_562' title='bbox 916 5324 1238 5387; x_wconf 89' lang='lat' dir='ltr'><strong>sequestrat.</strong></span> <span class='ocrx_word' id='word_1_563' title='bbox 1265 5316 1297 5368; x_wconf 85' lang='lat' dir='ltr'>J</span> <span class='ocrx_word' id='word_1_564' title='bbox 1303 5330 1396 5369; x_wconf 92' lang='lat' dir='ltr'><strong>ure</strong></span> <span class='ocrx_word' id='word_1_565' title='bbox 1415 5330 1546 5384; x_wconf 84' lang='lat' dir='ltr'><strong>ergo</strong></span> <span class='ocrx_word' id='word_1_566' title='bbox 1562 5329 1594 5368; x_wconf 88' lang='lat' dir='ltr'><strong>a</strong></span> <span class='ocrx_word' id='word_1_567' title='bbox 1622 5313 1924 5371; x_wconf 88' lang='lat' dir='ltr'><strong>Catholicis</strong></span> <span class='ocrx_word' id='word_1_568' title='bbox 1945 5316 2177 5374; x_wconf 89' lang='lat' dir='ltr'><strong>devitan-</strong></span> 
     </span>
    </p>
   </div>
   <div class='ocr_carea' id='block_1_86' title="bbox 581 5407 2175 5477">
    <p class='ocr_par' dir='ltr' id='par_1_86' title="bbox 581 5407 2175 5477">
     <span class='ocr_line' id='line_1_86' title="bbox 581 5407 2175 5477; baseline 0.004 -17"><span class='ocrx_word' id='word_1_569' title='bbox 581 5414 696 5473; x_wconf 89' lang='lat' dir='ltr'><strong>tur,</strong></span> <span class='ocrx_word' id='word_1_570' title='bbox 729 5415 789 5461; x_wconf 92' lang='lat' dir='ltr'><strong>ut</strong></span> <span class='ocrx_word' id='word_1_571' title='bbox 832 5407 1318 5473; x_wconf 87' lang='lat' dir='ltr'><strong>excommunicati,</strong></span> <span class='ocrx_word' id='word_1_572' title='bbox 1349 5407 1446 5477; x_wconf 89' lang='lat' dir='ltr'><strong>qui</strong></span> <span class='ocrx_word' id='word_1_573' title='bbox 1474 5407 1542 5462; x_wconf 88' lang='lat' dir='ltr'><strong>ab</strong></span> <span class='ocrx_word' id='word_1_574' title='bbox 1569 5408 2175 5466; x_wconf 80' lang='lat' dir='ltr'><strong>excommunicatorum</strong></span> 
     </span>
    </p>
   </div>
   <div class='ocr_carea' id='block_1_87' title="bbox 582 5497 1721 5569">
    <p class='ocr_par' dir='ltr' id='par_1_87' title="bbox 582 5497 1721 5569">
     <span class='ocr_line' id='line_1_87' title="bbox 582 5497 1721 5569; baseline -0.001 -16"><span class='ocrx_word' id='word_1_575' title='bbox 582 5498 976 5553; x_wconf 82' lang='lat' dir='ltr'><strong>communione</strong></span> <span class='ocrx_word' id='word_1_576' title='bbox 1037 5513 1149 5553; x_wconf 89' lang='lat' dir='ltr'><strong>non</strong></span> <span class='ocrx_word' id='word_1_577' title='bbox 1195 5505 1325 5554; x_wconf 90' lang='lat' dir='ltr'><strong>sunt</strong></span> <span class='ocrx_word' id='word_1_578' title='bbox 1374 5497 1721 5569; x_wconf 88' lang='lat' dir='ltr'><strong>sequestrati.</strong></span> 
     </span>
    </p>
   </div>
   <div class='ocr_carea' id='block_1_88' title="bbox 653 5584 2174 5660">
    <p class='ocr_par' dir='ltr' id='par_1_88' title="bbox 653 5584 2174 5660">
     <span class='ocr_line' id='line_1_88' title="bbox 653 5584 2174 5660; baseline 0.005 -18"><span class='ocrx_word' id='word_1_579' title='bbox 653 5584 951 5642; x_wconf 86' lang='lat' dir='ltr'><strong>Sciendum</strong></span> <span class='ocrx_word' id='word_1_580' title='bbox 979 5594 1170 5644; x_wconf 86' lang='lat' dir='ltr'><strong>autem</strong></span> <span class='ocrx_word' id='word_1_581' title='bbox 1197 5586 1344 5658; x_wconf 87' lang='lat' dir='ltr'><strong>quia,</strong></span> <span class='ocrx_word' id='word_1_582' title='bbox 1370 5586 1624 5660; x_wconf 85' lang='lat' dir='ltr'><strong>quandiu</strong></span> <span class='ocrx_word' id='word_1_583' title='bbox 1656 5587 1789 5644; x_wconf 89' lang='lat' dir='ltr'><strong>mali</strong></span> <span class='ocrx_word' id='word_1_584' title='bbox 1816 5589 1878 5646; x_wconf 87' lang='lat' dir='ltr'><strong>in</strong></span> <span class='ocrx_word' id='word_1_585' title='bbox 1905 5590 2174 5649; x_wconf 88' lang='lat' dir='ltr'><strong>catholica</strong></span> 
     </span>
    </p>
   </div>
   <div class='ocr_carea' id='block_1_89' title="bbox 584 5710 2173 5835">
    <p class='ocr_par' dir='ltr' id='par_1_89' title="bbox 584 5710 2173 5835">
     <span class='ocr_line' id='line_1_89' title="bbox 584 5710 2173 5835; baseline 0.004 -72"><span class='ocrx_word' id='word_1_586' title='bbox 584 5710 842 5835; x_wconf 49' lang='lat'><strong>“$054)</strong></span> <span class='ocrx_word' id='word_1_587' title='bbox 909 5711 1109 5766; x_wconf 65' lang='lat' dir='ltr'><strong>Etcstat</strong></span> <span class='ocrx_word' id='word_1_588' title='bbox 1150 5711 1260 5767; x_wconf 75' lang='lat' dir='ltr'><strong>luzc</strong></span> <span class='ocrx_word' id='word_1_589' title='bbox 1308 5713 1463 5783; x_wconf 79' lang='lat' dir='ltr'><strong>epist.</strong></span> <span class='ocrx_word' id='word_1_590' title='bbox 1519 5716 1645 5768; x_wconf 82' lang='lat' dir='ltr'><strong>tom.</strong></span> <span class='ocrx_word' id='word_1_591' title='bbox 1696 5714 1727 5768; x_wconf 90' lang='grc' dir='ltr'><strong><em>Ι</em></strong></span> <span class='ocrx_word' id='word_1_592' title='bbox 1776 5711 1977 5770; x_wconf 79' lang='lat' dir='ltr'><strong>Concil.</strong></span> <span class='ocrx_word' id='word_1_593' title='bbox 2024 5730 2173 5772; x_wconf 72' lang='lat' dir='ltr'><strong>nocte</strong></span> 
     </span>
    </p>
   </div>
   <div class='ocr_carea' id='block_1_90' title="bbox 2293 3254 3795 3345">
    <p class='ocr_par' dir='ltr' id='par_1_90' title="bbox 2293 3254 3795 3345">
     <span class='ocr_line' id='line_1_90' title="bbox 2293 3254 3795 3345; baseline -0.013 -17"><span class='ocrx_word' id='word_1_594' title='bbox 2293 3273 2390 3328; x_wconf 86' lang='lat' dir='ltr'><strong>sed</strong></span> <span class='ocrx_word' id='word_1_595' title='bbox 2408 3288 2517 3327; x_wconf 90' lang='lat' dir='ltr'><strong>non</strong></span> <span class='ocrx_word' id='word_1_596' title='bbox 2543 3272 2612 3326; x_wconf 88' lang='lat' dir='ltr'><strong>ita</strong></span> <span class='ocrx_word' id='word_1_597' title='bbox 2627 3272 2928 3344; x_wconf 88' lang='lat' dir='ltr'><strong>intelligere</strong></span> <span class='ocrx_word' id='word_1_598' title='bbox 2954 3272 3224 3328; x_wconf 88' lang='lat' dir='ltr'><strong>debemus</strong></span> <span class='ocrx_word' id='word_1_599' title='bbox 3243 3271 3392 3345; x_wconf 90' lang='lat' dir='ltr'><strong>quasi</strong></span> <span class='ocrx_word' id='word_1_600' title='bbox 3414 3266 3566 3325; x_wconf 86' lang='lat' dir='ltr'><strong>sancti</strong></span> <span class='ocrx_word' id='word_1_601' title='bbox 3589 3266 3730 3318; x_wconf 86' lang='lat' dir='ltr'><strong>Patres</strong></span> <span class='ocrx_word' id='word_1_602' title='bbox 3746 3254 3795 3310; x_wconf 87' lang='lat' dir='ltr'><strong>de</strong></span> 
     </span>
    </p>
   </div>
   <div class='ocr_carea' id='block_1_91' title="bbox 2293 3353 3796 3438">
    <p class='ocr_par' dir='ltr' id='par_1_91' title="bbox 2293 3353 3796 3438">
     <span class='ocr_line' id='line_1_91' title="bbox 2293 3353 3796 3438; baseline -0.007 -17"><span class='ocrx_word' id='word_1_603' title='bbox 2293 3365 2387 3437; x_wconf 89' lang='lat' dir='ltr'><strong>huj</strong></span> <span class='ocrx_word' id='word_1_604' title='bbox 2396 3364 2609 3420; x_wconf 92' lang='lat' dir='ltr'><strong>usmodi</strong></span> <span class='ocrx_word' id='word_1_605' title='bbox 2634 3365 2913 3435; x_wconf 88' lang='lat' dir='ltr'><strong>lapsorum</strong></span> <span class='ocrx_word' id='word_1_606' title='bbox 2928 3367 3100 3422; x_wconf 87' lang='lat' dir='ltr'><strong>salute</strong></span> <span class='ocrx_word' id='word_1_607' title='bbox 3115 3366 3483 3438; x_wconf 86' lang='lat' dir='ltr'><strong>desperarent,</strong></span> <span class='ocrx_word' id='word_1_608' title='bbox 3506 3359 3589 3415; x_wconf 85' lang='lat' dir='ltr'><strong>etsi</strong></span> <span class='ocrx_word' id='word_1_609' title='bbox 3608 3370 3678 3412; x_wconf 89' lang='lat' dir='ltr'><strong>eos</strong></span> <span class='ocrx_word' id='word_1_610' title='bbox 3692 3353 3796 3405; x_wconf 67' lang='lat' dir='ltr'><strong>inter</strong></span> 
     </span>
    </p>
   </div>
   <div class='ocr_carea' id='block_1_92' title="bbox 2295 3443 3795 3531">
    <p class='ocr_par' dir='ltr' id='par_1_92' title="bbox 2295 3443 3795 3531">
     <span class='ocr_line' id='line_1_92' title="bbox 2295 3443 3795 3531; baseline -0.013 -16"><span class='ocrx_word' id='word_1_611' title='bbox 2295 3459 2612 3530; x_wconf 71' lang='lat' dir='ltr'><strong>pmnitentes</strong></span> <span class='ocrx_word' id='word_1_612' title='bbox 2640 3457 2983 3530; x_wconf 87' lang='lat' dir='ltr'><strong>recipiendos</strong></span> <span class='ocrx_word' id='word_1_613' title='bbox 3023 3459 3378 3531; x_wconf 88' lang='lat' dir='ltr'><strong>denegarent.</strong></span> <span class='ocrx_word' id='word_1_614' title='bbox 3427 3459 3540 3511; x_wconf 76' lang='lat' dir='ltr'><strong>Non</strong></span> <span class='ocrx_word' id='word_1_615' title='bbox 3572 3448 3689 3507; x_wconf 85' lang='lat' dir='ltr'><strong>enim</strong></span> <span class='ocrx_word' id='word_1_616' title='bbox 3711 3443 3795 3499; x_wconf 77' lang='lat' dir='ltr'><strong>haec</strong></span> 
     </span>
    </p>
   </div>
   <div class='ocr_carea' id='block_1_93' title="bbox 2292 3534 3795 3610">
    <p class='ocr_par' dir='ltr' id='par_1_93' title="bbox 2292 3534 3795 3610">
     <span class='ocr_line' id='line_1_93' title="bbox 2292 3534 3795 3610; baseline -0.007 -3"><span class='ocrx_word' id='word_1_617' title='bbox 2292 3551 2413 3607; x_wconf 92' lang='lat' dir='ltr'><strong>ideo</strong></span> <span class='ocrx_word' id='word_1_618' title='bbox 2456 3551 2756 3606; x_wconf 90' lang='lat' dir='ltr'><strong>instituisse</strong></span> <span class='ocrx_word' id='word_1_619' title='bbox 2793 3552 3052 3607; x_wconf 89' lang='lat' dir='ltr'><strong>credendi</strong></span> <span class='ocrx_word' id='word_1_620' title='bbox 3096 3562 3230 3607; x_wconf 90' lang='lat' dir='ltr'><strong>sunt</strong></span> <span class='ocrx_word' id='word_1_621' title='bbox 3275 3561 3337 3608; x_wconf 90' lang='lat' dir='ltr'><strong>ut</strong></span> <span class='ocrx_word' id='word_1_622' title='bbox 3380 3534 3795 3610; x_wconf 67' lang='lat' dir='ltr'><strong>hominesaptrni-</strong></span> 
     </span>
    </p>
   </div>
   <div class='ocr_carea' id='block_1_94' title="bbox 2293 3632 3795 3715">
    <p class='ocr_par' dir='ltr' id='par_1_94' title="bbox 2293 3632 3795 3715">
     <span class='ocr_line' id='line_1_94' title="bbox 2293 3632 3795 3715; baseline -0.004 -16"><span class='ocrx_word' id='word_1_623' title='bbox 2293 3647 2479 3714; x_wconf 88' lang='lat' dir='ltr'><strong>tentia,</strong></span> <span class='ocrx_word' id='word_1_624' title='bbox 2510 3643 2606 3700; x_wconf 91' lang='lat' dir='ltr'><strong>sed</strong></span> <span class='ocrx_word' id='word_1_625' title='bbox 2652 3660 2682 3698; x_wconf 94' lang='lat' dir='ltr'><strong>a</strong></span> <span class='ocrx_word' id='word_1_626' title='bbox 2713 3652 2937 3715; x_wconf 90' lang='lat' dir='ltr'><strong>peccato</strong></span> <span class='ocrx_word' id='word_1_627' title='bbox 2980 3644 3353 3715; x_wconf 86' lang='lat' dir='ltr'><strong>deterrerent;</strong></span> <span class='ocrx_word' id='word_1_628' title='bbox 3398 3658 3513 3708; x_wconf 88' lang='lat' dir='ltr'><strong>nec,</strong></span> <span class='ocrx_word' id='word_1_629' title='bbox 3557 3644 3607 3692; x_wconf 85' lang='lat' dir='ltr'><strong>ut</strong></span> <span class='ocrx_word' id='word_1_630' title='bbox 3644 3632 3795 3688; x_wconf 43' lang='lat' dir='ltr'><strong>minus,</strong></span> 
     </span>
    </p>
   </div>
   <div class='ocr_carea' id='block_1_95' title="bbox 2292 3721 3796 3809">
    <p class='ocr_par' dir='ltr' id='par_1_95' title="bbox 2292 3721 3796 3809">
     <span class='ocr_line' id='line_1_95' title="bbox 2292 3721 3796 3809; baseline -0.012 -17"><span class='ocrx_word' id='word_1_631' title='bbox 2292 3736 2388 3792; x_wconf 91' lang='lat' dir='ltr'><strong>sed</strong></span> <span class='ocrx_word' id='word_1_632' title='bbox 2426 3737 2691 3792; x_wconf 87' lang='lat' dir='ltr'><strong>humilius</strong></span> <span class='ocrx_word' id='word_1_633' title='bbox 2735 3746 2858 3809; x_wconf 89' lang='lat' dir='ltr'><strong>post</strong></span> <span class='ocrx_word' id='word_1_634' title='bbox 2887 3738 3098 3808; x_wconf 87' lang='lat' dir='ltr'><strong>lapsum</strong></span> <span class='ocrx_word' id='word_1_635' title='bbox 3140 3739 3485 3809; x_wconf 73' lang='lat' dir='ltr'><strong>pmniterent,</strong></span> <span class='ocrx_word' id='word_1_636' title='bbox 3522 3731 3667 3803; x_wconf 82' lang='lat' dir='ltr'><strong>quise</strong></span> <span class='ocrx_word' id='word_1_637' title='bbox 3686 3721 3796 3789; x_wconf 83' lang='lat' dir='ltr'><strong>etip-</strong></span> 
     </span>
    </p>
   </div>
   <div class='ocr_carea' id='block_1_96' title="bbox 2291 3816 3795 3903">
    <p class='ocr_par' dir='ltr' id='par_1_96' title="bbox 2291 3816 3795 3903">
     <span class='ocr_line' id='line_1_96' title="bbox 2291 3816 3795 3903; baseline -0.005 -19"><span class='ocrx_word' id='word_1_638' title='bbox 2291 3830 2367 3884; x_wconf 91' lang='lat' dir='ltr'><strong>sis</strong></span> <span class='ocrx_word' id='word_1_639' title='bbox 2418 3828 2807 3900; x_wconf 81' lang='lat' dir='ltr'><strong>paenitentibus</strong></span> <span class='ocrx_word' id='word_1_640' title='bbox 2852 3829 3133 3885; x_wconf 83' lang='lat' dir='ltr'><strong>inferiores</strong></span> <span class='ocrx_word' id='word_1_641' title='bbox 3182 3830 3423 3903; x_wconf 86' lang='lat' dir='ltr'><strong>reputari</strong></span> <span class='ocrx_word' id='word_1_642' title='bbox 3472 3826 3693 3882; x_wconf 86' lang='lat' dir='ltr'><strong>viderent.</strong></span> <span class='ocrx_word' id='word_1_643' title='bbox 3734 3816 3795 3876; x_wconf 64' lang='lat' dir='ltr'><strong>Et.</strong></span> 
     </span>
    </p>
   </div>
   <div class='ocr_carea' id='block_1_97' title="bbox 2290 3910 3797 3996">
    <p class='ocr_par' dir='ltr' id='par_1_97' title="bbox 2290 3910 3797 3996">
     <span class='ocr_line' id='line_1_97' title="bbox 2290 3910 3797 3996; baseline -0.011 -20"><span class='ocrx_word' id='word_1_644' title='bbox 2290 3921 2395 3977; x_wconf 89' lang='lat' dir='ltr'><strong>hoc</strong></span> <span class='ocrx_word' id='word_1_645' title='bbox 2424 3923 2477 3977; x_wconf 91' lang='lat' dir='ltr'><strong>in</strong></span> <span class='ocrx_word' id='word_1_646' title='bbox 2514 3922 2637 3978; x_wconf 88' lang='lat' dir='ltr'><strong>aliis</strong></span> <span class='ocrx_word' id='word_1_647' title='bbox 2680 3922 3036 3978; x_wconf 88' lang='lat' dir='ltr'><strong>criminaliter</strong></span> <span class='ocrx_word' id='word_1_648' title='bbox 3064 3924 3232 3994; x_wconf 89' lang='lat' dir='ltr'><strong>lapsis</strong></span> <span class='ocrx_word' id='word_1_649' title='bbox 3264 3924 3413 3996; x_wconf 91' lang='lat' dir='ltr'><strong>quasi</strong></span> <span class='ocrx_word' id='word_1_650' title='bbox 3440 3937 3529 3994; x_wconf 87' lang='lat' dir='ltr'><strong>pro</strong></span> <span class='ocrx_word' id='word_1_651' title='bbox 3557 3919 3654 3986; x_wconf 86' lang='lat' dir='ltr'><strong>lege</strong></span> <span class='ocrx_word' id='word_1_652' title='bbox 3672 3910 3797 3965; x_wconf 78' lang='lat' dir='ltr'><strong>obser-</strong></span> 
     </span>
    </p>
   </div>
   <div class='ocr_carea' id='block_1_98' title="bbox 2292 4009 3797 4089">
    <p class='ocr_par' dir='ltr' id='par_1_98' title="bbox 2292 4009 3797 4089">
     <span class='ocr_line' id='line_1_98' title="bbox 2292 4009 3797 4089; baseline -0.004 -22"><span class='ocrx_word' id='word_1_653' title='bbox 2292 4024 2447 4070; x_wconf 90' lang='lat' dir='ltr'><strong>vatur</strong></span> <span class='ocrx_word' id='word_1_654' title='bbox 2488 4023 2552 4071; x_wconf 90' lang='lat' dir='ltr'><strong>ut</strong></span> <span class='ocrx_word' id='word_1_655' title='bbox 2594 4014 2663 4071; x_wconf 88' lang='lat' dir='ltr'><strong>ab</strong></span> <span class='ocrx_word' id='word_1_656' title='bbox 2715 4015 2904 4070; x_wconf 90' lang='lat' dir='ltr'><strong>ordine</strong></span> <span class='ocrx_word' id='word_1_657' title='bbox 2946 4015 3277 4088; x_wconf 88' lang='lat' dir='ltr'><strong>dejieiantur</strong></span> <span class='ocrx_word' id='word_1_658' title='bbox 3318 4031 3480 4089; x_wconf 91' lang='lat' dir='ltr'><strong>quem</strong></span> <span class='ocrx_word' id='word_1_659' title='bbox 3518 4018 3625 4067; x_wconf 89' lang='lat' dir='ltr'><strong>ante</strong></span> <span class='ocrx_word' id='word_1_660' title='bbox 3645 4009 3797 4074; x_wconf 80' lang='lat' dir='ltr'><strong>lapsum</strong></span> 
     </span>
    </p>
   </div>
   <div class='ocr_carea' id='block_1_99' title="bbox 2292 4090 3796 4181">
    <p class='ocr_par' dir='ltr' id='par_1_99' title="bbox 2292 4090 3796 4181">
     <span class='ocr_line' id='line_1_99' title="bbox 2292 4090 3796 4181; baseline -0.013 -18"><span class='ocrx_word' id='word_1_661' title='bbox 2292 4106 2548 4164; x_wconf 87' lang='lat' dir='ltr'><strong>habuisse</strong></span> <span class='ocrx_word' id='word_1_662' title='bbox 2591 4119 2644 4164; x_wconf 92' lang='lat' dir='ltr'><strong>et</strong></span> <span class='ocrx_word' id='word_1_663' title='bbox 2689 4109 2745 4163; x_wconf 90' lang='lat' dir='ltr'><strong>in</strong></span> <span class='ocrx_word' id='word_1_664' title='bbox 2790 4125 2899 4180; x_wconf 91' lang='lat' dir='ltr'><strong>quo</strong></span> <span class='ocrx_word' id='word_1_665' title='bbox 2929 4125 3184 4181; x_wconf 87' lang='lat' dir='ltr'><strong>peccasse</strong></span> <span class='ocrx_word' id='word_1_666' title='bbox 3231 4111 3569 4181; x_wconf 85' lang='lat' dir='ltr'><strong>deteguntur.</strong></span> <span class='ocrx_word' id='word_1_667' title='bbox 3596 4101 3664 4158; x_wconf 90' lang='lat' dir='ltr'><strong>Sic</strong></span> <span class='ocrx_word' id='word_1_668' title='bbox 3683 4090 3796 4149; x_wconf 86' lang='lat' dir='ltr'><strong>nimi-</strong></span> 
     </span>
    </p>
   </div>
   <div class='ocr_carea' id='block_1_100' title="bbox 2290 4188 3795 4272">
    <p class='ocr_par' dir='ltr' id='par_1_100' title="bbox 2290 4188 3795 4272">
     <span class='ocr_line' id='line_1_100' title="bbox 2290 4188 3795 4272; baseline -0.005 -17"><span class='ocrx_word' id='word_1_669' title='bbox 2290 4215 2414 4255; x_wconf 90' lang='lat' dir='ltr'><strong>rum</strong></span> <span class='ocrx_word' id='word_1_670' title='bbox 2461 4209 2515 4256; x_wconf 89' lang='lat' dir='ltr'><strong>et</strong></span> <span class='ocrx_word' id='word_1_671' title='bbox 2566 4200 2621 4256; x_wconf 90' lang='lat' dir='ltr'><strong>in</strong></span> <span class='ocrx_word' id='word_1_672' title='bbox 2668 4201 2861 4256; x_wconf 91' lang='lat' dir='ltr'><strong>ordine</strong></span> <span class='ocrx_word' id='word_1_673' title='bbox 2892 4202 3279 4272; x_wconf 64' lang='lat' dir='ltr'><strong>paenitentium</strong></span> <span class='ocrx_word' id='word_1_674' title='bbox 3308 4188 3795 4264; x_wconf 69' lang='lat' dir='ltr'><strong>constituti,sidelm0</strong></span> 
     </span>
    </p>
   </div>
   <div class='ocr_carea' id='block_1_101' title="bbox 2290 4285 3800 4365">
    <p class='ocr_par' dir='ltr' id='par_1_101' title="bbox 2290 4285 3800 4365">
     <span class='ocr_line' id='line_1_101' title="bbox 2290 4285 3800 4365; baseline -0.009 -17"><span class='ocrx_word' id='word_1_675' title='bbox 2290 4293 2571 4362; x_wconf 90' lang='lat' dir='ltr'><strong>labuntur,</strong></span> <span class='ocrx_word' id='word_1_676' title='bbox 2601 4294 2832 4365; x_wconf 84' lang='lat' dir='ltr'><strong>pristino</strong></span> <span class='ocrx_word' id='word_1_677' title='bbox 2875 4294 3053 4350; x_wconf 85' lang='lat' dir='ltr'><strong>ordini</strong></span> <span class='ocrx_word' id='word_1_678' title='bbox 3100 4311 3215 4351; x_wconf 90' lang='lat' dir='ltr'><strong>non</strong></span> <span class='ocrx_word' id='word_1_679' title='bbox 3262 4295 3534 4350; x_wconf 84' lang='lat' dir='ltr'><strong>immerito</strong></span> <span class='ocrx_word' id='word_1_680' title='bbox 3563 4285 3800 4361; x_wconf 74' lang='lat' dir='ltr'><strong>judicemur</strong></span> 
     </span>
    </p>
   </div>
   <div class='ocr_carea' id='block_1_102' title="bbox 2290 4386 2524 4457">
    <p class='ocr_par' dir='ltr' id='par_1_102' title="bbox 2290 4386 2524 4457">
     <span class='ocr_line' id='line_1_102' title="bbox 2290 4386 2524 4457; baseline 0 -16"><span class='ocrx_word' id='word_1_681' title='bbox 2290 4386 2524 4457; x_wconf 89' lang='lat' dir='ltr'><strong>indigni.</strong></span> 
     </span>
    </p>
   </div>
   <div class='ocr_carea' id='block_1_103' title="bbox 2362 4462 3804 4554">
    <p class='ocr_par' dir='ltr' id='par_1_103' title="bbox 2362 4462 3804 4554">
     <span class='ocr_line' id='line_1_103' title="bbox 2362 4462 3804 4554; baseline -0.006 -20"><span class='ocrx_word' id='word_1_682' title='bbox 2362 4482 2488 4535; x_wconf 85' lang='lat' dir='ltr'><strong>Non</strong></span> <span class='ocrx_word' id='word_1_683' title='bbox 2512 4487 2705 4535; x_wconf 88' lang='lat' dir='ltr'><strong>tamen</strong></span> <span class='ocrx_word' id='word_1_684' title='bbox 2734 4480 2851 4537; x_wconf 81' lang='lat' dir='ltr'><strong>haec</strong></span> <span class='ocrx_word' id='word_1_685' title='bbox 2886 4482 3062 4538; x_wconf 88' lang='lat' dir='ltr'><strong>sancti</strong></span> <span class='ocrx_word' id='word_1_686' title='bbox 3088 4483 3280 4539; x_wconf 89' lang='lat' dir='ltr'><strong>Patres</strong></span> <span class='ocrx_word' id='word_1_687' title='bbox 3308 4478 3659 4554; x_wconf 87' lang='lat' dir='ltr'><strong>desperatione</strong></span> <span class='ocrx_word' id='word_1_688' title='bbox 3682 4462 3804 4520; x_wconf 62' lang='lat' dir='ltr'><strong>venia?</strong></span> 
     </span>
    </p>
   </div>
   <div class='ocr_carea' id='block_1_104' title="bbox 2290 4569 3804 4645">
    <p class='ocr_par' dir='ltr' id='par_1_104' title="bbox 2290 4569 3804 4645">
     <span class='ocr_line' id='line_1_104' title="bbox 2290 4569 3804 4645; baseline 0.001 -19"><span class='ocrx_word' id='word_1_689' title='bbox 2290 4580 2405 4626; x_wconf 90' lang='lat' dir='ltr'><strong>tam</strong></span> <span class='ocrx_word' id='word_1_690' title='bbox 2451 4571 2650 4627; x_wconf 90' lang='lat' dir='ltr'><strong>acriter</strong></span> <span class='ocrx_word' id='word_1_691' title='bbox 2705 4573 3008 4631; x_wconf 83' lang='lat' dir='ltr'><strong>decrevisse</strong></span> <span class='ocrx_word' id='word_1_692' title='bbox 3057 4576 3382 4643; x_wconf 87' lang='lat' dir='ltr'><strong>creduntur,</strong></span> <span class='ocrx_word' id='word_1_693' title='bbox 3439 4569 3675 4645; x_wconf 57' lang='lat' dir='ltr'><strong>pracipue</strong></span> <span class='ocrx_word' id='word_1_694' title='bbox 3712 4569 3804 4613; x_wconf 68' lang='lat' dir='ltr'><strong>cum</strong></span> 
     </span>
    </p>
   </div>
   <div class='ocr_carea' id='block_1_105' title="bbox 2291 4651 3804 4733">
    <p class='ocr_par' dir='ltr' id='par_1_105' title="bbox 2291 4651 3804 4733">
     <span class='ocr_line' id='line_1_105' title="bbox 2291 4651 3804 4733; baseline -0.009 -14"><span class='ocrx_word' id='word_1_695' title='bbox 2291 4664 2565 4720; x_wconf 87' lang='lat' dir='ltr'><strong>Dominus</strong></span> <span class='ocrx_word' id='word_1_696' title='bbox 2592 4681 2790 4722; x_wconf 85' lang='lat' dir='ltr'><strong>omnes</strong></span> <span class='ocrx_word' id='word_1_697' title='bbox 2845 4667 3100 4723; x_wconf 91' lang='lat' dir='ltr'><strong>homines</strong></span> <span class='ocrx_word' id='word_1_698' title='bbox 3152 4669 3285 4724; x_wconf 86' lang='lat' dir='ltr'><strong>velit</strong></span> <span class='ocrx_word' id='word_1_699' title='bbox 3333 4666 3542 4730; x_wconf 89' lang='lat' dir='ltr'><strong>salvari,</strong></span> <span class='ocrx_word' id='word_1_700' title='bbox 3569 4660 3646 4733; x_wconf 91' lang='lat' dir='ltr'><strong>qui</strong></span> <span class='ocrx_word' id='word_1_701' title='bbox 3671 4651 3804 4710; x_wconf 79' lang='lat' dir='ltr'><strong>dicit:</strong></span> 
     </span>
    </p>
   </div>
   <div class='ocr_carea' id='block_1_106' title="bbox 2295 4746 3803 4834">
    <p class='ocr_par' dir='ltr' id='par_1_106' title="bbox 2295 4746 3803 4834">
     <span class='ocr_line' id='line_1_106' title="bbox 2295 4746 3803 4834; baseline -0.007 -22"><span class='ocrx_word' id='word_1_702' title='bbox 2295 4781 2319 4807; x_wconf 70' lang='grc' dir='ltr'><strong>«ι</strong></span> <span class='ocrx_word' id='word_1_703' title='bbox 2345 4758 2486 4814; x_wconf 89' lang='grc' dir='ltr'><strong>ΝοΙο</strong></span> <span class='ocrx_word' id='word_1_704' title='bbox 2511 4769 2752 4815; x_wconf 88' lang='lat' dir='ltr'><strong>mortem</strong></span> <span class='ocrx_word' id='word_1_705' title='bbox 2771 4760 3069 4831; x_wconf 86' lang='lat' dir='ltr'><strong>peccatoris</strong></span> <span class='ocrx_word' id='word_1_706' title='bbox 3103 4760 3300 4834; x_wconf 89' lang='lat' dir='ltr'><strong>[impii]</strong></span> <span class='ocrx_word' id='word_1_707' title='bbox 3327 4760 3538 4829; x_wconf 77' lang='lat' dir='ltr'><strong>(Ezech.</strong></span> <span class='ocrx_word' id='word_1_708' title='bbox 3562 4746 3803 4834; x_wconf 65' lang='lat' dir='ltr'><strong>xxxm).&#39;</strong></span> 
     </span>
    </p>
   </div>
   <div class='ocr_carea' id='block_1_107' title="bbox 2290 4833 3805 4925">
    <p class='ocr_par' dir='ltr' id='par_1_107' title="bbox 2290 4833 3805 4925">
     <span class='ocr_line' id='line_1_107' title="bbox 2290 4833 3805 4925; baseline -0.002 -18"><span class='ocrx_word' id='word_1_709' title='bbox 2290 4853 2398 4906; x_wconf 85' lang='lat' dir='ltr'><strong>Et:</strong></span> <span class='ocrx_word' id='word_1_710' title='bbox 2433 4874 2459 4900; x_wconf 77' lang='grc' dir='ltr'><strong><em>α</em></strong></span> <span class='ocrx_word' id='word_1_711' title='bbox 2514 4854 2580 4907; x_wconf 89' lang='lat' dir='ltr'><strong>In</strong></span> <span class='ocrx_word' id='word_1_712' title='bbox 2606 4869 2933 4924; x_wconf 90' lang='lat' dir='ltr'><strong>quacunque</strong></span> <span class='ocrx_word' id='word_1_713' title='bbox 2983 4854 3071 4909; x_wconf 90' lang='lat' dir='ltr'><strong>die</strong></span> <span class='ocrx_word' id='word_1_714' title='bbox 3110 4833 3373 4925; x_wconf 81' lang='lat' dir='ltr'><strong>peccator</strong></span> <span class='ocrx_word' id='word_1_715' title='bbox 3396 4844 3710 4924; x_wconf 63' lang='lat' dir='ltr'><strong>ingemuerit.</strong></span> <span class='ocrx_word' id='word_1_716' title='bbox 3731 4833 3805 4892; x_wconf 70' lang='lat' dir='ltr'><strong>Sa&quot;</strong></span> 
     </span>
    </p>
   </div>
   <div class='ocr_carea' id='block_1_108' title="bbox 2290 4939 3807 5019">
    <p class='ocr_par' dir='ltr' id='par_1_108' title="bbox 2290 4939 3807 5019">
     <span class='ocr_line' id='line_1_108' title="bbox 2290 4939 3807 5019; baseline -0.009 -19"><span class='ocrx_word' id='word_1_717' title='bbox 2290 4961 2386 5000; x_wconf 91' lang='lat' dir='ltr'><strong>vus</strong></span> <span class='ocrx_word' id='word_1_718' title='bbox 2432 4945 2537 5001; x_wconf 88' lang='lat' dir='ltr'><strong>erit</strong></span> <span class='ocrx_word' id='word_1_719' title='bbox 2589 4947 2776 5015; x_wconf 55' lang='lat' dir='ltr'><strong>(Ibid)</strong></span> <span class='ocrx_word' id='word_1_720' title='bbox 2809 4969 2835 4996; x_wconf 73' lang='grc' dir='ltr'><strong>ιι</strong></span> <span class='ocrx_word' id='word_1_721' title='bbox 2868 4947 3012 5015; x_wconf 88' lang='lat' dir='ltr'><strong>Non,</strong></span> <span class='ocrx_word' id='word_1_722' title='bbox 3047 4946 3303 5019; x_wconf 89' lang='lat' dir='ltr'><strong>inquam,</strong></span> <span class='ocrx_word' id='word_1_723' title='bbox 3359 4939 3706 5016; x_wconf 81' lang='lat' dir='ltr'><strong>desperatione</strong></span> <span class='ocrx_word' id='word_1_724' title='bbox 3745 4941 3807 4981; x_wconf 69' lang='lat' dir='ltr'><strong>V8-</strong></span> 
     </span>
    </p>
   </div>
   <div class='ocr_carea' id='block_1_109' title="bbox 2288 5018 3810 5113">
    <p class='ocr_par' dir='ltr' id='par_1_109' title="bbox 2288 5018 3810 5113">
     <span class='ocr_line' id='line_1_109' title="bbox 2288 5018 3810 5113; baseline -0.008 -20"><span class='ocrx_word' id='word_1_725' title='bbox 2288 5038 2415 5106; x_wconf 67' lang='lat' dir='ltr'><strong>niaa,</strong></span> <span class='ocrx_word' id='word_1_726' title='bbox 2455 5038 2550 5094; x_wconf 90' lang='lat' dir='ltr'><strong>sed</strong></span> <span class='ocrx_word' id='word_1_727' title='bbox 2588 5055 2688 5109; x_wconf 90' lang='lat' dir='ltr'><strong>pro</strong></span> <span class='ocrx_word' id='word_1_728' title='bbox 2715 5039 2926 5095; x_wconf 89' lang='lat' dir='ltr'><strong>cautela</strong></span> <span class='ocrx_word' id='word_1_729' title='bbox 2950 5018 3251 5113; x_wconf 79' lang='lat' dir='ltr'><strong>disciplinae</strong></span> <span class='ocrx_word' id='word_1_730' title='bbox 3278 5041 3396 5096; x_wconf 68' lang='lat' dir='ltr'><strong>haec</strong></span> <span class='ocrx_word' id='word_1_731' title='bbox 3421 5038 3653 5093; x_wconf 88' lang='lat' dir='ltr'><strong>instituta</strong></span> <span class='ocrx_word' id='word_1_732' title='bbox 3676 5018 3810 5082; x_wconf 75' lang='lat' dir='ltr'><strong>credi-</strong></span> 
     </span>
    </p>
   </div>
   <div class='ocr_carea' id='block_1_110' title="bbox 2291 5119 3811 5205">
    <p class='ocr_par' dir='ltr' id='par_1_110' title="bbox 2291 5119 3811 5205">
     <span class='ocr_line' id='line_1_110' title="bbox 2291 5119 3811 5205; baseline -0.007 -19"><span class='ocrx_word' id='word_1_733' title='bbox 2291 5147 2442 5198; x_wconf 84' lang='lat' dir='ltr'><strong>mus;</strong></span> <span class='ocrx_word' id='word_1_734' title='bbox 2474 5131 2623 5203; x_wconf 90' lang='lat' dir='ltr'><strong>quod</strong></span> <span class='ocrx_word' id='word_1_735' title='bbox 2667 5132 2829 5188; x_wconf 88' lang='lat' dir='ltr'><strong>etiam</strong></span> <span class='ocrx_word' id='word_1_736' title='bbox 2869 5149 2933 5188; x_wconf 85' lang='lat' dir='ltr'><strong>ex</strong></span> <span class='ocrx_word' id='word_1_737' title='bbox 2979 5134 3161 5189; x_wconf 87' lang='lat' dir='ltr'><strong>verbis</strong></span> <span class='ocrx_word' id='word_1_738' title='bbox 3190 5137 3253 5189; x_wconf 88' lang='grc' dir='ltr'><strong>Β.</strong></span> <span class='ocrx_word' id='word_1_739' title='bbox 3282 5128 3571 5205; x_wconf 70' lang='lat' dir='ltr'><strong>Augustini</strong></span> <span class='ocrx_word' id='word_1_740' title='bbox 3596 5121 3658 5180; x_wconf 89' lang='lat' dir='ltr'><strong>ad</strong></span> <span class='ocrx_word' id='word_1_741' title='bbox 3679 5119 3811 5176; x_wconf 50' lang='lat' dir='ltr'><strong>M309</strong></span> 
     </span>
    </p>
   </div>
   <div class='ocr_carea' id='block_1_111' title="bbox 2286 5210 3809 5299">
    <p class='ocr_par' dir='ltr' id='par_1_111' title="bbox 2286 5210 3809 5299">
     <span class='ocr_line' id='line_1_111' title="bbox 2286 5210 3809 5299; baseline 0.005 -18"><span class='ocrx_word' id='word_1_742' title='bbox 2286 5224 2516 5281; x_wconf 90' lang='lat' dir='ltr'><strong>doninm</strong></span> <span class='ocrx_word' id='word_1_743' title='bbox 2566 5226 2942 5297; x_wconf 86' lang='lat' dir='ltr'><strong>presbyterum</strong></span> <span class='ocrx_word' id='word_1_744' title='bbox 2992 5226 3300 5299; x_wconf 87' lang='lat' dir='ltr'><strong>approbare</strong></span> <span class='ocrx_word' id='word_1_745' title='bbox 3361 5233 3638 5298; x_wconf 72' lang='lat' dir='ltr'><strong>possumus</strong></span> 
     </span>
    </p>
   </div>
   <div class='ocr_carea' id='block_1_112' title="bbox 2286 5297 3812 5391">
    <p class='ocr_par' dir='ltr' id='par_1_112' title="bbox 2286 5297 3812 5391">
     <span class='ocr_line' id='line_1_112' title="bbox 2286 5297 3812 5391; baseline 0.005 -18"><span class='ocrx_word' id='word_1_746' title='bbox 2286 5322 2386 5379; x_wconf 79' lang='lat'><strong>54)</strong></span> <span class='ocrx_word' id='word_1_747' title='bbox 2443 5335 2458 5372; x_wconf 87' lang='lat'><strong>:</strong></span> <span class='ocrx_word' id='word_1_748' title='bbox 2507 5339 2533 5365; x_wconf 69' lang='grc' dir='ltr'><strong>α</strong></span> <span class='ocrx_word' id='word_1_749' title='bbox 2590 5321 2651 5372; x_wconf 86' lang='lat' dir='ltr'><strong>In</strong></span> <span class='ocrx_word' id='word_1_750' title='bbox 2702 5326 2953 5391; x_wconf 77' lang='lat' dir='ltr'><strong>tantum,</strong></span> <span class='ocrx_word' id='word_1_751' title='bbox 3003 5297 3200 5391; x_wconf 83' lang='lat' dir='ltr'><strong>inquit,</strong></span> <span class='ocrx_word' id='word_1_752' title='bbox 3252 5318 3541 5374; x_wconf 80' lang='lat' dir='ltr'><strong>hominum</strong></span> <span class='ocrx_word' id='word_1_753' title='bbox 3583 5297 3812 5380; x_wconf 70' lang='grc' dir='ltr'><strong>ειυςαιηδο</strong></span> 
     </span>
    </p>
   </div>
   <div class='ocr_carea' id='block_1_113' title="bbox 2282 5388 3815 5488">
    <p class='ocr_par' dir='ltr' id='par_1_113' title="bbox 2282 5388 3815 5488">
     <span class='ocr_line' id='line_1_113' title="bbox 2282 5388 3815 5488; baseline 0.002 -24"><span class='ocrx_word' id='word_1_754' title='bbox 2282 5410 2539 5481; x_wconf 80' lang='lat' dir='ltr'><strong>iniquitas</strong></span> <span class='ocrx_word' id='word_1_755' title='bbox 2589 5388 2955 5482; x_wconf 44' lang='lat' dir='ltr'><strong>progreditur,</strong></span> <span class='ocrx_word' id='word_1_756' title='bbox 2985 5423 3045 5468; x_wconf 89' lang='lat' dir='ltr'><strong>ut</strong></span> <span class='ocrx_word' id='word_1_757' title='bbox 3076 5388 3261 5468; x_wconf 65' lang='lat' dir='ltr'><strong>etiam</strong></span> <span class='ocrx_word' id='word_1_758' title='bbox 3316 5420 3442 5483; x_wconf 91' lang='lat' dir='ltr'><strong>post</strong></span> <span class='ocrx_word' id='word_1_759' title='bbox 3483 5415 3652 5464; x_wconf 81' lang='lat' dir='ltr'><strong>actam</strong></span> 
     </span>
    </p>
   </div>
   <div class='ocr_carea' id='block_1_114' title="bbox 2284 5482 3812 5574">
    <p class='ocr_par' dir='ltr' id='par_1_114' title="bbox 2284 5482 3812 5574">
     <span class='ocr_line' id='line_1_114' title="bbox 2284 5482 3812 5574; baseline -0.012 -9"><span class='ocrx_word' id='word_1_760' title='bbox 2284 5494 2538 5562; x_wconf 60' lang='lat' dir='ltr'><strong>tentiam}</strong></span> <span class='ocrx_word' id='word_1_761' title='bbox 2580 5509 2704 5570; x_wconf 88' lang='lat' dir='ltr'><strong>post</strong></span> <span class='ocrx_word' id='word_1_762' title='bbox 2747 5502 2938 5557; x_wconf 89' lang='lat' dir='ltr'><strong>altaris</strong></span> <span class='ocrx_word' id='word_1_763' title='bbox 2982 5482 3503 5566; x_wconf 86' lang='lat' dir='ltr'><strong>reconciliationem,</strong></span> <span class='ocrx_word' id='word_1_764' title='bbox 3550 5494 3624 5549; x_wconf 86' lang='lat' dir='ltr'><strong>vel</strong></span> <span class='ocrx_word' id='word_1_765' title='bbox 3656 5482 3812 5574; x_wconf 56' lang='lat' dir='ltr'><strong>sitltillil</strong></span> 
     </span>
    </p>
   </div>
   <div class='ocr_carea' id='block_1_115' title="bbox 2285 5572 3815 5659">
    <p class='ocr_par' dir='ltr' id='par_1_115' title="bbox 2285 5572 3815 5659">
     <span class='ocr_line' id='line_1_115' title="bbox 2285 5572 3815 5659; baseline -0.001 -18"><span class='ocrx_word' id='word_1_766' title='bbox 2285 5586 2365 5642; x_wconf 86' lang='lat' dir='ltr'><strong>vel</strong></span> <span class='ocrx_word' id='word_1_767' title='bbox 2426 5589 2672 5659; x_wconf 86' lang='lat' dir='ltr'><strong>graviora</strong></span> <span class='ocrx_word' id='word_1_768' title='bbox 2740 5591 3111 5647; x_wconf 87' lang='lat' dir='ltr'><strong>committant.</strong></span> <span class='ocrx_word' id='word_1_769' title='bbox 3182 5595 3248 5645; x_wconf 76' lang='lat' dir='ltr'><strong>Et</strong></span> <span class='ocrx_word' id='word_1_770' title='bbox 3297 5598 3486 5645; x_wconf 82' lang='lat' dir='ltr'><strong>tamen</strong></span> <span class='ocrx_word' id='word_1_771' title='bbox 3549 5587 3678 5641; x_wconf 68' lang='lat' dir='ltr'><strong>Deus</strong></span> <span class='ocrx_word' id='word_1_772' title='bbox 3723 5572 3815 5630; x_wconf 65' lang='grc' dir='ltr'><strong>Ῑόαῖ</strong></span> 
     </span>
    </p>
   </div>
   <div class='ocr_carea' id='block_1_116' title="bbox 2354 5693 3814 5775">
    <p class='ocr_par' dir='ltr' id='par_1_116' title="bbox 2354 5693 3814 5775">
     <span class='ocr_line' id='line_1_116' title="bbox 2354 5693 3814 5775; baseline -0.01 -10"><span class='ocrx_word' id='word_1_773' title='bbox 2354 5712 2539 5775; x_wconf 84' lang='grc'><strong>(1055)</strong></span> <span class='ocrx_word' id='word_1_774' title='bbox 2598 5712 2728 5766; x_wconf 80' lang='lat' dir='ltr'><strong>Vide</strong></span> <span class='ocrx_word' id='word_1_775' title='bbox 2761 5714 3114 5770; x_wconf 82' lang='lat' dir='ltr'><strong>Anastasium</strong></span> <span class='ocrx_word' id='word_1_776' title='bbox 3145 5712 3599 5769; x_wconf 76' lang='lat' dir='ltr'><strong>bibliothecarium</strong></span> <span class='ocrx_word' id='word_1_777' title='bbox 3631 5707 3683 5758; x_wconf 75' lang='lat' dir='ltr'><strong>in</strong></span> <span class='ocrx_word' id='word_1_778' title='bbox 3710 5693 3814 5754; x_wconf 63' lang='lat' dir='ltr'><strong>Vitis</strong></span> 
     </span>
    </p>
   </div>
   <div class='ocr_carea' id='block_1_117' title="bbox 2273 5784 3018 5853">
    <p class='ocr_par' dir='ltr' id='par_1_117' title="bbox 2273 5784 3018 5853">
     <span class='ocr_line' id='line_1_117' title="bbox 2273 5784 3018 5853; baseline 0.009 -18"><span class='ocrx_word' id='word_1_779' title='bbox 2273 5784 2514 5853; x_wconf 61' lang='lat' dir='ltr'><strong>pontiﬁ,</strong></span> <span class='ocrx_word' id='word_1_780' title='bbox 2545 5785 2607 5838; x_wconf 84' lang='lat' dir='ltr'><strong>in</strong></span> <span class='ocrx_word' id='word_1_781' title='bbox 2629 5787 2923 5841; x_wconf 78' lang='lat' dir='ltr'><strong>Anastasio</strong></span> <span class='ocrx_word' id='word_1_782' title='bbox 2942 5787 3018 5842; x_wconf 84' lang='lat' dir='ltr'><strong>II.</strong></span> 
     </span>
    </p>
   </div>
  </div>
