4002 6168
258 272 389 323 H85

1157 272 1441 328 APPEND.
1480 273 1565 328 Ill.
1607 302 1675 314 —
1711 274 2127 331 MONUMENTA
2166 275 2624 331 GREGORIANA.

3405 277 3424 327 l
3440 276 3541 335 1.86

252 392 415 446 etiam
466 407 628 463 super
676 392 811 447 tales
860 393 991 448 oriri
1032 393 1201 450 solem
1251 411 1460 463 suum,
1515 413 1618 454 nec
1657 400 1846 456 minus
1873 403 1927 465 Α
2024 400 2170 456 Nulli
2208 408 2398 456 tamen
2446 415 2640 455 eorum
2683 397 2771 453 ille
2799 412 3064 453 numerus
3094 413 3372 454 annorum
3404 413 3541 468 pra:—

250 484 440 541 tribuit
507 502 677 558 quam
725 493 880 542 antea
920 487 1194 546 tribuebat
1250 491 1560 562 largissime
1614 508 1845 548 munera

252 579 373 635 vitae
403 586 459 635 et
499 579 708 635 salutis.
759 582 831 635 Et
860 582 1106 652 quamvis
1160 581 1237 639 eis
1281 584 1340 638 in
1397 586 1637 640 Ecclesia
1686 585 1839 641 locus

258 672 345 727 ille
401 673 736 744 pcenitentim
774 690 887 729 non
933 676 1288 743 concedatur,
1332 679 1477 733 Deus
1527 687 1713 734 tamen
1748 696 1839 734 su-

255 782 348 837 per
390 766 512 821 illos
557 766 838 839 patientiae
875 784 989 825 sum
1040 785 1150 825 non
1166 770 1574 827 .abliviscitur.»
1618 775 1689 827 Et
1718 782 1842 844 post

253 876 470 931 pauca:
529 882 553 907 ‹‹
602 862 862 931 Quamvis
906 875 1033 935 ergo
1078 873 1234 919 caute
1286 864 1681 937 salubriterque
1713 881 1837 937 pro-

254 952 427 1009 visum
505 953 578 1010 sit
631 962 692 1009 ut
758 955 914 1011 locus
961 956 1070 1012 illis
1112 956 1442 1015 humillimae
1498 959 1841 1031 paenitentiae

249 1046 413 1102 semel
466 1042 817 1114 concedatur,
861 1064 932 1104 ne
974 1049 1247 1105 medicina
1298 1050 1415 1106 vilis
1470 1052 1648 1107 minus
1702 1052 1842 1107 utilis

250 1149 393 1196 esset
467 1141 709 1212 aegrotis,
779 1158 901 1213 qua:
976 1150 1131 1199 tanto
1192 1144 1367 1215 magis
1454 1145 1687 1201 salubris
1760 1153 1843 1201 est

251 1241 459 1305 quanto
518 1235 704 1289 minus
758 1235 1188 1306 contemptibilis
1238 1236 1424 1304 fuerit,
1476 1239 1600 1310 quis
1651 1247 1840 1295 tamen

251 1327 454 1383 audeat
503 1326 680 1383 dicere
727 1330 847 1383 Deo
882 1348 894 1384 :
925 1329 1109 1399 Quare
1166 1330 1293 1386 huic
1343 1330 1559 1386 homini
1590 1332 1681 1403 qui
1714 1341 1843 1402 post

251 1420 482 1493 primam
527 1422 911 1493 pmnitentiam
958 1439 1181 1479 rursum
1220 1440 1279 1479 se
1324 1423 1529 1495 laqueis
1576 1424 1840 1496 iniquita-

251 1514 322 1570 tis
362 1514 658 1586 obstringit
706 1514 883 1571 adhuc
926 1516 1129 1572 iterum
1186 1517 1401 1588 parcis?
1462 1518 1599 1586 Quis
1645 1516 1843 1574 audeat

253 1607 434 1664 dicere
485 1624 610 1679 erga
667 1609 804 1663 istos
858 1625 970 1664 non
1016 1609 1100 1680 agi
1170 1610 1317 1681 quod
1382 1611 1685 1682 Apostolus
1733 1611 1837 1679 ait;

255 1703 513 1772 Ignoras,
565 1702 693 1774 quia
752 1702 985 1771 patentia
1032 1703 1381 1775 [benignitas]
1441 1704 1537 1760 Dei
1605 1704 1672 1759 ad
1715 1720 1835 1776 poe-

248 1794 531 1850 nitentiam
570 1803 625 1850 te
656 1793 767 1850 add
787 1796 937 1852 ucit?
964 1800 1135 1861 (Rom.
1164 1797 1253 1867 ιι.)
1290 1802 1400 1853 Aut
1428 1798 1545 1852 istis
1578 1798 1835 1867 exceptis,

246 1902 362 1942 esse
387 1884 683 1943 difﬁnitum
714 1886 873 1959 quod
916 1889 1185 1959 scriptum
1214 1900 1296 1944 est
1324 1909 1338 1940 :
1390 1913 1414 1938 α
1459 1891 1609 1945 Beati
1642 1907 1840 1946 omnes

249 1980 352 2049 Qui
381 1979 673 2037 conﬁdunt
715 1981 773 2036 in
827 1998 956 2037 eum
990 1984 1152 2047 (Psal.
1185 1989 1273 2051 II),
1326 2006 1351 2030 ιι
1402 1999 1465 2039 ac
1492 1984 1535 2039 si
1581 1983 1789 2039 diceret
1821 1999 1839 2038 ε

250 2074 384 2144 Quis
425 2075 503 2128 vel
553 2073 873 2145 hujusmodi
904 2075 1066 2146 lapsis
1112 2076 1353 2132 divinam
1398 2075 1838 2132 misericordiam

250 2167 608 2224 intercludere
663 2168 857 2230 valeat,
907 2169 1044 2239 quin
1092 2176 1145 2225 et
1202 2169 1301 2240 ipsi
1342 2169 1453 2224 sint
1482 2169 1648 2237 beati,
1686 2169 1729 2223 si
1784 2169 1843 2223 in

247 2261 495 2316 Domino
524 2259 847 2315 conﬁdant?
889 2284 914 2308 υ

316 2352 479 2425 Apud
501 2353 793 2409 modernos
820 2362 1007 2409 tamen
1038 2354 1187 2409 locus
1221 2354 1566 2425 poenitentia
1596 2355 1700 2411 illis
1728 2371 1839 2410 non

246 2456 501 2519 negatur,
534 2446 663 2518 quia
686 2462 856 2518 usque
877 2446 1016 2501 adeo
1041 2447 1281 2502 humana
1322 2448 1556 2518 pravitas
1587 2448 1837 2515 invaluit,

251 2548 302 2596 et
328 2541 523 2613 jugum
544 2540 783 2612 antiquae
806 2539 1106 2611 disciplinae
1132 2540 1332 2612 abjecit
1361 2548 1421 2595 ut
1448 2549 1636 2596 sancta
1656 2541 1841 2595 Eccle-

250 2634 329 2689 sia
363 2633 477 2706 jam
510 2634 746 2689 multum
785 2631 1073 2704 gauderet,
1122 2633 1166 2688 si
1208 2632 1287 2687 vel
1336 2632 1624 2697 itamodo
1655 2633 1842 2705 resipi-

251 2741 400 2782 scere
431 2727 645 2781 vellent.
695 2726 855 2781 Novit
886 2726 1032 2781 euim
1064 2725 1163 2780 Dei
1192 2725 1629 2781 misericordiam
1659 2726 1728 2781 ad
1756 2727 1842 2780 in-

250 2820 588 2892 dulgendum
660 2820 1157 2891 promptissimam,
1208 2835 1307 2875 nec
1346 2820 1583 2874 multum
1633 2819 1842 2874 distare

251 2912 397 2985 apud
433 2915 638 2977 Deum,
683 2912 806 2984 quia
838 2912 1144 2978 severitate,
1181 2912 1261 2967 vel
1320 2912 1537 2967 lenitate
1562 2912 1722 2983 juxta
1754 2910 1841 2967 di-

250 3006 564 3061 versitatem
593 3013 902 3077 temporum
931 3014 1149 3078 peccata
1196 3005 1516 3078 puniantur,
1546 3004 1591 3060 si
1624 3013 1842 3061 tantum

250 3108 503 3172 peccator
531 3115 596 3155 ex
616 3107 736 3154 toto
761 3100 923 3156 corde
936 3106 1311 3155 convertatur.

323 3191 431 3247 Sed
458 3200 513 3247 et
539 3192 642 3247 hoc
670 3192 969 3247 nonnullos
995 3200 1183 3247 movet
1217 3191 1363 3263 quod
1394 3194 1456 3247 Β.
1486 3192 1843 3248 Innocentius

253 3301 420 3357 papa,
472 3284 725 3349 scribens}
759 3284 1021 3340 Victricio
1074 3284 1512 3356 Rothomagensi
1565 3286 1842 3357 episcopo,

250 3379 450 3434 asserit
493 3379 758 3450 virginem
801 3382 918 3433 Deo
959 3386 1234 3433 sacratam
1263 3379 1332 3434 ad
1362 3377 1632 3450 agendam
1663 3378 1843 3450 ρωπί-

251 3472 485 3527 tentiam
522 3487 636 3527 non
665 3487 784 3527 esse
831 3470 1255 3538 admittendam,
1288 3471 1332 3526 si
1371 3471 1637 3542 nupserit,
1669 3488 1734 3526 eo
1767 3471 1843 3526 vi-

253 3573 414 3620 vente
459 3565 550 3636 qui
574 3565 834 3636 corrupit.
880 3585 907 3615 ‹‹
936 3567 1015 3620 Ita
1042 3564 1208 3629 enim,
1248 3564 1444 3636 inquit,
1474 3572 1530 3619 et
1567 3563 1621 3619 in
1648 3565 1846 3635 conju-

252 3658 361 3730 giis
391 3658 731 3725 observatur,
776 3666 837 3713 ut
877 3656 1080 3713 femina
1118 3657 1333 3714 vivente
1361 3658 1477 3713 viro
1524 3657 1612 3712 alii
1650 3666 1844 3729 nupta,

251 3750 326 3807 ad
373 3751 639 3822 agendam
696 3752 1075 3823 paenitentiam
1123 3767 1235 3806 non
1286 3752 1629 3817 admittatur,
1677 3767 1849 3822 quan-

248 3846 354 3902 diu
389 3844 601 3900 adulter
628 3844 838 3900 vixerit.
883 3866 910 3893 ι
978 3846 1052 3899 Et
1080 3844 1185 3900 hoc
1226 3844 1413 3916 utique
1457 3845 1637 3917 rigore
1668 3844 1848 3916 potius

249 3938 555 4010 disciplinae
592 3954 759 4009 quam
803 3936 1180 4009 desperatione
1207 3938 1381 3994 veniae
1412 3938 1726 3994 institutum
1756 3936 1849 3993 de-

252 4031 455 4088 bemus
506 4031 822 4103 intelligere,
873 4031 1123 4087 videlicet
1176 4040 1238 4085 ut
1284 4031 1537 4085 homines
1576 4032 1720 4087 vela
1754 4030 1849 4087 tali

251 4133 484 4198 peccato
506 4133 785 4180 cessarent
819 4123 967 4196 quod
996 4133 1052 4179 et
1073 4123 1250 4179 locum
1282 4124 1619 4195 pmnitentia}
1647 4124 1744 4179 sibi
1767 4125 1850 4179 in-

250 4217 563 4274 tercludere
611 4233 723 4272 non
775 4218 1112 4289 ignorarent.
1179 4217 1320 4273 Satis
1377 4225 1561 4272 autem
1612 4232 1853 4288 congrue

249 4309 581 4382 hujusmodi
606 4309 828 4366 femina:
856 4309 927 4366 ad
957 4309 1229 4382 agendam
1282 4310 1665 4382 paenitentiam
1695 4310 1851 4381 quasi

250 4404 503 4475 indignae
542 4383 882 4475 reputantur,
922 4419 988 4459 eo
1049 4403 1397 4475 potissimum
1446 4411 1694 4476 tempore
1722 4418 1851 4459 cum

248 4496 440 4555 adhuc
466 4498 672 4565 vivunt,
708 4514 836 4552 cum
873 4496 1076 4569 quibus
1118 4513 1446 4568 peccavere;
1475 4498 1600 4570 quia
1642 4506 1698 4553 et
1721 4504 1852 4553 tunc
1879 4494 1931 4561 D

245 4593 327 4649 de
358 4590 437 4646 eis
468 4598 662 4646 sancta
704 4590 949 4645 Ecclesia
979 4589 1331 4646 scandalizari
1381 4592 1539 4657 solet,
1573 4606 1701 4646 cum
1729 4606 1848 4661 pec-

242 4692 449 4742 catum
474 4700 665 4740 earum
691 4699 807 4739 non
831 4683 1011 4739 solum
1045 4699 1139 4755 per
1159 4684 1326 4755 ipsas,
1356 4683 1452 4739 sed
1479 4700 1577 4756 per
1603 4700 1847 4756 praesen-

241 4780 402 4836 tiam
453 4777 850 4833 fornicatorum
892 4776 1131 4849 quotidie
1163 4777 1487 4848 publicatur.
1518 4778 1643 4832 Non
1671 4777 1853 4833 solum

239 4879 449 4929 autem
468 4870 521 4925 in
552 4870 845 4943 prazdictis,
879 4869 976 4925 sed
1012 4880 1066 4926 et
1093 4868 1146 4924 in
1172 4870 1295 4926 aliis
1336 4870 1854 4942 canonumjudiciis

240 4964 539 5039 profectus
568 4963 944 5019 ecclesiasticae
973 4962 1277 5035 disciplina:
1301 4963 1645 5036 potissimum
1675 4972 1853 5019 atten-

242 5059 436 5123 ditur,
466 5066 523 5113 ut
554 5065 607 5113 et
639 5060 728 5128 qui
763 5065 1121 5128 peccaverunt
1168 5058 1534 5130 corrigantur,
1565 5065 1621 5113 et
1668 5057 1761 5112 alii
1786 5070 1854 5111 ne

243 5159 492 5227 peccent
528 5151 928 5207 deterreantur.
962 5150 1109 5206 Hinc.
1155 5160 1237 5206 est
1265 5151 1411 5222 quod
1446 5150 1675 5223 quidam
1708 5165 1854 5206 nunc

242 5253 478 5315 septem
519 5258 668 5300 nunc
705 5243 896 5299 decem
935 5243 1110 5308 annis,
1141 5244 1430 5317 aliquando
1467 5244 1636 5299 etiam
1681 5257 1855 5315 usque

243 5337 335 5396 ad
366 5337 530 5392 linem
567 5337 705 5405 vitae,
745 5353 843 5408 pro
894 5337 1005 5393 suis
1035 5337 1358 5393 criminibus
1389 5337 1459 5393 ab
1498 5337 1855 5393 ecclesiastica

244 5431 652 5488 communione
702 5438 1057 5502 separantur;
1114 5430 1204 5501 qui
1254 5439 1309 5486 et
1363 5431 1595 5487 libenter
1623 5430 1727 5487 sub
1756 5430 1857 5486 hac

245 5524 605 5582 districtione
635 5523 834 5580 debent
863 5524 1131 5593 laborare,
1182 5540 1294 5580 non
1325 5525 1512 5581 solum
1542 5533 1603 5581 ut
1628 5532 1855 5597 peccata

251 5632 363 5674 sua
403 5615 633 5686 diluant,
663 5616 756 5674 sed
799 5617 967 5673 etiam
1005 5625 1067 5672 ut
1107 5624 1310 5673 sanctas
1339 5617 1441 5673 Dei
1483 5619 1740 5675 Ecclesiae
1769 5633 1857 5674 sa-

253 5708 573 5778 tisfaciant,
665 5725 897 5781 eamque
950 5709 1051 5766 sibi
1130 5710 1480 5766 reconcilient
1546 5710 1859 5784 paenitendo

253 5818 434 5878 quam
476 5801 983 5890 scandalizavemnt
1007 5802 1394 5876 delinquendo.

1954 494 2127 550 cludit
2171 495 2305 566 quin
2333 503 2388 549 et
2416 501 2544 548 ante
2573 492 2944 563 expletionem
2975 507 3169 546 eorum
3201 494 3351 546 Deus
3380 491 3429 546 ei
3459 492 3533 545 in-

1946 585 2172 657 dulgere
2201 589 2375 642 valeat
2402 594 2456 642 et
2482 586 2677 650 soleat,
2708 585 2753 639 si
2783 584 2948 655 digne
2978 583 3356 654 poenituerint,
3382 584 3540 653 juxta

1947 679 2079 735 illud
2110 682 2170 734 B.
2203 680 2410 735 Leonis
2439 693 2589 751 papa:
2617 698 2629 733 :
2666 701 2689 725 «-
2725 677 2891 749 Quia,
2920 675 3121 746 inquit,
3151 675 3542 731 misericordia:

1952 772 2057 827 Dei
2085 789 2186 828 nec
2235 788 2518 829 mensuras
2547 786 2839 843 possumus
2890 785 3111 840 ponere,
3148 784 3249 823 nec
3286 776 3539 839 tempora

1950 864 2225 935 difﬁnire,
2282 864 2428 936 apud
2477 881 2640 937 quem
2696 865 2875 919 nullas
2906 878 3091 918 moras
3140 860 3344 932 patitur
3374 861 3541 916 veniae

1949 958 2251 1015 conversio.
2316 982 2341 1005 ι
2381 954 2548 1015 Unde
2596 967 2650 1013 et
2702 958 2876 1012 sancti
2914 958 3102 1010 Patres
3151 955 3299 1009 hunc
3342 970 3539 1010 nume-

1949 1069 2072 1109 rum
2140 1068 2438 1118 annorum,
2466 1052 2512 1107 si
2558 1060 2741 1107 tamen
2807 1048 3187 1106 ecclesiasticas
3244 1048 3543 1119 disciplinas

1949 1162 2061 1202 non
2108 1145 2375 1213 obfuerit,
2427 1145 2703 1200 multoties
2741 1142 3153 1214 anticipandum
3184 1142 3240 1195 in
3292 1140 3544 1198 reconci-

1950 1239 2171 1295 liatione
2191 1248 2523 1295 censuerunt
2551 1241 2603 1293 in
2632 1238 2719 1293 his
2747 1238 3010 1294 duntaxat
3033 1236 3127 1308 qui
3167 1234 3330 1306 digne
3361 1234 3539 1306 paeni-

1949 1340 2189 1388 tuerunt.
2236 1336 2378 1388 Nam
2399 1374 2414 1399 ,
2445 1341 2508 1387 ut
2532 1335 2595 1387 B.
2634 1331 2975 1401 Augustinus
3014 1331 3069 1384 in
3099 1345 3198 1384 suo
3231 1328 3543 1383 Enchiridio

1949 1434 2206 1506 testatur,
2235 1426 2290 1480 in
2321 1425 2543 1481 actione
2575 1424 2892 1498 hujusmodi
2920 1422 3282 1495 pmnitentiaa,
3302 1438 3411 1476 non
3430 1430 3544 1477 tam

1949 1522 2211 1575 mensura
2264 1520 2534 1591 temporis
2590 1534 2757 1591 quam
2810 1518 3021 1574 doloris
3070 1515 3400 1573 attendenda
3440 1522 3537 1572 est.

1948 1614 2113 1675 ltem,
2146 1614 2205 1668 Β.
2254 1612 2607 1668 Innocentius
2637 1629 2774 1684 papa
2817 1633 2830 1668 :
2865 1637 2890 1662 οι
2932 1615 3016 1667 De
3045 1609 3311 1683 pondere,
3342 1610 3545 1682 inquit,

1949 1712 2301 1776 peccatorum
2348 1706 2688 1773 aestimando,
2741 1702 3042 1760 sacerdotis
3070 1712 3154 1759 est
3178 1702 3449 1774 judicare,
3481 1710 3543 1760 ut

1950 1798 2197 1855 attendat
2222 1798 2292 1855 ad
2318 1798 2718 1855 confessionem
2749 1797 3081 1869 pmuitentis,
3109 1805 3163 1851 et
3187 1796 3258 1853 ad
3292 1798 3452 1865 fletus
3487 1800 3541 1850 et

1946 1891 2017 1946 ad
2064 1893 2335 1964 lacrymas
2374 1892 2726 1963 corrigentis;
2780 1907 2843 1946 ac
2890 1899 3010 1946 tum
3048 1890 3244 1963 jubere
3294 1890 3531 1956 dimitti,

1950 2001 2080 2041 cum
2109 1986 2305 2041 viderit
2330 2001 2629 2057 congruam
2651 1985 3089 2041 satisactionem.
3127 2009 3151 2033 υ

2019 2102 2165 2156 Hinc
2194 2110 2252 2157 et
2277 2093 2568 2157 Nicatnuni
2594 2101 2891 2156 concilium
2916 2102 3119 2173 lapsos,
3139 2118 3279 2175 quos
3296 2105 3542 2161 triennio

1949 2193 2090 2249 inter
2123 2193 2575 2257 catechumenos,
2606 2202 2663 2249 et
2693 2203 2878 2261 postea
2903 2194 3166 2250 decennio
3195 2197 3335 2251 inter
3362 2197 3548 2269 paeni-

1948 2294 2131 2342 tentes
2177 2285 2344 2358 afﬂigi
2375 2288 2680 2349 constituit.
2710 2286 2779 2342 ab
2807 2288 3080 2359 episcopis
3110 2288 3403 2344 humanius
3430 2298 3546 2345 tra-

1947 2380 2082 2437 ctari
2111 2380 2400 2445 concessit,
2432 2382 2478 2437 si
2523 2397 2651 2437 cum
2680 2390 2828 2437 metu
2855 2391 2911 2438 et
2941 2384 3200 2455 lacrymis
3223 2399 3333 2440 non
3366 2387 3545 2441 simu-

1950 2474 2078 2535 late,
2126 2473 2223 2529 sed
2270 2474 2530 2530 veraciter
2576 2475 2961 2546 poenituerint,
3008 2476 3219 2547 tepidos
3257 2486 3443 2533 autem
3495 2487 3551 2533 et

1948 2566 2312 2638 negligentius
2339 2566 2668 2635 prenitentes
2698 2566 3002 2624 difﬁnitum
3042 2578 3261 2640 tempus
3290 2572 3547 2627 omnibus

1950 2658 2132 2714 modis
2153 2659 2701 2729 implereconstituit.
2734 2660 2832 2715 Cui
2861 2663 3152 2717 sententias
3180 2665 3244 2718 B.
3278 2665 3547 2735 Hierony-

1950 2767 2074 2806 mus
2119 2750 2525 2807 evidentissime
2555 2752 2903 2821 astipulatur.
2954 2776 2997 2817 ιι,
3032 2754 3197 2824 Apud
3230 2758 3432 2824 Deum,
3460 2756 3547 2811 in-

1950 2845 2091 2915 quit,
2115 2860 2229 2899 non
2257 2852 2370 2899 tam
2393 2859 2650 2899 mensura
2664 2844 2808 2899 valet
2826 2846 3095 2916 temporis
3119 2862 3287 2918 quam
3318 2848 3545 2912 doloris,

1952 2954 2056 2993 nec
2094 2938 2428 2993 abstinentia
2459 2945 2680 2993 tantum
2706 2937 2956 2993 ciborum
2997 2954 3162 3009 quam
3194 2939 3546 2996 mortiﬁcatio

1952 3031 2237 3098 vitiorum,
2268 3038 2489 3101 propter
2517 3046 2684 3102 quam
2713 3038 2963 3101 tempora
2995 3031 3328 3103 paenitentiae
3362 3032 3469 3089 lide
3490 3030 3548 3088 et

1880 3114 1924 3177 C
1958 3124 2373 3180 conversatione
2442 3124 2823 3195 pmnitentium
2876 3124 3239 3180 abbrevianda
3303 3141 3549 3182 canones

1950 3218 2290 3290 praecipiunt,
2317 3226 2374 3273 et
2400 3217 2728 3289 negligentia
2770 3217 3115 3289 protelanda.

2022 3331 2133 3389 Sed
2162 3340 2217 3388 et
2242 3332 2382 3388 ratio
2401 3340 2723 3402 temporum
2757 3349 3154 3405 nonnunquam
3185 3335 3422 3407 rigorem
3449 3353 3547 3392 ca-

1950 3441 2158 3482 nonum
2186 3424 2389 3480 remitti
2417 3426 2563 3497 cogit
2594 3444 2607 3480 :
2647 3426 2790 3481 sicut
2820 3429 2883 3481 B.
2918 3428 3267 3483 Innocentius
3284 3444 3434 3505 papa
3487 3431 3545 3485 in

1954 3518 2284 3590 quibusdam
2314 3517 2626 3574 faciendum
2680 3518 2923 3574 decrevit
2978 3523 3151 3590 (epist.
3209 3522 3284 3576 ad
3328 3525 3549 3593 Exupe-

1954 3615 2100 3667 rium
2129 3613 2445 3667 Tolosanum
2461 3614 2812 3681 episcopum),
2844 3612 2938 3683 qui
2964 3612 3065 3668 hac
3085 3614 3195 3670 vita
3225 3615 3280 3669 in
3304 3617 3549 3686 volupta-

1952 3705 2103 3761 tibus
2130 3713 2426 3770 transacta,
2466 3704 2696 3760 demum
2726 3704 2783 3760 in
2808 3704 2914 3760 ﬁne
2946 3707 3334 3776 paenitentiam
3381 3709 3545 3764 simul

1953 3808 2009 3854 et
2033 3798 2547 3855 reconciliationem
2571 3806 2856 3869 expetunt.
2894 3821 2920 3847 σι
2954 3803 3036 3854 De
3065 3799 3172 3867 his,
3214 3800 3411 3873 inquit,
3443 3803 3550 3857 ob-

1956 3893 2198 3949 servatio
2222 3892 2372 3963 prior
2404 3890 2626 3958 durior;
2684 3893 2978 3962 posterior,
3019 3892 3416 3950 interveniente
3444 3897 3546 3951 mi-

1957 3985 2271 4051 sericordia,
2314 3984 2625 4040 inclinatior
2652 3994 2755 4040 est.
2792 4008 2816 4032 ιι
2853 3988 2993 4040 Nam
3016 3988 3358 4043 consuetudo
3398 3989 3548 4059 prior

1959 4079 2136 4135 tenuit
2174 4087 2237 4133 ut
2263 4077 2657 4134 concederetur
2718 4078 3063 4148 pmnitentia,
3106 4079 3204 4155 sed
3232 4082 3554 4137 communio

1958 4180 2272 4245 negaretur.
2321 4195 2345 4218 ι
2379 4174 2522 4227 Nam
2545 4187 2673 4227 cum
2705 4170 2790 4227 his
2813 4172 3154 4243 temporibus
3195 4174 3404 4229 crebrae
3434 4190 3552 4244 per-

1960 4265 2271 4321 secutiones
2306 4271 2518 4327 essent,
2556 4279 2627 4319 ne
2671 4265 2983 4319 communis
3018 4280 3278 4323 conceSsa
3324 4264 3551 4323 facultas

1960 4354 2215 4414 homines
2236 4356 2305 4412 de
2332 4355 2777 4412 reconciliatione
2806 4372 3028 4412 securos
3055 4374 3166 4413 non
3194 4368 3475 4415 revocaret
3515 4376 3544 4416 a

1964 4451 2137 4523 lapsu,
2162 4450 2363 4506 merito
2391 4456 2588 4522 negata
2609 4457 2693 4504 est
2709 4449 3064 4516 communio;
3089 4465 3345 4507 concessa
3371 4454 3552 4523 pinni-

1963 4546 2158 4613 tentia,
2198 4561 2266 4600 ne
2314 4551 2498 4600 totum
2536 4542 2755 4613 penitus
2806 4550 3121 4614 negaretur,
3167 4551 3224 4599 et
3268 4544 3547 4605 duriorem

1960 4637 2336 4695 remissionem
2381 4635 2507 4693 fecit
2572 4635 2836 4707 temporis
2884 4636 3044 4692 ratio.
3102 4638 3209 4694 Sed
3258 4648 3549 4712 postquam

1958 4732 2230 4787 Dominus
2267 4738 2454 4786 noster
2482 4744 2670 4800 pacem
2710 4728 2967 4785 Ecclesiis
3004 4730 3119 4789 suis
3146 4731 3413 4799 reddidit,
3432 4735 3550 4807 jam

1958 4824 2186 4896 depulso
2205 4832 2413 4879 terrore
2427 4865 2442 4892 ,
2473 4823 2926 4879 communionem
2950 4823 3065 4879 dari
3085 4823 3412 4883 obeuntibus
3432 4828 3547 4898 pla-

1959 4922 2094 4989 cuit,
2138 4929 2192 4977 et
2221 4928 2442 4992 propter
2470 4920 2695 4976 Domini
2746 4921 3173 4979 misericordiam
3201 4926 3361 4996 quasi
3402 4925 3548 4980 viati-

1959 5034 2085 5077 cum
2116 5016 2466 5092 profecturis,
2505 5034 2576 5075 ne
2604 5018 2887 5075 Novatiani
2919 5019 3159 5078 haeretici
3188 5023 3436 5095 negantis
3463 5039 3551 5080 ve-

1958 5117 2108 5173 niam
2159 5116 2508 5188 asperitatem
2547 5121 2601 5171 et
2629 5115 2883 5171 duritiam
2928 5117 3188 5189 subsequi
3242 5118 3549 5174 videamur.

1960 5216 2242 5272 Tribuitur
2277 5211 2584 5283 [tribuetur]
2614 5228 2742 5285 ergo
2772 5229 2898 5269 cum
2928 5214 3253 5284 paenitentia
3302 5223 3549 5271 extrema

1962 5312 2305 5380 communio,
2337 5319 2399 5367 ut
2432 5311 2684 5367 homines
2722 5309 3034 5382 hujusmodi
3062 5308 3143 5363 vel
3174 5308 3232 5363 in
3278 5313 3550 5380 supremis

1962 5411 2094 5477 suis,
2123 5410 2401 5479 Salvatore
2442 5415 2633 5464 nostro
2671 5408 3040 5480 permittente,
3091 5421 3120 5460 a
3142 5416 3409 5480 perpetuo
3435 5412 3545 5467 exi-

1962 5508 2044 5563 tlo
2065 5508 2430 5565 vindicentur.
2467 5530 2494 5556 ιο
2535 5510 2676 5562 Ecce
2701 5506 2755 5561 in
2783 5510 3055 5575 quantum
3095 5503 3182 5559 vir
3209 5505 3308 5562 iste
3332 5517 3552 5579 aposto-

1964 5604 2100 5661 licus
2147 5607 2375 5679 antiquo
2421 5603 2589 5679 rigori
2644 5600 3040 5659 remittendum
3094 5604 3425 5661 existimavit
3452 5607 3546 5679 qui

1965 5707 2413 5763 communionem
2448 5700 2781 5781 quibusdam
2834 5716 2934 5757 nec
2961 5700 3017 5756 in
3058 5701 3223 5759 linem
3262 5703 3551 5761 redhiben-

1966 5800 2094 5860 dam
2119 5800 2416 5866 concessit,
2454 5799 2633 5871 ibique
2661 5798 3062 5869 subsequenter
3089 5806 3145 5854 et
3164 5800 3375 5872 antiqui
3400 5799 3550 5877 rigo-
