4062 6182
534 291 663 344 H87

1528 288 1618 342 AD
1658 288 1885 341 OPERA
1923 285 1976 340 S.
2017 283 2340 339 GREGORII
2376 282 2806 340 APPENDICES.

3625 293 3723 344 1188

528 414 606 467 ris
653 421 708 468 et
735 413 1016 468 moderna
1037 411 1374 466 remissionis
1419 411 1776 466 rationabiles
1805 425 1996 465 causas
2025 425 2119 464 an-
2147 416 2197 475 Α
2230 416 2354 478 post
2374 408 2589 479 lapsum
2631 425 2743 464 non
2773 423 2931 480 posse
2970 407 3195 469 restitui,
3224 408 3268 462 si
3306 407 3600 479 condignam
3633 429 3726 482 ege-

530 515 748 560 nectere
789 505 1017 560 curavit.

600 597 912 668 Aliquando
944 598 1102 652 etiam
1134 606 1188 652 et
1216 597 1327 668 ipsa
1355 597 1647 655 multitudo
1677 599 2116 670 delinquentium

531 694 764 763 rigorem
804 690 1106 762 disciplina
1135 708 1245 746 non
1273 691 1547 759 admittit,
1588 700 1651 747 ut
1680 692 1826 763 quod
1861 708 1891 748 a
1933 693 2118 748 multis

528 794 777 856 peccatur
824 785 1093 839 canonice
1135 785 1393 840 vindicari
1448 787 1635 857 possit.
1676 789 1739 840 In
1789 804 1893 857 qua
1937 802 2116 853 causa,

516 881 673 951 juxta
706 879 1110 934 attestationem
1143 878 1394 950 ejusdem
1441 881 1750 950 apostolici,
1801 880 1980 950 priora
2019 881 2118 934 Dei

521 971 735 1044 judicio
766 971 1168 1027 committenda
1216 981 1367 1039 sunt,
1417 982 1470 1026 et
1517 972 1582 1026 de
1634 973 1847 1044 reliquo
1881 973 2115 1027 maxima

522 1066 881 1131 soliicitudine
939 1064 1380 1136 pracavendum.
1423 1069 1552 1137 Ipsa
1603 1081 1818 1138 quoque
1863 1067 2115 1122 conside-

456 1229 464 1238 .
525 1159 666 1214 ratio
704 1158 1011 1238 fragilitatis
1045 1161 1300 1215 humana
1328 1175 1720 1230 nonnunquam
1767 1161 2003 1229 rigorem
2035 1177 2120 1215 ca—

527 1269 741 1308 nonum
759 1234 916 1323 'cogit
940 1253 1206 1307 emollire.
1244 1253 1404 1308 Unde
1428 1257 1490 1308 Β.
1549 1253 1806 1308 Nicolaus
1848 1270 1980 1324 papa
2015 1253 2121 1324 pri-

529 1363 681 1401 mum
715 1345 1002 1416 parricidis
1040 1357 1094 1401 et
1123 1344 1418 1401 fratricidis
1441 1347 1892 1402 communionem
1933 1347 2120 1401 altaris

531 1448 653 1511 post
676 1438 955 1494 biennium
980 1439 1340 1509 reddendam,
1372 1457 1439 1495 ne
1455 1440 1828 1510 desperarent,
1847 1441 2117 1497 decrevit:

532 1550 697 1604 quam
729 1542 910 1588 tamen
936 1537 1286 1606 Ancyranum
1331 1534 1650 1599 concilium,
1682 1551 1781 1589 nec
1831 1534 2123 1589 homicidis

529 1627 631 1681 nisi
674 1627 729 1680 in
759 1627 865 1681 ﬁne
898 1628 1019 1683 vita
1041 1627 1433 1683 redltibendam
1469 1629 1727 1697 [statuit].

601 1719 809 1774 Eodem
862 1719 1027 1776 modo
1077 1730 1127 1774 et
1153 1730 1456 1791 spontanea
1499 1721 1770 1776 confessio
1799 1720 2120 1776 canonicam

2227 502 2335 558 rint
2371 502 2772 573 paenitentiam.
2828 526 2852 550 υ
2899 504 3040 556 Item
3090 501 3276 556 beatus
3316 501 3586 574 Gregorius
3609 520 3728 575 papa,

2228 595 2470 651 scribens
2521 596 2586 651 ad
2613 595 2985 651 Secundinum
3017 610 3234 651 servum
3280 595 3374 649 Dei
3403 595 3650 663 inclusum,
3675 598 3731 652 la-

2229 705 2354 760 pSOS
2392 691 2444 744 in
2499 691 2750 745 ordinem
2780 688 2986 764 restitui
3035 704 3191 760 posse
3233 688 3486 754 asseruit;
3530 705 3644 760 quos
3677 700 3732 744 ta-

2230 798 2357 838 men
2385 782 2513 837 alibi
2550 783 2602 837 in
2627 785 2867 855 Regesto
2896 776 3020 850 suo,
3060 782 3211 853 juxta
3236 781 3531 837 canonicum
3552 783 3734 852 rigorem

2228 893 2298 932 ne
2318 877 2759 942 restituerentur,
2796 876 3097 947 prohibuit.
3132 878 3191 930 In
3217 876 3368 946 epist.
3401 876 3534 930 enim
3559 875 3614 930 ad
3631 877 3736 930 Con-

2228 972 2493 1026 stantium
2556 971 3026 1026 Mediolanensem
3079 970 3388 1040 episcopum
3433 988 3444 1023 :
3492 969 3540 1024 Si
3597 970 3735 1039 lapsis,

2229 1064 2431 1135 inquit,
2460 1064 2527 1118 ad
2562 1080 2722 1119 suum
2752 1063 3000 1119 ordinem
3031 1062 3330 1118 revertendi
3360 1062 3549 1116 licentia
3586 1078 3737 1117 conce-

2230 1157 2394 1225 ditur,
2425 1159 2574 1229 rigor
2602 1159 2788 1228 procul
2830 1157 2998 1212 dubio
3047 1157 3323 1212 canonica
3348 1154 3590 1226 frangitur
3611 1155 3738 1210 disci-

2230 1251 2409 1320 plina.
2463 1274 2487 1297 ιι
2528 1254 2596 1305 Et
2625 1260 2747 1322 post
2783 1266 2954 1320 pauca
2995 1269 3009 1304 :
3044 1273 3069 1297 σι
3107 1249 3241 1304 Illud
3279 1250 3436 1321 igitur
3468 1263 3568 1318 pra
3600 1249 3737 1302 omni-

2228 1344 2331 1398 bus
2381 1344 2595 1400 studete
2631 1354 2690 1398 ut
2714 1344 2892 1415 lapsos
2940 1345 2994 1399 in
3043 1359 3258 1398 sacrum
3301 1342 3531 1398 ordinem
3583 1341 3734 1396 nullius

2227 1437 2379 1493 vobis
2399 1437 2712 1509 supplicatio
2744 1438 2929 1510 aliquo
2951 1437 3116 1492 modo
3147 1451 3397 1492 revocare
3419 1435 3738 1508 persuadeat.»

2299 1530 2532 1585 Videsne
2600 1531 2772 1603 igitur
2825 1530 3164 1602 singularem
3217 1538 3514 1584 sanctorum
3567 1530 3741 1583 Patrum

2231 1625 2563 1695 diligentiam
2591 1626 2680 1696 qui
2710 1633 2766 1679 et
2808 1625 3210 1680 restitutionem
3247 1623 3510 1695 lapsorum
3543 1621 3738 1677 ecclesia-

2231 1719 2381 1774 stica
2434 1719 2688 1789 potestati
2735 1718 2985 1789 adjacere
3023 1717 3299 1785 dixerunt,
3329 1725 3381 1772 et
3425 1725 3585 1770 tamen
3618 1714 3741 1785 lapsis

528 1813 898 1880 severitatem,
925 1814 1085 1886 juxta
1127 1814 1574 1870 Chalcedonense
1615 1815 1909 1870 concilium
1965 1815 2116 1868 miti-
2152 1783 2199 1843 Β
2229 1828 2351 1867 eam
2380 1812 2680 1867 concedere
2701 1812 3015 1879 noluerunt,
3045 1811 3247 1866 scilicet
3277 1819 3335 1865 ut
3359 1810 3494 1880 rigor
3513 1807 3744 1878 disciplina:

529 1923 655 1978 gare
684 1908 990 1972 consuevit,
1013 1908 1155 1978 quod
1186 1909 1379 1980 utique
1420 1908 1705 1962 monachis
1733 1917 1787 1963 et
1816 1907 2119 1979 virginibus

531 2001 721 2066 sacris,
753 2017 780 2052 a
814 2002 1094 2071 proposito
1126 2001 1308 2071 lapsis,
1342 2001 1438 2055 sed
1494 2001 1762 2056 confessis
1803 2001 2122 2055 misericor-

529 2092 672 2148 diam
704 2094 974 2162 impertiri
1002 2094 1258 2148 decrevit.
1304 2097 1662 2165 Nequaquam
1695 2094 2004 2164 hujusmodi
2031 2111 2119 2148 re-

529 2185 817 2240 missiones
859 2185 1001 2240 inter
1037 2186 1374 2241 authenticas
1415 2188 1727 2242 sanctiones
1770 2187 2121 2242 admitteren-

529 2286 642 2345 tur,
674 2278 718 2332 si
751 2295 860 2333 non
913 2279 1024 2345 alii,
1055 2279 1158 2333 nisi
1185 2281 1276 2350 qui
1301 2280 1453 2351 juxta
1501 2280 1830 2336 canonicum
1881 2280 2120 2352 rigorem

531 2371 909 2440 paenitentiam
965 2372 1259 2442 explerent,
1309 2373 1503 2428 salvari
1561 2373 1940 2439 crederentur;
1972 2374 2121 2445 quod

529 2479 662 2518 sane
693 2479 804 2517 non
832 2464 1201 2533 Catholicum,
1243 2465 1341 2520 sed
1369 2467 1721 2537 Pelagianum
1767 2483 1885 2522 esse
1913 2467 2120 2522 videre-

528 2565 637 2612 tur.
685 2559 808 2626 Ipse
838 2558 987 2611 enim
1040 2558 1287 2629 Pelagius
1315 2560 1527 2616 veniam
1555 2561 1860 2630 petentibus
1889 2576 2000 2614 non
2031 2575 2123 2614 se-

529 2648 777 2704 cundum
817 2650 1045 2722 gratiam
1089 2651 1208 2718 Dei,
1250 2652 1346 2708 sed
1377 2647 1679 2708 secundum
1711 2655 1903 2708 merita
1937 2662 1993 2708 et
2038 2654 2118 2707 la-

530 2742 691 2798 bores
743 2758 934 2798 eorum
981 2744 1094 2799 dari
1141 2745 1549 2817 dogmatizavit.
1602 2746 1706 2802 Sed
1753 2747 1897 2818 apud
1940 2751 2119 2802 Deum

530 2836 708 2890 nullas
737 2837 910 2892 venia
955 2853 1138 2892 moras
1168 2840 1372 2908 patitur
1411 2841 1717 2906 conversio,
1771 2849 1829 2895 ut
1873 2841 2117 2910 praliba-

528 2929 724 2984 vimus.
755 2930 915 2984 Unde
938 2938 991 2985 et
1014 2933 1188 2986 sancti
1223 2936 1405 2988 Patres
1426 2935 1479 2988 in
1510 2935 1772 2989 canonico
1792 2935 1969 3005 rigore
2007 2950 2119 2988 non

527 3024 827 3077 terminum
858 3023 1353 3095 indulgentia,sed
1383 3027 1611 3082 fermam
1641 3027 1938 3098 disciplina
1963 3027 2120 3081 nobis

526 3115 821 3184 praﬁxisse
858 3117 1183 3183 creduntur,
1218 3119 1414 3189 quippe
1449 3129 1509 3174 ut
1545 3119 1797 3175 homines
1825 3137 1852 3174 a
1885 3121 2119 3190 peccatis

530 3217 973 3279 compescerent,
1005 3227 1107 3265 nec
1134 3212 1294 3266 alicui
1327 3212 1586 3268 veraciter
1611 3230 1874 3269 converso
1904 3215 2118 3269 veniam

530 3301 877 3374 denegarem,
918 3317 1042 3375 qua
1084 3304 1137 3359 in
1184 3313 1339 3360 tanto
1381 3305 1638 3362 humilius
1698 3317 1750 3362 et
1789 3307 2120 3363 fructuosius

530 3395 794 3466 accipitur
822 3406 1028 3467 quanto
1074 3400 1274 3467 minus,
1303 3400 1450 3470 juxta
1481 3401 1812 3457 canonicum
1855 3403 2117 3474 rigorem,

533 3504 597 3543 ex
628 3489 812 3545 debito
842 3490 1202 3561 impendenda
1230 3496 1597 3564 cognoscitur.
1635 3499 1775 3566 Ergo
1805 3504 1858 3550 et
1892 3496 1948 3550 in
1991 3495 2116 3563 hoc,

529 3581 622 3653 qui
652 3582 833 3638 locum
875 3585 1210 3654 panitentia
1249 3587 1326 3640 vel
1355 3589 1803 3643 communionem
1835 3605 1983 3644 nunc
2009 3606 2120 3644 om-

528 3674 683 3739 nino,
716 3692 862 3730 nunc
899 3676 966 3730 ad
1008 3686 1221 3748 tempus
1251 3680 1578 3749 quibusdam
1610 3682 1902 3755 denegasse
1936 3683 2120 3755 legun-

529 3773 620 3820 tur
651 3783 762 3820 non
793 3766 1229 3838 desperationem
1269 3771 1567 3842 lapsorum,
1621 3775 1714 3829 sed
1771 3776 2118 3847 disciplinam

529 3859 980 3930 corrigendorum
1027 3861 1325 3933 intelligere
1371 3865 1672 3933 debemus;
1722 3883 1792 3922 ne
1847 3867 1915 3923 de
1956 3868 2120 3938 lapsis

529 3951 704 4006 sancti
763 3955 950 4010 Patres
992 3970 1120 4009 cum
1166 3957 1476 4013 Novatianis
1535 3958 1852 4029 desperasse
1901 3961 2117 4031 judice-

529 4061 673 4102 mus.

597 4138 743 4195 Sacri
811 4157 1030 4214 quoque
1082 4159 1322 4200 canones
1394 4144 1450 4200 in
1519 4149 1934 4221 quampluribus
1986 4149 2119 4205 locis

530 4232 756 4289 clericos
807 4234 865 4289 in
893 4237 1122 4293 crimine
1150 4238 1330 4310 lapsos
1356 4239 1424 4296 ab
1455 4241 1646 4298 ordine
1683 4243 1986 4314 deponunt,
2021 4259 2118 4300 nec

527 4321 604 4377 eis
647 4322 891 4394 aliquam
920 4341 1074 4396 spem
1106 4329 1462 4385 restitutionis
1492 4333 1876 4400 prascribunt.
1921 4333 2027 4390 Sed
2065 4343 2121 4388 et

528 4413 675 4471 hunc
701 4417 937 4489 rigorem
950 4437 1226 4477 canonum
1257 4423 1514 4480 nonadeo
1536 4428 1818 4483 attendere
1829 4427 2114 4497 debemus,

2231 1907 2560 1976 generaliter
2615 1905 2818 1976 ubique
2863 1904 3174 1970 timeretur,
3208 1920 3306 1958 nec
3350 1912 3519 1957 tamen
3544 1901 3742 1956 illicitum

2222 1999 2582 2069 judicaretur,
2613 1999 2780 2053 sicubi
2833 1998 3209 2054 ecclesiastica
3248 1997 3466 2052 utilitati
3502 1996 3548 2050 in
3572 1996 3741 2049 restitu-

2229 2092 2376 2147 tione
2403 2092 2533 2163 lapsi
2563 2092 2791 2164 alicujus
2819 2092 3214 2146 consuleretur.
3250 2093 3358 2146 Nec
3382 2091 3431 2145 in
3463 2085 3562 2144 hoc
3602 2087 3744 2157 utique

2231 2185 2357 2242 illos
2389 2185 2488 2240 sibi
2534 2186 2666 2255 ipsis
2717 2185 3025 2241 contrarios
3054 2194 3310 2256 reputare
3345 2183 3583 2240 debemus
3606 2181 3642 2235 si
3677 2179 3744 2232 ali-

2231 2278 2448 2350 quando
2473 2280 2651 2350 lapsos
2680 2279 2738 2334 in
2787 2279 3044 2334 ordinem
3069 2280 3425 2334 restituerunt
3460 2291 3581 2348 quos
3605 2284 3744 2328 tamen

2231 2372 2354 2426 alibi
2387 2389 2453 2426 ne
2480 2372 2902 2426 restituerentur
2946 2371 3360 2442 prohibuerunt.
3393 2373 3518 2424 Nam
3547 2366 3745 2436 utrinque

2232 2483 2396 2520 unam
2414 2465 2731 2520 eteamdcm
2748 2465 3106 2521 intentionem
3129 2465 3385 2520 habuisse
3395 2479 3495 2518 non
3509 2461 3742 2524 dubitatur,

2230 2558 2479 2614 videlicet
2509 2568 2567 2612 ut
2592 2559 2968 2614 ecclesiastica
3001 2559 3219 2613 utilitati
3252 2571 3576 2626 summopere
3610 2550 3743 2626 prosi-

2231 2653 2424 2708 derent
2452 2653 2561 2708 sive
2607 2669 2880 2709 canonum
2907 2653 3144 2724 rigorem
3176 2653 3530 2713 observarent,
3557 2646 3648 2701 sive
3673 2659 3742 2715 pro

2231 2749 2488 2818 qualitate
2540 2748 2800 2819 temporis
2853 2764 2979 2802 eum
3024 2747 3090 2802 ad
3151 2756 3376 2818 tempus
3430 2747 3743 2814 temperarent.

2229 2843 2456 2912 Semper
2484 2841 2628 2896 enim
2670 2841 2807 2896 mala
2840 2841 3128 2912 prohibere
3160 2850 3215 2896 et
3240 2841 3374 2896 bona
3405 2839 3647 2893 instituere
3672 2848 3743 2903 po-

2225 2934 2501 2989 tissimum
2534 2933 2824 3000 studuere;
2860 2935 3005 3006 quod
3058 2934 3248 3004 procul
3274 2933 3435 2988 dubio
3463 2930 3645 2986 efﬁcere
3666 2940 3744 2979 non

2229 3036 2473 3097 possent,
2517 3027 2562 3084 si
2609 3044 2722 3083 non
2773 3044 2870 3099 pro
2927 3028 3243 3083 diversitate
3305 3036 3593 3098 temporum
3637 3033 3745 3074 nunc

2157 3144 2200 3205 ρ
2230 3122 2438 3188 mitius,
2458 3137 2605 3176 nunc
2634 3121 3135 3178 severiusincedere
3153 3121 3499 3178 studuissent.
3529 3119 3601 3172 Sic
3629 3113 3743 3169 enim

2228 3215 2428 3271 Nicani
2457 3218 2641 3270 Patres
2669 3231 2797 3270 cum
2819 3215 3155 3280 Novatianis,
3190 3215 3426 3271 Africani
3450 3227 3560 3268 cum
3608 3213 3745 3263 Dona-

2228 3309 2368 3365 tistis
2387 3308 2569 3364 mitius
2593 3308 2890 3381 agendum,
2919 3318 2979 3364 ut
2996 3307 3322 3380 pradictum
3340 3317 3437 3374 est,
3466 3306 3746 3362 censuerunt.

2230 3412 2291 3458 ut
2333 3402 2401 3458 ab
2429 3419 2615 3457 errore
2654 3418 2750 3458 eos
2795 3403 2878 3457 vel
2911 3403 2988 3458 sic
3031 3411 3366 3459 revocarent.
3421 3405 3567 3463 Item,
3602 3396 3748 3450 beatus

2228 3496 2472 3551 Gelasius
2497 3511 2631 3566 papa
2664 3496 2720 3550 in
2740 3495 3072 3568 quibusdam
3107 3496 3261 3551 laicis
3287 3497 3509 3568 rigorem
3533 3499 3745 3546 canonum

2227 3590 2515 3660 mitigavit,
2574 3590 2792 3660 quibus,
2837 3605 2937 3659 pro
2985 3590 3347 3645 ecclesiastica
3387 3587 3678 3644 necessitate,
3703 3583 3748 3632 ut

2227 3683 2364 3738 infra
2377 3698 2586 3738 annum
2609 3684 2955 3754 pervenirent
2983 3682 3054 3738 ad
3083 3684 3497 3756 presbyterium,
3522 3670 3748 3735 concessit,

2228 3776 2410 3846 sicque
2462 3777 2698 3847 tempori
2745 3792 2802 3832 se
2841 3793 2908 3831 ex
2957 3776 3138 3831 debito
3177 3777 3346 3832 ofﬁcii
3392 3774 3468 3831 sui
3510 3764 3747 3827 necessario

2225 3869 2673 3925 condescendisse
2723 3870 2974 3925 asseruit.
3026 3871 3109 3924 Sic
3172 3879 3228 3926 et
3291 3869 3627 3942 praedecessor
3665 3859 3747 3930 ejus

2225 3963 2414 4019 beatus
2446 3967 2553 4019 Leo
2577 3980 2712 4035 papa
2734 3967 2963 4033 Magnus
2990 3965 3236 4019 scribens
3261 3963 3328 4019 ad
3359 3962 3613 4035 episcopos
3626 3956 3746 4009 Mau-

2229 4057 2456 4124 ritania,
2503 4058 2673 4112 etiam
2702 4057 3028 4129 neophytos,
3059 4066 3257 4128 utpotu
3293 4073 3356 4112 ex
3412 4055 3546 4110 laicis
3590 4050 3633 4104 in
3667 4041 3743 4111 θρίο

2227 4160 2510 4221 scopatum
2541 4159 2861 4215 maturatos,
2895 4151 2949 4204 in
2971 4151 3288 4222 episcopatu
3312 4150 3505 4222 legitur
3528 4144 3740 4200 tolerasse.

2228 4248 2288 4299 In
2314 4245 2656 4299 ordinatione
2700 4261 2920 4316 quoque
2946 4245 3259 4311 Ambrosii,
3289 4259 3398 4299 non
3429 4253 3597 4313 parum
3621 4226 3747 4301 rigori

2228 4353 2498 4392 canonum
2524 4336 2832 4392 detractum
2854 4344 2957 4401 est,
3002 4337 3092 4408 qui
3124 4337 3184 4391 in
3225 4345 3410 4392 octava
3440 4333 3522 4390 die
3548 4334 3651 4401 post
3675 4322 3748 4377 ba-

2229 4430 2511 4501 ptismum,
2535 4446 2633 4500 pro
2663 4431 3027 4484 ecclesiastica
3055 4431 3395 4495 necessitate,
3431 4419 3752 4482 ordinatusest

528 4517 590 4562 ut
606 4527 734 4566 cum
759 4514 1072 4570 Novatianis
1101 4516 1478 4573 ecclesiastica
1507 4521 1760 4590 potestati
1786 4522 1984 4593 ligandi
2025 4531 2112 4577 at-
2145 4515 2195 4576 D
2225 4524 2278 4578 in
2309 4524 2641 4594 episcopum.
2669 4525 2954 4594 Nusquam
2967 4532 3150 4578 tamen
3171 4524 3345 4579 sancti
3367 4526 3540 4579 Patres
3563 4517 3624 4571 ita
3643 4519 3750 4566 tem-

525 4617 631 4672 que
661 4604 898 4660 solvendi
928 4615 1136 4664 temere
1167 4611 1608 4682 prajudicemus.
1637 4617 1777 4670 Nam
1817 4624 1877 4670 ut
1905 4618 1967 4670 B.
1999 4621 2112 4672 Au-

529 4695 780 4766 gustinus
810 4697 876 4751 ad
908 4700 1244 4757 Bonifacium
1276 4705 1519 4760 scribens
1549 4715 1778 4763 testatur
1806 4727 1819 4763 :
1855 4732 1878 4758 ε
1903 4709 2115 4780 Hujus-

528 4787 676 4842 modi
739 4788 1099 4860 irreparabilis
1158 4794 1424 4866 depositio
1457 4799 1780 4858 clericorum
1835 4818 1946 4858 non
1999 4813 2116 4859 tam

527 4879 911 4951 desperatione
967 4884 1353 4958 indulgentia,
1412 4908 1574 4961 quam
1605 4894 1784 4966 rigore
1811 4895 2117 4967 disciplina

531 4973 779 5030 instituta
801 4983 902 5029 est.
936 4977 1195 5047 Alioquin
1220 4990 1413 5038 contra
1439 4986 1617 5040 claves
1646 4989 1902 5044 Ecclesia
1929 4990 2116 5060 dispu-

528 5074 739 5122 taretur
763 5067 830 5123 de
852 5069 1049 5140 quibus
1069 5071 1276 5129 dictum
1303 5085 1386 5131 est
1411 5097 1422 5132 :
1447 5101 1468 5125 α
1496 5080 1633 5147 Qua
1653 5083 1920 5138 solveritis
1936 5084 1989 5138 in
2010 5092 2120 5140 ter-

529 5175 610 5227 ra,
641 5170 799 5216 erunt
826 5163 1005 5219 soluta
1035 5174 1091 5220 et
1118 5165 1171 5220 in
1197 5169 1338 5224 calo
1363 5172 1574 5237 (Matth.
1601 5177 1754 5239 τινι).
1788 5199 1810 5222 υ

597 5255 710 5325 Ipsi
733 5254 897 5312 etiam
922 5274 1157 5315 canones
1183 5262 1479 5334 aliquando
1502 5264 1810 5336 hujusmodi
1845 5269 2114 5327 damnatis

527 5349 818 5419 pristinum
848 5353 1099 5409 ordinem
1127 5357 1452 5426 concedunt,
1487 5366 1547 5413 ut
1586 5359 1638 5413 in
1669 5362 1892 5418 Nicano
1923 5366 2113 5421 conci-

524 5442 621 5509 lio,
648 5445 984 5515 Novatianis,
1031 5457 1085 5504 et
1110 5449 1166 5504 in
1183 5451 1458 5517 Africano,
1485 5454 1808 5525 Donatistis,
1833 5459 1978 5529 quod
1999 5477 2114 5516 san-

525 5535 597 5590 cti
633 5538 817 5592 Patres
861 5554 970 5594 non
1015 5539 1278 5610 facerent,
1333 5545 1377 5600 si
1408 5563 1532 5601 cum
1571 5551 1889 5608 Novatianis
1929 5553 1996 5608 de
2022 5553 2111 5608 in-

525 5627 803 5701 dulgentia
861 5630 1136 5702 lapsorum
1213 5639 1427 5706 penitus
1471 5640 1845 5713 desperarent.
1911 5648 2112 5702 Beatus

523 5736 741 5804 quoque
779 5724 1036 5780 Callistus
1061 5743 1200 5798 papa
1221 5739 1274 5784 et
1302 5741 1513 5804 martyr
1557 5737 1819 5792 omnibus
1841 5738 2109 5810 episcopis

524 5811 768 5870 scribens
803 5838 814 5872 :
869 5841 889 5864 σ
926 5820 1154 5887 Errant,
1194 5821 1392 5893 inquit,
1435 5827 1529 5895 qui
1563 5836 1757 5896 putant
1793 5829 2110 5886 sacerdotes

2225 4618 2341 4688 pori
2373 4632 2586 4672 morem
2611 4617 2841 4688 gessisse
2865 4618 3138 4688 leguntur,
3169 4618 3273 4672 nisi
3305 4617 3397 4672 ubi
3420 4615 3531 4686 plus
3552 4600 3752 4664 Ecclesia!

2225 4711 2618 4782 dispensatoris
2659 4711 2852 4767 lenitas
2880 4726 3046 4782 quam
3091 4711 3356 4766 canonica
3393 4705 3627 4764 severitas
3651 4710 3744 4770 pro-

2229 4804 2387 4859 licere
2415 4804 2719 4860 videbatur.
3738 4876 3747 4886 Ι

2298 4900 2421 4953 Non
2467 4913 2596 4970 ergo
2623 4897 2721 4953 sibi
2764 4899 2894 4969 ipsis
2918 4898 3179 4954 contrarii
3228 4892 3505 4970 reputandi
3534 4895 3645 4946 sunt
3678 4894 3748 4953 qui

2224 4991 2427 5062 ubique
2448 4991 2698 5047 eamdem
2726 4992 3087 5046 intentionem
3109 4989 3427 5064 prohibendi
3457 4985 3582 5041 mala
3617 4987 3664 5034 et
3683 4976 3752 5028 in—

2225 5085 2482 5140 stituendi
2503 5086 2642 5141 bona
2661 5085 2917 5140 habuisse
2947 5085 3266 5141 creduntur.
3298 5086 3427 5140 Hac
3452 5085 3617 5135 autem
3651 5081 3753 5124 con-

2225 5178 2506 5245 sideratio,
2539 5180 2582 5233 si
2630 5179 3004 5234 ecclesiasticis
3033 5179 3288 5234 institutis
3318 5176 3535 5232 fideliter
3576 5161 3753 5222 adhibe-

2226 5271 2395 5338 bitur,
2437 5271 2540 5326 sibi
2595 5287 2705 5326 non
2752 5271 3150 5342 reputabuntur
3209 5268 3490 5332 contraria,
3525 5259 3616 5319 etsi
3650 5267 3756 5310 non-

2224 5383 2508 5438 nunquam
2577 5366 2862 5423 videantur
2907 5367 3215 5424 decrevisse
3257 5367 3482 5422 diversa.
3534 5359 3584 5415 Si
3633 5348 3754 5407 enim

2223 5467 2558 5516 statutorum
2606 5461 2943 5533 singulorum
2974 5463 3258 5536 originales
3300 5471 3482 5515 causas
3512 5449 3751 5519 diligenter

2222 5552 2609 5625 perquirimus,
2670 5555 2879 5627 singula
2930 5557 3046 5612 suis
3107 5554 3431 5624 causis-pro
3487 5537 3751 5632 diversitate

2222 5650 2482 5719 temporis
2507 5651 2713 5721 optime
2749 5660 3081 5723 competere,
3104 5659 3155 5707 et
3177 5643 3545 5704 ecclesiastica
3562 5632 3749 5694 utilitati

2220 5741 2568 5812 potissimum
2599 5742 2889 5800 intendere
2912 5745 3280 5817 reperiemus;
3313 5736 3457 5812 quod
3493 5733 3630 5790 illum
3661 5733 3748 5778 non

2221 5834 2405 5891 latebit
2431 5835 2739 5909 quicunque
2771 5837 3254 5894 ecclesiasticarum
3295 5830 3617 5890 sanctionum
3659 5825 3744 5871 ιιου
