4062 6182
244 306 383 361 1189

1150 315 1433 367 APPEND.
1477 315 1562 368 Ill.
1602 342 1669 353 —
1708 313 2127 370 MONUMENTA
2165 317 2629 374 GREGORIANA.

3398 322 3534 374 1190

237 418 454 486 tantum
494 434 887 504 excerptiones,
928 436 1021 491 sed
1064 437 1303 509 integras
1347 436 1667 493 traditiones
1714 438 1843 509 vigi-
1869 442 1922 503 Α
1955 440 2319 510 impendatur,
2348 444 2477 497 satis
2514 459 2749 509 congrue
2791 443 2937 513 juxta
2990 444 3356 515 Augustinum
3398 443 3533 498 nihil

235 524 366 579 lanti
398 524 583 580 studio
607 528 911 599 perlegerit.

308 663 603 720 Sciendum
638 674 845 734 autem,
874 668 1032 739 juxta
1060 670 1418 739 apostolicam
1460 670 1832 739 traditionem,

238 758 555 814 sacerdotes
592 759 702 814 sive
753 761 1037 828 diaconos,
1080 762 1135 817 in
1196 764 1419 819 crimine
1473 765 1669 836 lapsos,
1741 782 1835 835 per

240 867 435 907 manus
453 853 855 923 impositionem
874 856 1177 911 remedium
1205 858 1550 927 pmnitentiaa
1570 858 1831 930 consequi

237 960 351 999 non
380 945 578 1002 debere
609 947 751 1003 inter
793 949 978 1017 laicos,
1008 959 1068 1005 ut
1110 953 1163 1006 S.
1199 953 1310 1005 Leo
1340 968 1473 1022 papa
1516 952 1572 1006 in
1601 952 1831 1008 decretis

239 1039 353 1094 suis
383 1056 499 1111 cap.
556 1047 647 1110 25,
678 1050 933 1097 testatur.
968 1044 1073 1113 Qui
1107 1053 1161 1098 et
1208 1044 1525 1116 hujusmodi
1574 1046 1735 1116 lapsis
1763 1045 1831 1101 ad

240 1134 659 1203 promerendam
676 1136 773 1190 Dei
789 1136 1222 1191 misericordiam
1239 1138 1507 1207 privatam
1524 1139 1830 1194 sessionem

238 1226 599 1296 expetendam
620 1244 735 1283 esse
761 1229 909 1299 dicit,
937 1230 1033 1285 ubi
1064 1231 1357 1286 satisfactio
1382 1232 1426 1285 si
1453 1230 1615 1287 fuerit
1642 1232 1827 1303 digna,

236 1320 307 1374 sit
336 1321 499 1376 etiam
529 1320 825 1378 fructuosa.
851 1327 1009 1389 Item,
1052 1324 1478 1395 Carthaginense
1515 1326 1825 1395 concilium,

238 1430 359 1484 cap.
411 1421 474 1468 27
511 1436 523 1471 :
561 1437 587 1467 (ι
638 1414 691 1471 Si
737 1417 957 1486 quando
1001 1418 1284 1489 presbyter
1342 1418 1419 1472 vel
1470 1418 1734 1473 diaconus
1773 1419 1829 1473 in

239 1508 474 1579 graviori
506 1508 658 1581 culpa
687 1511 970 1565 convictus
1007 1510 1171 1566 fuerit
1193 1528 1296 1581 qua
1329 1528 1459 1567 eum
1482 1528 1700 1566 necesse
1747 1521 1832 1567 est

235 1616 267 1655 a
298 1602 602 1657 ministerio
634 1605 926 1670 removeri,
958 1621 1069 1659 non
1091 1606 1171 1659 eis
1194 1620 1411 1673 manus,
1432 1614 1689 1675 tanquam
1713 1620 1828 1677 pm-

234 1694 551 1761 nitentibus,
590 1697 668 1751 vel
710 1706 975 1768 tanquam
1016 1698 1264 1753 ﬁdelibus
1302 1700 1449 1753 laicis
1491 1699 1825 1768 imponatur.

234 1791 301 1843 In
335 1790 584 1845 haeresim
612 1800 794 1846 autem
817 1791 953 1862 lapsi
976 1800 1031 1846 et
1058 1801 1242 1863 postea
1277 1793 1475 1848 reversi
1508 1808 1602 1863 per
1632 1808 1827 1848 manus

230 1882 638 1953 impositionem
689 1886 1125 1953 reconciliantur,
1186 1886 1394 1941 etiamsi
1434 1903 1557 1940 cum
1632 1886 1825 1941 ordine

235 1993 337 2047 pro
367 1978 720 2033 ecclesiastica
748 1979 1068 2035 necessitate
1116 1995 1511 2051 nonnunquam
1559 1981 1828 2050 recipian-

233 2079 347 2135 tur,
382 2072 521 2126 sicut
549 2071 617 2126 de
642 2074 962 2127 Novatianis
999 2074 1050 2127 in
1083 2073 1306 2128 Niczeno
1345 2073 1708 2128 constitutum
1747 2082 1830 2129 est

234 2164 484 2219 concilio.
534 2167 615 2219 De
687 2166 795 2233 his,
834 2166 1029 2236 inquit,
1063 2167 1153 2235 qui
1202 2182 1259 2221 se
1299 2166 1575 2233 catharos,
1643 2166 1695 2220 id
1747 2173 1829 2219 est

234 2256 497 2324 mundos,
552 2260 962 2329 cognominant,
1010 2261 1050 2314 si
1097 2260 1395 2331 aliquando
1443 2260 1691 2313 venerint
1759 2258 1828 2313 ad

234 2352 531 2406 Ecclesiam
562 2351 907 2420 catholicam,
938 2354 1143 2423 placuit
1173 2363 1362 2408 sancto
1387 2361 1441 2408 et
1471 2369 1669 2424 magno
1688 2368 1826 2407 con-

231 2445 362 2499 cilio
381 2453 460 2510 ut,
484 2446 895 2516 impositionem
920 2464 1118 2501 manus
1141 2447 1488 2517 accipientes,
1509 2447 1589 2501 sic
1606 2446 1659 2499 in
1682 2446 1827 2500 clero

230 2548 657 2610 permaneant.»
687 2544 806 2595 Hoc
819 2541 889 2595 ita
914 2540 1323 2611 intelligendum
1340 2548 1498 2594 estut
1525 2556 1617 2609 per
1630 2555 1828 2593 manus

232 2629 637 2700 impositionem
676 2632 1004 2686 reconciliati
1052 2632 1219 2686 etiam
1269 2630 1543 2696 ordinem,
1591 2630 1827 2684 retinere

232 2724 695 2794 permitterentur.
748 2728 874 2779 Non
905 2724 1051 2779 enim
1097 2724 1181 2779 hic
1215 2724 1601 2779 ordinatoriam
1632 2738 1827 2777 manus

232 2817 664 2887 impositionem,
708 2835 801 2888 per
844 2834 1010 2888 quam
1052 2819 1189 2873 sacri
1261 2818 1476 2872 ordines
1523 2817 1723 2872 dantur
1752 2816 1829 2869 in-

230 2910 474 2981 telligere
504 2910 794 2975 debemus,
826 2912 917 2966 sed
967 2912 1148 2981 potius
1180 2911 1698 2975 reconciliatoriam,
1733 2925 1828 2979 per

232 3019 400 3074 quam
432 3004 762 3075 pmniteutes
793 3006 1034 3075 recipere
1059 3004 1320 3059 solemus.
1367 3006 1507 3059 Nam
1552 3019 1665 3057 non
1714 3018 1825 3055 uno

230 3112 451 3167 semper
490 3099 660 3153 modo
698 3114 897 3153 manus
940 3098 1220 3169 impositio
1250 3098 1587 3169 intelligitur,
1639 3095 1735 3151 sed
1775 3104 1829 3149 et

233 3207 335 3261 pro
384 3191 693 3246 diversitate
748 3192 993 3248 locorum
1022 3193 1123 3247 sub
1163 3191 1375 3247 diversa
1430 3189 1825 3263 signiﬁcatione
1859 3228 1902 3289 ϐ

233 3285 522 3355 reperitur.
554 3286 854 3357 Aliquando
866 3287 1010 3341 enim
1030 3301 1127 3357 pro
1148 3285 1563 3340 conﬁrmatione
1578 3282 1823 3354 neophy-

230 3386 420 3432 torum
454 3378 729 3449 accipitur,
766 3387 827 3433 ut
854 3379 909 3433 in
931 3378 1171 3434 decretis
1218 3378 1647 3448 apostolicorum
1685 3376 1827 3430 viro-

234 3488 360 3525 rum
373 3512 387 3534 ,
398 3471 717 3537 Clementis,
739 3472 976 3539 Urbani,
993 3472 1312 3527 Melchiadis
1326 3487 1641 3542 expressum
1655 3485 1822 3539 saepev

230 3581 467 3620 numero
514 3566 809 3636 reperitur;
850 3583 1015 3630 nunc,
1048 3582 1146 3637 pro
1186 3564 1531 3621 ordinatione
1570 3562 1826 3617 sacerdo-

231 3660 509 3726 tum,sive
534 3660 917 3726 diaconorum,
940 3660 1095 3731 juxta
1148 3658 1282 3715 illud
1335 3658 1581 3729 Apostoli
1622 3657 1689 3712 ad
1736 3657 1824 3711 Ti-

230 3753 523 3808 motheum
549 3773 560 3807 :
585 3777 607 3802 σι
624 3753 842 3809 Nemini
861 3754 969 3808 cito
984 3768 1212 3808 manum
1226 3752 1476 3822 imponas
1490 3754 1538 3816 (1
1550 3753 1681 3804 Tim.
1694 3755 1774 3817 v);
1792 3770 1817 3798 η

230 3846 385 3918 quod
412 3854 465 3900 et
486 3862 723 3901 canones
747 3846 1089 3918 apertissime
1115 3845 1500 3916 praescribunt.
1537 3847 1628 3899 Est
1656 3853 1710 3899 et
1737 3860 1825 3899 re-

228 3940 604 3995 conciliatoria
626 3956 823 3995 manus
849 3940 1143 4011 impositio,
1172 3954 1265 4010 per
1293 3954 1456 4010 quam
1500 3938 1827 4010 paanitentes

230 4033 521 4100 haaretici,.-
556 4035 667 4089 sive
750 4032 1239 4100 excommunicati,
1319 4040 1524 4087 sancta:
1575 4032 1828 4087 Ecclesiae

228 4128 681 4195 reconciliantur;
727 4129 794 4183 de
830 4143 936 4199 qua
961 4135 1015 4182 et
1060 4141 1297 4181 canones
1350 4125 1602 4180 similiter
1652 4125 1827 4179 multa

231 4221 426 4277 dicunt
456 4230 511 4275 et
535 4221 600 4277 de
616 4238 722 4293 qua
748 4225 806 4276 B.
836 4221 1193 4292 Augustinus,
1215 4220 1272 4273 in
1296 4218 1389 4273 lib.
1416 4234 1487 4273 tu
1516 4220 1593 4272 De
1619 4218 1824 4288 baptis-

230 4330 329 4369 mo
356 4324 545 4370 contra
574 4316 902 4378 Donatistas,
920 4322 1160 4371 testatur
1175 4312 1320 4385 quod
1336 4312 1466 4367 nihil
1484 4312 1552 4367 sit
1572 4312 1676 4366 nisi
1698 4326 1824 4364 ora-

234 4410 313 4463 tio
350 4425 513 4479 super
534 4410 837 4478 hominem,
868 4423 993 4481 quae
1021 4416 1075 4463 et
1105 4407 1292 4462 iterari
1322 4407 1506 4478 possit.
1539 4406 1626 4461 Fit
1658 4404 1825 4459 etiam

230 4517 433 4556 manus
484 4502 767 4573 impositio
810 4518 973 4573 super
1013 4501 1283 4564 inﬁrmos,
1306 4500 1461 4571 juxta
1492 4498 1625 4554 illud
1655 4502 1828 4553 Evan-

231 4596 363 4667 gelii
388 4614 398 4649 :
423 4615 451 4646 α
477 4597 844 4667 Superaegros
859 4612 1055 4650 manus
1082 4595 1371 4665 imponent
1392 4596 1579 4659 (Marc.
1611 4592 1761 4663 xvr).

230 4692 379 4743 Item
404 4705 568 4760 super
595 4688 1032 4745 catechumenos
1077 4697 1130 4743 et
1156 4703 1563 4758 energumenos
1605 4704 1703 4757 pro
1724 4703 1829 4741 ex—

232 4782 490 4854 pulsione
523 4782 748 4850 diaboli,
782 4796 903 4852 qua:
932 4782 1238 4853 specialiter
1283 4780 1567 4835 exoreistis
1606 4780 1659 4833 in
1690 4779 1831 4834 ordi-

232 4876 559 4931 nationibus
583 4875 921 4939 conceditur,
944 4876 1143 4946 quippe
1165 4884 1224 4929 ut
1253 4874 1487 4929 habeant
1503 4881 1828 4944 potestatem

230 4968 559 5039 imponendi
586 4984 779 5023 manus
808 4985 969 5039 super
1002 4968 1431 5023 catechumenos
1457 4967 1565 5023 sive
1596 4982 1828 5035 energu-

228 5078 453 5118 menos.
490 5065 654 5130 Item,
682 5073 737 5117 et
774 5079 902 5118 cum
938 5062 1259 5133 simpliciter
1286 5062 1521 5131 aliquem
1551 5059 1827 5115 benedici-

228 5173 383 5222 mus,
415 5172 613 5212 manus
644 5156 693 5212 ei
734 5156 960 5228 antiquo
992 5172 1142 5210 more
1173 5155 1527 5225 imponimus.
1562 5155 1650 5209 Sic
1679 5154 1827 5209 enim

227 5250 540 5323 patriarcha
582 5251 788 5319 Jacob,
837 5266 965 5305 cum
1018 5250 1157 5303 ﬁlios
1199 5248 1403 5319 Joseph
1451 5247 1823 5314 benediceret,

227 5361 433 5402 manus
450 5344 527 5400 eis
542 5344 804 5415 imposuit
821 5346 975 5411 (Gen.
1000 5342 1159 5412 xux)
1186 5364 1196 5397 :
1223 5351 1273 5395 et
1300 5341 1567 5396 Dominus
1588 5340 1643 5395 in
1662 5344 1828 5395 Evan-

229 5439 375 5512 gelio
398 5440 614 5494 oblatos
633 5438 731 5493 sibi
751 5438 1004 5509 parvulos
1027 5454 1119 5508 per
1137 5435 1542 5507 impositionem
1557 5450 1829 5491 manuum

230 5532 577 5589 benedixisse
606 5532 805 5589 dicitur
832 5534 1026 5598 (Marc.
1071 5536 1151 5596 χ).

308 5666 436 5722 Sive
474 5674 658 5720 autem
695 5679 893 5719 manus
945 5662 1223 5733 impositio
1264 5678 1361 5732 pro
1388 5661 1827 5716 reconciliatione

231 5763 652 5838 paenitentium,
694 5763 806 5818 sive
854 5778 949 5833 pro
987 5761 1304 5833 depulsione
1354 5759 1694 5815 inﬁrmitatis
1743 5757 1825 5813 vel

236 5860 473 5931 diaboli,
517 5861 630 5917 sive
678 5875 778 5932 pro
818 5858 1055 5929 simplici
1098 5855 1473 5913 benedictione
1508 5856 1824 5913 hominibus

1801 4586 1908 4647 ιι)

1946 538 2095 594 aliud
2124 538 2222 591 nisi
2263 536 2439 591 oratio
2467 552 2628 607 super
2657 536 2933 590 hominem
2990 536 3339 606 intelligitur;
3390 537 3534 592 unde

1946 642 1999 689 et
2030 632 2213 687 iterari
2242 631 2456 701 quoties
2473 646 2689 685 necesse
2710 628 2871 685 fuerit
2892 646 3004 684 non
3031 629 3370 699 prohibetur.
3394 633 3532 686 Cum

1946 742 2073 780 vero
2102 742 2199 795 pro
2234 724 2651 778 conﬁrmatione
2698 724 2778 779 vel
2816 723 3165 779 ordinatione
3204 724 3535 796 impenditur

1943 834 2054 873 non
2080 818 2193 889 jam
2226 834 2324 887 pro
2369 818 2483 872 sola
2524 818 2793 885 oratione,
2838 818 2933 873 sed
2988 818 3152 872 etiam
3209 834 3307 888 pro
3361 834 3535 872 sacra-

1946 920 2134 965 mento
2172 909 2417 963 habenda
2443 918 2558 975 est;
2586 909 2733 981 quod
2762 910 2937 965 sancti
2974 916 3158 965 Patres
3190 911 3371 967 iterari
3404 928 3531 983 pro-

1944 1004 2261 1059 hibuerunt.
2311 1006 2451 1057 Nam
2490 1020 2599 1058 non
2637 1004 2817 1058 minus
2842 1014 3117 1075 peccatur,
3148 1006 3188 1059 si
3219 1006 3305 1059 cui
3340 1021 3535 1060 manus

1944 1114 2043 1168 pro
2074 1095 2493 1152 conlirmatione
2538 1098 2618 1151 vel
2669 1098 3008 1152 ordinatione
3061 1098 3259 1153 iterum
3292 1100 3535 1170 imponi-

1941 1200 2051 1255 tur,
2077 1206 2242 1261 quam
2274 1190 2319 1243 si
2345 1190 2511 1245 altera
2542 1191 2656 1245 vice
2700 1189 3022 1260 baptizetur.
3049 1191 3213 1246 Unde
3259 1201 3313 1246 et
3356 1194 3529 1247 sancti

1943 1284 2132 1339 Patres
2161 1283 2416 1338 eamdem
2448 1284 2831 1354 poenitentiam
2862 1285 3261 1339 recouﬁrmatis
3299 1285 3533 1339 et'reba-

1942 1379 2158 1448 ptizatis
2198 1377 2456 1432 indixisse
2489 1378 2762 1448 leguntur.
2798 1381 3027 1433 Sanctus
3057 1394 3280 1449 quoque
3323 1380 3533 1448 Grego-

1940 1472 2057 1526 rius
2086 1472 2331 1526 scribens
2370 1471 2565 1525 Joauni
2595 1472 2850 1542 episcopo
2883 1474 3237 1527 Ravennati:
3277 1494 3301 1523 «
3359 1473 3530 1541 Sicut,

1940 1566 2137 1637 inquit,
2166 1566 2334 1621 semel
2364 1565 2674 1636 baptizatus
2695 1566 2891 1621 iterum
2920 1566 3183 1636 baptizari
3212 1583 3325 1620 non
3351 1567 3533 1634 debet,

1937 1660 2013 1713 ita
2049 1659 2217 1714 semel
2258 1668 2605 1713 consecratus
2660 1660 2713 1713 in
2748 1659 2941 1715 eodem
3002 1660 3194 1715 ordine
3236 1676 3345 1713 non
3390 1658 3535 1713 valet

1940 1753 2135 1807 iterum
2183 1753 2511 1807 consecrari.
2548 1776 2573 1799 ι
2652 1757 2811 1820 Item,
2843 1752 3165 1807 Africanum
3213 1748 3529 1815 concilium,

1857 1855 1905 1916 Β
1941 1862 2060 1916 cap.
2088 1852 2176 1911 75,
2210 1846 2459 1916 prohibet
2486 1846 2936 1929 rebaptizationes
2978 1856 3032 1901 et
3067 1846 3530 1913 reordiuatioues;

1938 1939 2068 1993 item
2110 1955 2349 1993 canones
2396 1938 2769 2009 apostolorum
2808 1960 2819 1993 :
2874 1960 2901 1989 (ι
2929 1940 2984 1993 Si
3044 1940 3183 2009 quis,
3259 1938 3526 2010 inquiunt,

1938 2033 2245 2103 episcopus,
2274 2032 2581 2103 presbyter,
2610 2031 2875 2087 diaconus
2890 2033 3183 2087 secundam
3212 2049 3408 2088 manus
3435 2033 3535 2087 im-

1939 2125 2264 2194 positionem
2311 2126 2601 2196 acceperit,
2640 2125 2943 2195 deponatur
2992 2126 3105 2195 ipse
3160 2134 3213 2179 et
3252 2126 3534 2181 ordinator

1939 2218 2149 2290 ejus.»
2191 2219 2245 2273 Si
2303 2219 2424 2289 quis
2472 2228 2657 2273 autem
2710 2218 2835 2273 huic
2879 2218 3042 2289 capiti
3101 2218 3282 2273 minus
3340 2218 3531 2284 credit,

1938 2313 2059 2380 quia
2099 2311 2229 2366 illud
2260 2311 2401 2365 inter
2420 2327 2656 2365 canones
2693 2310 3075 2381 apostolorum
3113 2310 3256 2381 apud
3278 2327 3379 2365 nos
3420 2328 3533 2366 non

1938 2405 2161 2476 reperit,
2194 2405 2333 2459 scire
2355 2404 2519 2459 debet
2538 2403 2687 2475 quod
2713 2404 3035 2459 eorumdem
3060 2419 3331 2459 canonum
3364 2404 3535 2459 multa

1935 2500 2106 2570 capita
2137 2499 2294 2553 nobis
2329 2498 2546 2553 desunt.
2586 2501 2722 2553 Nam
2764 2499 2957 2553 beatus
3009 2498 3347 2569 Zepherinus
3396 2516 3532 2570 papa

1938 2594 1993 2646 in
2044 2591 2229 2646 ordine
2272 2607 2401 2655 xvr,
2451 2591 2728 2662 apostolos
2758 2594 3095 2662 septuaginta
3126 2609 3360 2647 canones
3402 2608 3533 2647 con—

1938 2686 2179 2740 stituisse
2240 2693 2503 2744 testatur;
2560 2700 2794 2754 quorum
2855 2685 3243 2757 quinquaginta
3318 2694 3530 2740 tantum

1938 2778 2181 2833 Isidorus
2229 2779 2282 2831 in
2312 2778 2534 2848 prologo
2581 2793 2682 2830 suo
2729 2776 2798 2832 de
2831 2779 3131 2831 canonihus
3165 2794 3221 2833 se
3264 2779 3534 2832 invenisse

1935 2871 2154 2942 fatetur,
2179 2872 2375 2942 quibus
2391 2880 2445 2923 et
2468 2886 2565 2924 nos
2580 2869 2803 2924 utimur.
2830 2873 3023 2924 Petrus
3038 2878 3225 2924 tamen
3273 2870 3526 2925 Damiani

1938 2966 2040 3035 piae
2065 2965 2377 3032 memorias,
2409 2962 2703 3017 cardinalis
2726 2962 3014 3033 episcopus
3039 2972 3241 3018 sanctae
3268 2967 3533 3019 Romanae

1942 3058 2213 3125 Ecclesiae,
2242 3058 2381 3112 alter
2397 3057 2770 3127 Hieronymus
2796 3056 2850 3110 in
2882 3065 3075 3111 nostro
3104 3065 3375 3127 tempore,
3401 3072 3532 3125 prae-

1938 3151 2147 3205 dictum
2179 3161 2339 3221 caput
2383 3149 2681 3205 canonihus
2708 3150 3085 3219 apostolorum
3140 3150 3428 3204 attitulavit
3475 3149 3531 3204 in

1938 3244 2075 3299 libro
2107 3260 2205 3299 suo
2231 3260 2393 3314 quem
2442 3242 2836 3299 Gratissimum
2885 3242 3315 3314 cognominavit.

2006 3368 2175 3435 Ergo,
2223 3363 2371 3435 quod
2402 3363 2456 3417 in
2486 3363 2709 3418 Nicazno
2767 3363 2998 3417 concilio
3046 3363 3259 3419 clericis
3282 3364 3532 3420 Novatia-

1935 3474 2136 3513 norum
2175 3456 2450 3511 conversis
2498 3472 2701 3511 manus
2729 3457 3198 3527 imponijubetur,
3221 3459 3532 3513 nullatenus

1934 3551 2270 3607 ordinatoria
2296 3566 2497 3604 manus
2521 3550 2807 3620 impositio
2856 3550 3209 3623 intelligenda
3238 3559 3340 3613 est,
3391 3552 3532 3605 sicut

1934 3644 2156 3717 quidam
2212 3645 2566 3699 translatores
2609 3643 2853 3715 ejusdem
2905 3644 3117 3699 concilii
3160 3644 3347 3700 minus
3385 3645 3547 3700 cauti

1936 3738 2269 3794 intellexisse
2290 3737 2562 3805 videntur,
2586 3737 2680 3809 qui
2706 3738 2929 3792 eosdem
2964 3737 3161 3793 iterum
3183 3737 3520 3793 ordinandos

1935 3831 2276 3902 interpretati
2325 3839 2472 3886 sunt.

2007 3952 2119 4005 Nos
2144 3958 2326 4005 autem
2360 3948 2543 4019 potius
2585 3952 2647 4004 B.
2684 3950 3002 4005 Innocentio
3030 3966 3185 4021 papa:
3214 3950 3525 4018 credamus,

1934 4043 2029 4115 qui
2058 4043 2125 4099 de
2172 4043 2380 4098 eisdem
2410 4044 2731 4098 Novatianis
2763 4052 3031 4109 tractans,
3068 4060 3177 4099 non
3208 4053 3268 4099 ut
3310 4045 3525 4100 reordi-

1936 4145 2223 4204 narentur,
2274 4137 2367 4191 sed
2447 4146 2507 4191 ut
2557 4153 2682 4191 cum
2735 4137 2926 4193 ordine
2973 4154 3074 4193 suo
3127 4139 3524 4208 reciperentur,

1937 4231 2128 4285 asserit
2152 4230 2401 4285 Nicacnos
2451 4233 2637 4284 Patres
2665 4231 3027 4285 constituisse.
3063 4234 3144 4285 Ita
3175 4239 3227 4285 et
3256 4246 3359 4284 nos
3387 4246 3530 4301 quo-

1936 4339 2043 4394 que
2072 4323 2380 4377 necessario
2412 4322 2713 4392 intelligere
2760 4322 3043 4391 debemus,
3072 4340 3139 4377 ne
3188 4325 3392 4378 sanctis
3423 4326 3528 4377 Pa-

1935 4415 2111 4470 tribus
2132 4415 2406 4471 adversari
2424 4414 2705 4469 videamur
2728 4416 2816 4484 qui
2848 4416 3281 4472 reordiuationes
3311 4417 3530 4487 penitus

1938 4508 2390 4579 proscripserunt,
2443 4516 2505 4562 ut
2552 4508 2975 4577 praelibavimus.

2008 4629 2293 4699 Nusquam
2323 4644 2453 4683 sane
2482 4629 2655 4681 sancti
2706 4629 2890 4681 Patres
2932 4626 3157 4681 clericos
3205 4645 3269 4682 ex
3328 4628 3529 4685 hmresi

1937 4737 2231 4777 conversos
2262 4722 2462 4776 iterum
2489 4720 2729 4775 ordinari
2754 4721 3138 4791 permiserunt,
3185 4723 3285 4777 nisi
3316 4725 3524 4779 Paulia-

1938 4815 2103 4869 nistas
2144 4823 2196 4868 et
2244 4814 2381 4867 alios
2408 4813 2716 4883 hujusmodi
2753 4814 2840 4885 qui
2886 4830 2995 4867 non
3039 4814 3309 4871 catholico
3357 4834 3523 4873 more

1937 4906 2337 4961 invocationem
2350 4923 2404 4959 sa
2414 4914 2556 4962 uctaa
2570 4907 2853 4961 Trinitatis
2867 4906 3091 4973 faciunt,
3109 4924 3244 4978 quos
3259 4911 3418 4965 etiam
3432 4912 3528 4966 ba—

1932 5000 2123 5069 ptizari
2165 4998 2464 5070 jusserunt.
2516 5001 2628 5054 Nec
2679 4998 2780 5054 hos
2822 5000 3010 5071 utique
3067 5004 3412 5058 reordiuatos
3443 5005 3523 5060 vel

1936 5092 2299 5162 rebaptizatos
2328 5100 2704 5163 competenter
2731 5092 2991 5159 dicimus,
3020 5111 3145 5149 cum
3177 5096 3230 5150 in
3261 5096 3524 5152 catholica

1935 5203 2039 5241 nec
2077 5202 2175 5257 pro
2206 5186 2479 5257 baptismo
2510 5202 2610 5241 nec
2633 5202 2732 5257 pro
2763 5186 3110 5242 ordinatione
3152 5198 3527 5259 computetur,

1933 5280 2080 5352 quod
2122 5281 2325 5351 absque
2369 5280 2717 5335 invocatione
2760 5289 2961 5337 saneta:
3014 5282 3295 5335 Trinitatis
3345 5298 3526 5349 perce-

1936 5375 2078 5445 pisse
2092 5372 2444 5445 deteguntur.
2470 5373 2763 5428 Sciendum
2790 5384 2976 5429 autem
3011 5372 3156 5443 quod
3174 5414 3187 5439 ,
3216 5388 3408 5427 eorum
3432 5375 3522 5446 qui

1934 5482 1998 5521 ex
2024 5467 2218 5522 haeresi
2240 5475 2633 5522 convertuntur
2658 5468 2746 5522 alii
2785 5468 2899 5538 jam
2926 5467 2977 5520 in
3006 5466 3243 5519 Ecclesia
3267 5466 3525 5533 ordinati,

1936 5569 2119 5630 postea
2153 5561 2207 5614 in
2254 5560 2508 5615 haeresim
2542 5560 2675 5631 lapsi
2725 5570 2883 5625 sunt;
2936 5559 3023 5612 alii
3074 5558 3125 5612 in
3161 5558 3277 5631 ipsa
3329 5560 3525 5619 haeresi

1937 5656 2175 5711 ordinati
2204 5665 2352 5711 sunt.
2381 5658 2627 5728 Quiergo
2658 5663 2781 5725 post
2808 5663 3095 5725 acceptum
3114 5656 3366 5711 ordinem
3388 5658 3522 5727 lapsi

1935 5763 2085 5823 sunt,
2116 5755 2317 5812 reversi
2366 5772 2495 5811 cum
2526 5753 2717 5809 ordine
2762 5752 2932 5822 recipi
2964 5762 3212 5823 possunt,
3264 5754 3359 5809 sed
3406 5755 3527 5809 abs-

1933 5869 2037 5926 que
2090 5870 2185 5926 spe
2213 5854 2598 5927 promotionis,
2642 5853 2799 5923 juxta
2861 5860 3130 5909 statutum
3197 5853 3531 5911 sanctissimi
