4062 6182
595 243 720 294 1191

1594 228 1686 282 AD
1723 226 1951 280 OPERA
1988 181 2044 278 s.
2085 218 2404 277 GREGOBII
2439 215 2876 272 APPENDICES.
3666 213 3759 264 usu

589 378 747 434 papa
792 361 1014 416 Leonis.
1070 381 1093 403 «
1147 355 1366 419 Omnis,
1398 352 1596 423 inquit,
1637 349 1929 422 cujuslibet
1972 346 2178 401 ordinis
2208 348 2260 408 Α
2295 342 2616 407 Ecclesiam,
2650 355 2743 410 per
2771 335 3084 393 chrismatis
3111 333 3410 389 unctionem
3448 332 3602 403 procul
3644 331 3764 386 dubio

594 457 837 516 clericus.
873 452 962 521 qui
992 448 1317 504 catholicam
1338 446 1618 510 deserens,
1647 443 1920 498 haeretica
1950 457 2006 496 se
2027 455 2180 494 com-

596 547 845 604 munioni
878 541 1176 602 miscuerit,
1207 541 1252 594 si
1283 538 1351 593 ad
1382 537 1681 592 Ecclesium
1716 551 1969 591 reversus
1995 532 2182 601 fuerit,

595 651 649 697 et
695 640 845 711 prius
916 651 1130 692 errores
1184 650 1340 700 suos,
1378 642 1432 686 et
1484 632 1631 701 ipsos
1684 638 1935 685 auctores
1986 627 2188 682 erroris

594 735 885 788 damnatos
921 745 951 783 a
977 744 1035 784 se
1069 728 1186 782 sine
1212 726 1576 797 ambiguitate
1601 723 1888 778 confessus
1920 722 2101 782 fuerit,
2135 720 2186 773 in

595 843 660 881 eo
706 823 879 895 gradu
921 824 976 877 in
1015 837 1123 892 quo
1155 829 1271 876 erat
1303 819 1421 874 sine
1458 817 1807 888 promotione
1850 821 2184 885 permaneat.

597 922 735 973 Item
762 936 775 972 :
803 922 864 971 In
886 915 1077 970 haeresi
1105 913 1390 968 ordinatus
1412 927 1537 982 qua
1566 921 1756 965 tamen
1780 909 1834 962 in
1861 908 1963 961 ﬁde
1990 914 2192 962 sancta

599 1011 886 1067 Trinitatis
917 1025 1027 1063 non
1059 1007 1346 1067 erraverit,
1379 1021 1504 1060 cum
1535 1003 1723 1058 ordine
1770 1001 1937 1072 recipi
1993 1008 2194 1070 potest,

599 1106 646 1160 si
671 1118 886 1159 necesse
919 1101 1101 1165 fuerit,
1137 1108 1198 1154 ut
1229 1097 1515 1154 Novatiaui
1538 1105 1593 1150 et
1619 1095 1944 1151 Donatista.
1971 1113 1997 1146 »
2033 1092 2196 1147 Ordi-

601 1207 762 1252 natus
799 1204 982 1250 autem
1010 1193 1157 1266 apud
1192 1193 1481 1246 hareticos
1509 1189 1604 1261 qui
1639 1189 1691 1242 in
1724 1188 1828 1242 ﬁde
1866 1195 2052 1241 errant
2074 1203 2192 1240 san-

601 1301 705 1346 cta
731 1289 1040 1354 Trinitatis,
1072 1281 1129 1341 et
1153 1285 1197 1339 si
1216 1300 1437 1355 quoquo
1467 1283 1630 1338 modo
1652 1282 1766 1352 ejus
1799 1281 2197 1335 invocationem

603 1383 830 1450 faciant,
861 1389 923 1434 ut
944 1378 1159 1444 Ariani,
1196 1392 1542 1448 nequaquam
1572 1391 1698 1429 cum
1729 1374 1918 1428 ordine
1946 1373 2201 1442 recipien-

605 1477 707 1532 dus
731 1485 814 1531 est
843 1475 924 1528 vel
956 1473 1213 1542 deinceps
1256 1469 1616 1535 ordinandus,
1639 1468 1794 1540 juxta
1841 1467 2201 1521 assertionem

559 1615 580 1623 ,
606 1569 772 1626 sancti
806 1566 1104 1623 Innocentii
1139 1579 1312 1636 papa,
1360 1563 1452 1634 qui
1494 1562 1560 1617 de
1605 1561 1690 1616 his
1713 1569 1912 1615 tractat
1945 1559 2203 1630 copiosis-

610 1678 764 1718 srme.

2290 434 2652 492 conﬁrmandi
2676 441 2822 498 sunt,
2855 440 2916 486 ut
2943 429 3131 498 reliqui
3160 425 3431 484 Christiani
3454 446 3466 490 ς
3486 426 3590 495 quia
3617 426 3696 479 hoc
3711 441 3768 479 sa-

2293 538 2637 586 cramentum
2667 543 2697 581 a
2733 525 2882 580 nullo
2919 532 2998 578 est
3020 521 3404 592 negligendum.
3436 517 3675 573 Sciendum
3702 534 3769 571 au-

2295 633 2404 678 tem
2435 639 2545 676 non
2585 636 2681 692 per
2715 618 2966 674 eamdem
3013 630 3204 670 manus
3249 612 3609 683 impositionem
3649 611 3770 665 susci-

2298 715 2523 788 piendos
2553 730 2650 770 eos
2679 714 2770 785 qui
2799 711 2944 783 apud
2995 709 3274 764 hareticos
3323 704 3550 776 baptizati
3592 711 3706 766 sunt,
3738 711 3775 756 et

2297 826 2392 866 eos
2411 810 2501 879 qui
2525 810 2579 862 in
2603 805 2861 862 catholica
2893 801 3144 874 baptizati
3167 807 3345 872 postea
3377 799 3425 852 in
3456 796 3664 852 haresim
3692 812 3778 865 pro-

2299 904 2434 974 lapsi
2473 910 2621 958 sunt.
2668 898 2831 956 Unde
2859 901 2920 952 B.
2943 895 3168 967 Vigilius
3196 909 3330 964 papa
3356 890 3572 945 scribens
3597 888 3780 943 Eleuthe-

2301 998 2382 1054 rio
2419 997 2677 1067 episcOpo
2707 1011 2720 1045 :
2753 1011 2778 1043 α
2835 995 3062 1053 Eorum,
3094 987 3284 1056 inquit,
3315 984 3684 1054 baptizatorum,
3719 981 3782 1051 qui

2304 1091 2504 1145 iterum
2555 1087 2699 1158 apud
2749 1085 2980 1141 Arianos
3009 1079 3266 1151 baptizati
3323 1085 3462 1142 sunt,
3505 1072 3782 1129 reconciliatio

2307 1183 2386 1248 ﬁt,
2417 1198 2528 1236 non
2575 1197 2671 1252 per
2698 1179 2843 1233 illam
2885 1190 3079 1230 manus
3107 1171 3497 1245 impositionem
3525 1183 3627 1240 qua
3651 1182 3720 1237 per
3738 1166 3789 1218 iu-

2306 1276 2641 1331 vocationem
2686 1272 2860 1327 sancti
2894 1269 3128 1340 Spiritus
3161 1272 3430 1336 operatur,
3469 1261 3550 1316 sed
3576 1275 3653 1330 per
3681 1260 3786 1312 illam

2308 1386 2412 1441 qua
2446 1366 2777 1440 panitentia
2824 1363 3036 1418 fructus
3065 1358 3356 1430 acquiritur
3401 1365 3451 1410 et
3483 1363 3652 1408 sancta
3688 1367 3789 1405 com-

2311 1462 2590 1517 munionis
2608 1459 2875 1515 restitutio
2915 1455 3211 1527 perﬁcitur.
3240 1473 3266 1503 n
3297 1449 3448 1506 Unde
3472 1455 3518 1502 et
3541 1447 3585 1500 in
3619 1443 3790 1514 antiquis

2313 1556 2599 1612 ordinibus
2639 1554 2865 1607 diversa
2912 1550 3184 1605 orationes
3217 1546 3282 1600 ad
3323 1541 3602 1612 hujusmodi
3645 1553 3784 1592 manus

2312 1649 2684 1720 impositiones
2713 1645 3137 1701 distribuuntur.
3162 1642 3297 1694 Nam
3331 1651 3445 1706 qua
3471 1649 3608 1704 super
3632 1647 3704 1684 eos
3736 1629 3788 1683 di-

679 1755 785 1811 Sed
808 1754 999 1839 etxhoc
1029 1752 1351 1807 fraternitati
1381 1759 1574 1805 vestra
1619 1767 1728 1803 non
1763 1750 2036 1820 ingratum
2086 1745 2203 1801 fore
2235 1723 2282 1783 Β
2315 1752 2512 1799 cuntur
2569 1741 2658 1812 qui
2697 1739 2766 1794 ab
2792 1737 3065 1793 bareticis
3119 1731 3372 1804 baptizati
3407 1736 3539 1795 sunt,
3600 1725 3792 1794 Spiritum

611 1857 884 1920 putamus,
933 1847 978 1902 si
1001 1856 1054 1900 et
1083 1846 1150 1901 de
1175 1845 1504 1900 multimoda
1534 1843 1918 1898 hareticorum
1966 1842 2204 1896 reconci-

612 1943 833 1998 liatione
863 1941 1184 1996 sententiam
1214 1938 1386 1993 sancti
1427 1937 1676 2006 Gregorii
1715 1952 1864 2006 papa
1889 1935 2046 2004 primi
2072 1934 2199 1988 sub-

616 2045 898 2090 nectamus
919 2034 1011 2103 qui
1045 2033 1308 2103 episcopis
1337 2030 1619 2084 Hibernia
1648 2030 1872 2096 Quirino
1900 2036 1954 2083 et
1985 2027 2206 2098 reliquis

614 2128 874 2190 scribens,
907 2128 982 2178 ita
1027 2133 1264 2177 testatur
1294 2124 1519 2188 (lib.1x,
1554 2124 1664 2175 ind.
1700 2128 1754 2186 4,
1787 2138 1866 2191 ep.
1903 2127 1988 2178 61)
2021 2141 2031 2174 :
2069 2139 2093 2168 ‹‹
2123 2119 2204 2172 Ab

615 2221 834 2288 antiqua
869 2222 1089 2272 Patrum
1127 2215 1470 2269 institutione
1513 2214 1803 2269 didicimus
1832 2213 2007 2282 utqui
2060 2211 2206 2280 apud

616 2311 866 2367 baresim
909 2310 962 2362 in
995 2308 1278 2363 Trinitatis
1326 2309 1547 2361 nomine
1591 2302 1957 2377 baptizantur,
1987 2322 2114 2359 cum
2140 2303 2209 2359 ad

599 2413 870 2458 sanctam
917 2401 1213 2455 Ecclesium
1248 2399 1496 2464 redeunt,
1529 2407 1625 2453 aut
1644 2400 1904 2454 unctione
1947 2397 2208 2452 chrisma-

620 2498 717 2560 tis,
760 2504 856 2549 aut
905 2495 1254 2564 impositione
1302 2509 1520 2556 manus,
1579 2501 1673 2546 aut
1715 2493 1828 2546 sola
1872 2490 2208 2562 professione

619 2589 748 2643 fidei
777 2589 844 2642 ad
875 2589 1059 2642 sinum
1090 2586 1281 2640 matris
1342 2587 1597 2640 Ecclesia
1647 2593 1991 2640 revocentur.
2045 2582 2209 2639 Unde

621 2682 855 2737 Arianos
884 2697 978 2750 per
1008 2679 1414 2750 impositioueni
1447 2695 1645 2732 manus
1670 2679 1955 2744 Occidens,
1990 2693 2084 2747 per
2106 2693 2203 2731 un-

623 2775 858 2830 ctionem
895 2789 1022 2828 vero
1047 2774 1222 2827 sancti
1244 2773 1556 2826 chrismatis
1587 2772 1653 2826 ad
1685 2774 1987 2842 ingressum
2022 2770 2208 2824 Eccle-

624 2868 718 2922 sia
760 2866 1039 2922 catholica
1068 2867 1270 2921 Oriens
1305 2865 1585 2920 reformat.
1620 2865 2041 2937 Monophysitas
2083 2879 2208 2917 vero

624 2971 681 3014 et
694 2961 828 3015 alios
846 2977 912 3014 ex
933 2961 1047 3015 sola
1065 2975 1190 3013 vera
1213 2958 1553 3013 confessione
1577 2958 1785 3030 recipit,
1809 2959 1936 3028 quia
1958 2965 2210 3011 sanctum

625 3054 909 3124 baptisma,
943 3053 1089 3124 quod
1120 3061 1248 3106 sunt
1277 3052 1344 3106 ab
1375 3052 1645 3107 hareticis
1675 3051 1974 3117 consecuti,
2004 3058 2133 3104 tunc
2162 3049 2217 3101 in

2312 1844 2564 1892 sanctum
2595 1835 2648 1888 in
2673 1848 2768 1888 eos
2798 1832 2980 1886 venire
3028 1835 3250 1900 petunt;
3278 1840 3395 1897 qua
3419 1831 3580 1878 autem
3607 1815 3796 1888 apostatis

2312 1927 2673 1985 redeuntibus
2698 1924 3109 1995 impenduntur,
3141 1919 3368 1991 gratiam
3393 1924 3590 1971 tantum
3623 1907 3796 1964 reconci-

2315 2023 2552 2078 liationis
2579 2020 2682 2075 sub
2710 2017 3024 2089 panitentia
3051 2015 3126 2070 eis
3167 2015 3455 2083 impetrare
3480 2007 3703 2061 videntur.

2389 2119 2431 2169 E
2459 2129 2783 2186 quacunque
2810 2109 3004 2166 haresi
3025 2108 3256 2180 quilibet
3281 2111 3623 2162 convertatur,
3643 2111 3728 2150 nou
3747 2100 3799 2145 est

2315 2208 2658 2278 recipiendus
2686 2206 2790 2259 nisi
2819 2204 3064 2274 abjurata
3097 2210 3153 2256 et
3201 2194 3621 2255 anathematizata
3651 2185 3798 2244 haresi.

2317 2301 2462 2356 Hinc
2477 2299 2820 2355 sanctissima
2850 2295 3119 2366 Ephesina
3151 2292 3416 2366 synodus,
3445 2304 3540 2344 una
3566 2285 3622 2340 de
3645 2279 3801 2350 n‘prin-

2318 2395 2604 2465 cipalibus,
2636 2391 2707 2447 de
2756 2390 3013 2446 Nestorio
3053 2388 3330 2458 episcopo,
3362 2383 3452 2439 sed
3497 2376 3722 2436 haretico,
3758 2373 3804 2424 ita

2317 2488 2601 2542 constituit
2631 2506 2643 2540 :
2698 2509 2724 2533 ι
2757 2487 3106 2554 Consequens
3135 2490 3242 2544 est,
3274 2477 3464 2550 inquit,
3493 2474 3532 2529 si
3579 2465 3805 2538 resipiscere

2317 2581 2574 2647 volueris,
2607 2588 2668 2633 ut
2696 2577 3059 2649 jurejurando
3090 2573 3317 2629 fatearis
3373 2580 3429 2626 et
3481 2557 3807 2621 anathematizes

2318 2683 2411 2729 tua
2459 2675 2661 2745 polluta
2687 2681 2744 2726 et
2797 2669 3025 2740 profana
3076 2668 3368 2738 dogmata;
3406 2661 3587 2717 sentias
3610 2664 3746 2710 autem
3775 2655 3808 2745 tt

2320 2769 2516 2823 doceas
2548 2782 2670 2837 qua
2700 2780 2800 2819 nos
2841 2761 3096 2825 universi,
3139 2774 3237 2830 per
3281 2759 3546 2814 Orientem
3582 2754 3672 2804 sive
3701 2741 3808 2798 Orci-

2320 2862 2545 2917 deutem
2576 2859 2819 2929 episc0pi
2857 2866 2910 2910 et
2955 2854 3228 2924 magistri,
3279 2849 3523 2924 prasules
3572 2840 3810 2915 populorum

2320 2955 2602 3009 credimus
2632 2961 2687 3006 et
2707 2951 2985 3005 docemus.
3019 2972 3042 2995 ι»
3076 2948 3226 3001 Hinc
3248 2947 3300 3000 in
3321 2944 3521 3000 actione
3541 2935 3730 3006 ejusdem
3751 2941 3811 2994 sy-

2325 3046 2476 3113 nodi,
2509 3062 2628 3116 cap.
2672 3051 2758 3107 15,
2788 3042 3032 3114 ejusdem
3059 3039 3244 3094 forma
3268 3033 3555 3109 juramenti
3575 3022 3814 3116 exprimitur

626 3148 705 3201 eis
751 3147 886 3201 vires
913 3145 1318 3200 emendationis
1347 3145 1558 3215 recipit,
1590 3161 1716 3198 cum
1744 3145 1821 3198 vel
1857 3143 1953 3213 ipsi
1987 3159 2081 3214 per
2113 3142 2211 3196 im-
2249 3119 2293 3182 Ο
2327 3140 2383 3193 in
2433 3139 2574 3193 hunc
2612 3137 2842 3191 modum
2877 3155 2889 3190 ε
2933 3159 2956 3182 α
2993 3138 3105 3205 Ego
3157 3131 3464 3204 Hesychius
3511 3125 3628 3178 ﬁlius
3652 3111 3814 3174 Curialis

627 3240 950 3308 positionem
973 3254 1165 3292 manus
1195 3237 1459 3308 Spiritum
1484 3245 1738 3291 sanctum
1773 3236 2109 3307 acceperint;
2132 3234 2212 3288 vel

626 3333 734 3394 isti,
769 3341 992 3402 propter
1016 3330 1410 3404 professionem
1433 3330 1558 3385 ﬁdei
1580 3338 1782 3385 sancta
1816 3339 1871 3384 et
1892 3328 2214 3384 universalis

628 3425 882 3481 Ecclesia
910 3425 1200 3479 visceribus
1229 3423 1429 3479 fuerint
1459 3424 1613 3479 uniti.
1669 3425 1734 3478 Hi
1793 3439 1919 3478 vero
1976 3421 2214 3478 haretici

628 3519 722 3590 qui
752 3520 806 3573 in
845 3519 1129 3574 Trinitatis
1156 3518 1381 3572 nomine
1409 3519 1638 3572 minime
1667 3517 2032 3587 baptizantur,
2075 3515 2217 3570 sicut

630 3611 921 3666 Bonosiani
951 3621 1006 3666 et
1031 3611 1412 3681 Cataphryga,
1444 3611 1568 3679 quia
1595 3619 1650 3663 et
1681 3610 1752 3663 illi
1796 3609 2074 3665 Christum
2108 3613 2214 3663 Do-

630 3704 842 3758 minum
871 3719 985 3757 non
1013 3703 1260 3770 credunt,
1291 3711 1347 3757 et
1383 3702 1471 3756 isti
1497 3711 1747 3756 sanctum
1802 3703 2068 3772 Spiritum
2103 3717 2218 3770 per-

631 3811 786 3849 verso
817 3811 977 3849 sensu
1007 3810 1126 3851 esse
1151 3795 1438 3864 quemdam
1483 3811 1709 3864 pravum
1748 3796 2030 3850 hominem
2061 3797 2218 3848 Μοιι-

632 3897 823 3941 tanum
854 3887 1102 3948 credunt,
1132 3902 1367 3956 quorum
1395 3887 1602 3942 similes
1656 3888 1814 3942 multi
1845 3895 2002 3952 sunt;
2035 3896 2086 3942 et
2128 3886 2218 3940 alii

629 3981 782 4047 tales,
813 3995 942 4034 cum
978 3978 1046 4034 ad
1076 3986 1316 4033 sanctam
1343 3980 1642 4033 Ecclesiam
1674 3979 1913 4043 veniunt,
1941 3979 2221 4050 baptizan-

634 4083 744 4139 tur,
777 4073 898 4144 quia
929 4072 1257 4143 baptismum
1291 4088 1403 4126 non
1428 4070 1550 4135 fuit,
1579 4071 1726 4140 quod
1749 4073 1797 4125 in
1829 4087 2013 4126 errore
2038 4072 2218 4143 positi,

633 4167 689 4221 in
716 4175 915 4222 sancta
970 4166 1252 4221 Trinitatis
1302 4165 1522 4220 nomine
1589 4165 1808 4220 minime
1838 4173 2216 4236 perceperunt,

633 4268 737 4314 etc.
769 4259 873 4316 Sed
903 4268 954 4313 et
1008 4274 1124 4324 eos,
1161 4273 1300 4329 quos
1335 4257 1574 4313 Judaica
1623 4258 1861 4329 perﬁdia
1908 4257 2100 4314 similis
2152 4257 2221 4312 de

632 4353 912 4424 unigenito
929 4353 1062 4408 Filio
1088 4351 1358 4407 hareseos
1386 4367 1540 4406 error
1559 4351 1846 4417 obscurat,
1877 4353 1944 4408 ad
1971 4360 2218 4407 sanctam

2323 3229 2980 3295 Thessarescadecatites,
3030 3241 3336 3299 agnoscens
3387 3235 3558 3276 veram
3597 3213 3722 3269 ﬁdem
3760 3219 3816 3258 0r-

2325 3325 2595 3381 thodoxia
2625 3332 2680 3378 et
2701 3323 2964 3378 accedens
2987 3321 3050 3374 ad
3079 3318 3480 3374 sanctissimam
3503 3321 3552 3366 et
3574 3301 3815 3396 catholicae!

2326 3419 2646 3484 Ecclesiam,
2675 3413 3075 3472 anathematizo
3103 3429 3334 3467 omnem
3369 3405 3676 3465 baresim,et
3696 3407 3816 3449 nian-

2327 3529 2415 3568 me
2442 3509 3181 3567 Thessareseadecatitarum
3216 3507 3272 3561 in
3303 3520 3405 3576 qua
3438 3509 3579 3556 antea
3614 3488 3814 3576 errabant;

2326 3606 2596 3660 assentior
2625 3613 2809 3658 autem
2840 3601 3153 3672 prescripta
3185 3593 3502 3670 expositioni
3537 3582 3761 3646 catholicae
3779 3573 3818 3628 fr

2325 3698 2438 3764 dei,
2463 3696 2932 3753 anathematizans
2969 3710 3063 3748 eos
3092 3693 3184 3763 qui
3217 3707 3330 3747 non
3371 3687 3621 3744 celebrant
3642 3680 3818 3732 sanctum
3885 3675 3892 3678 "

2325 3792 2473 3846 diem
2505 3790 2748 3856 Pascha,
2777 3790 2928 3860 juxta
2951 3801 3166 3842 morem
3197 3783 3478 3841 catholica
3513 3786 3562 3833 et
3594 3764 3819 3860 δροδῖοψτθ

2327 3885 2608 3950 Ecclesia,
2657 3891 2713 3938 et
2727 3883 2853 3954 juro
2898 3897 2991 3951 per
3043 3887 3303 3934 sanctam
3347 3876 3594 3947 ὁμοουσιον
3661 3856 3819 3953 Τι’ὶίιίιξι⁴

2327 3987 2459 4032 tem.
2493 3980 2563 4032 Et
2583 3976 2626 4032 si
2661 3975 2795 4047 quid
2823 3990 2897 4030 ex
2924 3973 3006 4028 his
3034 3971 3458 4030 labefactavero,
3501 3966 3656 4035 legum
3682 3962 3821 4047 seven-

2323 4071 2423 4127 tati
2469 4040 2785 4142 subjacebo.
2826 4071 2896 4123 Et
2950 4065 3278 4137 expositioni
3317 4063 3449 4118 mihi
3505 4055 3696 4112 recitatae
3732 4040 3822 4094 sub—

2329 4164 2520 4235 scripsi
2557 4179 2723 4218 manu
2755 4177 2894 4216 mea.
2937 4183 2960 4205 »ι
3732 4228 3741 4235 _
3791 4224 3799 4231 _

2401 4259 2560 4312 Hanc
2584 4256 2819 4311 formam
2845 4252 3143 4325 juramenti
3175 4259 3364 4307 sancta
3412 4253 3632 4304 Romana
3655 4228 3826 4325 Ecclesia

2327 4350 2396 4406 de
2441 4349 2710 4405 hareticis
2745 4346 3023 4402 conversis
3047 4345 3261 4417 exigere
3314 4338 3610 4399 consuevit;
3645 4329 3750 4384 hanc
3782 4315 3828 4370 de

630 4447 930 4502 Ecclesiam
963 4446 1258 4512 venientes,
1281 4445 1349 4500 de
1391 4460 1529 4500 vera
1568 4445 1703 4500 ﬁdei.
1722 4445 1981 4499 ﬁrmitate
2011 4454 2066 4499 et
2091 4462 2216 4499 con-
2252 4474 2299 4533 Β
2330 4442 2683 4513 Berengario,
2732 4457 2860 4496 cum
2899 4440 3094 4495 haresi
3116 4454 3255 4501 sua,
3288 4438 3332 4492 si
3362 4451 3470 4490 non
3509 4426 3668 4489 corde,
3697 4421 3831 4472 οτθ¹³⁰

3456 4527 3465 4533 .
3491 4525 3536 4533 ...
3655 4530 3689 4533 ν-
3724 4506 3831 4533 κείω.

633 4539 866 4594 fessione
889 4539 1118 4595 docendi
1151 4546 1294 4594 sunt.
1336 4557 1362 4589 ι)

707 4636 774 4685 Et
798 4633 1100 4686 Orientales
1129 4631 1348 4702 quidem
1389 4635 1596 4699 Patres,
1625 4648 1734 4685 non
1759 4631 1934 4686 solum
1967 4630 2220 4697 Arianos,

546 4732 549 4735 '
633 4723 731 4778 sed
751 4725 912 4777 etiam
943 4725 1297 4793 Novatianos,
1322 4725 1963 4780 Thessarescadecatitas
1994 4733 2048 4778 et
2077 4725 2222 4778 Pho-

633 4815 876 4870 tinianos
894 4832 986 4886 per
997 4816 1312 4871 chrismatis
1333 4819 1644 4873 unctionem
1666 4817 2001 4888 recipiendos
2017 4826 2223 4872 statue-

633 4917 782 4975 runt,
833 4908 976 4962 sicut
1028 4909 1083 4962 in
1125 4909 1443 4964 Laodicensi
1486 4912 1716 4965 concilio
1765 4913 1980 4984 legitur.
2045 4913 2220 4966 Multo

629 5010 816 5057 tamen
840 5003 1238 5072 competentius
1271 5002 1650 5058 Occidentales
1688 5004 2004 5074 hujusmodi
2044 5004 2222 5061 hare-

630 5095 770 5150 ticos
816 5095 1020 5166 absque
1074 5093 1386 5149 chrismatis
1433 5096 1692 5151 unctione
1769 5097 2096 5167 suscipiunt,
2153 5114 2220 5153 ne

633 5198 1041 5244 sacramentum
1076 5188 1503 5243 conﬁrmationis
1532 5189 1750 5243 iterasse
1773 5189 2055 5243 videantur
2076 5192 2223 5261 quod

635 5283 711 5338 illi
737 5300 862 5338 cum
885 5283 1002 5354 ipso
1028 5280 1323 5353 baptismo,
1356 5281 1424 5334 ab
1455 5280 1724 5336 hareticis
1757 5282 2032 5337 multoties
2074 5300 2223 5339 acce-

633 5385 858 5446 perunt;
913 5376 1091 5448 cujus,
1143 5375 1389 5445 inquam,
1437 5375 1780 5440 sacramenti,
1833 5391 1988 5446 aque
2029 5385 2089 5432 ut
2129 5377 2220 5432 ba-

638 5468 844 5537 ptismi,
882 5467 1222 5523 iterationem
1252 5466 1422 5521 vitare
1470 5465 1758 5522 debemus.
1819 5468 1873 5522 Si
1927 5478 2109 5524 autem
2155 5469 2223 5524 ab

641 5560 908 5616 liareticis
959 5560 1203 5615 nondum
1257 5559 1563 5615 conﬁrmati
1608 5568 1755 5628 sunt,
1827 5563 2104 5617 venientes
2155 5561 2266 5618 ad.

707 5754 956 5813 (1056-7)
985 5746 1070 5802 Sic
1101 5763 1203 5802 ms.
1237 5749 1364 5803 edit.
1396 5750 1545 5804 Rom.
1579 5766 1664 5820 ep.
1695 5751 1749 5805 S.
1780 5748 1945 5820 Greg.

2333 4551 2461 4590 men
2514 4535 2946 4598 abrenuntiaret,
3004 4533 3217 4601 accepit
3253 4525 3563 4584 venerabilis
3585 4530 3694 4592 papa
3724 4506 3833 4564 Νίσο-

2331 4630 2451 4683 laus
2475 4629 2533 4682 in
2552 4627 2837 4682 universali
2863 4625 3095 4681 concilio
3120 4627 3318 4679 Roma
3338 4622 3660 4690 congregato.

2401 4722 2508 4777 Sed
2551 4737 2650 4776 nec
2675 4720 3052 4776 schismaticos
3095 4724 3287 4773 sancta
3341 4710 3567 4769 Ecclesia
3589 4703 3752 4768 ειδεαυε
3785 4701 3833 4741 ξδ’

2332 4814 2642 4871 tisfactione
2664 4812 2970 4886 juramenti
3000 4812 3244 4881 recipere
3281 4804 3580 4864 consuevit,
3610 4795 3735 4862 cujus
3755 4784 3833 4886 ξοτ·

2335 4925 2482 4963 mam
2517 4911 2577 4963 B.
2621 4906 2922 4977 Gregorius
2965 4904 3021 4958 in
3052 4907 3293 4973 Regesto
3337 4916 3436 4956 suo
3466 4890 3660 4964 reliquit
3685 4887 3726 4939 in
3757 4877 3836 4977 lle

2326 5003 2495 5063 verba
2522 5007 2622 5071 (ep.
2662 4966 2770 5070 10:
2771 5015 2852 5069 ep.
2877 5003 2990 5064 3.):
3027 5021 3052 5045 ει
3089 4966 3201 5068 Εξο
3232 4997 3300 5050 Ν-
3337 4995 3573 5059 (105⁶’⁷)
3600 4966 3839 5071 mimis“-

2332 5095 2435 5150 lius
2464 5095 2772 5165 episcopus,
2804 5097 3088 5162 comperto
3152 5087 3432 5143 divisionis
3461 5085 3632 5153 laqueo
3672 5082 3758 5142 quo
3790 5068 3840 5112 lt"

2332 5188 2522 5254 nebar,
2542 5188 2749 5242 diutina
2769 5199 2984 5240 mecum
3008 5183 3401 5238 deliberatione
3415 5179 3732 5249 pertractans.
3751 5167 3839 5228 P"°'

2331 5297 2400 5336 na
2429 5291 2484 5336 et
2511 5288 2808 5351 spontanea
2839 5279 3113 5333 voluntate
3150 5275 3218 5330 ad
3251 5275 3513 5328 unitatem
3534 5262 3661 5321 sedis
3684 5255 3839 5324 epos“?

2331 5375 2470 5440 lica,
2523 5373 2704 5428 divina
2751 5372 2928 5442 gratia
2958 5369 3120 5437 duce,
3150 5382 3400 5423 reversus
3429 5378 3565 5419 sum.
3593 5363 3663 5410 Ac
3689 5363 3744 5403 ne
3766 5352 3838 5395 0°"

2331 5485 2462 5541 pura
2491 5475 2694 5533 mente,
2725 5464 2821 5520 sed
2845 5464 3094 5520 simulate
3132 5475 3384 5517 reversus
3425 5451 3696 5511 existimer,
3729 5443 3840 5540 Sf‘m‘

2330 5562 2432 5617 deo
2461 5559 2562 5615 sub
2588 5560 2796 5614 ordinis
2822 5559 2926 5613 mei
2958 5571 3088 5612 casu
3107 5563 3161 5610 et
3183 5547 3543 5609 anathematis
3564 5535 3838 5607 obligatione
