  <div class='ocr_page' id='page_1' title='image "/cluster/home/n/w/nwhite01/storage/ocr_20150623/148/hvd.32044054760061/602.png"; bbox 0 0 4002 6168; ppageno 0'>
   <div class='ocr_carea' id='block_1_1' title="bbox 192 306 320 389">
    <p class='ocr_par' dir='ltr' id='par_1_1' title="bbox 192 306 320 389">
     <span class='ocr_line' id='line_1_1' title="bbox 192 306 320 389; baseline 0 0"><span class='ocrx_word' id='word_1_1' title='bbox 192 306 320 389; x_wconf 59' lang='grc'><strong>1493</strong></span> 
     </span>
    </p>
   </div>
   <div class='ocr_carea' id='block_1_2' title="bbox 1093 338 2564 419">
    <p class='ocr_par' dir='ltr' id='par_1_2' title="bbox 1093 338 2564 419">
     <span class='ocr_line' id='line_1_2' title="bbox 1093 338 2564 419; baseline 0.001 -27"><span class='ocrx_word' id='word_1_2' title='bbox 1093 338 1375 392; x_wconf 80' lang='lat' dir='ltr'><strong>APPEND.</strong></span> <span class='ocrx_word' id='word_1_3' title='bbox 1422 340 1506 419; x_wconf 89' lang='lat' dir='ltr'><strong>lll.</strong></span> <span class='ocrx_word' id='word_1_4' title='bbox 1546 367 1618 378; x_wconf 91' lang='lat'><strong><em>—</em></strong></span> <span class='ocrx_word' id='word_1_5' title='bbox 1651 338 2070 395; x_wconf 74' lang='lat' dir='ltr'><strong>MONUMENTA</strong></span> <span class='ocrx_word' id='word_1_6' title='bbox 2106 339 2564 407; x_wconf 79' lang='lat' dir='ltr'><strong>GREGORIANA.</strong></span> 
     </span>
    </p>
   </div>
   <div class='ocr_carea' id='block_1_3' title="bbox 3336 344 3491 397">
    <p class='ocr_par' dir='ltr' id='par_1_3' title="bbox 3336 344 3491 397">
     <span class='ocr_line' id='line_1_3' title="bbox 3336 344 3491 397; baseline 0 -1"><span class='ocrx_word' id='word_1_7' title='bbox 3336 344 3491 397; x_wconf 63' lang='lat'><strong>“94‘</strong></span> 
     </span>
    </p>
   </div>
   <div class='ocr_carea' id='block_1_4' title="bbox 186 446 3472 537">
    <p class='ocr_par' dir='ltr' id='par_1_4' title="bbox 186 446 3472 537">
     <span class='ocr_line' id='line_1_4' title="bbox 186 446 3472 537; baseline 0.004 -22"><span class='ocrx_word' id='word_1_8' title='bbox 186 469 346 532; x_wconf 88' lang='lat' dir='ltr'><strong>atque</strong></span> <span class='ocrx_word' id='word_1_9' title='bbox 360 458 626 531; x_wconf 79' lang='lat' dir='ltr'><strong>promitto</strong></span> <span class='ocrx_word' id='word_1_10' title='bbox 638 446 763 524; x_wconf 85' lang='lat' dir='ltr'><strong>tibi,</strong></span> <span class='ocrx_word' id='word_1_11' title='bbox 783 461 846 514; x_wconf 81' lang='grc' dir='ltr'><strong>Ν.</strong></span> <span class='ocrx_word' id='word_1_12' title='bbox 868 468 922 516; x_wconf 91' lang='lat' dir='ltr'><strong>et</strong></span> <span class='ocrx_word' id='word_1_13' title='bbox 935 474 1031 529; x_wconf 89' lang='lat' dir='ltr'><strong>per</strong></span> <span class='ocrx_word' id='word_1_14' title='bbox 1048 469 1099 515; x_wconf 90' lang='lat' dir='ltr'><strong>te</strong></span> <span class='ocrx_word' id='word_1_15' title='bbox 1114 462 1167 516; x_wconf 90' lang='lat' dir='ltr'><strong>S.</strong></span> <span class='ocrx_word' id='word_1_16' title='bbox 1192 464 1374 529; x_wconf 87' lang='lat' dir='ltr'><strong>Petro,</strong></span> <span class='ocrx_word' id='word_1_17' title='bbox 1395 462 1771 533; x_wconf 86' lang='lat' dir='ltr'><strong>apostolorum</strong></span> <span class='ocrx_word' id='word_1_18' title='bbox 1802 471 1853 529; x_wconf 82' lang='grc' dir='ltr'><strong>Α</strong></span> <span class='ocrx_word' id='word_1_19' title='bbox 1882 463 2207 535; x_wconf 82' lang='lat' dir='ltr'><strong>deponatur,</strong></span> <span class='ocrx_word' id='word_1_20' title='bbox 2227 481 2342 521; x_wconf 90' lang='lat' dir='ltr'><strong>non</strong></span> <span class='ocrx_word' id='word_1_21' title='bbox 2366 474 2552 521; x_wconf 88' lang='lat' dir='ltr'><strong>autem</strong></span> <span class='ocrx_word' id='word_1_22' title='bbox 2572 466 3094 537; x_wconf 81' lang='lat' dir='ltr'><strong>excommunicetur.</strong></span> <span class='ocrx_word' id='word_1_23' title='bbox 3126 493 3151 516; x_wconf 75' lang='grc' dir='ltr'><strong>«ι</strong></span> <span class='ocrx_word' id='word_1_24' title='bbox 3175 473 3302 526; x_wconf 84' lang='lat' dir='ltr'><strong>Non</strong></span> <span class='ocrx_word' id='word_1_25' title='bbox 3326 472 3472 527; x_wconf 92' lang='lat' dir='ltr'><strong>enim</strong></span> 
     </span>
    </p>
   </div>
   <div class='ocr_carea' id='block_1_5' title="bbox 187 551 1769 626">
    <p class='ocr_par' dir='ltr' id='par_1_5' title="bbox 187 551 1769 626">
     <span class='ocr_line' id='line_1_5' title="bbox 187 551 1769 626; baseline 0.001 -19"><span class='ocrx_word' id='word_1_26' title='bbox 187 552 429 623; x_wconf 84' lang='lat' dir='ltr'><strong>principi,</strong></span> <span class='ocrx_word' id='word_1_27' title='bbox 471 558 637 624; x_wconf 90' lang='lat' dir='ltr'><strong>atque</strong></span> <span class='ocrx_word' id='word_1_28' title='bbox 675 552 791 623; x_wconf 88' lang='lat' dir='ltr'><strong>ejus</strong></span> <span class='ocrx_word' id='word_1_29' title='bbox 839 551 1056 619; x_wconf 89' lang='lat' dir='ltr'><strong>vicario,</strong></span> <span class='ocrx_word' id='word_1_30' title='bbox 1106 552 1419 610; x_wconf 88' lang='lat' dir='ltr'><strong>beatissimo</strong></span> <span class='ocrx_word' id='word_1_31' title='bbox 1468 556 1769 626; x_wconf 85' lang='lat' dir='ltr'><strong>Gregorio,</strong></span> 
     </span>
    </p>
   </div>
   <div class='ocr_carea' id='block_1_6' title="bbox 183 644 1774 719">
    <p class='ocr_par' dir='ltr' id='par_1_6' title="bbox 183 644 1774 719">
     <span class='ocr_line' id='line_1_6' title="bbox 183 644 1774 719; baseline 0.001 -19"><span class='ocrx_word' id='word_1_32' title='bbox 183 648 261 703; x_wconf 89' lang='lat' dir='ltr'><strong>vel</strong></span> <span class='ocrx_word' id='word_1_33' title='bbox 304 645 714 701; x_wconf 84' lang='lat' dir='ltr'><strong>successoribus</strong></span> <span class='ocrx_word' id='word_1_34' title='bbox 758 644 896 716; x_wconf 86' lang='lat' dir='ltr'><strong>ejus,</strong></span> <span class='ocrx_word' id='word_1_35' title='bbox 954 661 1040 701; x_wconf 91' lang='lat' dir='ltr'><strong>me</strong></span> <span class='ocrx_word' id='word_1_36' title='bbox 1076 662 1359 717; x_wconf 87' lang='lat' dir='ltr'><strong>nunquam</strong></span> <span class='ocrx_word' id='word_1_37' title='bbox 1402 648 1774 719; x_wconf 88' lang='lat' dir='ltr'><strong>quorumlibet</strong></span> 
     </span>
    </p>
   </div>
   <div class='ocr_carea' id='block_1_7' title="bbox 185 735 1770 809">
    <p class='ocr_par' dir='ltr' id='par_1_7' title="bbox 185 735 1770 809">
     <span class='ocr_line' id='line_1_7' title="bbox 185 735 1770 809; baseline -0.001 -16"><span class='ocrx_word' id='word_1_38' title='bbox 185 735 543 803; x_wconf 84' lang='lat' dir='ltr'><strong>suasionibus,</strong></span> <span class='ocrx_word' id='word_1_39' title='bbox 575 736 659 792; x_wconf 87' lang='lat' dir='ltr'><strong>vel</strong></span> <span class='ocrx_word' id='word_1_40' title='bbox 683 752 1011 809; x_wconf 89' lang='lat' dir='ltr'><strong>quocunque</strong></span> <span class='ocrx_word' id='word_1_41' title='bbox 1051 737 1156 792; x_wconf 90' lang='lat' dir='ltr'><strong>alio</strong></span> <span class='ocrx_word' id='word_1_42' title='bbox 1202 737 1374 793; x_wconf 88' lang='lat' dir='ltr'><strong>modo</strong></span> <span class='ocrx_word' id='word_1_43' title='bbox 1403 737 1473 794; x_wconf 92' lang='lat' dir='ltr'><strong>ad</strong></span> <span class='ocrx_word' id='word_1_44' title='bbox 1502 737 1770 806; x_wconf 89' lang='lat' dir='ltr'><strong>schisma,</strong></span> 
     </span>
    </p>
   </div>
   <div class='ocr_carea' id='block_1_8' title="bbox 185 828 1769 903">
    <p class='ocr_par' dir='ltr' id='par_1_8' title="bbox 185 828 1769 903">
     <span class='ocr_line' id='line_1_8' title="bbox 185 828 1769 903; baseline -0.001 -16"><span class='ocrx_word' id='word_1_45' title='bbox 185 830 251 887; x_wconf 90' lang='lat' dir='ltr'><strong>de</strong></span> <span class='ocrx_word' id='word_1_46' title='bbox 268 846 376 903; x_wconf 91' lang='lat' dir='ltr'><strong>quo</strong></span> <span class='ocrx_word' id='word_1_47' title='bbox 394 828 781 901; x_wconf 80' lang='lat' dir='ltr'><strong>Redemptoris</strong></span> <span class='ocrx_word' id='word_1_48' title='bbox 800 829 971 901; x_wconf 88' lang='lat' dir='ltr'><strong>gratia</strong></span> <span class='ocrx_word' id='word_1_49' title='bbox 990 829 1250 886; x_wconf 89' lang='lat' dir='ltr'><strong>liberatus</strong></span> <span class='ocrx_word' id='word_1_50' title='bbox 1274 846 1399 886; x_wconf 89' lang='lat' dir='ltr'><strong>sum</strong></span> <span class='ocrx_word' id='word_1_51' title='bbox 1420 832 1571 898; x_wconf 57' lang='lat' dir='ltr'><strong>[edit</strong></span> <span class='ocrx_word' id='word_1_52' title='bbox 1594 835 1769 895; x_wconf 74' lang='lat' dir='ltr'><strong>Rom,</strong></span> 
     </span>
    </p>
   </div>
   <div class='ocr_carea' id='block_1_9' title="bbox 186 921 1773 996">
    <p class='ocr_par' dir='ltr' id='par_1_9' title="bbox 186 921 1773 996">
     <span class='ocr_line' id='line_1_9' title="bbox 186 921 1773 996; baseline -0.001 -16"><span class='ocrx_word' id='word_1_53' title='bbox 186 922 326 980; x_wconf 91' lang='lat' dir='ltr'><strong>Red.</strong></span> <span class='ocrx_word' id='word_1_54' title='bbox 356 922 531 979; x_wconf 87' lang='lat' dir='ltr'><strong>nostri</strong></span> <span class='ocrx_word' id='word_1_55' title='bbox 562 921 937 978; x_wconf 85' lang='lat' dir='ltr'><strong>misericordia</strong></span> <span class='ocrx_word' id='word_1_56' title='bbox 962 922 1224 979; x_wconf 91' lang='lat' dir='ltr'><strong>liberante</strong></span> <span class='ocrx_word' id='word_1_57' title='bbox 1247 932 1462 994; x_wconf 91' lang='lat' dir='ltr'><strong>ereptus</strong></span> <span class='ocrx_word' id='word_1_58' title='bbox 1491 923 1668 996; x_wconf 76' lang='lat' dir='ltr'><strong>sum],</strong></span> <span class='ocrx_word' id='word_1_59' title='bbox 1694 941 1773 979; x_wconf 84' lang='lat' dir='ltr'><strong>re-</strong></span> 
     </span>
    </p>
   </div>
   <div class='ocr_carea' id='block_1_10' title="bbox 184 1015 1773 1087">
    <p class='ocr_par' dir='ltr' id='par_1_10' title="bbox 184 1015 1773 1087">
     <span class='ocr_line' id='line_1_10' title="bbox 184 1015 1773 1087; baseline 0.001 -16"><span class='ocrx_word' id='word_1_60' title='bbox 184 1033 501 1083; x_wconf 86' lang='lat' dir='ltr'><strong>versurum;</strong></span> <span class='ocrx_word' id='word_1_61' title='bbox 523 1015 621 1072; x_wconf 90' lang='lat' dir='ltr'><strong>sed</strong></span> <span class='ocrx_word' id='word_1_62' title='bbox 645 1032 860 1087; x_wconf 85' lang='lat' dir='ltr'><strong>semper</strong></span> <span class='ocrx_word' id='word_1_63' title='bbox 887 1032 977 1072; x_wconf 91' lang='lat' dir='ltr'><strong>me</strong></span> <span class='ocrx_word' id='word_1_64' title='bbox 1006 1016 1060 1070; x_wconf 92' lang='lat' dir='ltr'><strong>in</strong></span> <span class='ocrx_word' id='word_1_65' title='bbox 1089 1017 1294 1072; x_wconf 90' lang='lat' dir='ltr'><strong>unitate</strong></span> <span class='ocrx_word' id='word_1_66' title='bbox 1323 1026 1523 1073; x_wconf 65' lang='lat' dir='ltr'><strong>sanctae</strong></span> <span class='ocrx_word' id='word_1_67' title='bbox 1552 1018 1773 1073; x_wconf 88' lang='lat' dir='ltr'><strong>Ecccle—</strong></span> 
     </span>
    </p>
   </div>
   <div class='ocr_carea' id='block_1_11' title="bbox 184 1110 1775 1182">
    <p class='ocr_par' dir='ltr' id='par_1_11' title="bbox 184 1110 1775 1182">
     <span class='ocr_line' id='line_1_11' title="bbox 184 1110 1775 1182; baseline 0 -17"><span class='ocrx_word' id='word_1_68' title='bbox 184 1111 277 1167; x_wconf 76' lang='lat' dir='ltr'><strong>siae</strong></span> <span class='ocrx_word' id='word_1_69' title='bbox 302 1110 586 1166; x_wconf 68' lang='lat' dir='ltr'><strong>catholica:</strong></span> <span class='ocrx_word' id='word_1_70' title='bbox 614 1118 669 1165; x_wconf 89' lang='lat' dir='ltr'><strong>et</strong></span> <span class='ocrx_word' id='word_1_71' title='bbox 695 1111 1083 1165; x_wconf 89' lang='lat' dir='ltr'><strong>communione</strong></span> <span class='ocrx_word' id='word_1_72' title='bbox 1102 1110 1344 1166; x_wconf 87' lang='lat' dir='ltr'><strong>Romani</strong></span> <span class='ocrx_word' id='word_1_73' title='bbox 1373 1110 1648 1182; x_wconf 86' lang='lat' dir='ltr'><strong>pontiﬁcis</strong></span> <span class='ocrx_word' id='word_1_74' title='bbox 1680 1126 1775 1180; x_wconf 91' lang='lat' dir='ltr'><strong>per</strong></span> 
     </span>
    </p>
   </div>
   <div class='ocr_carea' id='block_1_12' title="bbox 183 1202 1773 1275">
    <p class='ocr_par' dir='ltr' id='par_1_12' title="bbox 183 1202 1773 1275">
     <span class='ocr_line' id='line_1_12' title="bbox 183 1202 1773 1275; baseline -0.001 -16"><span class='ocrx_word' id='word_1_75' title='bbox 183 1204 366 1260; x_wconf 89' lang='lat' dir='ltr'><strong>omnia</strong></span> <span class='ocrx_word' id='word_1_76' title='bbox 391 1219 726 1275; x_wconf 87' lang='lat' dir='ltr'><strong>permanere.</strong></span> <span class='ocrx_word' id='word_1_77' title='bbox 761 1204 929 1259; x_wconf 90' lang='lat' dir='ltr'><strong>Unde</strong></span> <span class='ocrx_word' id='word_1_78' title='bbox 949 1203 1143 1275; x_wconf 87' lang='lat' dir='ltr'><strong>jurans</strong></span> <span class='ocrx_word' id='word_1_79' title='bbox 1170 1202 1294 1259; x_wconf 91' lang='lat' dir='ltr'><strong>dico</strong></span> <span class='ocrx_word' id='word_1_80' title='bbox 1327 1219 1423 1275; x_wconf 91' lang='lat' dir='ltr'><strong>per</strong></span> <span class='ocrx_word' id='word_1_81' title='bbox 1455 1207 1627 1258; x_wconf 90' lang='lat' dir='ltr'><strong>Deum</strong></span> <span class='ocrx_word' id='word_1_82' title='bbox 1657 1219 1773 1258; x_wconf 85' lang='lat' dir='ltr'><strong>om-</strong></span> 
     </span>
    </p>
   </div>
   <div class='ocr_carea' id='block_1_13' title="bbox 182 1296 1770 1369">
    <p class='ocr_par' dir='ltr' id='par_1_13' title="bbox 182 1296 1770 1369">
     <span class='ocr_line' id='line_1_13' title="bbox 182 1296 1770 1369; baseline -0.003 -15"><span class='ocrx_word' id='word_1_83' title='bbox 182 1298 543 1369; x_wconf 88' lang='lat' dir='ltr'><strong>nipotentem,</strong></span> <span class='ocrx_word' id='word_1_84' title='bbox 572 1304 627 1352; x_wconf 91' lang='lat' dir='ltr'><strong>et</strong></span> <span class='ocrx_word' id='word_1_85' title='bbox 664 1312 758 1367; x_wconf 91' lang='lat' dir='ltr'><strong>per</strong></span> <span class='ocrx_word' id='word_1_86' title='bbox 786 1296 902 1351; x_wconf 69' lang='lat' dir='ltr'><strong>haec</strong></span> <span class='ocrx_word' id='word_1_87' title='bbox 944 1304 1129 1352; x_wconf 89' lang='lat' dir='ltr'><strong>sancta</strong></span> <span class='ocrx_word' id='word_1_88' title='bbox 1175 1304 1415 1367; x_wconf 85' lang='lat' dir='ltr'><strong>quatuor</strong></span> <span class='ocrx_word' id='word_1_89' title='bbox 1449 1296 1770 1368; x_wconf 83' lang='lat' dir='ltr'><strong>Evangelia,</strong></span> 
     </span>
    </p>
   </div>
   <div class='ocr_carea' id='block_1_14' title="bbox 183 1389 1773 1463">
    <p class='ocr_par' dir='ltr' id='par_1_14' title="bbox 183 1389 1773 1463">
     <span class='ocr_line' id='line_1_14' title="bbox 183 1389 1773 1463; baseline -0.003 -15"><span class='ocrx_word' id='word_1_90' title='bbox 183 1406 307 1463; x_wconf 78' lang='lat' dir='ltr'><strong>quae</strong></span> <span class='ocrx_word' id='word_1_91' title='bbox 328 1390 381 1446; x_wconf 91' lang='lat' dir='ltr'><strong>in</strong></span> <span class='ocrx_word' id='word_1_92' title='bbox 402 1390 541 1446; x_wconf 91' lang='lat' dir='ltr'><strong>meis</strong></span> <span class='ocrx_word' id='word_1_93' title='bbox 562 1389 816 1445; x_wconf 86' lang='lat' dir='ltr'><strong>manibus</strong></span> <span class='ocrx_word' id='word_1_94' title='bbox 843 1398 1023 1457; x_wconf 82' lang='lat' dir='ltr'><strong>teneo,</strong></span> <span class='ocrx_word' id='word_1_95' title='bbox 1044 1405 1133 1459; x_wconf 74' lang='lat' dir='ltr'><strong>me</strong></span> <span class='ocrx_word' id='word_1_96' title='bbox 1157 1389 1215 1444; x_wconf 89' lang='lat' dir='ltr'><strong>in</strong></span> <span class='ocrx_word' id='word_1_97' title='bbox 1235 1390 1465 1456; x_wconf 88' lang='lat' dir='ltr'><strong>unitate,</strong></span> <span class='ocrx_word' id='word_1_98' title='bbox 1483 1390 1625 1445; x_wconf 87' lang='lat' dir='ltr'><strong>sicut</strong></span> <span class='ocrx_word' id='word_1_99' title='bbox 1643 1390 1773 1454; x_wconf 78' lang='lat' dir='ltr'><strong>dixi,</strong></span> 
     </span>
    </p>
   </div>
   <div class='ocr_carea' id='block_1_15' title="bbox 183 1483 1776 1556">
    <p class='ocr_par' dir='ltr' id='par_1_15' title="bbox 183 1483 1776 1556">
     <span class='ocr_line' id='line_1_15' title="bbox 183 1483 1776 1556; baseline -0.003 -16"><span class='ocrx_word' id='word_1_100' title='bbox 183 1484 476 1550; x_wconf 74' lang='lat' dir='ltr'><strong>Ecclesize;</strong></span> <span class='ocrx_word' id='word_1_101' title='bbox 520 1483 590 1539; x_wconf 89' lang='lat' dir='ltr'><strong>ad</strong></span> <span class='ocrx_word' id='word_1_102' title='bbox 620 1499 808 1556; x_wconf 89' lang='lat' dir='ltr'><strong>quam,</strong></span> <span class='ocrx_word' id='word_1_103' title='bbox 838 1485 958 1538; x_wconf 89' lang='lat' dir='ltr'><strong>Deo</strong></span> <span class='ocrx_word' id='word_1_104' title='bbox 986 1483 1246 1554; x_wconf 88' lang='lat' dir='ltr'><strong>pr0pitio,</strong></span> <span class='ocrx_word' id='word_1_105' title='bbox 1275 1499 1398 1538; x_wconf 91' lang='lat' dir='ltr'><strong>sum</strong></span> <span class='ocrx_word' id='word_1_106' title='bbox 1426 1497 1697 1549; x_wconf 87' lang='lat' dir='ltr'><strong>reversus,</strong></span> <span class='ocrx_word' id='word_1_107' title='bbox 1720 1490 1776 1536; x_wconf 84' lang='lat' dir='ltr'><strong>et</strong></span> 
     </span>
    </p>
   </div>
   <div class='ocr_carea' id='block_1_16' title="bbox 183 1575 1774 1648">
    <p class='ocr_par' dir='ltr' id='par_1_16' title="bbox 183 1575 1774 1648">
     <span class='ocr_line' id='line_1_16' title="bbox 183 1575 1774 1648; baseline -0.003 -14"><span class='ocrx_word' id='word_1_108' title='bbox 183 1579 578 1634; x_wconf 90' lang='lat' dir='ltr'><strong>communione</strong></span> <span class='ocrx_word' id='word_1_109' title='bbox 598 1577 834 1632; x_wconf 85' lang='lat' dir='ltr'><strong>Romani</strong></span> <span class='ocrx_word' id='word_1_110' title='bbox 862 1575 1132 1648; x_wconf 86' lang='lat' dir='ltr'><strong>pontiﬁcis</strong></span> <span class='ocrx_word' id='word_1_111' title='bbox 1146 1592 1361 1647; x_wconf 89' lang='lat' dir='ltr'><strong>semper</strong></span> <span class='ocrx_word' id='word_1_112' title='bbox 1388 1584 1445 1631; x_wconf 93' lang='lat' dir='ltr'><strong>et</strong></span> <span class='ocrx_word' id='word_1_113' title='bbox 1467 1576 1583 1631; x_wconf 91' lang='lat' dir='ltr'><strong>sine</strong></span> <span class='ocrx_word' id='word_1_114' title='bbox 1607 1575 1774 1631; x_wconf 91' lang='lat' dir='ltr'><strong>dubio</strong></span> 
     </span>
    </p>
   </div>
   <div class='ocr_carea' id='block_1_17' title="bbox 184 1668 1776 1744">
    <p class='ocr_par' dir='ltr' id='par_1_17' title="bbox 184 1668 1776 1744">
     <span class='ocr_line' id='line_1_17' title="bbox 184 1668 1776 1744; baseline -0.001 -18"><span class='ocrx_word' id='word_1_115' title='bbox 184 1686 525 1744; x_wconf 88' lang='lat' dir='ltr'><strong>permanere.</strong></span> <span class='ocrx_word' id='word_1_116' title='bbox 559 1669 721 1743; x_wconf 92' lang='lat' dir='ltr'><strong>Quod</strong></span> <span class='ocrx_word' id='word_1_117' title='bbox 745 1670 814 1737; x_wconf 88' lang='lat' dir='ltr'><strong>si,</strong></span> <span class='ocrx_word' id='word_1_118' title='bbox 842 1670 990 1741; x_wconf 89' lang='lat' dir='ltr'><strong>quod</strong></span> <span class='ocrx_word' id='word_1_119' title='bbox 1016 1669 1189 1725; x_wconf 91' lang='lat' dir='ltr'><strong>absit!</strong></span> <span class='ocrx_word' id='word_1_120' title='bbox 1222 1669 1290 1729; x_wconf 90' lang='lat' dir='ltr'><strong>ab</strong></span> <span class='ocrx_word' id='word_1_121' title='bbox 1321 1668 1424 1724; x_wconf 92' lang='lat' dir='ltr'><strong>hac</strong></span> <span class='ocrx_word' id='word_1_122' title='bbox 1451 1685 1539 1724; x_wconf 90' lang='lat' dir='ltr'><strong>me</strong></span> <span class='ocrx_word' id='word_1_123' title='bbox 1567 1670 1776 1724; x_wconf 84' lang='lat' dir='ltr'><strong>unitate</strong></span> 
     </span>
    </p>
   </div>
   <div class='ocr_carea' id='block_1_18' title="bbox 179 1761 1776 1836">
    <p class='ocr_par' dir='ltr' id='par_1_18' title="bbox 179 1761 1776 1836">
     <span class='ocr_line' id='line_1_18' title="bbox 179 1761 1776 1836; baseline -0.003 -16"><span class='ocrx_word' id='word_1_124' title='bbox 179 1765 364 1836; x_wconf 87' lang='lat' dir='ltr'><strong>aliqua</strong></span> <span class='ocrx_word' id='word_1_125' title='bbox 405 1763 749 1820; x_wconf 80' lang='lat' dir='ltr'><strong>excusatione</strong></span> <span class='ocrx_word' id='word_1_126' title='bbox 785 1764 867 1818; x_wconf 88' lang='lat' dir='ltr'><strong>vel</strong></span> <span class='ocrx_word' id='word_1_127' title='bbox 914 1770 1238 1835; x_wconf 84' lang='lat' dir='ltr'><strong>argumento</strong></span> <span class='ocrx_word' id='word_1_128' title='bbox 1267 1761 1521 1827; x_wconf 86' lang='lat' dir='ltr'><strong>divisere,</strong></span> <span class='ocrx_word' id='word_1_129' title='bbox 1555 1762 1776 1834; x_wconf 90' lang='lat' dir='ltr'><strong>perjurii</strong></span> 
     </span>
    </p>
   </div>
   <div class='ocr_carea' id='block_1_19' title="bbox 1885 556 3474 631">
    <p class='ocr_par' dir='ltr' id='par_1_19' title="bbox 1885 556 3474 631">
     <span class='ocr_line' id='line_1_19' title="bbox 1885 556 3474 631; baseline 0.007 -20"><span class='ocrx_word' id='word_1_130' title='bbox 1885 560 2033 613; x_wconf 92' lang='lat' dir='ltr'><strong>Deus</strong></span> <span class='ocrx_word' id='word_1_131' title='bbox 2063 557 2145 612; x_wconf 92' lang='lat' dir='ltr'><strong>bis</strong></span> <span class='ocrx_word' id='word_1_132' title='bbox 2167 556 2381 629; x_wconf 90' lang='lat' dir='ltr'><strong>judicat</strong></span> <span class='ocrx_word' id='word_1_133' title='bbox 2409 558 2466 613; x_wconf 92' lang='lat' dir='ltr'><strong>in</strong></span> <span class='ocrx_word' id='word_1_134' title='bbox 2494 556 2749 629; x_wconf 89' lang='lat' dir='ltr'><strong>idipsum.</strong></span> <span class='ocrx_word' id='word_1_135' title='bbox 2794 562 3025 631; x_wconf 81' lang='lat' dir='ltr'><strong>Nempe,</strong></span> <span class='ocrx_word' id='word_1_136' title='bbox 3050 561 3206 631; x_wconf 86' lang='lat' dir='ltr'><strong>juxta</strong></span> <span class='ocrx_word' id='word_1_137' title='bbox 3235 566 3474 623; x_wconf 86' lang='lat' dir='ltr'><strong>ecclesia-</strong></span> 
     </span>
    </p>
   </div>
   <div class='ocr_carea' id='block_1_20' title="bbox 1882 648 3472 724">
    <p class='ocr_par' dir='ltr' id='par_1_20' title="bbox 1882 648 3472 724">
     <span class='ocr_line' id='line_1_20' title="bbox 1882 648 3472 724; baseline 0.006 -19"><span class='ocrx_word' id='word_1_138' title='bbox 1882 649 2078 705; x_wconf 89' lang='lat' dir='ltr'><strong>sticam</strong></span> <span class='ocrx_word' id='word_1_139' title='bbox 2109 651 2589 719; x_wconf 83' lang='lat' dir='ltr'><strong>consuetudinem,</strong></span> <span class='ocrx_word' id='word_1_140' title='bbox 2619 648 2847 708; x_wconf 81' lang='lat' dir='ltr'><strong>clericus</strong></span> <span class='ocrx_word' id='word_1_141' title='bbox 2893 669 2993 724; x_wconf 91' lang='lat' dir='ltr'><strong>pro</strong></span> <span class='ocrx_word' id='word_1_142' title='bbox 3021 670 3088 710; x_wconf 87' lang='lat' dir='ltr'><strong>eo</strong></span> <span class='ocrx_word' id='word_1_143' title='bbox 3116 656 3344 713; x_wconf 88' lang='lat' dir='ltr'><strong>crimine</strong></span> <span class='ocrx_word' id='word_1_144' title='bbox 3371 658 3472 714; x_wconf 86' lang='lat' dir='ltr'><strong>de-</strong></span> 
     </span>
    </p>
   </div>
   <div class='ocr_carea' id='block_1_21' title="bbox 1880 742 3473 815">
    <p class='ocr_par' dir='ltr' id='par_1_21' title="bbox 1880 742 3473 815">
     <span class='ocr_line' id='line_1_21' title="bbox 1880 742 3473 815; baseline 0.006 -17"><span class='ocrx_word' id='word_1_145' title='bbox 1880 742 2011 813; x_wconf 91' lang='lat' dir='ltr'><strong>poni</strong></span> <span class='ocrx_word' id='word_1_146' title='bbox 2051 742 2277 813; x_wconf 88' lang='lat' dir='ltr'><strong>jubetur</strong></span> <span class='ocrx_word' id='word_1_147' title='bbox 2317 760 2415 814; x_wconf 91' lang='lat' dir='ltr'><strong>pro</strong></span> <span class='ocrx_word' id='word_1_148' title='bbox 2462 760 2570 815; x_wconf 92' lang='lat' dir='ltr'><strong>quo</strong></span> <span class='ocrx_word' id='word_1_149' title='bbox 2600 744 2790 811; x_wconf 87' lang='lat' dir='ltr'><strong>laicus,</strong></span> <span class='ocrx_word' id='word_1_150' title='bbox 2834 746 2881 800; x_wconf 89' lang='lat' dir='ltr'><strong>si</strong></span> <span class='ocrx_word' id='word_1_151' title='bbox 2918 746 3219 815; x_wconf 85' lang='lat' dir='ltr'><strong>admiserit,</strong></span> <span class='ocrx_word' id='word_1_152' title='bbox 3250 764 3473 807; x_wconf 83' lang='lat' dir='ltr'><strong>excom-</strong></span> 
     </span>
    </p>
   </div>
   <div class='ocr_carea' id='block_1_22' title="bbox 1879 834 3473 902">
    <p class='ocr_par' dir='ltr' id='par_1_22' title="bbox 1879 834 3473 902">
     <span class='ocr_line' id='line_1_22' title="bbox 1879 834 3473 902; baseline 0.006 -12"><span class='ocrx_word' id='word_1_153' title='bbox 1879 834 2272 902; x_wconf 88' lang='lat' dir='ltr'><strong>municabitur,</strong></span> <span class='ocrx_word' id='word_1_154' title='bbox 2303 844 2364 891; x_wconf 92' lang='lat' dir='ltr'><strong>ut</strong></span> <span class='ocrx_word' id='word_1_155' title='bbox 2405 837 2462 891; x_wconf 90' lang='lat' dir='ltr'><strong>in</strong></span> <span class='ocrx_word' id='word_1_156' title='bbox 2502 838 2718 894; x_wconf 88' lang='lat' dir='ltr'><strong>statutis</strong></span> <span class='ocrx_word' id='word_1_157' title='bbox 2748 847 3064 896; x_wconf 87' lang='lat' dir='ltr'><strong>sanctorum</strong></span> <span class='ocrx_word' id='word_1_158' title='bbox 3094 845 3320 898; x_wconf 85' lang='lat' dir='ltr'><strong>Patrum</strong></span> <span class='ocrx_word' id='word_1_159' title='bbox 3360 842 3473 899; x_wconf 89' lang='lat' dir='ltr'><strong>fre-</strong></span> 
     </span>
    </p>
   </div>
   <div class='ocr_carea' id='block_1_23' title="bbox 1882 928 2610 1000">
    <p class='ocr_par' dir='ltr' id='par_1_23' title="bbox 1882 928 2610 1000">
     <span class='ocr_line' id='line_1_23' title="bbox 1882 928 2610 1000; baseline 0.003 -17"><span class='ocrx_word' id='word_1_160' title='bbox 1882 928 2238 1000; x_wconf 90' lang='lat' dir='ltr'><strong>quentissime</strong></span> <span class='ocrx_word' id='word_1_161' title='bbox 2278 929 2610 986; x_wconf 86' lang='lat' dir='ltr'><strong>decernitur.</strong></span> 
     </span>
    </p>
   </div>
   <div class='ocr_carea' id='block_1_24' title="bbox 1957 1021 3474 1095">
    <p class='ocr_par' dir='ltr' id='par_1_24' title="bbox 1957 1021 3474 1095">
     <span class='ocr_line' id='line_1_24' title="bbox 1957 1021 3474 1095; baseline 0.005 -17"><span class='ocrx_word' id='word_1_162' title='bbox 1957 1021 2116 1078; x_wconf 88' lang='lat' dir='ltr'><strong>Unde</strong></span> <span class='ocrx_word' id='word_1_163' title='bbox 2171 1030 2227 1077; x_wconf 91' lang='lat' dir='ltr'><strong>et</strong></span> <span class='ocrx_word' id='word_1_164' title='bbox 2258 1022 2379 1077; x_wconf 91' lang='lat' dir='ltr'><strong>laici</strong></span> <span class='ocrx_word' id='word_1_165' title='bbox 2421 1021 2626 1095; x_wconf 85' lang='lat' dir='ltr'><strong>absque</strong></span> <span class='ocrx_word' id='word_1_166' title='bbox 2671 1025 3035 1082; x_wconf 89' lang='lat' dir='ltr'><strong>ecclesiastica</strong></span> <span class='ocrx_word' id='word_1_167' title='bbox 3083 1030 3474 1095; x_wconf 88' lang='lat' dir='ltr'><strong>communione</strong></span> 
     </span>
    </p>
   </div>
   <div class='ocr_carea' id='block_1_25' title="bbox 1882 1114 3475 1189">
    <p class='ocr_par' dir='ltr' id='par_1_25' title="bbox 1882 1114 3475 1189">
     <span class='ocr_line' id='line_1_25' title="bbox 1882 1114 3475 1189; baseline 0.006 -21"><span class='ocrx_word' id='word_1_168' title='bbox 1882 1114 2061 1169; x_wconf 85' lang='lat' dir='ltr'><strong>solent</strong></span> <span class='ocrx_word' id='word_1_169' title='bbox 2089 1116 2382 1185; x_wconf 85' lang='lat' dir='ltr'><strong>poenitere,</strong></span> <span class='ocrx_word' id='word_1_170' title='bbox 2421 1115 2563 1171; x_wconf 88' lang='lat' dir='ltr'><strong>sicut</strong></span> <span class='ocrx_word' id='word_1_171' title='bbox 2590 1124 2647 1171; x_wconf 89' lang='lat' dir='ltr'><strong>et</strong></span> <span class='ocrx_word' id='word_1_172' title='bbox 2673 1116 2853 1173; x_wconf 88' lang='lat' dir='ltr'><strong>clerici</strong></span> <span class='ocrx_word' id='word_1_173' title='bbox 2888 1118 3092 1189; x_wconf 87' lang='lat' dir='ltr'><strong>absque</strong></span> <span class='ocrx_word' id='word_1_174' title='bbox 3126 1120 3475 1178; x_wconf 86' lang='lat' dir='ltr'><strong>administra-</strong></span> 
     </span>
    </p>
   </div>
   <div class='ocr_carea' id='block_1_26' title="bbox 1883 1207 3476 1284">
    <p class='ocr_par' dir='ltr' id='par_1_26' title="bbox 1883 1207 3476 1284">
     <span class='ocr_line' id='line_1_26' title="bbox 1883 1207 3476 1284; baseline 0.006 -22"><span class='ocrx_word' id='word_1_175' title='bbox 1883 1208 2033 1263; x_wconf 89' lang='lat' dir='ltr'><strong>tione</strong></span> <span class='ocrx_word' id='word_1_176' title='bbox 2062 1207 2245 1262; x_wconf 82' lang='lat' dir='ltr'><strong>olﬁcii.</strong></span> <span class='ocrx_word' id='word_1_177' title='bbox 2280 1211 2399 1264; x_wconf 89' lang='lat' dir='ltr'><strong>Non</strong></span> <span class='ocrx_word' id='word_1_178' title='bbox 2448 1223 2576 1280; x_wconf 91' lang='lat' dir='ltr'><strong>ergo</strong></span> <span class='ocrx_word' id='word_1_179' title='bbox 2605 1209 2811 1265; x_wconf 88' lang='lat' dir='ltr'><strong>mirum</strong></span> <span class='ocrx_word' id='word_1_180' title='bbox 2853 1211 2900 1266; x_wconf 88' lang='lat' dir='ltr'><strong>si</strong></span> <span class='ocrx_word' id='word_1_181' title='bbox 2938 1212 3119 1267; x_wconf 91' lang='lat' dir='ltr'><strong>clerici</strong></span> <span class='ocrx_word' id='word_1_182' title='bbox 3158 1229 3253 1284; x_wconf 91' lang='lat' dir='ltr'><strong>per</strong></span> <span class='ocrx_word' id='word_1_183' title='bbox 3281 1230 3476 1272; x_wconf 90' lang='lat' dir='ltr'><strong>manus</strong></span> 
     </span>
    </p>
   </div>
   <div class='ocr_carea' id='block_1_27' title="bbox 1885 1299 3478 1375">
    <p class='ocr_par' dir='ltr' id='par_1_27' title="bbox 1885 1299 3478 1375">
     <span class='ocr_line' id='line_1_27' title="bbox 1885 1299 3478 1375; baseline 0.006 -21"><span class='ocrx_word' id='word_1_184' title='bbox 1885 1299 2297 1370; x_wconf 90' lang='lat' dir='ltr'><strong>impositionem</strong></span> <span class='ocrx_word' id='word_1_185' title='bbox 2342 1300 2646 1357; x_wconf 89' lang='lat' dir='ltr'><strong>remedium</strong></span> <span class='ocrx_word' id='word_1_186' title='bbox 2675 1302 2977 1374; x_wconf 81' lang='lat' dir='ltr'><strong>paenitendi</strong></span> <span class='ocrx_word' id='word_1_187' title='bbox 3008 1320 3105 1375; x_wconf 92' lang='lat' dir='ltr'><strong>pro</strong></span> <span class='ocrx_word' id='word_1_188' title='bbox 3151 1306 3478 1363; x_wconf 87' lang='lat' dir='ltr'><strong>criminibus</strong></span> 
     </span>
    </p>
   </div>
   <div class='ocr_carea' id='block_1_28' title="bbox 1883 1391 3477 1470">
    <p class='ocr_par' dir='ltr' id='par_1_28' title="bbox 1883 1391 3477 1470">
     <span class='ocr_line' id='line_1_28' title="bbox 1883 1391 3477 1470; baseline 0.004 -23"><span class='ocrx_word' id='word_1_189' title='bbox 1883 1391 2185 1448; x_wconf 90' lang='lat' dir='ltr'><strong>admissum</strong></span> <span class='ocrx_word' id='word_1_190' title='bbox 2216 1409 2350 1461; x_wconf 89' lang='lat' dir='ltr'><strong>non,</strong></span> <span class='ocrx_word' id='word_1_191' title='bbox 2396 1403 2458 1450; x_wconf 93' lang='lat' dir='ltr'><strong>ut</strong></span> <span class='ocrx_word' id='word_1_192' title='bbox 2487 1394 2628 1462; x_wconf 88' lang='lat' dir='ltr'><strong>laici,</strong></span> <span class='ocrx_word' id='word_1_193' title='bbox 2674 1405 3108 1467; x_wconf 90' lang='lat' dir='ltr'><strong>consequuntur,</strong></span> <span class='ocrx_word' id='word_1_194' title='bbox 3153 1399 3240 1469; x_wconf 90' lang='lat' dir='ltr'><strong>qui</strong></span> <span class='ocrx_word' id='word_1_195' title='bbox 3269 1415 3477 1470; x_wconf 90' lang='lat' dir='ltr'><strong>nequa-</strong></span> 
     </span>
    </p>
   </div>
   <div class='ocr_carea' id='block_1_29' title="bbox 1884 1486 3479 1563">
    <p class='ocr_par' dir='ltr' id='par_1_29' title="bbox 1884 1486 3479 1563">
     <span class='ocr_line' id='line_1_29' title="bbox 1884 1486 3479 1563; baseline 0.006 -24"><span class='ocrx_word' id='word_1_196' title='bbox 1884 1501 2069 1556; x_wconf 89' lang='lat' dir='ltr'><strong>quam,</strong></span> <span class='ocrx_word' id='word_1_197' title='bbox 2118 1494 2179 1540; x_wconf 90' lang='lat' dir='ltr'><strong>ut</strong></span> <span class='ocrx_word' id='word_1_198' title='bbox 2226 1486 2321 1553; x_wconf 89' lang='lat' dir='ltr'><strong>illi,</strong></span> <span class='ocrx_word' id='word_1_199' title='bbox 2370 1503 2470 1557; x_wconf 90' lang='lat' dir='ltr'><strong>pro</strong></span> <span class='ocrx_word' id='word_1_200' title='bbox 2519 1488 2841 1544; x_wconf 88' lang='lat' dir='ltr'><strong>criminibus</strong></span> <span class='ocrx_word' id='word_1_201' title='bbox 2885 1491 3352 1547; x_wconf 89' lang='lat' dir='ltr'><strong>excommunicari</strong></span> <span class='ocrx_word' id='word_1_202' title='bbox 3398 1492 3479 1563; x_wconf 84' lang='lat' dir='ltr'><strong>iu-</strong></span> 
     </span>
    </p>
   </div>
   <div class='ocr_carea' id='block_1_30' title="bbox 1884 1578 3479 1653">
    <p class='ocr_par' dir='ltr' id='par_1_30' title="bbox 1884 1578 3479 1653">
     <span class='ocr_line' id='line_1_30' title="bbox 1884 1578 3479 1653; baseline 0.004 -20"><span class='ocrx_word' id='word_1_203' title='bbox 1884 1578 2102 1634; x_wconf 91' lang='lat' dir='ltr'><strong>bentur.</strong></span> <span class='ocrx_word' id='word_1_204' title='bbox 2148 1579 2208 1634; x_wconf 90' lang='lat' dir='ltr'><strong>Si</strong></span> <span class='ocrx_word' id='word_1_205' title='bbox 2252 1588 2440 1635; x_wconf 90' lang='lat' dir='ltr'><strong>autem</strong></span> <span class='ocrx_word' id='word_1_206' title='bbox 2485 1581 2589 1652; x_wconf 92' lang='lat' dir='ltr'><strong>ipsi</strong></span> <span class='ocrx_word' id='word_1_207' title='bbox 2635 1597 2806 1653; x_wconf 89' lang='lat' dir='ltr'><strong>usque</strong></span> <span class='ocrx_word' id='word_1_208' title='bbox 2852 1581 2924 1638; x_wconf 90' lang='lat' dir='ltr'><strong>ad</strong></span> <span class='ocrx_word' id='word_1_209' title='bbox 2956 1583 3323 1640; x_wconf 89' lang='lat' dir='ltr'><strong>anathematis</strong></span> <span class='ocrx_word' id='word_1_210' title='bbox 3350 1600 3479 1640; x_wconf 90' lang='lat' dir='ltr'><strong>sen-</strong></span> 
     </span>
    </p>
   </div>
   <div class='ocr_carea' id='block_1_31' title="bbox 1882 1671 3481 1749">
    <p class='ocr_par' dir='ltr' id='par_1_31' title="bbox 1882 1671 3481 1749">
     <span class='ocr_line' id='line_1_31' title="bbox 1882 1671 3481 1749; baseline 0.004 -23"><span class='ocrx_word' id='word_1_211' title='bbox 1882 1672 2113 1727; x_wconf 89' lang='lat' dir='ltr'><strong>tentiam</strong></span> <span class='ocrx_word' id='word_1_212' title='bbox 2141 1671 2519 1729; x_wconf 90' lang='lat' dir='ltr'><strong>inobedientes</strong></span> <span class='ocrx_word' id='word_1_213' title='bbox 2565 1675 2889 1743; x_wconf 81' lang='lat' dir='ltr'><strong>exstiterint,</strong></span> <span class='ocrx_word' id='word_1_214' title='bbox 2934 1692 3280 1749; x_wconf 88' lang='lat' dir='ltr'><strong>consequens</strong></span> <span class='ocrx_word' id='word_1_215' title='bbox 3309 1686 3393 1733; x_wconf 88' lang='lat' dir='ltr'><strong>est</strong></span> <span class='ocrx_word' id='word_1_216' title='bbox 3419 1685 3481 1732; x_wconf 89' lang='lat' dir='ltr'><strong>ut</strong></span> 
     </span>
    </p>
   </div>
   <div class='ocr_carea' id='block_1_32' title="bbox 1886 1766 3479 1842">
    <p class='ocr_par' dir='ltr' id='par_1_32' title="bbox 1886 1766 3479 1842">
     <span class='ocr_line' id='line_1_32' title="bbox 1886 1766 3479 1842; baseline 0.005 -23"><span class='ocrx_word' id='word_1_217' title='bbox 1886 1781 1982 1835; x_wconf 91' lang='lat' dir='ltr'><strong>per</strong></span> <span class='ocrx_word' id='word_1_218' title='bbox 2007 1780 2201 1821; x_wconf 88' lang='lat' dir='ltr'><strong>manus</strong></span> <span class='ocrx_word' id='word_1_219' title='bbox 2224 1766 2634 1837; x_wconf 88' lang='lat' dir='ltr'><strong>impositionem</strong></span> <span class='ocrx_word' id='word_1_220' title='bbox 2668 1776 2871 1825; x_wconf 64' lang='lat' dir='ltr'><strong>sancta</strong></span> <span class='ocrx_word' id='word_1_221' title='bbox 2898 1768 3340 1842; x_wconf 87' lang='lat' dir='ltr'><strong>redintegrentur</strong></span> <span class='ocrx_word' id='word_1_222' title='bbox 3373 1773 3479 1827; x_wconf 89' lang='lat' dir='ltr'><strong>Ec-</strong></span> 
     </span>
    </p>
   </div>
   <div class='ocr_carea' id='block_1_33' title="bbox 179 1844 3479 1927">
    <p class='ocr_par' dir='ltr' id='par_1_33' title="bbox 179 1844 3479 1927">
     <span class='ocr_line' id='line_1_33' title="bbox 179 1844 3479 1927; baseline 0.002 -13"><span class='ocrx_word' id='word_1_223' title='bbox 179 1866 393 1914; x_wconf 86' lang='lat' dir='ltr'><strong>reatum</strong></span> <span class='ocrx_word' id='word_1_224' title='bbox 421 1857 722 1923; x_wconf 90' lang='lat' dir='ltr'><strong>incurrens,</strong></span> <span class='ocrx_word' id='word_1_225' title='bbox 768 1864 987 1912; x_wconf 71' lang='lat' dir='ltr'><strong>aeternae</strong></span> <span class='ocrx_word' id='word_1_226' title='bbox 1014 1871 1189 1927; x_wconf 56' lang='lat' dir='ltr'><strong>paena).</strong></span> <span class='ocrx_word' id='word_1_227' title='bbox 1218 1855 1489 1926; x_wconf 87' lang='lat' dir='ltr'><strong>obligatus</strong></span> <span class='ocrx_word' id='word_1_228' title='bbox 1513 1856 1778 1923; x_wconf 85' lang='lat' dir='ltr'><strong>inveniar,</strong></span> <span class='ocrx_word' id='word_1_229' title='bbox 1807 1844 1855 1905; x_wconf 87' lang='grc' dir='ltr'>Β</span> <span class='ocrx_word' id='word_1_230' title='bbox 1884 1857 2087 1925; x_wconf 79' lang='lat' dir='ltr'><strong>clesiae,</strong></span> <span class='ocrx_word' id='word_1_231' title='bbox 2129 1875 2258 1914; x_wconf 92' lang='lat' dir='ltr'><strong>cum</strong></span> <span class='ocrx_word' id='word_1_232' title='bbox 2294 1859 2576 1926; x_wconf 86' lang='lat' dir='ltr'><strong>redierint,</strong></span> <span class='ocrx_word' id='word_1_233' title='bbox 2620 1861 2760 1916; x_wconf 87' lang='lat' dir='ltr'><strong>sicut</strong></span> <span class='ocrx_word' id='word_1_234' title='bbox 2803 1870 2858 1917; x_wconf 90' lang='lat' dir='ltr'><strong>et</strong></span> <span class='ocrx_word' id='word_1_235' title='bbox 2901 1872 3156 1919; x_wconf 90' lang='lat' dir='ltr'><strong>sanctum</strong></span> <span class='ocrx_word' id='word_1_236' title='bbox 3187 1863 3479 1920; x_wconf 68' lang='lat' dir='ltr'><strong>Nicaznum</strong></span> 
     </span>
    </p>
   </div>
   <div class='ocr_carea' id='block_1_34' title="bbox 180 1947 1782 2007">
    <p class='ocr_par' dir='ltr' id='par_1_34' title="bbox 180 1947 1782 2007">
     <span class='ocr_line' id='line_1_34' title="bbox 180 1947 1782 2007; baseline -0.002 0"><span class='ocrx_word' id='word_1_237' title='bbox 180 1960 240 2007; x_wconf 89' lang='lat' dir='ltr'><strong>et</strong></span> <span class='ocrx_word' id='word_1_238' title='bbox 265 1966 390 2006; x_wconf 90' lang='lat' dir='ltr'><strong>cum</strong></span> <span class='ocrx_word' id='word_1_239' title='bbox 419 1959 639 2006; x_wconf 91' lang='lat' dir='ltr'><strong>auctore</strong></span> <span class='ocrx_word' id='word_1_240' title='bbox 676 1948 985 2006; x_wconf 88' lang='lat' dir='ltr'><strong>schismatis</strong></span> <span class='ocrx_word' id='word_1_241' title='bbox 1014 1948 1243 2003; x_wconf 89' lang='lat' dir='ltr'><strong>habeam</strong></span> <span class='ocrx_word' id='word_1_242' title='bbox 1262 1947 1326 2002; x_wconf 84' lang='lat' dir='ltr'><strong>in</strong></span> <span class='ocrx_word' id='word_1_243' title='bbox 1350 1948 1537 2004; x_wconf 88' lang='lat' dir='ltr'><strong>futuro</strong></span> <span class='ocrx_word' id='word_1_244' title='bbox 1579 1950 1782 2005; x_wconf 71' lang='lat' dir='ltr'><strong>saeculo</strong></span> 
     </span>
    </p>
   </div>
   <div class='ocr_carea' id='block_1_35' title="bbox 179 2040 1782 2117">
    <p class='ocr_par' dir='ltr' id='par_1_35' title="bbox 179 2040 1782 2117">
     <span class='ocr_line' id='line_1_35' title="bbox 179 2040 1782 2117; baseline -0.002 -17"><span class='ocrx_word' id='word_1_245' title='bbox 179 2045 520 2117; x_wconf 88' lang='lat' dir='ltr'><strong>portionem.</strong></span> <span class='ocrx_word' id='word_1_246' title='bbox 562 2043 719 2105; x_wconf 62' lang='lat' dir='ltr'><strong>Huic,</strong></span> <span class='ocrx_word' id='word_1_247' title='bbox 735 2040 1091 2098; x_wconf 81' lang='lat' dir='ltr'><strong>confessionis</strong></span> <span class='ocrx_word' id='word_1_248' title='bbox 1126 2040 1616 2113; x_wconf 88' lang='lat' dir='ltr'><strong>promissionisque</strong></span> <span class='ocrx_word' id='word_1_249' title='bbox 1644 2057 1782 2098; x_wconf 64' lang='lat' dir='ltr'><strong>meae</strong></span> 
     </span>
    </p>
   </div>
   <div class='ocr_carea' id='block_1_36' title="bbox 181 2134 1782 2208">
    <p class='ocr_par' dir='ltr' id='par_1_36' title="bbox 181 2134 1782 2208">
     <span class='ocr_line' id='line_1_36' title="bbox 181 2134 1782 2208; baseline -0.003 -15"><span class='ocrx_word' id='word_1_250' title='bbox 181 2137 451 2193; x_wconf 68' lang='lat' dir='ltr'><strong>chartulae</strong></span> <span class='ocrx_word' id='word_1_251' title='bbox 493 2137 709 2208; x_wconf 88' lang='lat' dir='ltr'><strong>propria</strong></span> <span class='ocrx_word' id='word_1_252' title='bbox 754 2152 924 2191; x_wconf 89' lang='lat' dir='ltr'><strong>manu</strong></span> <span class='ocrx_word' id='word_1_253' title='bbox 968 2134 1282 2207; x_wconf 84' lang='lat' dir='ltr'><strong>subscripsi.</strong></span> <span class='ocrx_word' id='word_1_254' title='bbox 1333 2136 1537 2189; x_wconf 83' lang='lat' dir='ltr'><strong>Actum</strong></span> <span class='ocrx_word' id='word_1_255' title='bbox 1582 2135 1636 2189; x_wconf 87' lang='lat' dir='ltr'><strong>in</strong></span> <span class='ocrx_word' id='word_1_256' title='bbox 1688 2134 1782 2189; x_wconf 93' lang='lat' dir='ltr'><strong>illo</strong></span> 
     </span>
    </p>
   </div>
   <div class='ocr_carea' id='block_1_37' title="bbox 180 2226 1781 2296">
    <p class='ocr_par' dir='ltr' id='par_1_37' title="bbox 180 2226 1781 2296">
     <span class='ocr_line' id='line_1_37' title="bbox 180 2226 1781 2296; baseline -0.005 -9"><span class='ocrx_word' id='word_1_257' title='bbox 180 2231 331 2296; x_wconf 89' lang='lat' dir='ltr'><strong>loco,</strong></span> <span class='ocrx_word' id='word_1_258' title='bbox 353 2229 444 2285; x_wconf 91' lang='lat' dir='ltr'><strong>die</strong></span> <span class='ocrx_word' id='word_1_259' title='bbox 466 2229 580 2294; x_wconf 91' lang='lat' dir='ltr'><strong>illo,</strong></span> <span class='ocrx_word' id='word_1_260' title='bbox 602 2236 656 2284; x_wconf 87' lang='lat' dir='ltr'><strong>et</strong></span> <span class='ocrx_word' id='word_1_261' title='bbox 675 2229 897 2284; x_wconf 90' lang='lat' dir='ltr'><strong>consule</strong></span> <span class='ocrx_word' id='word_1_262' title='bbox 916 2228 1026 2282; x_wconf 92' lang='lat' dir='ltr'><strong>illo.</strong></span> <span class='ocrx_word' id='word_1_263' title='bbox 1050 2226 1389 2296; x_wconf 90' lang='lat' dir='ltr'><strong>Subscriptio</strong></span> <span class='ocrx_word' id='word_1_264' title='bbox 1409 2228 1579 2295; x_wconf 78' lang='lat' dir='ltr'><strong>[Edit.</strong></span> <span class='ocrx_word' id='word_1_265' title='bbox 1604 2231 1781 2290; x_wconf 87' lang='lat' dir='ltr'><strong>Rom.,</strong></span> 
     </span>
    </p>
   </div>
   <div class='ocr_carea' id='block_1_38' title="bbox 182 2318 1785 2394">
    <p class='ocr_par' dir='ltr' id='par_1_38' title="bbox 182 2318 1785 2394">
     <span class='ocr_line' id='line_1_38' title="bbox 182 2318 1785 2394; baseline -0.002 -15"><span class='ocrx_word' id='word_1_266' title='bbox 182 2322 519 2394; x_wconf 84' lang='lat' dir='ltr'><strong>subscriptio</strong></span> <span class='ocrx_word' id='word_1_267' title='bbox 561 2321 814 2393; x_wconf 89' lang='lat' dir='ltr'><strong>Episcopi</strong></span> <span class='ocrx_word' id='word_1_268' title='bbox 847 2320 1012 2390; x_wconf 91' lang='lat' dir='ltr'><strong>illius]</strong></span> <span class='ocrx_word' id='word_1_269' title='bbox 1043 2341 1056 2376; x_wconf 88' lang='lat'><strong>:</strong></span> <span class='ocrx_word' id='word_1_270' title='bbox 1092 2323 1206 2393; x_wconf 87' lang='lat' dir='ltr'><strong>Ego</strong></span> <span class='ocrx_word' id='word_1_271' title='bbox 1245 2318 1387 2375; x_wconf 90' lang='lat' dir='ltr'><strong>illius</strong></span> <span class='ocrx_word' id='word_1_272' title='bbox 1433 2320 1669 2376; x_wconf 88' lang='lat' dir='ltr'><strong>civitatis</strong></span> <span class='ocrx_word' id='word_1_273' title='bbox 1698 2319 1785 2375; x_wconf 91' lang='lat' dir='ltr'><strong>ille</strong></span> 
     </span>
    </p>
   </div>
   <div class='ocr_carea' id='block_1_39' title="bbox 182 2413 1786 2488">
    <p class='ocr_par' dir='ltr' id='par_1_39' title="bbox 182 2413 1786 2488">
     <span class='ocr_line' id='line_1_39' title="bbox 182 2413 1786 2488; baseline -0.002 -15"><span class='ocrx_word' id='word_1_274' title='bbox 182 2416 496 2488; x_wconf 82' lang='lat' dir='ltr'><strong>episcopus.</strong></span> <span class='ocrx_word' id='word_1_275' title='bbox 560 2414 691 2470; x_wconf 87' lang='lat' dir='ltr'><strong>huic</strong></span> <span class='ocrx_word' id='word_1_276' title='bbox 739 2414 1108 2486; x_wconf 90' lang='lat' dir='ltr'><strong>promissioni,</strong></span> <span class='ocrx_word' id='word_1_277' title='bbox 1164 2413 1604 2485; x_wconf 80' lang='lat' dir='ltr'><strong>professionique</strong></span> <span class='ocrx_word' id='word_1_278' title='bbox 1644 2428 1786 2470; x_wconf 70' lang='lat' dir='ltr'><strong>mete</strong></span> 
     </span>
    </p>
   </div>
   <div class='ocr_carea' id='block_1_40' title="bbox 184 2505 1784 2583">
    <p class='ocr_par' dir='ltr' id='par_1_40' title="bbox 184 2505 1784 2583">
     <span class='ocr_line' id='line_1_40' title="bbox 184 2505 1784 2583; baseline -0.003 -18"><span class='ocrx_word' id='word_1_279' title='bbox 184 2507 565 2583; x_wconf 81' lang='lat' dir='ltr'><strong>[confessioni,</strong></span> <span class='ocrx_word' id='word_1_280' title='bbox 597 2507 1055 2579; x_wconf 87' lang='lat' dir='ltr'><strong>promissionique</strong></span> <span class='ocrx_word' id='word_1_281' title='bbox 1078 2510 1260 2574; x_wconf 69' lang='lat' dir='ltr'><strong>mete],</strong></span> <span class='ocrx_word' id='word_1_282' title='bbox 1294 2508 1538 2578; x_wconf 65' lang='lat' dir='ltr'><strong>praestito</strong></span> <span class='ocrx_word' id='word_1_283' title='bbox 1553 2505 1625 2562; x_wconf 89' lang='lat' dir='ltr'><strong>de</strong></span> <span class='ocrx_word' id='word_1_284' title='bbox 1653 2522 1784 2561; x_wconf 89' lang='lat' dir='ltr'><strong>con-</strong></span> 
     </span>
    </p>
   </div>
   <div class='ocr_carea' id='block_1_41' title="bbox 100 2598 1784 2674">
    <p class='ocr_par' dir='ltr' id='par_1_41' title="bbox 100 2598 1784 2674">
     <span class='ocr_line' id='line_1_41' title="bbox 100 2598 1784 2674; baseline -0.003 -15"><span class='ocrx_word' id='word_1_285' title='bbox 100 2652 121 2665; x_wconf 85' lang='lat'><strong>.</strong></span> <span class='ocrx_word' id='word_1_286' title='bbox 179 2601 470 2659; x_wconf 84' lang='lat' dir='ltr'><strong>servandis</strong></span> <span class='ocrx_word' id='word_1_287' title='bbox 491 2616 656 2674; x_wconf 87' lang='lat' dir='ltr'><strong>supra</strong></span> <span class='ocrx_word' id='word_1_288' title='bbox 696 2601 911 2672; x_wconf 89' lang='lat' dir='ltr'><strong>scriptis</strong></span> <span class='ocrx_word' id='word_1_289' title='bbox 961 2600 1220 2656; x_wconf 90' lang='lat' dir='ltr'><strong>omnibus</strong></span> <span class='ocrx_word' id='word_1_290' title='bbox 1259 2606 1627 2666; x_wconf 90' lang='lat' dir='ltr'><strong>sacramento,</strong></span> <span class='ocrx_word' id='word_1_291' title='bbox 1655 2598 1784 2655; x_wconf 87' lang='lat' dir='ltr'><strong>sub-</strong></span> 
     </span>
    </p>
   </div>
   <div class='ocr_carea' id='block_1_42' title="bbox 183 2695 466 2767">
    <p class='ocr_par' dir='ltr' id='par_1_42' title="bbox 183 2695 466 2767">
     <span class='ocr_line' id='line_1_42' title="bbox 183 2695 466 2767; baseline -0.007 -16"><span class='ocrx_word' id='word_1_292' title='bbox 183 2695 402 2767; x_wconf 77' lang='lat' dir='ltr'><strong>scripsi.</strong></span> <span class='ocrx_word' id='word_1_293' title='bbox 442 2719 466 2743; x_wconf 77' lang='grc' dir='ltr'><strong>ιο</strong></span> 
     </span>
    </p>
   </div>
   <div class='ocr_carea' id='block_1_43' title="bbox 257 2787 1783 2859">
    <p class='ocr_par' dir='ltr' id='par_1_43' title="bbox 257 2787 1783 2859">
     <span class='ocr_line' id='line_1_43' title="bbox 257 2787 1783 2859; baseline -0.003 -15"><span class='ocrx_word' id='word_1_294' title='bbox 257 2787 551 2844; x_wconf 88' lang='lat' dir='ltr'><strong>Sciendum</strong></span> <span class='ocrx_word' id='word_1_295' title='bbox 583 2796 791 2854; x_wconf 91' lang='lat' dir='ltr'><strong>autem,</strong></span> <span class='ocrx_word' id='word_1_296' title='bbox 837 2788 988 2859; x_wconf 83' lang='lat' dir='ltr'><strong>iuxta</strong></span> <span class='ocrx_word' id='word_1_297' title='bbox 1017 2787 1427 2843; x_wconf 89' lang='lat' dir='ltr'><strong>attestationem</strong></span> <span class='ocrx_word' id='word_1_298' title='bbox 1460 2794 1783 2841; x_wconf 89' lang='lat' dir='ltr'><strong>sanctorum</strong></span> 
     </span>
    </p>
   </div>
   <div class='ocr_carea' id='block_1_44' title="bbox 181 2877 1780 2953">
    <p class='ocr_par' dir='ltr' id='par_1_44' title="bbox 181 2877 1780 2953">
     <span class='ocr_line' id='line_1_44' title="bbox 181 2877 1780 2953; baseline -0.005 -14"><span class='ocrx_word' id='word_1_299' title='bbox 181 2886 416 2939; x_wconf 89' lang='lat' dir='ltr'><strong>Patrum</strong></span> <span class='ocrx_word' id='word_1_300' title='bbox 448 2880 741 2953; x_wconf 85' lang='lat' dir='ltr'><strong>Augustini</strong></span> <span class='ocrx_word' id='word_1_301' title='bbox 787 2888 842 2936; x_wconf 90' lang='lat' dir='ltr'><strong>et</strong></span> <span class='ocrx_word' id='word_1_302' title='bbox 872 2880 1073 2952; x_wconf 84' lang='lat' dir='ltr'><strong>Pelagii</strong></span> <span class='ocrx_word' id='word_1_303' title='bbox 1104 2895 1277 2951; x_wconf 65' lang='lat' dir='ltr'><strong>papa,</strong></span> <span class='ocrx_word' id='word_1_304' title='bbox 1312 2880 1433 2934; x_wconf 91' lang='lat' dir='ltr'><strong>illos</strong></span> <span class='ocrx_word' id='word_1_305' title='bbox 1471 2877 1780 2933; x_wconf 89' lang='lat' dir='ltr'><strong>indubitan-</strong></span> 
     </span>
    </p>
   </div>
   <div class='ocr_carea' id='block_1_45' title="bbox 182 2970 1785 3044">
    <p class='ocr_par' dir='ltr' id='par_1_45' title="bbox 182 2970 1785 3044">
     <span class='ocr_line' id='line_1_45' title="bbox 182 2970 1785 3044; baseline -0.003 -15"><span class='ocrx_word' id='word_1_306' title='bbox 182 2983 272 3029; x_wconf 87' lang='lat' dir='ltr'><strong>ter</strong></span> <span class='ocrx_word' id='word_1_307' title='bbox 319 2973 702 3029; x_wconf 88' lang='lat' dir='ltr'><strong>schismaticos</strong></span> <span class='ocrx_word' id='word_1_308' title='bbox 748 2989 866 3028; x_wconf 90' lang='lat' dir='ltr'><strong>esse</strong></span> <span class='ocrx_word' id='word_1_309' title='bbox 917 2996 941 3020; x_wconf 78' lang='grc' dir='ltr'><strong>«ι</strong></span> <span class='ocrx_word' id='word_1_310' title='bbox 987 2973 1297 3044; x_wconf 91' lang='lat' dir='ltr'><strong>quicunque</strong></span> <span class='ocrx_word' id='word_1_311' title='bbox 1338 2971 1493 3027; x_wconf 90' lang='lat' dir='ltr'><strong>divisi</strong></span> <span class='ocrx_word' id='word_1_312' title='bbox 1543 2979 1673 3026; x_wconf 90' lang='lat' dir='ltr'><strong>sunt</strong></span> <span class='ocrx_word' id='word_1_313' title='bbox 1716 2970 1785 3025; x_wconf 88' lang='lat' dir='ltr'><strong>ab</strong></span> 
     </span>
    </p>
   </div>
   <div class='ocr_carea' id='block_1_46' title="bbox 183 3063 1780 3140">
    <p class='ocr_par' dir='ltr' id='par_1_46' title="bbox 183 3063 1780 3140">
     <span class='ocr_line' id='line_1_46' title="bbox 183 3063 1780 3140; baseline -0.004 -16"><span class='ocrx_word' id='word_1_314' title='bbox 183 3067 492 3140; x_wconf 87' lang='lat' dir='ltr'><strong>apostolica</strong></span> <span class='ocrx_word' id='word_1_315' title='bbox 519 3066 669 3123; x_wconf 89' lang='lat' dir='ltr'><strong>sede.</strong></span> <span class='ocrx_word' id='word_1_316' title='bbox 713 3066 821 3121; x_wconf 90' lang='lat' dir='ltr'><strong>Sed</strong></span> <span class='ocrx_word' id='word_1_317' title='bbox 856 3064 987 3137; x_wconf 90' lang='lat' dir='ltr'><strong>quid</strong></span> <span class='ocrx_word' id='word_1_318' title='bbox 1023 3066 1090 3121; x_wconf 90' lang='lat' dir='ltr'><strong>ab</strong></span> <span class='ocrx_word' id='word_1_319' title='bbox 1134 3064 1407 3122; x_wconf 74' lang='lat' dir='ltr'><strong>haereticis</strong></span> <span class='ocrx_word' id='word_1_320' title='bbox 1436 3063 1722 3130; x_wconf 87' lang='lat' dir='ltr'><strong>differant,</strong></span> <span class='ocrx_word' id='word_1_321' title='bbox 1754 3086 1780 3111; x_wconf 73' lang='grc' dir='ltr'><strong>ι</strong></span> 
     </span>
    </p>
   </div>
   <div class='ocr_carea' id='block_1_47' title="bbox 1890 1951 3477 2028">
    <p class='ocr_par' dir='ltr' id='par_1_47' title="bbox 1890 1951 3477 2028">
     <span class='ocr_line' id='line_1_47' title="bbox 1890 1951 3477 2028; baseline 0.004 -22"><span class='ocrx_word' id='word_1_322' title='bbox 1890 1951 2181 2007; x_wconf 91' lang='lat' dir='ltr'><strong>concilium</strong></span> <span class='ocrx_word' id='word_1_323' title='bbox 2207 1952 2274 2007; x_wconf 94' lang='lat' dir='ltr'><strong>de</strong></span> <span class='ocrx_word' id='word_1_324' title='bbox 2301 1953 2616 2009; x_wconf 88' lang='lat' dir='ltr'><strong>Novatianis</strong></span> <span class='ocrx_word' id='word_1_325' title='bbox 2661 1953 2909 2010; x_wconf 88' lang='lat' dir='ltr'><strong>instituit.</strong></span> <span class='ocrx_word' id='word_1_326' title='bbox 2938 1957 3232 2028; x_wconf 89' lang='lat' dir='ltr'><strong>Nunquam</strong></span> <span class='ocrx_word' id='word_1_327' title='bbox 3258 1965 3477 2023; x_wconf 88' lang='lat' dir='ltr'><strong>tamen,</strong></span> 
     </span>
    </p>
   </div>
   <div class='ocr_carea' id='block_1_48' title="bbox 1892 2044 3485 2121">
    <p class='ocr_par' dir='ltr' id='par_1_48' title="bbox 1892 2044 3485 2121">
     <span class='ocr_line' id='line_1_48' title="bbox 1892 2044 3485 2121; baseline 0.005 -24"><span class='ocrx_word' id='word_1_328' title='bbox 1892 2052 1955 2098; x_wconf 88' lang='lat' dir='ltr'><strong>ut</strong></span> <span class='ocrx_word' id='word_1_329' title='bbox 1993 2044 2132 2110; x_wconf 90' lang='lat' dir='ltr'><strong>laici,</strong></span> <span class='ocrx_word' id='word_1_330' title='bbox 2161 2045 2469 2101; x_wconf 90' lang='lat' dir='ltr'><strong>remedium</strong></span> <span class='ocrx_word' id='word_1_331' title='bbox 2517 2046 2822 2116; x_wconf 77' lang='lat' dir='ltr'><strong>paenitendi</strong></span> <span class='ocrx_word' id='word_1_332' title='bbox 2875 2064 2971 2119; x_wconf 94' lang='lat' dir='ltr'><strong>per</strong></span> <span class='ocrx_word' id='word_1_333' title='bbox 3019 2065 3215 2104; x_wconf 91' lang='lat' dir='ltr'><strong>manus</strong></span> <span class='ocrx_word' id='word_1_334' title='bbox 3258 2050 3485 2121; x_wconf 90' lang='lat' dir='ltr'><strong>imposi-</strong></span> 
     </span>
    </p>
   </div>
   <div class='ocr_carea' id='block_1_49' title="bbox 1891 2137 3483 2211">
    <p class='ocr_par' dir='ltr' id='par_1_49' title="bbox 1891 2137 3483 2211">
     <span class='ocr_line' id='line_1_49' title="bbox 1891 2137 3483 2211; baseline 0.004 -19"><span class='ocrx_word' id='word_1_335' title='bbox 1891 2137 2102 2193; x_wconf 91' lang='lat' dir='ltr'><strong>tionem</strong></span> <span class='ocrx_word' id='word_1_336' title='bbox 2144 2147 2565 2209; x_wconf 89' lang='lat' dir='ltr'><strong>consequentur,</strong></span> <span class='ocrx_word' id='word_1_337' title='bbox 2611 2140 2829 2195; x_wconf 89' lang='lat' dir='ltr'><strong>etiamsi</strong></span> <span class='ocrx_word' id='word_1_338' title='bbox 2861 2140 3078 2210; x_wconf 90' lang='lat' dir='ltr'><strong>penitus</strong></span> <span class='ocrx_word' id='word_1_339' title='bbox 3106 2142 3312 2211; x_wconf 84' lang='lat' dir='ltr'><strong>absque</strong></span> <span class='ocrx_word' id='word_1_340' title='bbox 3339 2142 3483 2198; x_wconf 90' lang='lat' dir='ltr'><strong>ordi—</strong></span> 
     </span>
    </p>
   </div>
   <div class='ocr_carea' id='block_1_50' title="bbox 1891 2229 3482 2304">
    <p class='ocr_par' dir='ltr' id='par_1_50' title="bbox 1891 2229 3482 2304">
     <span class='ocr_line' id='line_1_50' title="bbox 1891 2229 3482 2304; baseline 0.003 -20"><span class='ocrx_word' id='word_1_341' title='bbox 1891 2244 1962 2285; x_wconf 91' lang='lat' dir='ltr'><strong>ne</strong></span> <span class='ocrx_word' id='word_1_342' title='bbox 1990 2238 2241 2301; x_wconf 89' lang='lat' dir='ltr'><strong>suscepto</strong></span> <span class='ocrx_word' id='word_1_343' title='bbox 2285 2229 2637 2301; x_wconf 87' lang='lat' dir='ltr'><strong>recipiantur.</strong></span> <span class='ocrx_word' id='word_1_344' title='bbox 2687 2231 2829 2286; x_wconf 86' lang='lat' dir='ltr'><strong>Hinc</strong></span> <span class='ocrx_word' id='word_1_345' title='bbox 2870 2234 2936 2287; x_wconf 90' lang='lat' dir='ltr'><strong>B.</strong></span> <span class='ocrx_word' id='word_1_346' title='bbox 2985 2235 3149 2304; x_wconf 86' lang='lat' dir='ltr'><strong>Aug.,</strong></span> <span class='ocrx_word' id='word_1_347' title='bbox 3192 2233 3246 2287; x_wconf 93' lang='lat' dir='ltr'><strong>in</strong></span> <span class='ocrx_word' id='word_1_348' title='bbox 3293 2233 3389 2289; x_wconf 91' lang='lat' dir='ltr'><strong>lib.</strong></span> <span class='ocrx_word' id='word_1_349' title='bbox 3440 2250 3482 2289; x_wconf 82' lang='grc' dir='ltr'><strong>ι.</strong></span> 
     </span>
    </p>
   </div>
   <div class='ocr_carea' id='block_1_51' title="bbox 1892 2323 3486 2396">
    <p class='ocr_par' dir='ltr' id='par_1_51' title="bbox 1892 2323 3486 2396">
     <span class='ocr_line' id='line_1_51' title="bbox 1892 2323 3486 2396; baseline 0.003 -18"><span class='ocrx_word' id='word_1_350' title='bbox 1892 2331 2084 2378; x_wconf 90' lang='lat' dir='ltr'><strong>contra</strong></span> <span class='ocrx_word' id='word_1_351' title='bbox 2110 2324 2427 2379; x_wconf 90' lang='lat' dir='ltr'><strong>Donatistas</strong></span> <span class='ocrx_word' id='word_1_352' title='bbox 2447 2323 2518 2379; x_wconf 91' lang='lat' dir='ltr'><strong>de</strong></span> <span class='ocrx_word' id='word_1_353' title='bbox 2546 2324 2840 2395; x_wconf 90' lang='lat' dir='ltr'><strong>baptismo,</strong></span> <span class='ocrx_word' id='word_1_354' title='bbox 2869 2324 2937 2381; x_wconf 93' lang='lat' dir='ltr'><strong>de</strong></span> <span class='ocrx_word' id='word_1_355' title='bbox 2960 2325 3204 2396; x_wconf 89' lang='lat' dir='ltr'><strong>quolibet</strong></span> <span class='ocrx_word' id='word_1_356' title='bbox 3228 2326 3486 2383; x_wconf 67' lang='lat' dir='ltr'><strong>haeretica</strong></span> 
     </span>
    </p>
   </div>
   <div class='ocr_carea' id='block_1_52' title="bbox 1893 2415 3488 2495">
    <p class='ocr_par' dir='ltr' id='par_1_52' title="bbox 1893 2415 3488 2495">
     <span class='ocr_line' id='line_1_52' title="bbox 1893 2415 3488 2495; baseline 0.003 -23"><span class='ocrx_word' id='word_1_357' title='bbox 1893 2431 1957 2472; x_wconf 84' lang='lat' dir='ltr'><strong>ex</strong></span> <span class='ocrx_word' id='word_1_358' title='bbox 1988 2416 2181 2472; x_wconf 69' lang='lat' dir='ltr'><strong>haeresi</strong></span> <span class='ocrx_word' id='word_1_359' title='bbox 2211 2416 2418 2488; x_wconf 89' lang='lat' dir='ltr'><strong>absque</strong></span> <span class='ocrx_word' id='word_1_360' title='bbox 2445 2416 2920 2473; x_wconf 84' lang='lat' dir='ltr'><strong>administratione</strong></span> <span class='ocrx_word' id='word_1_361' title='bbox 2948 2415 3112 2473; x_wconf 91' lang='lat' dir='ltr'><strong>ofﬁcii</strong></span> <span class='ocrx_word' id='word_1_362' title='bbox 3148 2425 3366 2495; x_wconf 78' lang='lat' dir='ltr'><strong>recepto</strong></span> <span class='ocrx_word' id='word_1_363' title='bbox 3408 2428 3488 2477; x_wconf 89' lang='lat' dir='ltr'><strong>te-</strong></span> 
     </span>
    </p>
   </div>
   <div class='ocr_carea' id='block_1_53' title="bbox 1894 2509 3487 2583">
    <p class='ocr_par' dir='ltr' id='par_1_53' title="bbox 1894 2509 3487 2583">
     <span class='ocr_line' id='line_1_53' title="bbox 1894 2509 3487 2583; baseline 0.004 -19"><span class='ocrx_word' id='word_1_364' title='bbox 1894 2518 2069 2565; x_wconf 89' lang='lat' dir='ltr'><strong>statur</strong></span> <span class='ocrx_word' id='word_1_365' title='bbox 2098 2509 2245 2580; x_wconf 90' lang='lat' dir='ltr'><strong>quod</strong></span> <span class='ocrx_word' id='word_1_366' title='bbox 2272 2525 2374 2565; x_wconf 91' lang='lat' dir='ltr'><strong>nec</strong></span> <span class='ocrx_word' id='word_1_367' title='bbox 2404 2509 2505 2580; x_wconf 88' lang='lat' dir='ltr'><strong>ipsi</strong></span> <span class='ocrx_word' id='word_1_368' title='bbox 2547 2526 2743 2565; x_wconf 88' lang='lat' dir='ltr'><strong>manus</strong></span> <span class='ocrx_word' id='word_1_369' title='bbox 2783 2510 2927 2566; x_wconf 89' lang='lat' dir='ltr'><strong>inter</strong></span> <span class='ocrx_word' id='word_1_370' title='bbox 2958 2510 3125 2567; x_wconf 90' lang='lat' dir='ltr'><strong>laicos</strong></span> <span class='ocrx_word' id='word_1_371' title='bbox 3151 2512 3487 2583; x_wconf 85' lang='lat' dir='ltr'><strong>imponenda</strong></span> 
     </span>
    </p>
   </div>
   <div class='ocr_carea' id='block_1_54' title="bbox 1894 2601 3489 2673">
    <p class='ocr_par' dir='ltr' id='par_1_54' title="bbox 1894 2601 3489 2673">
     <span class='ocr_line' id='line_1_54' title="bbox 1894 2601 3489 2673; baseline 0.003 -16"><span class='ocrx_word' id='word_1_372' title='bbox 1894 2601 1986 2668; x_wconf 89' lang='lat' dir='ltr'><strong>sit,</strong></span> <span class='ocrx_word' id='word_1_373' title='bbox 2018 2617 2082 2656; x_wconf 91' lang='lat' dir='ltr'><strong>eo</strong></span> <span class='ocrx_word' id='word_1_374' title='bbox 2110 2601 2261 2671; x_wconf 91' lang='lat' dir='ltr'><strong>quod</strong></span> <span class='ocrx_word' id='word_1_375' title='bbox 2287 2611 2344 2657; x_wconf 90' lang='lat' dir='ltr'><strong>et</strong></span> <span class='ocrx_word' id='word_1_376' title='bbox 2364 2602 2423 2656; x_wconf 89' lang='lat' dir='ltr'><strong>in</strong></span> <span class='ocrx_word' id='word_1_377' title='bbox 2462 2601 2710 2673; x_wconf 90' lang='lat' dir='ltr'><strong>deposito</strong></span> <span class='ocrx_word' id='word_1_378' title='bbox 2738 2612 3143 2660; x_wconf 85' lang='lat' dir='ltr'><strong>sacramentum</strong></span> <span class='ocrx_word' id='word_1_379' title='bbox 3183 2605 3489 2662; x_wconf 86' lang='lat' dir='ltr'><strong>ordinatio-</strong></span> 
     </span>
    </p>
   </div>
   <div class='ocr_carea' id='block_1_55' title="bbox 1895 2695 2444 2768">
    <p class='ocr_par' dir='ltr' id='par_1_55' title="bbox 1895 2695 2444 2768">
     <span class='ocr_line' id='line_1_55' title="bbox 1895 2695 2444 2768; baseline -0.004 -19"><span class='ocrx_word' id='word_1_380' title='bbox 1895 2695 1982 2749; x_wconf 91' lang='lat' dir='ltr'><strong>nis</strong></span> <span class='ocrx_word' id='word_1_381' title='bbox 2012 2695 2386 2765; x_wconf 88' lang='lat' dir='ltr'><strong>permanserit.</strong></span> <span class='ocrx_word' id='word_1_382' title='bbox 2439 2762 2444 2768; x_wconf 89' lang='lat'><strong>_</strong></span> 
     </span>
    </p>
   </div>
   <div class='ocr_carea' id='block_1_56' title="bbox 1966 2786 3486 2861">
    <p class='ocr_par' dir='ltr' id='par_1_56' title="bbox 1966 2786 3486 2861">
     <span class='ocr_line' id='line_1_56' title="bbox 1966 2786 3486 2861; baseline 0.003 -20"><span class='ocrx_word' id='word_1_383' title='bbox 1966 2786 2469 2842; x_wconf 88' lang='lat' dir='ltr'><strong>Ecclesiasticarum</strong></span> <span class='ocrx_word' id='word_1_384' title='bbox 2512 2787 2824 2859; x_wconf 86' lang='lat' dir='ltr'><strong>regularum</strong></span> <span class='ocrx_word' id='word_1_385' title='bbox 2872 2788 3246 2845; x_wconf 86' lang='lat' dir='ltr'><strong>institutiones</strong></span> <span class='ocrx_word' id='word_1_386' title='bbox 3285 2791 3486 2861; x_wconf 87' lang='lat' dir='ltr'><strong>partim</strong></span> 
     </span>
    </p>
   </div>
   <div class='ocr_carea' id='block_1_57' title="bbox 1895 2879 3488 2951">
    <p class='ocr_par' dir='ltr' id='par_1_57' title="bbox 1895 2879 3488 2951">
     <span class='ocr_line' id='line_1_57' title="bbox 1895 2879 3488 2951; baseline 0.003 -17"><span class='ocrx_word' id='word_1_387' title='bbox 1895 2879 1963 2934; x_wconf 90' lang='lat' dir='ltr'><strong>ab</strong></span> <span class='ocrx_word' id='word_1_388' title='bbox 2010 2879 2141 2949; x_wconf 90' lang='lat' dir='ltr'><strong>ipsis</strong></span> <span class='ocrx_word' id='word_1_389' title='bbox 2186 2879 2500 2951; x_wconf 89' lang='lat' dir='ltr'><strong>apostolicis</strong></span> <span class='ocrx_word' id='word_1_390' title='bbox 2546 2880 2874 2951; x_wconf 83' lang='lat' dir='ltr'><strong>accepimus,</strong></span> <span class='ocrx_word' id='word_1_391' title='bbox 2918 2882 3113 2951; x_wconf 89' lang='lat' dir='ltr'><strong>partim</strong></span> <span class='ocrx_word' id='word_1_392' title='bbox 3155 2898 3185 2936; x_wconf 89' lang='lat' dir='ltr'><strong>a</strong></span> <span class='ocrx_word' id='word_1_393' title='bbox 3222 2883 3488 2938; x_wconf 81' lang='lat' dir='ltr'><strong>Romanis</strong></span> 
     </span>
    </p>
   </div>
   <div class='ocr_carea' id='block_1_58' title="bbox 1898 2972 3494 3047">
    <p class='ocr_par' dir='ltr' id='par_1_58' title="bbox 1898 2972 3494 3047">
     <span class='ocr_line' id='line_1_58' title="bbox 1898 2972 3494 3047; baseline 0.002 -19"><span class='ocrx_word' id='word_1_394' title='bbox 1898 2972 2272 3043; x_wconf 86' lang='lat' dir='ltr'><strong>pontiﬁcibus;</strong></span> <span class='ocrx_word' id='word_1_395' title='bbox 2318 2973 2514 3045; x_wconf 89' lang='lat' dir='ltr'><strong>partim</strong></span> <span class='ocrx_word' id='word_1_396' title='bbox 2544 2972 2616 3028; x_wconf 88' lang='lat' dir='ltr'><strong>ab</strong></span> <span class='ocrx_word' id='word_1_397' title='bbox 2657 2973 2776 3029; x_wconf 91' lang='lat' dir='ltr'><strong>aliis</strong></span> <span class='ocrx_word' id='word_1_398' title='bbox 2809 2972 3015 3029; x_wconf 87' lang='lat' dir='ltr'><strong>sanctis</strong></span> <span class='ocrx_word' id='word_1_399' title='bbox 3042 2974 3313 3040; x_wconf 87' lang='lat' dir='ltr'><strong>Patribus,</strong></span> <span class='ocrx_word' id='word_1_400' title='bbox 3354 2991 3494 3047; x_wconf 89' lang='lat' dir='ltr'><strong>quo-</strong></span> 
     </span>
    </p>
   </div>
   <div class='ocr_carea' id='block_1_59' title="bbox 1891 3065 3487 3137">
    <p class='ocr_par' dir='ltr' id='par_1_59' title="bbox 1891 3065 3487 3137">
     <span class='ocr_line' id='line_1_59' title="bbox 1891 3065 3487 3137; baseline 0.002 -17"><span class='ocrx_word' id='word_1_401' title='bbox 1891 3081 2016 3120; x_wconf 90' lang='lat' dir='ltr'><strong>rum</strong></span> <span class='ocrx_word' id='word_1_402' title='bbox 2061 3074 2246 3121; x_wconf 90' lang='lat' dir='ltr'><strong>tamen</strong></span> <span class='ocrx_word' id='word_1_403' title='bbox 2288 3065 2492 3136; x_wconf 87' lang='lat' dir='ltr'><strong>judicia</strong></span> <span class='ocrx_word' id='word_1_404' title='bbox 2536 3066 2770 3121; x_wconf 87' lang='lat' dir='ltr'><strong>Romani</strong></span> <span class='ocrx_word' id='word_1_405' title='bbox 2800 3065 3087 3137; x_wconf 89' lang='lat' dir='ltr'><strong>pontiﬁces</strong></span> <span class='ocrx_word' id='word_1_406' title='bbox 3116 3066 3487 3123; x_wconf 90' lang='lat' dir='ltr'><strong>ﬁrmaverunt.</strong></span> 
     </span>
    </p>
   </div>
   <div class='ocr_carea' id='block_1_60' title="bbox 182 3156 3491 3245">
    <p class='ocr_par' dir='ltr' id='par_1_60' title="bbox 182 3156 3491 3245">
     <span class='ocr_line' id='line_1_60' title="bbox 182 3156 3491 3245; baseline 0 -28"><span class='ocrx_word' id='word_1_407' title='bbox 182 3162 244 3218; x_wconf 89' lang='lat' dir='ltr'><strong>S.</strong></span> <span class='ocrx_word' id='word_1_408' title='bbox 282 3160 656 3232; x_wconf 85' lang='lat' dir='ltr'><strong>Hieronymus</strong></span> <span class='ocrx_word' id='word_1_409' title='bbox 681 3159 742 3214; x_wconf 92' lang='lat' dir='ltr'><strong>in</strong></span> <span class='ocrx_word' id='word_1_410' title='bbox 770 3167 929 3215; x_wconf 85' lang='lat' dir='ltr'><strong>tract.</strong></span> <span class='ocrx_word' id='word_1_411' title='bbox 962 3174 1127 3230; x_wconf 88' lang='lat' dir='ltr'><strong>super</strong></span> <span class='ocrx_word' id='word_1_412' title='bbox 1150 3159 1309 3229; x_wconf 89' lang='lat' dir='ltr'><strong>epist.</strong></span> <span class='ocrx_word' id='word_1_413' title='bbox 1343 3157 1413 3213; x_wconf 92' lang='lat' dir='ltr'><strong>ad</strong></span> <span class='ocrx_word' id='word_1_414' title='bbox 1440 3157 1626 3213; x_wconf 89' lang='lat' dir='ltr'><strong>Titum</strong></span> <span class='ocrx_word' id='word_1_415' title='bbox 1655 3156 1787 3212; x_wconf 88' lang='lat' dir='ltr'><strong>satis</strong></span> <span class='ocrx_word' id='word_1_416' title='bbox 1825 3182 1870 3245; x_wconf 64' lang='grc' dir='ltr'><strong>ρ</strong></span> <span class='ocrx_word' id='word_1_417' title='bbox 1970 3161 2042 3213; x_wconf 87' lang='lat' dir='ltr'><strong>Et</strong></span> <span class='ocrx_word' id='word_1_418' title='bbox 2065 3158 2343 3229; x_wconf 89' lang='lat' dir='ltr'><strong>apostolos</strong></span> <span class='ocrx_word' id='word_1_419' title='bbox 2371 3157 2614 3229; x_wconf 90' lang='lat' dir='ltr'><strong>quidem,</strong></span> <span class='ocrx_word' id='word_1_420' title='bbox 2643 3158 2711 3215; x_wconf 89' lang='lat' dir='ltr'><strong>ad</strong></span> <span class='ocrx_word' id='word_1_421' title='bbox 2738 3156 3185 3215; x_wconf 89' lang='lat' dir='ltr'><strong>informationem</strong></span> <span class='ocrx_word' id='word_1_422' title='bbox 3217 3161 3491 3217; x_wconf 88' lang='lat' dir='ltr'><strong>nascentis</strong></span> 
     </span>
    </p>
   </div>
   <div class='ocr_carea' id='block_1_61' title="bbox 183 3249 1784 3323">
    <p class='ocr_par' dir='ltr' id='par_1_61' title="bbox 183 3249 1784 3323">
     <span class='ocr_line' id='line_1_61' title="bbox 183 3249 1784 3323; baseline -0.004 -13"><span class='ocrx_word' id='word_1_423' title='bbox 183 3253 454 3310; x_wconf 88' lang='lat' dir='ltr'><strong>declarat.</strong></span> <span class='ocrx_word' id='word_1_424' title='bbox 482 3277 504 3299; x_wconf 79' lang='grc' dir='ltr'>ιι</span> <span class='ocrx_word' id='word_1_425' title='bbox 542 3255 692 3307; x_wconf 91' lang='lat' dir='ltr'><strong>Inter</strong></span> <span class='ocrx_word' id='word_1_426' title='bbox 718 3251 993 3318; x_wconf 74' lang='lat' dir='ltr'><strong>haeresim,</strong></span> <span class='ocrx_word' id='word_1_427' title='bbox 1020 3251 1218 3323; x_wconf 88' lang='lat' dir='ltr'><strong>inquit,</strong></span> <span class='ocrx_word' id='word_1_428' title='bbox 1242 3259 1297 3306; x_wconf 91' lang='lat' dir='ltr'><strong>et</strong></span> <span class='ocrx_word' id='word_1_429' title='bbox 1316 3251 1550 3306; x_wconf 90' lang='lat' dir='ltr'><strong>schisma</strong></span> <span class='ocrx_word' id='word_1_430' title='bbox 1574 3250 1681 3305; x_wconf 88' lang='lat' dir='ltr'><strong>hoc</strong></span> <span class='ocrx_word' id='word_1_431' title='bbox 1701 3249 1784 3304; x_wconf 89' lang='lat' dir='ltr'><strong>in-</strong></span> 
     </span>
    </p>
   </div>
   <div class='ocr_carea' id='block_1_62' title="bbox 183 3342 1787 3416">
    <p class='ocr_par' dir='ltr' id='par_1_62' title="bbox 183 3342 1787 3416">
     <span class='ocr_line' id='line_1_62' title="bbox 183 3342 1787 3416; baseline -0.003 -14"><span class='ocrx_word' id='word_1_432' title='bbox 183 3355 394 3402; x_wconf 85' lang='lat' dir='ltr'><strong>teresse</strong></span> <span class='ocrx_word' id='word_1_433' title='bbox 422 3345 773 3411; x_wconf 88' lang='lat' dir='ltr'><strong>arbitramur,</strong></span> <span class='ocrx_word' id='word_1_434' title='bbox 814 3344 964 3416; x_wconf 90' lang='lat' dir='ltr'><strong>quod</strong></span> <span class='ocrx_word' id='word_1_435' title='bbox 994 3344 1210 3401; x_wconf 68' lang='lat' dir='ltr'><strong>haeresis</strong></span> <span class='ocrx_word' id='word_1_436' title='bbox 1240 3359 1557 3414; x_wconf 89' lang='lat' dir='ltr'><strong>perversum</strong></span> <span class='ocrx_word' id='word_1_437' title='bbox 1587 3342 1787 3414; x_wconf 88' lang='lat' dir='ltr'><strong>dogma</strong></span> 
     </span>
    </p>
   </div>
   <div class='ocr_carea' id='block_1_63' title="bbox 175 3436 1786 3510">
    <p class='ocr_par' dir='ltr' id='par_1_63' title="bbox 175 3436 1786 3510">
     <span class='ocr_line' id='line_1_63' title="bbox 175 3436 1786 3510; baseline -0.004 -14"><span class='ocrx_word' id='word_1_438' title='bbox 175 3439 414 3506; x_wconf 85' lang='lat' dir='ltr'><strong>habeat,</strong></span> <span class='ocrx_word' id='word_1_439' title='bbox 443 3437 684 3493; x_wconf 87' lang='lat' dir='ltr'><strong>schisma</strong></span> <span class='ocrx_word' id='word_1_440' title='bbox 712 3446 934 3510; x_wconf 87' lang='lat' dir='ltr'><strong>propter</strong></span> <span class='ocrx_word' id='word_1_441' title='bbox 979 3437 1351 3507; x_wconf 89' lang='lat' dir='ltr'><strong>episcopalem</strong></span> <span class='ocrx_word' id='word_1_442' title='bbox 1389 3436 1786 3491; x_wconf 89' lang='lat' dir='ltr'><strong>dissensionem</strong></span> 
     </span>
    </p>
   </div>
   <div class='ocr_carea' id='block_1_64' title="bbox 173 3529 1788 3602">
    <p class='ocr_par' dir='ltr' id='par_1_64' title="bbox 173 3529 1788 3602">
     <span class='ocr_line' id='line_1_64' title="bbox 173 3529 1788 3602; baseline -0.005 -13"><span class='ocrx_word' id='word_1_443' title='bbox 173 3533 260 3589; x_wconf 88' lang='lat' dir='ltr'><strong>ab</strong></span> <span class='ocrx_word' id='word_1_444' title='bbox 296 3532 531 3588; x_wconf 83' lang='lat' dir='ltr'><strong>Ecclesia</strong></span> <span class='ocrx_word' id='word_1_445' title='bbox 576 3539 879 3601; x_wconf 88' lang='lat' dir='ltr'><strong>separetur.</strong></span> <span class='ocrx_word' id='word_1_446' title='bbox 918 3554 941 3577; x_wconf 85' lang='grc'><strong>››</strong></span> <span class='ocrx_word' id='word_1_447' title='bbox 988 3529 1149 3599; x_wconf 89' lang='lat' dir='ltr'><strong>Quod</strong></span> <span class='ocrx_word' id='word_1_448' title='bbox 1179 3529 1398 3602; x_wconf 90' lang='lat' dir='ltr'><strong>quidem</strong></span> <span class='ocrx_word' id='word_1_449' title='bbox 1437 3530 1493 3583; x_wconf 90' lang='lat' dir='ltr'><strong>in</strong></span> <span class='ocrx_word' id='word_1_450' title='bbox 1522 3529 1788 3599; x_wconf 87' lang='lat' dir='ltr'><strong>principio</strong></span> 
     </span>
    </p>
   </div>
   <div class='ocr_carea' id='block_1_65' title="bbox 173 3621 1789 3697">
    <p class='ocr_par' dir='ltr' id='par_1_65' title="bbox 173 3621 1789 3697">
     <span class='ocr_line' id='line_1_65' title="bbox 173 3621 1789 3697; baseline -0.004 -15"><span class='ocrx_word' id='word_1_451' title='bbox 173 3626 377 3697; x_wconf 82' lang='lat' dir='ltr'><strong>aliqua</strong></span> <span class='ocrx_word' id='word_1_452' title='bbox 419 3640 484 3679; x_wconf 84' lang='lat' dir='ltr'><strong>ex</strong></span> <span class='ocrx_word' id='word_1_453' title='bbox 532 3632 683 3695; x_wconf 83' lang='lat' dir='ltr'><strong>parte</strong></span> <span class='ocrx_word' id='word_1_454' title='bbox 730 3623 957 3695; x_wconf 84' lang='lat' dir='ltr'><strong>intelligi</strong></span> <span class='ocrx_word' id='word_1_455' title='bbox 1002 3630 1200 3694; x_wconf 91' lang='lat' dir='ltr'><strong>potest.</strong></span> <span class='ocrx_word' id='word_1_456' title='bbox 1252 3626 1523 3677; x_wconf 67' lang='lat' dir='ltr'><strong>Caeterum</strong></span> <span class='ocrx_word' id='word_1_457' title='bbox 1573 3621 1789 3676; x_wconf 88' lang='lat' dir='ltr'><strong>nullum</strong></span> 
     </span>
    </p>
   </div>
   <div class='ocr_carea' id='block_1_66' title="bbox 172 3714 1789 3788">
    <p class='ocr_par' dir='ltr' id='par_1_66' title="bbox 172 3714 1789 3788">
     <span class='ocr_line' id='line_1_66' title="bbox 172 3714 1789 3788; baseline -0.006 -11"><span class='ocrx_word' id='word_1_458' title='bbox 172 3718 437 3777; x_wconf 88' lang='lat' dir='ltr'><strong>schisma</strong></span> <span class='ocrx_word' id='word_1_459' title='bbox 464 3733 577 3772; x_wconf 90' lang='lat' dir='ltr'><strong>non</strong></span> <span class='ocrx_word' id='word_1_460' title='bbox 603 3716 707 3772; x_wconf 90' lang='lat' dir='ltr'><strong>sibi</strong></span> <span class='ocrx_word' id='word_1_461' title='bbox 738 3717 980 3788; x_wconf 88' lang='lat' dir='ltr'><strong>aliquam</strong></span> <span class='ocrx_word' id='word_1_462' title='bbox 1009 3715 1277 3786; x_wconf 90' lang='lat' dir='ltr'><strong>conﬁngit</strong></span> <span class='ocrx_word' id='word_1_463' title='bbox 1306 3714 1580 3782; x_wconf 69' lang='lat' dir='ltr'><strong>haeresim,</strong></span> <span class='ocrx_word' id='word_1_464' title='bbox 1610 3722 1671 3770; x_wconf 91' lang='lat' dir='ltr'><strong>ut</strong></span> <span class='ocrx_word' id='word_1_465' title='bbox 1702 3730 1789 3769; x_wconf 90' lang='lat' dir='ltr'><strong>re-</strong></span> 
     </span>
    </p>
   </div>
   <div class='ocr_carea' id='block_1_67' title="bbox 172 3807 1790 3879">
    <p class='ocr_par' dir='ltr' id='par_1_67' title="bbox 172 3807 1790 3879">
     <span class='ocr_line' id='line_1_67' title="bbox 172 3807 1790 3879; baseline -0.005 -10"><span class='ocrx_word' id='word_1_466' title='bbox 172 3820 282 3870; x_wconf 85' lang='lat' dir='ltr'><strong>cte</strong></span> <span class='ocrx_word' id='word_1_467' title='bbox 329 3811 400 3866; x_wconf 91' lang='lat' dir='ltr'><strong>ab</strong></span> <span class='ocrx_word' id='word_1_468' title='bbox 432 3810 665 3865; x_wconf 86' lang='lat' dir='ltr'><strong>Ecclesia</strong></span> <span class='ocrx_word' id='word_1_469' title='bbox 692 3809 982 3865; x_wconf 88' lang='lat' dir='ltr'><strong>recessisse</strong></span> <span class='ocrx_word' id='word_1_470' title='bbox 1009 3809 1274 3864; x_wconf 91' lang='lat' dir='ltr'><strong>videatur.</strong></span> <span class='ocrx_word' id='word_1_471' title='bbox 1306 3807 1469 3864; x_wconf 92' lang='lat' dir='ltr'><strong>Unde</strong></span> <span class='ocrx_word' id='word_1_472' title='bbox 1497 3810 1559 3862; x_wconf 91' lang='lat' dir='ltr'><strong>B.</strong></span> <span class='ocrx_word' id='word_1_473' title='bbox 1594 3810 1790 3879; x_wconf 87' lang='lat' dir='ltr'><strong>Augu-</strong></span> 
     </span>
    </p>
   </div>
   <div class='ocr_carea' id='block_1_68' title="bbox 169 3900 1792 3971">
    <p class='ocr_par' dir='ltr' id='par_1_68' title="bbox 169 3900 1792 3971">
     <span class='ocr_line' id='line_1_68' title="bbox 169 3900 1792 3971; baseline -0.006 -8"><span class='ocrx_word' id='word_1_474' title='bbox 169 3906 392 3971; x_wconf 83' lang='lat' dir='ltr'><strong>stinus,</strong></span> <span class='ocrx_word' id='word_1_475' title='bbox 423 3903 493 3959; x_wconf 90' lang='lat' dir='ltr'><strong>ad</strong></span> <span class='ocrx_word' id='word_1_476' title='bbox 524 3902 834 3959; x_wconf 90' lang='lat' dir='ltr'><strong>Emeritum</strong></span> <span class='ocrx_word' id='word_1_477' title='bbox 871 3902 1136 3970; x_wconf 90' lang='lat' dir='ltr'><strong>scribens,</strong></span> <span class='ocrx_word' id='word_1_478' title='bbox 1169 3902 1236 3958; x_wconf 90' lang='lat' dir='ltr'><strong>de</strong></span> <span class='ocrx_word' id='word_1_479' title='bbox 1266 3902 1568 3957; x_wconf 87' lang='lat' dir='ltr'><strong>Donatistis</strong></span> <span class='ocrx_word' id='word_1_480' title='bbox 1597 3900 1792 3955; x_wconf 88' lang='lat' dir='ltr'><strong>asserit</strong></span> 
     </span>
    </p>
   </div>
   <div class='ocr_carea' id='block_1_69' title="bbox 169 3994 1790 4073">
    <p class='ocr_par' dir='ltr' id='par_1_69' title="bbox 169 3994 1790 4073">
     <span class='ocr_line' id='line_1_69' title="bbox 169 3994 1790 4073; baseline -0.004 -18"><span class='ocrx_word' id='word_1_481' title='bbox 169 3996 345 4073; x_wconf 86' lang='lat' dir='ltr'><strong>quod</strong></span> <span class='ocrx_word' id='word_1_482' title='bbox 374 3996 609 4053; x_wconf 88' lang='lat' dir='ltr'><strong>schisma</strong></span> <span class='ocrx_word' id='word_1_483' title='bbox 656 3997 718 4051; x_wconf 89' lang='lat' dir='ltr'><strong>in</strong></span> <span class='ocrx_word' id='word_1_484' title='bbox 746 3995 999 4051; x_wconf 61' lang='lat' dir='ltr'><strong>haeresim</strong></span> <span class='ocrx_word' id='word_1_485' title='bbox 1039 3996 1179 4052; x_wconf 88' lang='lat' dir='ltr'><strong>male</strong></span> <span class='ocrx_word' id='word_1_486' title='bbox 1211 3994 1611 4068; x_wconf 88' lang='lat' dir='ltr'><strong>perseverando</strong></span> <span class='ocrx_word' id='word_1_487' title='bbox 1654 4010 1790 4050; x_wconf 87' lang='lat' dir='ltr'><strong>con-</strong></span> 
     </span>
    </p>
   </div>
   <div class='ocr_carea' id='block_1_70' title="bbox 172 4091 478 4149">
    <p class='ocr_par' dir='ltr' id='par_1_70' title="bbox 172 4091 478 4149">
     <span class='ocr_line' id='line_1_70' title="bbox 172 4091 478 4149; baseline -0.01 -2"><span class='ocrx_word' id='word_1_488' title='bbox 172 4091 478 4149; x_wconf 80' lang='lat' dir='ltr'><strong>verterint.</strong></span> 
     </span>
    </p>
   </div>
   <div class='ocr_carea' id='block_1_71' title="bbox 260 4182 1791 4254">
    <p class='ocr_par' dir='ltr' id='par_1_71' title="bbox 260 4182 1791 4254">
     <span class='ocr_line' id='line_1_71' title="bbox 260 4182 1791 4254; baseline -0.002 -15"><span class='ocrx_word' id='word_1_489' title='bbox 260 4182 431 4254; x_wconf 85' lang='lat' dir='ltr'><strong>Quod</strong></span> <span class='ocrx_word' id='word_1_490' title='bbox 453 4191 639 4239; x_wconf 87' lang='lat' dir='ltr'><strong>antem</strong></span> <span class='ocrx_word' id='word_1_491' title='bbox 658 4191 905 4239; x_wconf 91' lang='lat' dir='ltr'><strong>sanctum</strong></span> <span class='ocrx_word' id='word_1_492' title='bbox 924 4182 1213 4238; x_wconf 69' lang='lat' dir='ltr'><strong>Nicaenum</strong></span> <span class='ocrx_word' id='word_1_493' title='bbox 1237 4182 1548 4250; x_wconf 88' lang='lat' dir='ltr'><strong>concilium,</strong></span> <span class='ocrx_word' id='word_1_494' title='bbox 1574 4188 1637 4235; x_wconf 90' lang='lat' dir='ltr'><strong>ut</strong></span> <span class='ocrx_word' id='word_1_495' title='bbox 1658 4196 1791 4251; x_wconf 75' lang='lat' dir='ltr'><strong>prae-</strong></span> 
     </span>
    </p>
   </div>
   <div class='ocr_carea' id='block_1_72' title="bbox 171 4273 1794 4346">
    <p class='ocr_par' dir='ltr' id='par_1_72' title="bbox 171 4273 1794 4346">
     <span class='ocr_line' id='line_1_72' title="bbox 171 4273 1794 4346; baseline -0.005 -10"><span class='ocrx_word' id='word_1_496' title='bbox 171 4279 457 4345; x_wconf 77' lang='lat' dir='ltr'><strong>diximus,</strong></span> <span class='ocrx_word' id='word_1_497' title='bbox 487 4276 713 4332; x_wconf 90' lang='lat' dir='ltr'><strong>clericos</strong></span> <span class='ocrx_word' id='word_1_498' title='bbox 752 4276 1184 4333; x_wconf 74' lang='lat' dir='ltr'><strong>Novatianorum</strong></span> <span class='ocrx_word' id='word_1_499' title='bbox 1216 4291 1311 4346; x_wconf 91' lang='lat' dir='ltr'><strong>per</strong></span> <span class='ocrx_word' id='word_1_500' title='bbox 1346 4290 1541 4330; x_wconf 88' lang='lat' dir='ltr'><strong>manus</strong></span> <span class='ocrx_word' id='word_1_501' title='bbox 1566 4273 1794 4345; x_wconf 89' lang='lat' dir='ltr'><strong>imposi-</strong></span> 
     </span>
    </p>
   </div>
   <div class='ocr_carea' id='block_1_73' title="bbox 167 4367 1795 4441">
    <p class='ocr_par' dir='ltr' id='par_1_73' title="bbox 167 4367 1795 4441">
     <span class='ocr_line' id='line_1_73' title="bbox 167 4367 1795 4441; baseline -0.006 -11"><span class='ocrx_word' id='word_1_502' title='bbox 167 4375 409 4430; x_wconf 82' lang='lat' dir='ltr'><strong>tionem</strong></span> <span class='ocrx_word' id='word_1_503' title='bbox 457 4369 800 4441; x_wconf 88' lang='lat' dir='ltr'><strong>recipiendos</strong></span> <span class='ocrx_word' id='word_1_504' title='bbox 844 4370 1098 4437; x_wconf 89' lang='lat' dir='ltr'><strong>asseruit,</strong></span> <span class='ocrx_word' id='word_1_505' title='bbox 1166 4383 1518 4439; x_wconf 90' lang='lat' dir='ltr'><strong>nequaquam</strong></span> <span class='ocrx_word' id='word_1_506' title='bbox 1561 4367 1795 4422; x_wconf 89' lang='lat' dir='ltr'><strong>aliorum</strong></span> 
     </span>
    </p>
   </div>
   <div class='ocr_carea' id='block_1_74' title="bbox 170 4460 1796 4524">
    <p class='ocr_par' dir='ltr' id='par_1_74' title="bbox 170 4460 1796 4524">
     <span class='ocr_line' id='line_1_74' title="bbox 170 4460 1796 4524; baseline -0.004 -2"><span class='ocrx_word' id='word_1_507' title='bbox 170 4473 525 4524; x_wconf 82' lang='lat' dir='ltr'><strong>sanctorum</strong></span> <span class='ocrx_word' id='word_1_508' title='bbox 571 4465 795 4518; x_wconf 89' lang='lat' dir='ltr'><strong>Patrum</strong></span> <span class='ocrx_word' id='word_1_509' title='bbox 823 4462 1113 4518; x_wconf 89' lang='lat' dir='ltr'><strong>sententiis</strong></span> <span class='ocrx_word' id='word_1_510' title='bbox 1153 4461 1315 4518; x_wconf 87' lang='lat' dir='ltr'><strong>debet</strong></span> <span class='ocrx_word' id='word_1_511' title='bbox 1344 4460 1683 4517; x_wconf 89' lang='lat' dir='ltr'><strong>contrarium</strong></span> <span class='ocrx_word' id='word_1_512' title='bbox 1712 4476 1796 4515; x_wconf 90' lang='lat' dir='ltr'><strong>re-</strong></span> 
     </span>
    </p>
   </div>
   <div class='ocr_carea' id='block_1_75' title="bbox 168 4553 1797 4633">
    <p class='ocr_par' dir='ltr' id='par_1_75' title="bbox 168 4553 1797 4633">
     <span class='ocr_line' id='line_1_75' title="bbox 168 4553 1797 4633; baseline -0.005 -18"><span class='ocrx_word' id='word_1_513' title='bbox 168 4558 404 4633; x_wconf 87' lang='lat' dir='ltr'><strong>putari,</strong></span> <span class='ocrx_word' id='word_1_514' title='bbox 435 4556 528 4629; x_wconf 89' lang='lat' dir='ltr'><strong>qui</strong></span> <span class='ocrx_word' id='word_1_515' title='bbox 552 4555 735 4627; x_wconf 91' lang='lat' dir='ltr'><strong>lapsos</strong></span> <span class='ocrx_word' id='word_1_516' title='bbox 761 4555 1074 4611; x_wconf 90' lang='lat' dir='ltr'><strong>sacerdotes</strong></span> <span class='ocrx_word' id='word_1_517' title='bbox 1097 4554 1207 4611; x_wconf 90' lang='lat' dir='ltr'><strong>sive</strong></span> <span class='ocrx_word' id='word_1_518' title='bbox 1242 4553 1520 4622; x_wconf 89' lang='lat' dir='ltr'><strong>diacones,</strong></span> <span class='ocrx_word' id='word_1_519' title='bbox 1552 4570 1649 4625; x_wconf 92' lang='lat' dir='ltr'><strong>per</strong></span> <span class='ocrx_word' id='word_1_520' title='bbox 1677 4569 1797 4608; x_wconf 92' lang='lat' dir='ltr'><strong>ma-</strong></span> 
     </span>
    </p>
   </div>
   <div class='ocr_carea' id='block_1_76' title="bbox 166 4646 1799 4721">
    <p class='ocr_par' dir='ltr' id='par_1_76' title="bbox 166 4646 1799 4721">
     <span class='ocr_line' id='line_1_76' title="bbox 166 4646 1799 4721; baseline -0.005 -12"><span class='ocrx_word' id='word_1_521' title='bbox 166 4666 313 4709; x_wconf 84' lang='lat' dir='ltr'><strong>nus</strong></span> <span class='ocrx_word' id='word_1_522' title='bbox 339 4649 774 4721; x_wconf 89' lang='lat' dir='ltr'><strong>impositionem,</strong></span> <span class='ocrx_word' id='word_1_523' title='bbox 802 4648 1111 4706; x_wconf 88' lang='lat' dir='ltr'><strong>remedium</strong></span> <span class='ocrx_word' id='word_1_524' title='bbox 1140 4648 1444 4719; x_wconf 78' lang='lat' dir='ltr'><strong>paenitendi</strong></span> <span class='ocrx_word' id='word_1_525' title='bbox 1465 4649 1607 4703; x_wconf 90' lang='lat' dir='ltr'><strong>inter</strong></span> <span class='ocrx_word' id='word_1_526' title='bbox 1634 4646 1799 4702; x_wconf 90' lang='lat' dir='ltr'><strong>laicos</strong></span> 
     </span>
    </p>
   </div>
   <div class='ocr_carea' id='block_1_77' title="bbox 161 4740 1797 4815">
    <p class='ocr_par' dir='ltr' id='par_1_77' title="bbox 161 4740 1797 4815">
     <span class='ocr_line' id='line_1_77' title="bbox 161 4740 1797 4815; baseline -0.006 -12"><span class='ocrx_word' id='word_1_527' title='bbox 161 4744 445 4815; x_wconf 84' lang='lat' dir='ltr'><strong>recipere</strong></span> <span class='ocrx_word' id='word_1_528' title='bbox 475 4742 890 4815; x_wconf 88' lang='lat' dir='ltr'><strong>prohibuerunt.</strong></span> <span class='ocrx_word' id='word_1_529' title='bbox 933 4741 1093 4797; x_wconf 89' lang='lat' dir='ltr'><strong>Aliud</strong></span> <span class='ocrx_word' id='word_1_530' title='bbox 1120 4750 1203 4797; x_wconf 91' lang='lat' dir='ltr'><strong>est</strong></span> <span class='ocrx_word' id='word_1_531' title='bbox 1230 4741 1375 4796; x_wconf 91' lang='lat' dir='ltr'><strong>enim</strong></span> <span class='ocrx_word' id='word_1_532' title='bbox 1406 4740 1702 4812; x_wconf 91' lang='lat' dir='ltr'><strong>quemlibet</strong></span> <span class='ocrx_word' id='word_1_533' title='bbox 1732 4755 1797 4794; x_wconf 83' lang='lat' dir='ltr'><strong>ex</strong></span> 
     </span>
    </p>
   </div>
   <div class='ocr_carea' id='block_1_78' title="bbox 162 4834 1800 4903">
    <p class='ocr_par' dir='ltr' id='par_1_78' title="bbox 162 4834 1800 4903">
     <span class='ocr_line' id='line_1_78' title="bbox 162 4834 1800 4903; baseline -0.006 -6"><span class='ocrx_word' id='word_1_534' title='bbox 162 4836 402 4897; x_wconf 74' lang='lat' dir='ltr'><strong>haeresi</strong></span> <span class='ocrx_word' id='word_1_535' title='bbox 422 4837 502 4891; x_wconf 85' lang='lat' dir='ltr'><strong>vel</strong></span> <span class='ocrx_word' id='word_1_536' title='bbox 530 4835 826 4891; x_wconf 86' lang='lat' dir='ltr'><strong>schismate</strong></span> <span class='ocrx_word' id='word_1_537' title='bbox 844 4850 1175 4890; x_wconf 88' lang='lat' dir='ltr'><strong>conversum</strong></span> <span class='ocrx_word' id='word_1_538' title='bbox 1195 4842 1399 4889; x_wconf 78' lang='lat' dir='ltr'><strong>sanctae</strong></span> <span class='ocrx_word' id='word_1_539' title='bbox 1423 4834 1678 4889; x_wconf 70' lang='lat' dir='ltr'><strong>Ecclesiae</strong></span> <span class='ocrx_word' id='word_1_540' title='bbox 1703 4847 1800 4903; x_wconf 93' lang='lat' dir='ltr'><strong>per</strong></span> 
     </span>
    </p>
   </div>
   <div class='ocr_carea' id='block_1_79' title="bbox 156 4925 1803 5000">
    <p class='ocr_par' dir='ltr' id='par_1_79' title="bbox 156 4925 1803 5000">
     <span class='ocr_line' id='line_1_79' title="bbox 156 4925 1803 5000; baseline -0.004 -14"><span class='ocrx_word' id='word_1_541' title='bbox 156 4943 408 4992; x_wconf 77' lang='lat' dir='ltr'><strong>manus</strong></span> <span class='ocrx_word' id='word_1_542' title='bbox 452 4929 857 4999; x_wconf 89' lang='lat' dir='ltr'><strong>impositionem</strong></span> <span class='ocrx_word' id='word_1_543' title='bbox 898 4928 1275 5000; x_wconf 89' lang='lat' dir='ltr'><strong>redintegrari,</strong></span> <span class='ocrx_word' id='word_1_544' title='bbox 1309 4925 1457 4982; x_wconf 90' lang='lat' dir='ltr'><strong>aliud</strong></span> <span class='ocrx_word' id='word_1_545' title='bbox 1499 4926 1803 4998; x_wconf 88' lang='lat' dir='ltr'><strong>quemlibet</strong></span> 
     </span>
    </p>
   </div>
   <div class='ocr_carea' id='block_1_80' title="bbox 162 5020 1804 5091">
    <p class='ocr_par' dir='ltr' id='par_1_80' title="bbox 162 5020 1804 5091">
     <span class='ocr_line' id='line_1_80' title="bbox 162 5020 1804 5091; baseline -0.007 -5"><span class='ocrx_word' id='word_1_546' title='bbox 162 5029 261 5086; x_wconf 84' lang='lat' dir='ltr'><strong>in</strong></span> <span class='ocrx_word' id='word_1_547' title='bbox 294 5022 598 5079; x_wconf 86' lang='lat' dir='ltr'><strong>sacerdotio</strong></span> <span class='ocrx_word' id='word_1_548' title='bbox 626 5022 711 5078; x_wconf 88' lang='lat' dir='ltr'><strong>vel</strong></span> <span class='ocrx_word' id='word_1_549' title='bbox 752 5022 1036 5077; x_wconf 88' lang='lat' dir='ltr'><strong>diaconatu</strong></span> <span class='ocrx_word' id='word_1_550' title='bbox 1067 5021 1422 5078; x_wconf 90' lang='lat' dir='ltr'><strong>criminaliter</strong></span> <span class='ocrx_word' id='word_1_551' title='bbox 1451 5020 1662 5091; x_wconf 88' lang='lat' dir='ltr'><strong>lapsum</strong></span> <span class='ocrx_word' id='word_1_552' title='bbox 1692 5035 1804 5075; x_wconf 87' lang='lat' dir='ltr'><strong>non</strong></span> 
     </span>
    </p>
   </div>
   <div class='ocr_carea' id='block_1_81' title="bbox 155 5112 1807 5188">
    <p class='ocr_par' dir='ltr' id='par_1_81' title="bbox 155 5112 1807 5188">
     <span class='ocr_line' id='line_1_81' title="bbox 155 5112 1807 5188; baseline -0.005 -14"><span class='ocrx_word' id='word_1_553' title='bbox 155 5116 413 5179; x_wconf 73' lang='lat' dir='ltr'><strong>debere</strong></span> <span class='ocrx_word' id='word_1_554' title='bbox 430 5115 687 5188; x_wconf 89' lang='lat' dir='ltr'><strong>consequi</strong></span> <span class='ocrx_word' id='word_1_555' title='bbox 709 5114 1012 5171; x_wconf 90' lang='lat' dir='ltr'><strong>remedium</strong></span> <span class='ocrx_word' id='word_1_556' title='bbox 1036 5113 1339 5185; x_wconf 81' lang='lat' dir='ltr'><strong>paenitendi</strong></span> <span class='ocrx_word' id='word_1_557' title='bbox 1371 5129 1469 5185; x_wconf 91' lang='lat' dir='ltr'><strong>per</strong></span> <span class='ocrx_word' id='word_1_558' title='bbox 1487 5129 1688 5168; x_wconf 89' lang='lat' dir='ltr'><strong>manus</strong></span> <span class='ocrx_word' id='word_1_559' title='bbox 1704 5112 1807 5167; x_wconf 91' lang='lat' dir='ltr'><strong>im-</strong></span> 
     </span>
    </p>
   </div>
   <div class='ocr_carea' id='block_1_82' title="bbox 159 5205 1806 5288">
    <p class='ocr_par' dir='ltr' id='par_1_82' title="bbox 159 5205 1806 5288">
     <span class='ocr_line' id='line_1_82' title="bbox 159 5205 1806 5288; baseline -0.005 -21"><span class='ocrx_word' id='word_1_560' title='bbox 159 5210 562 5288; x_wconf 85' lang='lat' dir='ltr'><strong>positionem,</strong></span> <span class='ocrx_word' id='word_1_561' title='bbox 592 5217 654 5264; x_wconf 91' lang='lat' dir='ltr'><strong>ut</strong></span> <span class='ocrx_word' id='word_1_562' title='bbox 676 5208 898 5264; x_wconf 89' lang='lat' dir='ltr'><strong>laicum.</strong></span> <span class='ocrx_word' id='word_1_563' title='bbox 932 5210 997 5263; x_wconf 89' lang='lat' dir='ltr'><strong>Et</strong></span> <span class='ocrx_word' id='word_1_564' title='bbox 1018 5207 1160 5263; x_wconf 89' lang='lat' dir='ltr'><strong>hanc</strong></span> <span class='ocrx_word' id='word_1_565' title='bbox 1188 5209 1377 5279; x_wconf 92' lang='lat' dir='ltr'><strong>utique</strong></span> <span class='ocrx_word' id='word_1_566' title='bbox 1407 5205 1806 5262; x_wconf 89' lang='lat' dir='ltr'><strong>observantiam</strong></span> 
     </span>
    </p>
   </div>
   <div class='ocr_carea' id='block_1_83' title="bbox 152 5300 1808 5374">
    <p class='ocr_par' dir='ltr' id='par_1_83' title="bbox 152 5300 1808 5374">
     <span class='ocr_line' id='line_1_83' title="bbox 152 5300 1808 5374; baseline -0.004 -12"><span class='ocrx_word' id='word_1_567' title='bbox 152 5308 281 5369; x_wconf 82' lang='lat' dir='ltr'><strong>de</strong></span> <span class='ocrx_word' id='word_1_568' title='bbox 314 5303 477 5374; x_wconf 89' lang='lat' dir='ltr'><strong>lapsis</strong></span> <span class='ocrx_word' id='word_1_569' title='bbox 522 5302 893 5359; x_wconf 88' lang='lat' dir='ltr'><strong>sacerdotibus</strong></span> <span class='ocrx_word' id='word_1_570' title='bbox 939 5302 1053 5358; x_wconf 90' lang='lat' dir='ltr'><strong>sive</strong></span> <span class='ocrx_word' id='word_1_571' title='bbox 1089 5301 1431 5368; x_wconf 90' lang='lat' dir='ltr'><strong>diaconibus,</strong></span> <span class='ocrx_word' id='word_1_572' title='bbox 1460 5303 1522 5354; x_wconf 92' lang='lat' dir='ltr'><strong>B.</strong></span> <span class='ocrx_word' id='word_1_573' title='bbox 1555 5303 1667 5356; x_wconf 87' lang='lat' dir='ltr'><strong>Leo</strong></span> <span class='ocrx_word' id='word_1_574' title='bbox 1698 5300 1808 5372; x_wconf 91' lang='lat' dir='ltr'><strong>pri-</strong></span> 
     </span>
    </p>
   </div>
   <div class='ocr_carea' id='block_1_84' title="bbox 150 5394 1810 5467">
    <p class='ocr_par' dir='ltr' id='par_1_84' title="bbox 150 5394 1810 5467">
     <span class='ocr_line' id='line_1_84' title="bbox 150 5394 1810 5467; baseline -0.003 -14"><span class='ocrx_word' id='word_1_575' title='bbox 150 5413 343 5461; x_wconf 77' lang='lat' dir='ltr'><strong>mus</strong></span> <span class='ocrx_word' id='word_1_576' title='bbox 366 5396 420 5451; x_wconf 93' lang='lat' dir='ltr'><strong>in</strong></span> <span class='ocrx_word' id='word_1_577' title='bbox 443 5395 676 5451; x_wconf 89' lang='lat' dir='ltr'><strong>decretis</strong></span> <span class='ocrx_word' id='word_1_578' title='bbox 700 5396 833 5464; x_wconf 90' lang='lat' dir='ltr'><strong>suis,</strong></span> <span class='ocrx_word' id='word_1_579' title='bbox 867 5411 988 5466; x_wconf 90' lang='lat' dir='ltr'><strong>cap.</strong></span> <span class='ocrx_word' id='word_1_580' title='bbox 1021 5400 1111 5459; x_wconf 79' lang='lat'><strong>25,</strong></span> <span class='ocrx_word' id='word_1_581' title='bbox 1144 5411 1208 5450; x_wconf 87' lang='lat' dir='ltr'><strong>ex</strong></span> <span class='ocrx_word' id='word_1_582' title='bbox 1238 5396 1534 5467; x_wconf 88' lang='lat' dir='ltr'><strong>apostolica</strong></span> <span class='ocrx_word' id='word_1_583' title='bbox 1565 5394 1810 5450; x_wconf 86' lang='lat' dir='ltr'><strong>traditio-</strong></span> 
     </span>
    </p>
   </div>
   <div class='ocr_carea' id='block_1_85' title="bbox 154 5485 1812 5559">
    <p class='ocr_par' dir='ltr' id='par_1_85' title="bbox 154 5485 1812 5559">
     <span class='ocr_line' id='line_1_85' title="bbox 154 5485 1812 5559; baseline -0.002 -13"><span class='ocrx_word' id='word_1_584' title='bbox 154 5506 290 5556; x_wconf 79' lang='lat' dir='ltr'><strong>ne</strong></span> <span class='ocrx_word' id='word_1_585' title='bbox 310 5488 680 5545; x_wconf 86' lang='lat' dir='ltr'><strong>indubitanter</strong></span> <span class='ocrx_word' id='word_1_586' title='bbox 698 5488 1046 5544; x_wconf 90' lang='lat' dir='ltr'><strong>descendisse</strong></span> <span class='ocrx_word' id='word_1_587' title='bbox 1067 5496 1318 5555; x_wconf 90' lang='lat' dir='ltr'><strong>testatur,</strong></span> <span class='ocrx_word' id='word_1_588' title='bbox 1338 5488 1497 5559; x_wconf 84' lang='lat' dir='ltr'><strong>juxta</strong></span> <span class='ocrx_word' id='word_1_589' title='bbox 1520 5487 1649 5543; x_wconf 91' lang='lat' dir='ltr'><strong>illud</strong></span> <span class='ocrx_word' id='word_1_590' title='bbox 1666 5485 1812 5559; x_wconf 92' lang='lat' dir='ltr'><strong>quod</strong></span> 
     </span>
    </p>
   </div>
   <div class='ocr_carea' id='block_1_86' title="bbox 150 5580 1815 5653">
    <p class='ocr_par' dir='ltr' id='par_1_86' title="bbox 150 5580 1815 5653">
     <span class='ocr_line' id='line_1_86' title="bbox 150 5580 1815 5653; baseline -0.006 -10"><span class='ocrx_word' id='word_1_591' title='bbox 150 5582 484 5653; x_wconf 69' lang='lat' dir='ltr'><strong>scriptum</strong></span> <span class='ocrx_word' id='word_1_592' title='bbox 511 5591 593 5637; x_wconf 90' lang='lat' dir='ltr'><strong>est</strong></span> <span class='ocrx_word' id='word_1_593' title='bbox 623 5601 635 5637; x_wconf 89' lang='lat'><strong>:</strong></span> <span class='ocrx_word' id='word_1_594' title='bbox 674 5605 700 5628; x_wconf 77' lang='grc' dir='ltr'><strong>α</strong></span> <span class='ocrx_word' id='word_1_595' title='bbox 732 5581 1000 5637; x_wconf 84' lang='lat' dir='ltr'><strong>Sacerdos</strong></span> <span class='ocrx_word' id='word_1_596' title='bbox 1030 5582 1073 5636; x_wconf 93' lang='lat' dir='ltr'><strong>si</strong></span> <span class='ocrx_word' id='word_1_597' title='bbox 1108 5583 1427 5653; x_wconf 90' lang='lat' dir='ltr'><strong>peccaverit,</strong></span> <span class='ocrx_word' id='word_1_598' title='bbox 1476 5581 1597 5652; x_wconf 92' lang='lat' dir='ltr'><strong>quis</strong></span> <span class='ocrx_word' id='word_1_599' title='bbox 1638 5580 1815 5636; x_wconf 90' lang='lat' dir='ltr'><strong>orabit</strong></span> 
     </span>
    </p>
   </div>
   <div class='ocr_carea' id='block_1_87' title="bbox 152 5674 1811 5759">
    <p class='ocr_par' dir='ltr' id='par_1_87' title="bbox 152 5674 1811 5759">
     <span class='ocr_line' id='line_1_87' title="bbox 152 5674 1811 5759; baseline -0.002 -28"><span class='ocrx_word' id='word_1_600' title='bbox 152 5691 326 5759; x_wconf 72' lang='lat' dir='ltr'><strong>pro</strong></span> <span class='ocrx_word' id='word_1_601' title='bbox 360 5677 459 5731; x_wconf 84' lang='lat' dir='ltr'><strong>eo?</strong></span> <span class='ocrx_word' id='word_1_602' title='bbox 491 5698 516 5723; x_wconf 70' lang='grc' dir='ltr'><strong>ι</strong></span> <span class='ocrx_word' id='word_1_603' title='bbox 565 5674 671 5731; x_wconf 90' lang='lat' dir='ltr'><strong>Sed</strong></span> <span class='ocrx_word' id='word_1_604' title='bbox 698 5683 755 5730; x_wconf 90' lang='lat' dir='ltr'><strong>et</strong></span> <span class='ocrx_word' id='word_1_605' title='bbox 798 5675 857 5730; x_wconf 89' lang='lat' dir='ltr'><strong>in</strong></span> <span class='ocrx_word' id='word_1_606' title='bbox 897 5674 1198 5730; x_wconf 88' lang='lat' dir='ltr'><strong>canonibus</strong></span> <span class='ocrx_word' id='word_1_607' title='bbox 1242 5674 1645 5745; x_wconf 88' lang='lat' dir='ltr'><strong>apostolorum,</strong></span> <span class='ocrx_word' id='word_1_608' title='bbox 1693 5690 1811 5745; x_wconf 91' lang='lat' dir='ltr'><strong>cap.</strong></span> 
     </span>
    </p>
   </div>
   <div class='ocr_carea' id='block_1_88' title="bbox 148 5766 1815 5840">
    <p class='ocr_par' dir='ltr' id='par_1_88' title="bbox 148 5766 1815 5840">
     <span class='ocr_line' id='line_1_88' title="bbox 148 5766 1815 5840; baseline -0.001 -16"><span class='ocrx_word' id='word_1_609' title='bbox 148 5774 316 5838; x_wconf 74' lang='lat'><strong>25,</strong></span> <span class='ocrx_word' id='word_1_610' title='bbox 345 5768 615 5839; x_wconf 88' lang='lat' dir='ltr'><strong>reperitur</strong></span> <span class='ocrx_word' id='word_1_611' title='bbox 660 5787 675 5823; x_wconf 91' lang='lat'><strong>:</strong></span> <span class='ocrx_word' id='word_1_612' title='bbox 707 5791 733 5817; x_wconf 78' lang='grc' dir='ltr'><strong>α</strong></span> <span class='ocrx_word' id='word_1_613' title='bbox 768 5767 1094 5840; x_wconf 88' lang='lat' dir='ltr'><strong>Episcopus,</strong></span> <span class='ocrx_word' id='word_1_614' title='bbox 1124 5768 1428 5840; x_wconf 85' lang='lat' dir='ltr'><strong>presbyter,</strong></span> <span class='ocrx_word' id='word_1_615' title='bbox 1458 5766 1724 5824; x_wconf 88' lang='lat' dir='ltr'><strong>diaconus</strong></span> <span class='ocrx_word' id='word_1_616' title='bbox 1759 5766 1815 5822; x_wconf 92' lang='lat' dir='ltr'><strong>in</strong></span> 
     </span>
    </p>
   </div>
   <div class='ocr_carea' id='block_1_89' title="bbox 158 5859 1820 5934">
    <p class='ocr_par' dir='ltr' id='par_1_89' title="bbox 158 5859 1820 5934">
     <span class='ocr_line' id='line_1_89' title="bbox 158 5859 1820 5934; baseline -0.003 -14"><span class='ocrx_word' id='word_1_617' title='bbox 158 5861 546 5930; x_wconf 73' lang='lat' dir='ltr'><strong>homicidio,</strong></span> <span class='ocrx_word' id='word_1_618' title='bbox 597 5860 859 5934; x_wconf 82' lang='lat' dir='ltr'><strong>perjurio,</strong></span> <span class='ocrx_word' id='word_1_619' title='bbox 892 5861 1004 5916; x_wconf 87' lang='lat' dir='ltr'><strong>sive</strong></span> <span class='ocrx_word' id='word_1_620' title='bbox 1042 5860 1401 5917; x_wconf 82' lang='lat' dir='ltr'><strong>fornicatione</strong></span> <span class='ocrx_word' id='word_1_621' title='bbox 1452 5859 1820 5932; x_wconf 73' lang='lat' dir='ltr'><strong>deprehensus</strong></span> 
     </span>
    </p>
   </div>
   <div class='ocr_carea' id='block_1_90' title="bbox 515 5950 1057 6005">
    <p class='ocr_par' dir='ltr' id='par_1_90' title="bbox 515 5950 1057 6005">
     <span class='ocr_line' id='line_1_90' title="bbox 515 5950 1057 6005; baseline 0 -2"><span class='ocrx_word' id='word_1_622' title='bbox 515 5950 754 6005; x_wconf 73' lang='lat' dir='ltr'><strong>PATROL.</strong></span> <span class='ocrx_word' id='word_1_623' title='bbox 799 5950 1057 6005; x_wconf 75' lang='lat' dir='ltr'><strong>CXLVIII.</strong></span> 
     </span>
    </p>
   </div>
   <div class='ocr_carea' id='block_1_91' title="bbox 1902 3248 3493 3324">
    <p class='ocr_par' dir='ltr' id='par_1_91' title="bbox 1902 3248 3493 3324">
     <span class='ocr_line' id='line_1_91' title="bbox 1902 3248 3493 3324; baseline 0.001 -17"><span class='ocrx_word' id='word_1_624' title='bbox 1902 3252 2178 3315; x_wconf 62' lang='lat' dir='ltr'><strong>Ecclesiae,</strong></span> <span class='ocrx_word' id='word_1_625' title='bbox 2210 3248 2450 3323; x_wconf 78' lang='lat' dir='ltr'><strong>quinque</strong></span> <span class='ocrx_word' id='word_1_626' title='bbox 2476 3259 2690 3307; x_wconf 89' lang='lat' dir='ltr'><strong>tantum</strong></span> <span class='ocrx_word' id='word_1_627' title='bbox 2731 3251 2975 3324; x_wconf 83' lang='lat' dir='ltr'><strong>synodos</strong></span> <span class='ocrx_word' id='word_1_628' title='bbox 3009 3252 3304 3309; x_wconf 89' lang='lat' dir='ltr'><strong>instituisse</strong></span> <span class='ocrx_word' id='word_1_629' title='bbox 3331 3268 3398 3309; x_wconf 87' lang='lat' dir='ltr'><strong>ex</strong></span> <span class='ocrx_word' id='word_1_630' title='bbox 3430 3253 3493 3309; x_wconf 89' lang='lat' dir='ltr'><strong>Ii-</strong></span> 
     </span>
    </p>
   </div>
   <div class='ocr_carea' id='block_1_92' title="bbox 1892 3344 3495 3416">
    <p class='ocr_par' dir='ltr' id='par_1_92' title="bbox 1892 3344 3495 3416">
     <span class='ocr_line' id='line_1_92' title="bbox 1892 3344 3495 3416; baseline 0.001 -16"><span class='ocrx_word' id='word_1_631' title='bbox 1892 3344 1992 3400; x_wconf 89' lang='lat' dir='ltr'><strong>bro</strong></span> <span class='ocrx_word' id='word_1_632' title='bbox 2024 3348 2265 3400; x_wconf 89' lang='lat' dir='ltr'><strong>Actuum</strong></span> <span class='ocrx_word' id='word_1_633' title='bbox 2309 3344 2554 3414; x_wconf 91' lang='lat' dir='ltr'><strong>ipsorum</strong></span> <span class='ocrx_word' id='word_1_634' title='bbox 2580 3353 2636 3399; x_wconf 90' lang='lat' dir='ltr'><strong>et</strong></span> <span class='ocrx_word' id='word_1_635' title='bbox 2674 3360 2740 3399; x_wconf 86' lang='lat' dir='ltr'><strong>ex</strong></span> <span class='ocrx_word' id='word_1_636' title='bbox 2780 3344 3075 3400; x_wconf 86' lang='lat' dir='ltr'><strong>traditione</strong></span> <span class='ocrx_word' id='word_1_637' title='bbox 3103 3346 3376 3416; x_wconf 86' lang='lat' dir='ltr'><strong>majorum</strong></span> <span class='ocrx_word' id='word_1_638' title='bbox 3404 3345 3495 3402; x_wconf 88' lang='lat' dir='ltr'><strong>di-</strong></span> 
     </span>
    </p>
   </div>
   <div class='ocr_carea' id='block_1_93' title="bbox 1899 3436 3491 3509">
    <p class='ocr_par' dir='ltr' id='par_1_93' title="bbox 1899 3436 3491 3509">
     <span class='ocr_line' id='line_1_93' title="bbox 1899 3436 3491 3509; baseline 0.001 -17"><span class='ocrx_word' id='word_1_639' title='bbox 1899 3436 2153 3493; x_wconf 89' lang='lat' dir='ltr'><strong>dicimus.</strong></span> <span class='ocrx_word' id='word_1_640' title='bbox 2190 3441 2403 3493; x_wconf 84' lang='lat' dir='ltr'><strong>Harum</strong></span> <span class='ocrx_word' id='word_1_641' title='bbox 2429 3437 2662 3509; x_wconf 88' lang='lat' dir='ltr'><strong>primam</strong></span> <span class='ocrx_word' id='word_1_642' title='bbox 2691 3436 2878 3493; x_wconf 87' lang='lat' dir='ltr'><strong>statim</strong></span> <span class='ocrx_word' id='word_1_643' title='bbox 2912 3446 3034 3508; x_wconf 90' lang='lat' dir='ltr'><strong>post</strong></span> <span class='ocrx_word' id='word_1_644' title='bbox 3054 3454 3349 3494; x_wconf 90' lang='lat' dir='ltr'><strong>ascensum</strong></span> <span class='ocrx_word' id='word_1_645' title='bbox 3379 3442 3491 3494; x_wconf 88' lang='lat' dir='ltr'><strong>Do-</strong></span> 
     </span>
    </p>
   </div>
   <div class='ocr_carea' id='block_1_94' title="bbox 1897 3529 3497 3603">
    <p class='ocr_par' dir='ltr' id='par_1_94' title="bbox 1897 3529 3497 3603">
     <span class='ocr_line' id='line_1_94' title="bbox 1897 3529 3497 3603; baseline 0.001 -18"><span class='ocrx_word' id='word_1_646' title='bbox 1897 3530 2031 3585; x_wconf 90' lang='lat' dir='ltr'><strong>mini</strong></span> <span class='ocrx_word' id='word_1_647' title='bbox 2062 3530 2130 3586; x_wconf 93' lang='lat' dir='ltr'><strong>de</strong></span> <span class='ocrx_word' id='word_1_648' title='bbox 2158 3531 2420 3586; x_wconf 89' lang='lat' dir='ltr'><strong>electione</strong></span> <span class='ocrx_word' id='word_1_649' title='bbox 2448 3529 2698 3585; x_wconf 76' lang='lat' dir='ltr'><strong>Matthiae</strong></span> <span class='ocrx_word' id='word_1_650' title='bbox 2734 3531 2964 3601; x_wconf 87' lang='lat' dir='ltr'><strong>apostoli</strong></span> <span class='ocrx_word' id='word_1_651' title='bbox 3005 3531 3058 3585; x_wconf 89' lang='lat' dir='ltr'><strong>in</strong></span> <span class='ocrx_word' id='word_1_652' title='bbox 3084 3531 3270 3587; x_wconf 91' lang='lat' dir='ltr'><strong>locum</strong></span> <span class='ocrx_word' id='word_1_653' title='bbox 3313 3530 3497 3603; x_wconf 88' lang='lat' dir='ltr'><strong>prodi-</strong></span> 
     </span>
    </p>
   </div>
   <div class='ocr_carea' id='block_1_95' title="bbox 1898 3622 3489 3696">
    <p class='ocr_par' dir='ltr' id='par_1_95' title="bbox 1898 3622 3489 3696">
     <span class='ocr_line' id='line_1_95' title="bbox 1898 3622 3489 3696; baseline 0.001 -19"><span class='ocrx_word' id='word_1_654' title='bbox 1898 3624 2036 3678; x_wconf 89' lang='lat' dir='ltr'><strong>toris</strong></span> <span class='ocrx_word' id='word_1_655' title='bbox 2063 3622 2220 3679; x_wconf 65' lang='lat' dir='ltr'><strong>Judae</strong></span> <span class='ocrx_word' id='word_1_656' title='bbox 2263 3623 2689 3679; x_wconf 89' lang='lat' dir='ltr'><strong>celebraverunt.</strong></span> <span class='ocrx_word' id='word_1_657' title='bbox 2735 3623 3064 3691; x_wconf 89' lang='lat' dir='ltr'><strong>Secundam,</strong></span> <span class='ocrx_word' id='word_1_658' title='bbox 3107 3640 3236 3679; x_wconf 91' lang='lat' dir='ltr'><strong>cum</strong></span> <span class='ocrx_word' id='word_1_659' title='bbox 3281 3632 3489 3696; x_wconf 90' lang='lat' dir='ltr'><strong>septem</strong></span> 
     </span>
    </p>
   </div>
   <div class='ocr_carea' id='block_1_96' title="bbox 1899 3715 3493 3788">
    <p class='ocr_par' dir='ltr' id='par_1_96' title="bbox 1899 3715 3493 3788">
     <span class='ocr_line' id='line_1_96' title="bbox 1899 3715 3493 3788; baseline 0 -17"><span class='ocrx_word' id='word_1_660' title='bbox 1899 3716 2155 3772; x_wconf 76' lang='lat' dir='ltr'><strong>diaconos</strong></span> <span class='ocrx_word' id='word_1_661' title='bbox 2213 3716 2479 3788; x_wconf 87' lang='lat' dir='ltr'><strong>eligerunt</strong></span> <span class='ocrx_word' id='word_1_662' title='bbox 2532 3715 2599 3770; x_wconf 91' lang='lat' dir='ltr'><strong>ad</strong></span> <span class='ocrx_word' id='word_1_663' title='bbox 2646 3715 3067 3786; x_wconf 89' lang='lat' dir='ltr'><strong>dispensationis</strong></span> <span class='ocrx_word' id='word_1_664' title='bbox 3108 3717 3493 3773; x_wconf 91' lang='lat' dir='ltr'><strong>ministerium.</strong></span> 
     </span>
    </p>
   </div>
   <div class='ocr_carea' id='block_1_97' title="bbox 1898 3808 3495 3881">
    <p class='ocr_par' dir='ltr' id='par_1_97' title="bbox 1898 3808 3495 3881">
     <span class='ocr_line' id='line_1_97' title="bbox 1898 3808 3495 3881; baseline 0.001 -17"><span class='ocrx_word' id='word_1_665' title='bbox 1898 3810 2160 3878; x_wconf 88' lang='lat' dir='ltr'><strong>Tertiam,</strong></span> <span class='ocrx_word' id='word_1_666' title='bbox 2191 3808 2258 3865; x_wconf 91' lang='lat' dir='ltr'><strong>de</strong></span> <span class='ocrx_word' id='word_1_667' title='bbox 2304 3809 2581 3865; x_wconf 89' lang='lat' dir='ltr'><strong>conversis</strong></span> <span class='ocrx_word' id='word_1_668' title='bbox 2613 3825 2681 3864; x_wconf 86' lang='lat' dir='ltr'><strong>ex</strong></span> <span class='ocrx_word' id='word_1_669' title='bbox 2706 3808 2978 3879; x_wconf 88' lang='lat' dir='ltr'><strong>gentibus,</strong></span> <span class='ocrx_word' id='word_1_670' title='bbox 3006 3825 3074 3864; x_wconf 91' lang='lat' dir='ltr'><strong>ne</strong></span> <span class='ocrx_word' id='word_1_671' title='bbox 3094 3809 3378 3881; x_wconf 90' lang='lat' dir='ltr'><strong>judaizare</strong></span> <span class='ocrx_word' id='word_1_672' title='bbox 3401 3825 3495 3865; x_wconf 90' lang='lat' dir='ltr'><strong>co-</strong></span> 
     </span>
    </p>
   </div>
   <div class='ocr_carea' id='block_1_98' title="bbox 1900 3901 3491 3975">
    <p class='ocr_par' dir='ltr' id='par_1_98' title="bbox 1900 3901 3491 3975">
     <span class='ocr_line' id='line_1_98' title="bbox 1900 3901 3491 3975; baseline 0.001 -18"><span class='ocrx_word' id='word_1_673' title='bbox 1900 3910 2176 3975; x_wconf 86' lang='lat' dir='ltr'><strong>gerentur,</strong></span> <span class='ocrx_word' id='word_1_674' title='bbox 2210 3902 2308 3959; x_wconf 90' lang='lat' dir='ltr'><strong>sed</strong></span> <span class='ocrx_word' id='word_1_675' title='bbox 2344 3911 2558 3957; x_wconf 85' lang='lat' dir='ltr'><strong>tantum</strong></span> <span class='ocrx_word' id='word_1_676' title='bbox 2603 3909 2662 3957; x_wconf 91' lang='lat' dir='ltr'><strong>ut</strong></span> <span class='ocrx_word' id='word_1_677' title='bbox 2690 3901 3021 3957; x_wconf 89' lang='lat' dir='ltr'><strong>abstinerent</strong></span> <span class='ocrx_word' id='word_1_678' title='bbox 3046 3918 3077 3957; x_wconf 91' lang='lat' dir='ltr'><strong>a</strong></span> <span class='ocrx_word' id='word_1_679' title='bbox 3108 3901 3491 3973; x_wconf 78' lang='lat' dir='ltr'><strong>fornicatione,</strong></span> 
     </span>
    </p>
   </div>
   <div class='ocr_carea' id='block_1_99' title="bbox 1899 3994 3497 4068">
    <p class='ocr_par' dir='ltr' id='par_1_99' title="bbox 1899 3994 3497 4068">
     <span class='ocr_line' id='line_1_99' title="bbox 1899 3994 3497 4068; baseline 0 -18"><span class='ocrx_word' id='word_1_680' title='bbox 1899 3995 1970 4051; x_wconf 91' lang='lat' dir='ltr'><strong>ab</strong></span> <span class='ocrx_word' id='word_1_681' title='bbox 1993 3995 2310 4068; x_wconf 90' lang='lat' dir='ltr'><strong>idolothytis</strong></span> <span class='ocrx_word' id='word_1_682' title='bbox 2339 4005 2394 4052; x_wconf 92' lang='lat' dir='ltr'><strong>et</strong></span> <span class='ocrx_word' id='word_1_683' title='bbox 2418 3995 2704 4067; x_wconf 88' lang='lat' dir='ltr'><strong>sanguine.</strong></span> <span class='ocrx_word' id='word_1_684' title='bbox 2751 3997 2969 4051; x_wconf 91' lang='lat' dir='ltr'><strong>Horum</strong></span> <span class='ocrx_word' id='word_1_685' title='bbox 3001 3994 3255 4051; x_wconf 91' lang='lat' dir='ltr'><strong>ultimum</strong></span> <span class='ocrx_word' id='word_1_686' title='bbox 3299 3998 3361 4050; x_wconf 86' lang='grc' dir='ltr'><strong>Β.</strong></span> <span class='ocrx_word' id='word_1_687' title='bbox 3388 3999 3497 4051; x_wconf 89' lang='lat' dir='ltr'><strong>Au-</strong></span> 
     </span>
    </p>
   </div>
   <div class='ocr_carea' id='block_1_100' title="bbox 1899 4088 3492 4160">
    <p class='ocr_par' dir='ltr' id='par_1_100' title="bbox 1899 4088 3492 4160">
     <span class='ocr_line' id='line_1_100' title="bbox 1899 4088 3492 4160; baseline 0.001 -17"><span class='ocrx_word' id='word_1_688' title='bbox 1899 4090 2115 4160; x_wconf 89' lang='lat' dir='ltr'><strong>gustino</strong></span> <span class='ocrx_word' id='word_1_689' title='bbox 2158 4088 2548 4160; x_wconf 87' lang='lat' dir='ltr'><strong>dispensatorie</strong></span> <span class='ocrx_word' id='word_1_690' title='bbox 2595 4088 2808 4145; x_wconf 91' lang='lat' dir='ltr'><strong>videtur</strong></span> <span class='ocrx_word' id='word_1_691' title='bbox 2851 4088 3186 4158; x_wconf 90' lang='lat' dir='ltr'><strong>institutum,</strong></span> <span class='ocrx_word' id='word_1_692' title='bbox 3219 4088 3264 4144; x_wconf 92' lang='lat' dir='ltr'><strong>si</strong></span> <span class='ocrx_word' id='word_1_693' title='bbox 3307 4095 3492 4144; x_wconf 90' lang='lat' dir='ltr'><strong>tamen</strong></span> 
     </span>
    </p>
   </div>
   <div class='ocr_carea' id='block_1_101' title="bbox 1896 4182 3491 4254">
    <p class='ocr_par' dir='ltr' id='par_1_101' title="bbox 1896 4182 3491 4254">
     <span class='ocr_line' id='line_1_101' title="bbox 1896 4182 3491 4254; baseline 0.001 -18"><span class='ocrx_word' id='word_1_694' title='bbox 1896 4182 1971 4238; x_wconf 87' lang='lat' dir='ltr'><strong>ita</strong></span> <span class='ocrx_word' id='word_1_695' title='bbox 2016 4182 2336 4254; x_wconf 89' lang='lat' dir='ltr'><strong>intelligitur</strong></span> <span class='ocrx_word' id='word_1_696' title='bbox 2400 4190 2462 4237; x_wconf 92' lang='lat' dir='ltr'><strong>ut</strong></span> <span class='ocrx_word' id='word_1_697' title='bbox 2515 4182 2849 4238; x_wconf 89' lang='lat' dir='ltr'><strong>abstinerent</strong></span> <span class='ocrx_word' id='word_1_698' title='bbox 2900 4198 2932 4238; x_wconf 91' lang='lat' dir='ltr'><strong>a</strong></span> <span class='ocrx_word' id='word_1_699' title='bbox 2965 4182 3217 4238; x_wconf 84' lang='lat' dir='ltr'><strong>carnibus</strong></span> <span class='ocrx_word' id='word_1_700' title='bbox 3257 4196 3491 4252; x_wconf 91' lang='lat' dir='ltr'><strong>quarum</strong></span> 
     </span>
    </p>
   </div>
   <div class='ocr_carea' id='block_1_102' title="bbox 1903 4272 3488 4347">
    <p class='ocr_par' dir='ltr' id='par_1_102' title="bbox 1903 4272 3488 4347">
     <span class='ocr_line' id='line_1_102' title="bbox 1903 4272 3488 4347; baseline -0.004 -14"><span class='ocrx_word' id='word_1_701' title='bbox 1903 4276 2124 4347; x_wconf 75' lang='lat' dir='ltr'><strong>sanguis</strong></span> <span class='ocrx_word' id='word_1_702' title='bbox 2151 4291 2262 4330; x_wconf 90' lang='lat' dir='ltr'><strong>non</strong></span> <span class='ocrx_word' id='word_1_703' title='bbox 2294 4283 2435 4329; x_wconf 90' lang='lat' dir='ltr'><strong>esset</strong></span> <span class='ocrx_word' id='word_1_704' title='bbox 2462 4273 2687 4329; x_wconf 86' lang='lat' dir='ltr'><strong>effusus.</strong></span> <span class='ocrx_word' id='word_1_705' title='bbox 2720 4274 2917 4330; x_wconf 89' lang='lat' dir='ltr'><strong>Scribit</strong></span> <span class='ocrx_word' id='word_1_706' title='bbox 2942 4274 3091 4330; x_wconf 88' lang='lat' dir='ltr'><strong>enim</strong></span> <span class='ocrx_word' id='word_1_707' title='bbox 3131 4273 3198 4330; x_wconf 89' lang='lat' dir='ltr'><strong>de</strong></span> <span class='ocrx_word' id='word_1_708' title='bbox 3236 4273 3363 4340; x_wconf 89' lang='lat' dir='ltr'><strong>hoc,</strong></span> <span class='ocrx_word' id='word_1_709' title='bbox 3396 4272 3488 4328; x_wconf 91' lang='lat' dir='ltr'><strong>lib.</strong></span> 
     </span>
    </p>
   </div>
   <div class='ocr_carea' id='block_1_103' title="bbox 1903 4366 3496 4438">
    <p class='ocr_par' dir='ltr' id='par_1_103' title="bbox 1903 4366 3496 4438">
     <span class='ocr_line' id='line_1_103' title="bbox 1903 4366 3496 4438; baseline -0.003 -12"><span class='ocrx_word' id='word_1_710' title='bbox 1903 4387 1973 4436; x_wconf 78' lang='grc' dir='ltr'><strong>ιι,</strong></span> <span class='ocrx_word' id='word_1_711' title='bbox 2002 4378 2196 4426; x_wconf 90' lang='lat' dir='ltr'><strong>contra</strong></span> <span class='ocrx_word' id='word_1_712' title='bbox 2235 4370 2499 4424; x_wconf 89' lang='lat' dir='ltr'><strong>Faustum</strong></span> <span class='ocrx_word' id='word_1_713' title='bbox 2528 4385 2541 4420; x_wconf 90' lang='lat'>:</span> <span class='ocrx_word' id='word_1_714' title='bbox 2576 4388 2602 4414; x_wconf 78' lang='grc' dir='ltr'>α</span> <span class='ocrx_word' id='word_1_715' title='bbox 2636 4368 2899 4438; x_wconf 87' lang='lat' dir='ltr'><strong>Elegisse,</strong></span> <span class='ocrx_word' id='word_1_716' title='bbox 2929 4367 3128 4437; x_wconf 89' lang='lat' dir='ltr'><strong>inquit,</strong></span> <span class='ocrx_word' id='word_1_717' title='bbox 3165 4366 3295 4421; x_wconf 91' lang='lat' dir='ltr'><strong>mihi</strong></span> <span class='ocrx_word' id='word_1_718' title='bbox 3317 4366 3496 4422; x_wconf 90' lang='lat' dir='ltr'><strong>viden-</strong></span> 
     </span>
    </p>
   </div>
   <div class='ocr_carea' id='block_1_104' title="bbox 1902 4458 3495 4533">
    <p class='ocr_par' dir='ltr' id='par_1_104' title="bbox 1902 4458 3495 4533">
     <span class='ocr_line' id='line_1_104' title="bbox 1902 4458 3495 4533; baseline -0.002 -15"><span class='ocrx_word' id='word_1_719' title='bbox 1902 4472 1996 4518; x_wconf 88' lang='lat' dir='ltr'><strong>tur</strong></span> <span class='ocrx_word' id='word_1_720' title='bbox 2020 4462 2248 4533; x_wconf 85' lang='lat' dir='ltr'><strong>apostoli</strong></span> <span class='ocrx_word' id='word_1_721' title='bbox 2272 4477 2370 4532; x_wconf 92' lang='lat' dir='ltr'><strong>pro</strong></span> <span class='ocrx_word' id='word_1_722' title='bbox 2396 4469 2643 4532; x_wconf 90' lang='lat' dir='ltr'><strong>tempore</strong></span> <span class='ocrx_word' id='word_1_723' title='bbox 2668 4475 2785 4515; x_wconf 88' lang='lat' dir='ltr'><strong>rem</strong></span> <span class='ocrx_word' id='word_1_724' title='bbox 2812 4458 3034 4515; x_wconf 87' lang='lat' dir='ltr'><strong>facilem</strong></span> <span class='ocrx_word' id='word_1_725' title='bbox 3061 4467 3115 4513; x_wconf 91' lang='lat' dir='ltr'><strong>et</strong></span> <span class='ocrx_word' id='word_1_726' title='bbox 3145 4474 3495 4530; x_wconf 90' lang='lat' dir='ltr'><strong>nequaquam</strong></span> 
     </span>
    </p>
   </div>
   <div class='ocr_carea' id='block_1_105' title="bbox 1829 4535 3494 4624">
    <p class='ocr_par' dir='ltr' id='par_1_105' title="bbox 1829 4535 3494 4624">
     <span class='ocr_line' id='line_1_105' title="bbox 1829 4535 3494 4624; baseline -0.003 -11"><span class='ocrx_word' id='word_1_727' title='bbox 1829 4535 1878 4596; x_wconf 74' lang='grc' dir='ltr'><strong>ί)</strong></span> <span class='ocrx_word' id='word_1_728' title='bbox 1906 4556 2324 4613; x_wconf 86' lang='lat' dir='ltr'><strong>observantibus</strong></span> <span class='ocrx_word' id='word_1_729' title='bbox 2351 4568 2663 4620; x_wconf 91' lang='lat' dir='ltr'><strong>onerosam,</strong></span> <span class='ocrx_word' id='word_1_730' title='bbox 2692 4552 2749 4606; x_wconf 91' lang='lat' dir='ltr'><strong>in</strong></span> <span class='ocrx_word' id='word_1_731' title='bbox 2789 4567 2894 4623; x_wconf 92' lang='lat' dir='ltr'><strong>qua</strong></span> <span class='ocrx_word' id='word_1_732' title='bbox 2922 4566 3050 4606; x_wconf 89' lang='lat' dir='ltr'><strong>cum</strong></span> <span class='ocrx_word' id='word_1_733' title='bbox 3083 4551 3247 4606; x_wconf 85' lang='lat' dir='ltr'><strong>Israel</strong></span> <span class='ocrx_word' id='word_1_734' title='bbox 3276 4560 3494 4624; x_wconf 87' lang='lat' dir='ltr'><strong>gentes,</strong></span> 
     </span>
    </p>
   </div>
   <div class='ocr_carea' id='block_1_106' title="bbox 1906 4643 3497 4722">
    <p class='ocr_par' dir='ltr' id='par_1_106' title="bbox 1906 4643 3497 4722">
     <span class='ocr_line' id='line_1_106' title="bbox 1906 4643 3497 4722; baseline -0.003 -17"><span class='ocrx_word' id='word_1_735' title='bbox 1906 4658 2130 4722; x_wconf 91' lang='lat' dir='ltr'><strong>propter</strong></span> <span class='ocrx_word' id='word_1_736' title='bbox 2174 4650 2329 4704; x_wconf 90' lang='lat' dir='ltr'><strong>illum</strong></span> <span class='ocrx_word' id='word_1_737' title='bbox 2365 4647 2680 4720; x_wconf 88' lang='lat' dir='ltr'><strong>angularem</strong></span> <span class='ocrx_word' id='word_1_738' title='bbox 2717 4643 2951 4715; x_wconf 89' lang='lat' dir='ltr'><strong>lapidem</strong></span> <span class='ocrx_word' id='word_1_739' title='bbox 2992 4644 3132 4701; x_wconf 90' lang='lat' dir='ltr'><strong>duos</strong></span> <span class='ocrx_word' id='word_1_740' title='bbox 3180 4645 3234 4699; x_wconf 92' lang='lat' dir='ltr'><strong>in</strong></span> <span class='ocrx_word' id='word_1_741' title='bbox 3277 4661 3335 4701; x_wconf 89' lang='lat' dir='ltr'><strong>se</strong></span> <span class='ocrx_word' id='word_1_742' title='bbox 3361 4661 3497 4702; x_wconf 88' lang='lat' dir='ltr'><strong>con-</strong></span> 
     </span>
    </p>
   </div>
   <div class='ocr_carea' id='block_1_107' title="bbox 1906 4738 3499 4811">
    <p class='ocr_par' dir='ltr' id='par_1_107' title="bbox 1906 4738 3499 4811">
     <span class='ocr_line' id='line_1_107' title="bbox 1906 4738 3499 4811; baseline -0.001 -14"><span class='ocrx_word' id='word_1_743' title='bbox 1906 4742 2125 4797; x_wconf 85' lang='lat' dir='ltr'><strong>dentem</strong></span> <span class='ocrx_word' id='word_1_744' title='bbox 2157 4745 2176 4809; x_wconf 90' lang='lat'><strong>[</strong></span> <span class='ocrx_word' id='word_1_745' title='bbox 2186 4745 2331 4809; x_wconf 80' lang='lat' dir='ltr'><strong>forte</strong></span> <span class='ocrx_word' id='word_1_746' title='bbox 2358 4740 2642 4811; x_wconf 86' lang='lat' dir='ltr'><strong>parietes],</strong></span> <span class='ocrx_word' id='word_1_747' title='bbox 2670 4738 2876 4809; x_wconf 88' lang='lat' dir='ltr'><strong>aliquid</strong></span> <span class='ocrx_word' id='word_1_748' title='bbox 2903 4753 3199 4793; x_wconf 91' lang='lat' dir='ltr'><strong>commune</strong></span> <span class='ocrx_word' id='word_1_749' title='bbox 3235 4739 3499 4796; x_wconf 86' lang='lat' dir='ltr'><strong>observa-</strong></span> 
     </span>
    </p>
   </div>
   <div class='ocr_carea' id='block_1_108' title="bbox 1907 4830 3500 4904">
    <p class='ocr_par' dir='ltr' id='par_1_108' title="bbox 1907 4830 3500 4904">
     <span class='ocr_line' id='line_1_108' title="bbox 1907 4830 3500 4904; baseline -0.001 -13"><span class='ocrx_word' id='word_1_750' title='bbox 1907 4845 2051 4891; x_wconf 91' lang='lat' dir='ltr'><strong>rent.</strong></span> <span class='ocrx_word' id='word_1_751' title='bbox 2083 4840 2156 4889; x_wconf 87' lang='lat' dir='ltr'><strong>At</strong></span> <span class='ocrx_word' id='word_1_752' title='bbox 2190 4833 2284 4888; x_wconf 91' lang='lat' dir='ltr'><strong>ubi</strong></span> <span class='ocrx_word' id='word_1_753' title='bbox 2314 4833 2547 4893; x_wconf 86' lang='lat' dir='ltr'><strong>Ecclesia</strong></span> <span class='ocrx_word' id='word_1_754' title='bbox 2577 4830 2823 4904; x_wconf 90' lang='lat' dir='ltr'><strong>gentium</strong></span> <span class='ocrx_word' id='word_1_755' title='bbox 2853 4830 2974 4886; x_wconf 86' lang='lat' dir='ltr'><strong>talis</strong></span> <span class='ocrx_word' id='word_1_756' title='bbox 3015 4830 3213 4888; x_wconf 83' lang='lat' dir='ltr'><strong>effecta</strong></span> <span class='ocrx_word' id='word_1_757' title='bbox 3242 4841 3327 4888; x_wconf 90' lang='lat' dir='ltr'><strong>est</strong></span> <span class='ocrx_word' id='word_1_758' title='bbox 3356 4841 3417 4888; x_wconf 89' lang='lat' dir='ltr'><strong>ut</strong></span> <span class='ocrx_word' id='word_1_759' title='bbox 3443 4834 3500 4889; x_wconf 89' lang='lat' dir='ltr'><strong>in</strong></span> 
     </span>
    </p>
   </div>
   <div class='ocr_carea' id='block_1_109' title="bbox 1909 4924 3501 4997">
    <p class='ocr_par' dir='ltr' id='par_1_109' title="bbox 1909 4924 3501 4997">
     <span class='ocr_line' id='line_1_109' title="bbox 1909 4924 3501 4997; baseline -0.003 -12"><span class='ocrx_word' id='word_1_760' title='bbox 1909 4944 1971 4985; x_wconf 89' lang='lat' dir='ltr'><strong>ea</strong></span> <span class='ocrx_word' id='word_1_761' title='bbox 2000 4927 2183 4983; x_wconf 89' lang='lat' dir='ltr'><strong>nullus</strong></span> <span class='ocrx_word' id='word_1_762' title='bbox 2206 4925 2449 4981; x_wconf 85' lang='lat' dir='ltr'><strong>Israelita</strong></span> <span class='ocrx_word' id='word_1_763' title='bbox 2475 4924 2707 4980; x_wconf 89' lang='lat' dir='ltr'><strong>carnalis</strong></span> <span class='ocrx_word' id='word_1_764' title='bbox 2732 4933 3011 4997; x_wconf 87' lang='lat' dir='ltr'><strong>appareat,</strong></span> <span class='ocrx_word' id='word_1_765' title='bbox 3056 4925 3314 4997; x_wconf 89' lang='lat' dir='ltr'><strong>quisnam</strong></span> <span class='ocrx_word' id='word_1_766' title='bbox 3345 4926 3501 4982; x_wconf 88' lang='lat' dir='ltr'><strong>Chri-</strong></span> 
     </span>
    </p>
   </div>
   <div class='ocr_carea' id='block_1_110' title="bbox 1909 5018 3503 5078">
    <p class='ocr_par' dir='ltr' id='par_1_110' title="bbox 1909 5018 3503 5078">
     <span class='ocr_line' id='line_1_110' title="bbox 1909 5018 3503 5078; baseline -0.001 -1"><span class='ocrx_word' id='word_1_767' title='bbox 1909 5022 2120 5078; x_wconf 90' lang='lat' dir='ltr'><strong>stianus</strong></span> <span class='ocrx_word' id='word_1_768' title='bbox 2157 5020 2410 5075; x_wconf 88' lang='lat' dir='ltr'><strong>observat</strong></span> <span class='ocrx_word' id='word_1_769' title='bbox 2449 5027 2511 5073; x_wconf 92' lang='lat' dir='ltr'><strong>ut</strong></span> <span class='ocrx_word' id='word_1_770' title='bbox 2544 5018 2737 5073; x_wconf 87' lang='lat' dir='ltr'><strong>turdos</strong></span> <span class='ocrx_word' id='word_1_771' title='bbox 2782 5018 2864 5072; x_wconf 90' lang='lat' dir='ltr'><strong>vel</strong></span> <span class='ocrx_word' id='word_1_772' title='bbox 2913 5018 3239 5074; x_wconf 88' lang='lat' dir='ltr'><strong>minutiores</strong></span> <span class='ocrx_word' id='word_1_773' title='bbox 3267 5019 3503 5075; x_wconf 88' lang='lat' dir='ltr'><strong>aviculas</strong></span> 
     </span>
    </p>
   </div>
   <div class='ocr_carea' id='block_1_111' title="bbox 1911 5109 3505 5184">
    <p class='ocr_par' dir='ltr' id='par_1_111' title="bbox 1911 5109 3505 5184">
     <span class='ocr_line' id='line_1_111' title="bbox 1911 5109 3505 5184; baseline -0.002 -14"><span class='ocrx_word' id='word_1_774' title='bbox 1911 5130 2024 5171; x_wconf 90' lang='lat' dir='ltr'><strong>non</strong></span> <span class='ocrx_word' id='word_1_775' title='bbox 2078 5110 2350 5184; x_wconf 88' lang='lat' dir='ltr'><strong>attingat,</strong></span> <span class='ocrx_word' id='word_1_776' title='bbox 2407 5110 2513 5166; x_wconf 91' lang='lat' dir='ltr'><strong>nisi</strong></span> <span class='ocrx_word' id='word_1_777' title='bbox 2559 5125 2794 5183; x_wconf 87' lang='lat' dir='ltr'><strong>quarum</strong></span> <span class='ocrx_word' id='word_1_778' title='bbox 2855 5111 3074 5182; x_wconf 87' lang='lat' dir='ltr'><strong>sanguis</strong></span> <span class='ocrx_word' id='word_1_779' title='bbox 3130 5109 3340 5166; x_wconf 84' lang='lat' dir='ltr'><strong>effusus</strong></span> <span class='ocrx_word' id='word_1_780' title='bbox 3389 5114 3505 5167; x_wconf 82' lang='lat' dir='ltr'><strong>est?</strong></span> 
     </span>
    </p>
   </div>
   <div class='ocr_carea' id='block_1_112' title="bbox 1916 5203 3504 5278">
    <p class='ocr_par' dir='ltr' id='par_1_112' title="bbox 1916 5203 3504 5278">
     <span class='ocr_line' id='line_1_112' title="bbox 1916 5203 3504 5278; baseline -0.004 -14"><span class='ocrx_word' id='word_1_781' title='bbox 1916 5216 2011 5264; x_wconf 90' lang='lat' dir='ltr'><strong>aut</strong></span> <span class='ocrx_word' id='word_1_782' title='bbox 2034 5206 2280 5278; x_wconf 89' lang='lat' dir='ltr'><strong>leporem</strong></span> <span class='ocrx_word' id='word_1_783' title='bbox 2300 5220 2413 5260; x_wconf 91' lang='lat' dir='ltr'><strong>non</strong></span> <span class='ocrx_word' id='word_1_784' title='bbox 2440 5204 2584 5271; x_wconf 89' lang='lat' dir='ltr'><strong>edat,</strong></span> <span class='ocrx_word' id='word_1_785' title='bbox 2611 5204 2679 5272; x_wconf 90' lang='lat' dir='ltr'><strong>si,</strong></span> <span class='ocrx_word' id='word_1_786' title='bbox 2712 5220 2877 5259; x_wconf 90' lang='lat' dir='ltr'><strong>manu</strong></span> <span class='ocrx_word' id='word_1_787' title='bbox 2899 5221 2929 5259; x_wconf 93' lang='lat' dir='ltr'><strong>a</strong></span> <span class='ocrx_word' id='word_1_788' title='bbox 2957 5203 3165 5261; x_wconf 89' lang='lat' dir='ltr'><strong>cervice</strong></span> <span class='ocrx_word' id='word_1_789' title='bbox 3194 5217 3504 5272; x_wconf 88' lang='lat' dir='ltr'><strong>percussus,</strong></span> 
     </span>
    </p>
   </div>
   <div class='ocr_carea' id='block_1_113' title="bbox 1916 5292 3507 5363">
    <p class='ocr_par' dir='ltr' id='par_1_113' title="bbox 1916 5292 3507 5363">
     <span class='ocr_line' id='line_1_113' title="bbox 1916 5292 3507 5363; baseline -0.004 -7"><span class='ocrx_word' id='word_1_790' title='bbox 1916 5301 2066 5356; x_wconf 89' lang='lat' dir='ltr'><strong>nullo</strong></span> <span class='ocrx_word' id='word_1_791' title='bbox 2127 5307 2357 5355; x_wconf 89' lang='lat' dir='ltr'><strong>cruento</strong></span> <span class='ocrx_word' id='word_1_792' title='bbox 2411 5298 2635 5353; x_wconf 85' lang='lat' dir='ltr'><strong>vulnere</strong></span> <span class='ocrx_word' id='word_1_793' title='bbox 2691 5297 2905 5354; x_wconf 89' lang='lat' dir='ltr'><strong>occisus</strong></span> <span class='ocrx_word' id='word_1_794' title='bbox 2948 5300 3065 5352; x_wconf 80' lang='lat' dir='ltr'><strong>est?</strong></span> <span class='ocrx_word' id='word_1_795' title='bbox 3112 5298 3179 5349; x_wconf 89' lang='lat' dir='ltr'><strong>Et</strong></span> <span class='ocrx_word' id='word_1_796' title='bbox 3224 5294 3317 5363; x_wconf 92' lang='lat' dir='ltr'><strong>qui</strong></span> <span class='ocrx_word' id='word_1_797' title='bbox 3362 5292 3507 5349; x_wconf 88' lang='lat' dir='ltr'><strong>forte</strong></span> 
     </span>
    </p>
   </div>
   <div class='ocr_carea' id='block_1_114' title="bbox 1918 5385 3503 5466">
    <p class='ocr_par' dir='ltr' id='par_1_114' title="bbox 1918 5385 3503 5466">
     <span class='ocr_line' id='line_1_114' title="bbox 1918 5385 3503 5466; baseline -0.004 -17"><span class='ocrx_word' id='word_1_798' title='bbox 1918 5395 2078 5466; x_wconf 90' lang='lat' dir='ltr'><strong>pauci</strong></span> <span class='ocrx_word' id='word_1_799' title='bbox 2101 5393 2279 5449; x_wconf 90' lang='lat' dir='ltr'><strong>adhuc</strong></span> <span class='ocrx_word' id='word_1_800' title='bbox 2321 5400 2543 5464; x_wconf 90' lang='lat' dir='ltr'><strong>tangere</strong></span> <span class='ocrx_word' id='word_1_801' title='bbox 2572 5391 2673 5447; x_wconf 89' lang='lat' dir='ltr'><strong>ista</strong></span> <span class='ocrx_word' id='word_1_802' title='bbox 2704 5388 3027 5455; x_wconf 88' lang='lat' dir='ltr'><strong>formidant,</strong></span> <span class='ocrx_word' id='word_1_803' title='bbox 3053 5404 3083 5441; x_wconf 91' lang='lat' dir='ltr'><strong>a</strong></span> <span class='ocrx_word' id='word_1_804' title='bbox 3132 5385 3344 5440; x_wconf 58' lang='lat' dir='ltr'><strong>cateris</strong></span> <span class='ocrx_word' id='word_1_805' title='bbox 3373 5386 3503 5442; x_wconf 91' lang='lat' dir='ltr'><strong>irri-</strong></span> 
     </span>
    </p>
   </div>
   <div class='ocr_carea' id='block_1_115' title="bbox 1919 5478 3513 5543">
    <p class='ocr_par' dir='ltr' id='par_1_115' title="bbox 1919 5478 3513 5543">
     <span class='ocr_line' id='line_1_115' title="bbox 1919 5478 3513 5543; baseline -0.004 0"><span class='ocrx_word' id='word_1_806' title='bbox 1919 5486 2139 5543; x_wconf 90' lang='lat' dir='ltr'><strong>dentur.</strong></span> <span class='ocrx_word' id='word_1_807' title='bbox 2174 5488 2249 5541; x_wconf 88' lang='lat' dir='ltr'><strong>lta</strong></span> <span class='ocrx_word' id='word_1_808' title='bbox 2293 5485 2544 5540; x_wconf 91' lang='lat' dir='ltr'><strong>omnium</strong></span> <span class='ocrx_word' id='word_1_809' title='bbox 2588 5483 2770 5540; x_wconf 90' lang='lat' dir='ltr'><strong>tenuit</strong></span> <span class='ocrx_word' id='word_1_810' title='bbox 2810 5483 3026 5537; x_wconf 89' lang='lat' dir='ltr'><strong>animos</strong></span> <span class='ocrx_word' id='word_1_811' title='bbox 3066 5480 3120 5533; x_wconf 90' lang='lat' dir='ltr'><strong>in</strong></span> <span class='ocrx_word' id='word_1_812' title='bbox 3166 5478 3272 5535; x_wconf 91' lang='lat' dir='ltr'><strong>hac</strong></span> <span class='ocrx_word' id='word_1_813' title='bbox 3321 5495 3379 5535; x_wconf 91' lang='lat' dir='ltr'><strong>re</strong></span> <span class='ocrx_word' id='word_1_814' title='bbox 3420 5481 3513 5538; x_wconf 91' lang='lat' dir='ltr'><strong>illa</strong></span> 
     </span>
    </p>
   </div>
   <div class='ocr_carea' id='block_1_116' title="bbox 1922 5575 3515 5645">
    <p class='ocr_par' dir='ltr' id='par_1_116' title="bbox 1922 5575 3515 5645">
     <span class='ocr_line' id='line_1_116' title="bbox 1922 5575 3515 5645; baseline -0.004 -10"><span class='ocrx_word' id='word_1_815' title='bbox 1922 5580 2192 5635; x_wconf 89' lang='lat' dir='ltr'><strong>sententia</strong></span> <span class='ocrx_word' id='word_1_816' title='bbox 2223 5578 2483 5633; x_wconf 87' lang='lat' dir='ltr'><strong>Veritatis</strong></span> <span class='ocrx_word' id='word_1_817' title='bbox 2514 5596 2526 5631; x_wconf 83' lang='lat'><strong>:</strong></span> <span class='ocrx_word' id='word_1_818' title='bbox 2553 5579 2673 5634; x_wconf 86' lang='lat' dir='ltr'><strong>Non</strong></span> <span class='ocrx_word' id='word_1_819' title='bbox 2718 5575 2859 5645; x_wconf 85' lang='lat' dir='ltr'><strong>quod</strong></span> <span class='ocrx_word' id='word_1_820' title='bbox 2898 5575 3072 5626; x_wconf 77' lang='lat' dir='ltr'><strong>intrat</strong></span> <span class='ocrx_word' id='word_1_821' title='bbox 3107 5575 3167 5626; x_wconf 70' lang='lat' dir='ltr'><strong>in</strong></span> <span class='ocrx_word' id='word_1_822' title='bbox 3196 5586 3251 5626; x_wconf 90' lang='lat' dir='ltr'><strong>os</strong></span> <span class='ocrx_word' id='word_1_823' title='bbox 3278 5579 3515 5629; x_wconf 82' lang='lat' dir='ltr'><strong>vestrum</strong></span> 
     </span>
    </p>
   </div>
   <div class='ocr_carea' id='block_1_117' title="bbox 1922 5664 3517 5741">
    <p class='ocr_par' dir='ltr' id='par_1_117' title="bbox 1922 5664 3517 5741">
     <span class='ocr_line' id='line_1_117' title="bbox 1922 5664 3517 5741; baseline -0.003 -15"><span class='ocrx_word' id='word_1_824' title='bbox 1922 5688 2012 5727; x_wconf 81' lang='lat' dir='ltr'><strong>vos</strong></span> <span class='ocrx_word' id='word_1_825' title='bbox 2029 5674 2363 5741; x_wconf 73' lang='lat' dir='ltr'><strong>coinquinat,</strong></span> <span class='ocrx_word' id='word_1_826' title='bbox 2378 5671 2470 5727; x_wconf 85' lang='lat' dir='ltr'><strong>sed</strong></span> <span class='ocrx_word' id='word_1_827' title='bbox 2486 5670 2631 5740; x_wconf 86' lang='lat' dir='ltr'><strong>quod</strong></span> <span class='ocrx_word' id='word_1_828' title='bbox 2645 5671 2757 5724; x_wconf 70' lang='lat' dir='ltr'><strong>erit</strong></span> <span class='ocrx_word' id='word_1_829' title='bbox 2779 5665 3002 5731; x_wconf 83' lang='lat' dir='ltr'><strong>(Matth.</strong></span> <span class='ocrx_word' id='word_1_830' title='bbox 3021 5664 3160 5736; x_wconf 84' lang='lat' dir='ltr'><strong>xv),</strong></span> <span class='ocrx_word' id='word_1_831' title='bbox 3180 5665 3390 5723; x_wconf 88' lang='lat' dir='ltr'><strong>nullam</strong></span> <span class='ocrx_word' id='word_1_832' title='bbox 3410 5665 3517 5723; x_wconf 90' lang='lat' dir='ltr'><strong>cibi</strong></span> 
     </span>
    </p>
   </div>
   <div class='ocr_carea' id='block_1_118' title="bbox 1924 5756 3520 5837">
    <p class='ocr_par' dir='ltr' id='par_1_118' title="bbox 1924 5756 3520 5837">
     <span class='ocr_line' id='line_1_118' title="bbox 1924 5756 3520 5837; baseline -0.004 -16"><span class='ocrx_word' id='word_1_833' title='bbox 1924 5776 2175 5821; x_wconf 89' lang='lat' dir='ltr'><strong>naturam</strong></span> <span class='ocrx_word' id='word_1_834' title='bbox 2206 5781 2376 5837; x_wconf 90' lang='lat' dir='ltr'><strong>quam</strong></span> <span class='ocrx_word' id='word_1_835' title='bbox 2406 5764 2641 5819; x_wconf 87' lang='lat' dir='ltr'><strong>societas</strong></span> <span class='ocrx_word' id='word_1_836' title='bbox 2686 5758 2929 5813; x_wconf 88' lang='lat' dir='ltr'><strong>admittit</strong></span> <span class='ocrx_word' id='word_1_837' title='bbox 2959 5756 3226 5824; x_wconf 82' lang='lat' dir='ltr'><strong>humana;</strong></span> <span class='ocrx_word' id='word_1_838' title='bbox 3257 5760 3350 5812; x_wconf 84' lang='lat' dir='ltr'><strong>sed</strong></span> <span class='ocrx_word' id='word_1_839' title='bbox 3396 5777 3520 5832; x_wconf 63' lang='lat' dir='ltr'><strong>quae</strong></span> 
     </span>
    </p>
   </div>
   <div class='ocr_carea' id='block_1_119' title="bbox 1925 5851 3528 5932">
    <p class='ocr_par' dir='ltr' id='par_1_119' title="bbox 1925 5851 3528 5932">
     <span class='ocr_line' id='line_1_119' title="bbox 1925 5851 3528 5932; baseline -0.006 -17"><span class='ocrx_word' id='word_1_840' title='bbox 1925 5858 2178 5932; x_wconf 84' lang='lat' dir='ltr'><strong>iniquitas</strong></span> <span class='ocrx_word' id='word_1_841' title='bbox 2199 5856 2495 5915; x_wconf 86' lang='lat' dir='ltr'><strong>committit</strong></span> <span class='ocrx_word' id='word_1_842' title='bbox 2522 5860 2734 5923; x_wconf 87' lang='lat' dir='ltr'><strong>peccata</strong></span> <span class='ocrx_word' id='word_1_843' title='bbox 2763 5851 3156 5909; x_wconf 74' lang='lat' dir='ltr'><strong>condemnatis.</strong></span> <span class='ocrx_word' id='word_1_844' title='bbox 3191 5872 3215 5895; x_wconf 80' lang='grc' dir='ltr'><strong>«ι</strong></span> <span class='ocrx_word' id='word_1_845' title='bbox 3250 5852 3378 5904; x_wconf 76' lang='lat' dir='ltr'><strong>Non</strong></span> <span class='ocrx_word' id='word_1_846' title='bbox 3397 5869 3528 5927; x_wconf 82' lang='lat' dir='ltr'><strong>ergo</strong></span> 
     </span>
    </p>
   </div>
   <div class='ocr_carea' id='block_1_120' title="bbox 3105 5939 3173 5990">
    <p class='ocr_par' dir='ltr' id='par_1_120' title="bbox 3105 5939 3173 5990">
     <span class='ocr_line' id='line_1_120' title="bbox 3105 5939 3173 5990; baseline 0 0"><span class='ocrx_word' id='word_1_847' title='bbox 3105 5939 3173 5990; x_wconf 85' lang='lat'><strong>38</strong></span> 
     </span>
    </p>
   </div>
  </div>
