4062 6182
541 326 675 378 1195

1536 308 1626 376 AD
1666 322 1891 376 OPERA
1928 323 1983 375 s.
2026 321 2345 377 GREGORII
2385 322 2820 378 APPENDICES.

3700 320 3828 371 H96

536 446 851 503 mirandum
900 446 945 499 si
993 459 1335 498 successores
1376 446 1749 514 apostolorum
1799 446 1977 516 aliqua
2017 446 2121 501 dis-
2149 450 2201 513 Α
2234 447 2455 518 prologo
2510 463 2609 502 suo
2656 446 2723 501 de
2772 444 3096 510 canonibus,
3160 458 3218 499 se
3267 443 3459 497 asserit
3530 442 3827 509 invenisse;

538 541 847 612 pensatorie
875 538 1247 603 instituerunt,
1279 554 1402 608 quae
1444 553 1636 591 eorum
1671 540 1893 607 posteri,
1942 548 2125 593 muta-

536 636 680 688 tione
707 632 970 707 temporis
1001 631 1103 685 hoc
1132 631 1402 701 exigente,
1449 632 1846 686 rationabiliter
1876 632 2126 703 aliquan-

540 727 609 781 do
642 734 856 779 mutare
886 725 968 779 vel
1001 724 1215 795 penitus
1239 724 1503 796 abrogare
1536 734 1957 780 consueverunt.

608 820 874 887 Quartam
898 833 1027 872 vero
1052 817 1323 889 synodum
1352 817 1423 872 de
1453 818 1804 873 credentibus
1833 835 1897 873 ex
1921 818 2125 875 Judaeis

536 912 605 967 ab
656 911 916 983 apostolis
974 909 1176 965 factam
1225 911 1492 981 legimus,
1557 928 1683 965 cum
1724 928 1817 965 eos
1862 929 1893 968 a
1942 912 2123 983 legali-

536 1006 640 1061 bus
676 1004 1015 1061 cazremoniis
1064 1004 1445 1074 prohiberent;
1477 1013 1531 1059 et
1568 1005 1672 1059 hoc
1720 1021 1816 1076 pro
1859 1006 2124 1062 abolenda

534 1100 845 1170 suspicione
867 1097 1231 1168 quorumdam
1263 1099 1355 1168 qui
1383 1113 1476 1152 eos
1514 1098 1707 1169 legales
1744 1100 2124 1167 caeremonias,

536 1194 686 1264 quasi
736 1192 1125 1255 idololatriam,
1188 1207 1442 1261 respuere
1490 1191 1774 1262 putabant.
1826 1194 1942 1247 Has
1987 1210 2125 1265 qua-

536 1296 664 1341 tuor
690 1286 927 1357 synodos
965 1284 1198 1355 apostoli
1232 1286 1625 1357 Hierosolymis
1668 1286 2030 1356 celebrarunt,
2066 1295 2125 1340 ut

538 1379 675 1434 liber
706 1385 941 1435 Actuum
972 1380 1216 1449 ipsorum
1244 1379 1501 1434 intimare
1528 1379 1755 1435 videtur.

608 1474 869 1545 Quintam
896 1480 1078 1528 autem
1117 1472 1490 1542 apostolorum
1539 1473 1811 1544 synodum
1851 1488 1914 1527 ex
1958 1472 2125 1528 tradi-

537 1568 683 1622 tione
717 1568 986 1637 majorum
1008 1566 1337 1636 accepimus,
1368 1582 1493 1621 cum
1515 1567 1711 1636 singuli
1737 1567 1975 1637 singulas
2006 1583 2127 1637 pro-

538 1660 770 1715 ferentes
808 1660 1102 1714 sententias
1144 1660 1458 1730 symbolum
1502 1659 1801 1715 conderent
1829 1659 1976 1730 quod
2005 1659 2127 1713 uni-

537 1754 760 1809 versalis
794 1753 1032 1808 Ecclesia
1058 1762 1227 1817 tenet,
1258 1769 1382 1807 cum
1417 1754 1534 1824 jam
1562 1753 1630 1807 ab
1659 1753 1888 1808 invicem
1921 1754 2123 1808 disces-

534 1847 645 1903 suri
673 1855 870 1913 essent,
902 1856 960 1900 ut
993 1847 1049 1900 in
1090 1862 1316 1900 omnem
1354 1854 1560 1900 terram
1604 1862 1773 1901 sonus
1804 1863 1991 1901 eorum
2031 1863 2121 1902 ex-

537 1941 640 1996 iret
668 1942 841 2006 (Psal.
874 1946 1090 2003 xvm).
1124 1940 1213 1994 Sic
1237 1939 1381 1994 enim
1404 1942 1466 1994 B.
1498 1940 1750 1995 Clemens
1778 1957 1932 2011 papa,
1964 1941 2123 1996 disci-

537 2036 697 2105 pulus
727 2043 781 2088 et
809 2049 1089 2089 successor
1115 2034 1495 2102 apostolorum
1534 2034 1589 2086 in
1630 2034 1866 2088 decretis
1895 2034 2007 2088 suis
2037 2043 2125 2089 te-

536 2135 729 2183 statur.
764 2132 930 2193 Item,
951 2128 1006 2182 S.
1039 2129 1152 2180 Leo
1177 2142 1308 2196 papa
1336 2129 1357 2179 Ι
1382 2126 1672 2181 Pulcherizn
1704 2130 1966 2187 Augustae
1995 2127 2124 2182 scri-

537 2222 671 2275 bens
705 2240 716 2274 :
753 2244 777 2268 u
813 2223 933 2289 Ipsa
960 2219 1157 2289 inquit,
1188 2218 1436 2273 catholici
1459 2220 1893 2290 symbolibrevis
1926 2229 1977 2274 et
2003 2237 2123 2291 per-

534 2313 675 2368 fecta
723 2311 995 2367 confessio
1041 2311 1329 2366 duodecim
1362 2314 1735 2382 apostolorum
1766 2312 1994 2368 totidem
2039 2322 2124 2368 est

534 2408 741 2477 signata
782 2406 1087 2460 sententiis.
1125 2428 1148 2453 ι
1196 2408 1362 2466 Item,
1395 2405 1742 2461 beatissimus
1780 2408 1942 2461 Pater
1991 2410 2121 2460 Am-

534 2500 749 2555 brosius
778 2501 987 2554 clavem
1026 2499 1172 2570 regni
1209 2498 1475 2553 cmlorum
1500 2498 1772 2568 deputans
1803 2515 1921 2555 esse
1951 2498 2118 2554 ﬁdem

532 2593 906 2664 apostolorum
934 2612 946 2646 :
983 2614 1007 2638 «
1032 2592 1276 2654 Clavem,
1309 2592 1506 2662 inquit,
1534 2592 1695 2647 istam
1724 2594 1965 2647 arbitror
1992 2594 2123 2648 duo-

527 2686 711 2741 decim
761 2686 1027 2740 artiﬁcum
1072 2686 1391 2756 operatione
1446 2685 1760 2739 conﬂatam.
1812 2686 2119 2741 Duodecim

526 2780 675 2834 enim
704 2778 1079 2850 apostolorum
1106 2774 1355 2849 symbOlo
1378 2778 1507 2833 ﬁdes
1524 2788 1784 2848 concepta
1808 2788 1909 2845 est,
1934 2796 2116 2850 quam,

525 2874 676 2927 velut
704 2872 855 2942 periti
899 2872 1155 2940 artiﬁces,
1190 2872 1243 2925 in
1290 2888 1459 2925 unum
1491 2874 1879 2928 convenientes
1908 2874 2117 2928 clavem

526 2980 623 3020 suo
646 2964 875 3020 concilio
905 2956 1299 3019 c0nﬂ‘averunt.
1340 2988 1363 3012 ι
1394 2966 1514 3019 Hoc
1544 2973 1626 3020 est
1654 2981 1782 3036 ergo
1806 2966 2117 3037 symbolum

524 3058 859 3114 catholicum
904 3059 1015 3113 sive
1061 3057 1193 3113 ﬁdes
1222 3059 1615 3127 apostolorum,
1651 3059 1767 3113 sine
1796 3059 1951 3130 cujus
1993 3076 2118 3129 pro-

2235 541 2430 610 quibus
2460 556 2561 595 nos
2603 539 2831 594 utimur.
2883 542 3116 594 Sanctus
3157 545 3344 592 autem
3374 537 3669 591 Anacletus
3698 551 3830 605 papa

2233 643 2287 688 et
2314 643 2543 705 martyr,
2576 648 2605 688 a
2640 636 2702 688 B.
2744 634 2907 687 Petro
2932 632 3178 702 quintus,
3207 638 3261 685 et
3288 629 3356 684 ab
3400 630 3518 700 ipso
3549 630 3831 700 presbyter

2234 727 2537 795 ordinatus,
2551 743 2761 782 nonum
2772 726 3066 797 capitulum
3082 722 3403 779 eorumdem
3416 738 3696 778 canonum
3714 737 3834 791 apo-

2233 821 2404 877 stolos
2423 820 2677 876 statuisse
2694 819 2953 882 declarat,
2973 816 3221 872 videlicet
3240 840 3264 864 α
3282 824 3345 870 ut
3362 816 3605 871 ministri
3625 815 3832 877 altaris,

2232 915 2370 970 facta
2386 914 2684 981 oblatione,
2704 912 3139 967 communicent.
3165 934 3189 956 ιι
3214 911 3446 965 Sanctus
3467 924 3694 980 quoque
3714 909 3787 963 Ca
3798 907 3831 961 l-

2235 1007 2389 1063 listus
2406 1023 2548 1078 papa
2563 1015 2616 1062 et
2631 1014 2837 1077 martyr
2851 1004 2917 1061 de
2935 1004 3226 1059 undecimo
3245 1002 3375 1057 item
3398 1000 3616 1067 fatetur,
3636 1001 3837 1071 quippe

2239 1126 2262 1151 α
2303 1113 2365 1157 ut
2387 1102 2828 1157 communicator
2856 1097 3313 1154 excommunicati
3354 1096 3518 1152 simili
3554 1096 3837 1166 subjaceat

2234 1194 2798 1252 excommunicationi.
2848 1216 2874 1242 ››
2923 1193 3010 1248 Sic
3057 1200 3112 1246 et
3176 1191 3262 1246 alii
3316 1189 3485 1245 sancti
3530 1192 3725 1244 Patres
3770 1188 3837 1243 de

2235 1290 2349 1345 aliis
2393 1288 2712 1345 eorumdem
2760 1302 3041 1342 canonum
3072 1284 3323 1356 capitulis
3351 1282 3628 1338 testiﬁcari
3680 1298 3836 1353 repe-

2235 1384 2470 1450 riuntur,
2501 1382 2591 1453 qui
2628 1381 2804 1453 magis
2834 1397 2932 1451 pro
2964 1378 3192 1434 veritate
3216 1377 3383 1446 mori,
3417 1392 3588 1449 quam
3626 1376 3707 1429 vel
3740 1391 3837 1446 pro

2234 1477 2341 1532 vita
2372 1476 2594 1531 mentiri
2617 1474 2956 1545 delegerunt.
2990 1476 3205 1528 Horum
3236 1472 3399 1543 igitur
3423 1469 3759 1525 testimoniis
3781 1478 3837 1524 et

2233 1587 2335 1626 nos
2390 1569 2694 1624 necessario
2747 1566 3044 1633 credimus,
3117 1581 3186 1620 ne
3224 1565 3326 1635 ipsi
3379 1572 3565 1618 sancto
3612 1563 3837 1633 Spiritui

2235 1664 2422 1718 minus
2446 1662 2667 1718 credere
2689 1660 3023 1732 judicemur,
3054 1657 3213 1730 cujus
3243 1658 3501 1712 instinctu
3528 1656 3675 1726 ipsos
3706 1656 3834 1710 talia

2232 1756 2551 1811 testiﬁcatos
2589 1754 2753 1809 fuisse
2781 1757 2909 1821 [ms.
2944 1751 3091 1821 fore]
3123 1768 3233 1807 non
3261 1750 3599 1806 dubitamus.

2304 1850 2598 1906 Sciendum
2646 1856 2830 1904 autem
2878 1846 3028 1918 quod
3070 1850 3133 1901 B.
3168 1845 3419 1900 Gelasius
3461 1860 3598 1914 papa
3631 1843 3834 1897 librum

2235 1945 2328 2016 qui
2358 1949 2442 1999 De
2468 1942 2768 1998 canonibus
2794 1939 3167 2011 apostolorum
3211 1938 3353 2010 apud
3384 1938 3617 1993 Graecos
3644 1936 3836 1991 inscri-

2233 2038 2380 2093 bitur
2427 2054 2522 2108 pro
2568 2034 2881 2108 apocrypho
2908 2032 3219 2105 deputavit,
3264 2032 3352 2086 cui
3401 2039 3454 2086 et
3482 2046 3585 2085 nos
3616 2040 3838 2085 contra-

2233 2132 2415 2185 dicere
2445 2147 2554 2185 non
2585 2129 2869 2194 debemus,
2914 2127 3038 2198 quia
3081 2125 3184 2180 hoc
3215 2141 3342 2179 eum
3392 2124 3507 2178 sine
3546 2139 3716 2177 causa
3752 2123 3834 2178 fe-

2232 2224 2367 2279 cisse
2395 2240 2505 2277 non
2537 2222 2839 2278 credimus.
2883 2222 3134 2275 Fortasse
3182 2219 3318 2273 liber
3346 2217 3433 2271 ille
3464 2215 3531 2271 de
3576 2217 3837 2288 capitulis

2231 2333 2352 2387 quae
2378 2327 2432 2372 et
2468 2319 2656 2372 Patres
2685 2322 3001 2386 receperunt
3043 2312 3180 2368 nihil
3212 2311 3372 2375 dicit,
3420 2319 3557 2377 aut,
3601 2310 3643 2365 si
3669 2310 3834 2373 dicit,

2228 2410 2473 2465 nonnihil
2514 2408 2849 2464 mendosum
2894 2406 3153 2461 annectit.
3188 2404 3353 2473 Quod
3383 2412 3573 2458 tamen
3606 2402 3836 2459 solertia

2227 2504 2477 2559 catholici
2509 2503 2814 2573 interpretis
2848 2500 3141 2572 prudenter
3170 2498 3329 2553 nobis
3360 2498 3417 2552 in
3463 2498 3663 2550 Latino
3697 2496 3835 2550 sub-

2228 2599 2413 2661 traxit,
2460 2599 2601 2651 sicut
2648 2596 2838 2650 beatus
2885 2594 3284 2664 Hieronymus,
3331 2586 3458 2645 cum
3505 2587 3837 2644 transferret

2227 2692 2541 2761 Origenem,
2574 2705 2719 2759 saepe
2744 2688 2936 2743 fecisse
2968 2693 3330 2740 monstratur.
3386 2682 3516 2751 Sed,
3558 2681 3839 2753 quidquid

2225 2784 2292 2839 de
2320 2784 2411 2839 illo
2432 2783 2569 2838 libro
2591 2781 2931 2853 conjiciatur,
2961 2796 3066 2833 nos
3083 2787 3269 2833 tamen
3291 2777 3379 2831 illa
3402 2776 3823 2847 quinquaginta

2226 2877 2480 2947 capitula,
2523 2891 2646 2947 qua?
2695 2890 2789 2946 per
2827 2880 3079 2928 sanctum
3122 2872 3456 2927 Clementem
3503 2871 3834 2923 Romanum

2226 2970 2542 3040 pontiﬁcem
2565 2986 2625 3023 ex
2647 2971 2841 3025 Graeco
2868 2965 3131 3021 translata
3162 2964 3410 3035 legimus,
3441 2962 3644 3032 absque
3672 2977 3841 3016 scru-

2232 3064 2359 3133 pulo
2407 3062 2644 3132 recipere
2684 3075 3008 3131 possumus;
3075 3073 3196 3128 qnaa
3242 3064 3295 3109 et
3334 3065 3522 3110 sancta
3568 3057 3841 3109 Romana

525 3151 752 3207 fessione
802 3168 905 3206 nec
937 3151 1281 3221 baptizamur
1327 3167 1428 3206 nec
1457 3151 1522 3207 ad
1555 3153 1931 3222 paenitentiam
1963 3168 2121 3207 cano-
2148 3174 2194 3238 ρ
2231 3156 2471 3211 Ecclesia
2505 3154 2763 3220 custodit,
2796 3153 3063 3223 nobisque
3092 3149 3442 3206 custodienda
3484 3163 3576 3219 per
3600 3148 3842 3202 beatum

526 3246 645 3301 nice
687 3246 1015 3316 recipimur;
1046 3261 1210 3316 quam
1240 3254 1294 3300 et
1334 3246 1596 3315 quotidie,
1646 3262 1773 3301 cum
1818 3248 2117 3320 surgimus,

516 3339 668 3410 juxta
699 3339 1053 3394 traditionem
1083 3346 1397 3393 sanctorum
1428 3342 1674 3408 Patrum,
1718 3356 1993 3395 recensere
2019 3340 2119 3395 de-

523 3432 735 3489 bemus.
760 3433 903 3487 Hinc
921 3435 983 3487 B.
1004 3432 1343 3503 Augustinus
1365 3432 1415 3486 in
1434 3432 1626 3487 homil.
1652 3440 1721 3487 43
1754 3452 1812 3487 τα
1839 3434 2117 3504 Nunquid,

525 3526 721 3597 inquit,
750 3526 969 3597 quando
998 3528 1196 3597 surgis,
1222 3543 1329 3581 non
1360 3535 1413 3581 te
1443 3528 1645 3582 vestis?
1670 3527 1755 3582 Sic
1786 3537 1839 3582 et
1865 3544 2115 3582 comme-

525 3620 795 3674 morando
820 3620 1131 3691 symbolum
1172 3629 1327 3674 tuum
1350 3661 1367 3688 ,
1407 3621 1539 3674 vesti
1574 3620 1815 3675 animam
1847 3630 2015 3689 tuam,
2048 3638 2117 3677 ne

524 3712 667 3765 forte
696 3727 819 3765 eam
874 3711 1043 3765 nudet
1073 3711 1289 3778 oblivio,
1323 3720 1377 3765 et
1401 3727 1687 3767 remaneas
1715 3712 1913 3779 nudus,
1947 3724 2001 3768 et
2027 3715 2116 3768 ﬁat

520 3804 669 3873 quod
701 3804 775 3856 ait
807 3804 1105 3872 Apostolus
1140 3804 1317 3873 (quod
1337 3802 1479 3857 absit
1500 3822 1528 3858 a
1556 3808 1670 3869 te!)
1706 3808 1801 3861 :Si
1824 3812 2000 3861 tamen
2034 3823 2117 3862 ve-

520 3898 655 3957 stiti,
687 3912 789 3948 non
821 3897 957 3949 nudi
985 3896 1061 3948 vel
1089 3897 1362 3965 exspoliati
1386 3899 1724 3951 inveniamur
1748 3902 1835 3967 (II
1859 3901 1977 3953 Cor.
2004 3903 2110 3966 v).»

520 3988 714 4043 Vestiti
746 4004 875 4059 ergo
903 3988 1109 4042 erimus
1135 3987 1240 4042 ﬁde
1279 3998 1493 4043 nostra.
1527 3993 1597 4044 Et
1632 3991 1747 4060 ipsa
1779 3990 1909 4045 ﬁdes
1940 4001 1995 4047 et
2024 4001 2115 4047 tu-

519 4082 638 4136 nica
672 4090 753 4136 est
781 4090 834 4136 et
879 4082 1063 4136 lorica.
1097 4082 1326 4149 Tunica,
1358 4091 1551 4138 contra
1581 4082 1990 4153 confusionem;
2039 4087 2115 4142 lo-

518 4177 653 4241 rica,
691 4184 878 4231 contra
911 4174 1317 4230 adversitatem.

593 4272 799 4324 Praeter
835 4269 953 4324 haec
995 4278 1198 4337 autem,
1252 4268 1640 4341 quinquaginta
1681 4271 1911 4341 capitula
1960 4273 2112 4329 inve-

519 4363 773 4429 niuntur,
821 4378 945 4433 quae
991 4378 1227 4418 canones
1274 4364 1654 4433 apostolorum
1706 4364 2105 4434 inscribuntur,

517 4458 711 4528 quibus
742 4466 927 4511 tamen
962 4455 1182 4512 difﬁcile
1208 4456 1439 4512 credunt
1468 4458 1561 4527 qui
1593 4458 1647 4511 in
1675 4459 1945 4527 praedictis
1973 4475 2104 4530 apo-

2231 3248 2534 3304 Adrianum
2585 3263 2778 3318 papam
2822 3244 3121 3300 mandavit.
3168 3243 3259 3299 Sic
3304 3243 3486 3311 itaque
3529 3239 3703 3293 multa
3766 3257 3837 3295 ex

2226 3341 2550 3413 apocryphis
2610 3340 2938 3410 deprompta
2994 3336 3164 3392 sancti
3230 3339 3418 3391 Patres
3464 3342 3841 3401 receperunt,

2224 3436 2366 3492 sicut
2410 3433 2581 3488 Judas
2626 3432 2908 3504 apostolus
2949 3432 3002 3485 in
3054 3428 3287 3501 Epistola
3318 3444 3413 3482 sua
3443 3426 3835 3481 testimonium

2224 3529 2290 3584 de
2322 3528 2603 3599 prophetia
2651 3526 2836 3581 Enoch
2881 3532 3225 3593 assumptum
3257 3521 3482 3591 recepit;
3524 3535 3686 3589 quam
3739 3528 3830 3573 m-

2224 3638 2352 3676 men
2389 3620 2735 3691 prophetiam
2762 3626 2947 3673 sancta
2981 3616 3221 3672 Ecclesia
3253 3614 3410 3686 quasi
3448 3611 3832 3683 apocrypham

2222 3714 2541 3785 repudiavit.
2596 3712 2923 3783 Apocrypha
2974 3719 3161 3766 autem
3192 3710 3296 3764 dici
3334 3705 3677 3762 ecclesiastici
3715 3705 3833 3759 do-

2224 3816 2404 3863 ctores
2445 3806 2690 3872 tradunt,
2735 3823 2846 3860 non
2884 3804 3006 3875 quia
3068 3802 3250 3859 omnia
3312 3801 3664 3864 mentiantur,
3723 3797 3831 3854 sed

2222 3902 2346 3973 quia
2376 3900 2554 3956 dubia:
2591 3909 2646 3955 et
2673 3907 2941 3969 suspectae
2983 3896 3319 3952 auctoritatis
3362 3910 3479 3949 esse
3510 3890 3827 3947 videantur.

2224 3998 2368 4049 Nam
2406 3994 2707 4065 szepissime
2753 3992 2927 4046 multa
2958 3990 3219 4045 canonica
3249 3989 3359 4044 suis
3406 3986 3597 4042 naeniis
3642 3986 3832 4041 inter-

2223 4096 2433 4153 serunt,
2469 4103 2592 4159 qua:
2620 4100 2964 4157 nequaquam
3004 4082 3273 4139 Catholici
3303 4098 3433 4137 cum
3462 4079 3661 4134 eisdem
3698 4095 3829 4134 nee-

2221 4182 2325 4236 niis
2353 4180 2591 4237 refutare
2619 4180 2915 4235 debebunt.
2942 4177 3111 4233 Unde
3145 4192 3307 4246 supra
3339 4174 3516 4230 dictus
3542 4187 3667 4243 papa
3703 4172 3830 4226 Ge-

2224 4275 2386 4330 lasius
2415 4295 2427 4329 :
2464 4298 2487 4321 α
2518 4272 2791 4344 Nunquid,
2837 4271 3034 4342 inquit,
3065 4270 3121 4323 in
3152 4270 3399 4339 ipsorum
3430 4265 3826 4322 haereticorum

2222 4369 2374 4422 libris
2401 4385 2512 4423 non
2542 4367 2719 4422 multa
2767 4381 2888 4437 qua
2939 4363 3007 4419 ad
3039 4363 3324 4417 veritatem
3374 4360 3675 4432 pertineant
3726 4374 3832 4428 po—

2218 4462 2319 4515 sita
2350 4462 2703 4531 releguntur?
2725 4456 3113 4529 Nunquidnam
3142 4455 3262 4510 ideo
3295 4454 3495 4509 veritas
3527 4451 3831 4507 refutanda

516 4550 785 4605 stolorum
816 4549 1040 4622 synodis
1068 4549 1204 4604 nihil
1233 4551 1299 4605 de
1330 4550 1415 4604 his
1440 4561 1937 4606 commemoratum
1954 4554 2106 4609 -inve-
2142 4576 2188 4638 υ
2214 4562 2316 4619 est,
2348 4554 2471 4624 quia
2512 4554 2731 4607 illorum
2775 4552 2919 4616 libri,
2967 4550 3061 4604 ubi
3112 4548 3353 4619 pravitas
3384 4548 3631 4610 interest,
3662 4544 3833 4599 refu-

516 4643 687 4695 niunt.
721 4643 827 4698 Sed
853 4652 907 4697 et
937 4644 1169 4714 plurima
1197 4652 1324 4697 sunt
1351 4659 1475 4714 quae
1513 4659 1576 4698 ex
1619 4644 1911 4713 apostolica
1950 4646 2103 4701 insti-

516 4737 725 4790 tutione
764 4738 1091 4807 accepimus,
1143 4754 1265 4809 quae
1306 4746 1489 4794 tamen
1534 4739 1589 4792 in
1617 4738 1723 4793 illis
1757 4755 2105 4810 nequaquam

516 4828 839 4883 invenimus.
872 4832 983 4884 Nec
1013 4831 1199 4900 utique
1244 4847 1463 4887 necesse
1512 4830 1617 4886 fuit
1647 4840 1705 4887 ut
1728 4833 1955 4903 apostoli
1985 4850 2103 4888 om-

514 4922 598 4977 nia
632 4921 1001 4976 communiter
1026 4922 1393 4991 instituerent,
1425 4942 1554 4980 cum
1588 4935 1643 4980 et
1684 4926 1997 4998 singillatim
2028 4936 2104 4981 ta-

514 5015 578 5069 lia
604 5014 882 5069 instituere
912 5024 1153 5083 possent,
1183 5016 1323 5070 sicut
1361 5018 1524 5072 etiam
1557 5020 1792 5073 Romani
1825 5020 2105 5089 pontiﬁces

512 5123 574 5163 ex
605 5123 795 5163 eorum
819 5108 1134 5163 auctoritate
1162 5108 1345 5163 adhuc
1369 5107 1550 5165 facere
1577 5110 1773 5164 solent.

584 5206 728 5274 Ergo
778 5200 1073 5273 poStposita
1117 5202 1481 5273 quorumdam
1533 5203 1936 5259 inconsiderata
1981 5206 2101 5276 opi—

512 5298 698 5359 nione,
776 5311 876 5350 nos
926 5295 1100 5367 magis
1172 5296 1598 5366 apostolicorum
1657 5296 1918 5363 virorum,
1984 5300 2098 5354 Ro-

509 5406 805 5445 manorum
870 5389 1055 5460 utique
1117 5388 1437 5459 pontiﬁcum
1502 5390 1837 5444 attestationi
1908 5392 2098 5448 creda-

510 5497 650 5547 mus,
717 5483 808 5551 qui
850 5464 1061 5550 singula
1132 5497 1268 5552 pene
1334 5482 1567 5553 capitula
1615 5485 1942 5541 eorumdem
2002 5504 2096 5542 ca-

506 5590 716 5628 nonum
747 5575 1027 5643 apostolos
1057 5574 1353 5629 instituisse
1377 5578 1606 5645 sparsim
1648 5577 1700 5631 in
1727 5577 1961 5634 decretis
1985 5581 2099 5635 suis

502 5666 882 5723 testiﬁcantur.
901 5670 1107 5738 Nempe
1120 5668 1455 5741 Zephyrinus
1466 5687 1618 5742 papa,
1632 5688 1659 5725 a
1678 5675 1739 5725 B.
1760 5675 1919 5728 Petro
1936 5675 2091 5742 XVI,

503 5761 777 5830 apostolos
805 5763 1147 5833 septuaginta
1191 5780 1430 5819 canones
1475 5765 1783 5820 condidisse
1827 5775 2088 5833 testatur;

501 5866 739 5921 quorum
779 5854 1166 5929 quinquaginta
1218 5865 1433 5914 tantum
1478 5857 1665 5913 beatus
1715 5857 1981 5930 Isidorus,
2034 5858 2094 5914 in

2210 4648 2580 4713 tanturPAut,
2606 4645 2729 4700 ideo
2758 4645 2908 4715 pravi
2936 4643 3057 4697 libri
3079 4639 3415 4712 suscipiendi
3436 4648 3565 4694 sunt
3595 4654 3831 4701 eorum,

2216 4740 2340 4811 quia
2390 4740 2610 4807 veritas,
2670 4754 2791 4809 qua:
2848 4738 2951 4791 illic
2972 4738 3192 4791 inserta
3235 4743 3339 4801 est,
3384 4749 3495 4787 non
3540 4735 3834 4803 negatur?

2218 4834 2307 4887 Ait
2344 4833 2688 4905 Apostolus:
2742 4833 2932 4887 Omnia
2951 4830 3209 4899 probate;
3262 4827 3407 4897 quod
3459 4828 3654 4880 bonum
3707 4833 3829 4885 est.

2216 4931 2383 4982 tenete
2431 4928 2642 4995 (Thess.
2706 4926 2806 4995 II).
2872 4926 3039 4994 Ergo,
3074 4924 3229 4993 juxta
3284 4917 3545 4975 eumdem
3586 4928 3831 4989 aposto-

2212 5020 2403 5088 licum,
2433 5028 2728 5089 utrumque
2757 5017 3022 5073 debemus
3058 5036 3068 5069 :
3101 5024 3153 5070 et
3180 5015 3380 5069 librum
3409 5011 3479 5067 de
3509 5011 3835 5067 canonibus

2213 5114 2590 5185 apostolorum
2620 5128 2717 5183 pro
2764 5109 3071 5182 apocrypho
3110 5107 3427 5179 repudiare;
3461 5114 3515 5161 et
3543 5106 3793 5176 capitula
3819 5148 3835 5169 ,

2210 5208 2256 5262 si
2288 5225 2391 5279 qua
2431 5208 2483 5263 in
2512 5206 2603 5261 illo
2632 5206 2700 5261 ad
2742 5205 3029 5259 veritatem
3065 5200 3390 5274 pertinentia
3422 5200 3829 5261 inveniuntur,

2212 5316 2320 5355 non
2363 5299 2653 5371 reprobare
2691 5315 2703 5351 :
2737 5298 2846 5363 illa,
2894 5297 3139 5367 inquam,
3182 5293 3431 5356 minime,
3475 5307 3607 5362 quae
3639 5294 3828 5346 sancti

2210 5397 2400 5449 Patres
2459 5408 2555 5464 pro
2619 5390 2948 5447 authenticis
3002 5395 3347 5457 receperunt,
3395 5385 3508 5439 imo
3567 5400 3827 5455 quorum

2209 5486 2527 5542 auctoritate
2565 5501 2690 5541 suas
2731 5483 3042 5540 sanctiones
3093 5480 3395 5552 saepissime
3428 5478 3829 5532 ﬁrmaverunt.

2205 5580 2377 5634 Multa
2413 5577 2634 5649 quidem
2659 5587 2715 5633 et
2743 5577 2842 5632 alia
2875 5575 3155 5648 apostolos
3181 5573 3479 5628 instituisse
3506 5588 3625 5627 non
3653 5570 3827 5626 dubi-

2204 5682 2410 5739 tamus;
2442 5688 2563 5744 quaa
2593 5681 2776 5728 tamen
2805 5671 2951 5727 nullo
2982 5685 3174 5726 eorum
3209 5666 3429 5739 speciali
3461 5667 3670 5736 scripto
3696 5680 3827 5735 pm-

2203 5767 2443 5838 mulgata
2488 5766 2807 5837 reperimus.
2873 5764 3033 5819 Unde
3098 5762 3287 5817 beatus
3336 5760 3706 5831 Augustinus,
3769 5760 3831 5812 in

2204 5859 2341 5917 libro
2379 5874 2403 5916 ι
2428 5869 2617 5917 contra
2647 5858 2997 5927 Donatistas,
3031 5880 3055 5905 ‹‹
3102 5855 3170 5912 de
3198 5854 3477 5925 baptismo
3509 5850 3662 5924 quod
3683 5892 3697 5916 ,
3732 5851 3835 5906 in-
