4062 6182
239 302 377 358 1197

1155 309 1441 363 ΑΡΡΕΝΙ).
1484 310 1569 364 IIl.
1615 340 1678 349 —
1716 310 2135 366 MONUMENTA
2173 314 2629 369 GREGORIANA.

3398 310 3532 373 H98

236 429 380 497 quit,
414 429 671 483 universa
720 437 870 483 tenet
910 430 1173 501 Ecclesia,
1207 448 1307 487 nec
1331 433 1576 488 conciliis
1607 434 1818 488 institu-
1848 438 1901 500 Α
2003 444 2053 492 Α
2082 448 2327 510 tempore
2357 449 2537 495 autem
2564 440 2726 510 huius
2750 442 2962 496 concilii
2984 439 3103 512 jam
3131 442 3531 513 aliquantulum

236 531 355 576 tum
408 521 504 575 sed
553 538 769 592 semper
807 530 1079 578 retentum
1118 533 1217 591 est,
1253 542 1361 580 non
1394 527 1499 581 nisi
1529 528 1826 597 apostolica

236 616 562 669 auctoritate
592 615 854 669 traditum
878 617 1176 672 rectissime
1204 619 1462 673 creditur.
1501 643 1525 667 ι
1553 623 1696 691 Ergo
1724 638 1829 676 nec

237 708 561 779 hujusmodi
604 707 971 765 traditionum
1016 719 1425 782 contemptores
1466 713 1651 769 minus
1680 730 1829 769 coer-

238 803 395 858 cendi
444 811 573 857 sunt
616 819 783 873 quam
816 805 1251 874 pravaricatores
1276 805 1590 861 divinarum
1620 808 1828 879 legum,

241 905 299 951 ut
324 895 468 951 idem
494 895 687 951 doctor
715 895 786 951 ad
813 897 1150 953 Casulanum
1182 898 1559 971 presbyterum
1586 899 1831 956 scribens

240 997 490 1045 testatur.

314 1086 444 1139 Post
488 1084 766 1154 apostolos
803 1093 989 1140 autem
1021 1086 1263 1141 Romani
1294 1086 1600 1158 pontiﬁces,
1634 1096 1747 1143 tam
1779 1088 1835 1141 in

243 1185 508 1248 potestate
538 1192 704 1248 quam
737 1178 790 1232 in
830 1178 1217 1248 praedicatione
1250 1194 1443 1234 eorum
1470 1196 1835 1249 successores,

243 1271 665 1326 ecclesiasticam
708 1270 1054 1343 disciplinam
1097 1271 1502 1328 studiosissime
1539 1274 1654 1328 suis
1681 1274 1838 1329 insti-

245 1365 379 1419 tutis
406 1363 675 1419 formasse
703 1374 760 1420 et
786 1363 1146 1420 informatam
1181 1381 1516 1438 propagasse
1560 1367 1841 1436 reperiun-

242 1468 364 1524 tur;
418 1467 471 1513 et
517 1459 619 1514 hoc
665 1459 853 1530 utique
897 1458 1114 1515 diverso
1159 1459 1345 1515 modo.
1378 1460 1532 1515 Sicut
1560 1461 1708 1516 enim
1736 1460 1839 1531 ipsi

244 1559 449 1607 sancta
496 1553 752 1607 Ecclesia
780 1551 1003 1607 diversis
1051 1553 1391 1623 temporibus
1436 1552 1718 1624 prafuisse
1767 1554 1842 1608 lc-

245 1654 471 1716 guntur,
518 1646 592 1700 ita
630 1653 684 1701 et
731 1645 943 1701 diverse
987 1646 1100 1700 suis
1122 1647 1469 1717 temporibus
1496 1647 1842 1702 consuluisse

1931 531 2128 587 sedatis
2157 534 2643 604 persecutionibus,
2692 534 2862 590 iidem
2907 535 3186 606 pontiﬁces
3216 537 3390 590 multo
3424 538 3534 607 ple-

1932 625 2056 680 nius
2107 635 2160 680 et
2206 627 2484 683 decentius
2535 628 2925 701 ecclesiasticas
2962 630 3175 701 regulas
3206 637 3323 683 tum
3354 645 3448 698 per
3476 646 3534 686 se

1934 733 1991 787 in
2022 718 2255 775 decretis
2302 723 2436 786 suis,
2469 730 2586 776 tum
2620 738 2713 792 per
2757 722 2892 777 alios
2936 723 2991 776 in
3024 723 3263 778 conciliis
3293 724 3537 793 promul—

1938 828 2086 884 gare,
2136 813 2246 867 sive
2294 815 2665 885 promulgatas
2692 816 3020 871 conﬁrmare
3046 824 3347 887 coeperunt.
3390 819 3535 885 Quas

1940 914 1997 961 et
2042 906 2099 959 in
2130 914 2410 976 posterum
2460 906 2807 963 ecclesiastici
2833 908 3084 963 doctores
3128 910 3304 981 magis
3350 910 3404 963 in
3434 926 3538 965 usu

1941 999 2141 1054 habere
2167 1010 2588 1056 consueverunt.
2642 1004 2754 1057 Has
2792 1003 2955 1057 etiam
2998 1006 3063 1056 B.
3102 1002 3367 1059 Adrianus
3399 1020 3540 1074 papa

1943 1108 2069 1147 cum
2110 1093 2409 1149 canonibus
2436 1094 2811 1164 apostolorum
2842 1095 2909 1150 ad
2934 1096 3347 1151 instructionem
3378 1097 3538 1152 Occi-

1947 1186 2249 1241 dentalium
2281 1187 2644 1243 Ecclesiarum
2693 1188 3000 1260 dirigendas
3040 1188 3350 1257 destinavit,
3394 1190 3541 1245 vide-

1944 1280 2071 1335 licet
2097 1287 2159 1334 ut
2186 1281 2365 1351 ipsum
2399 1280 2683 1337 Nicaeum
2713 1290 2768 1336 et
2795 1282 2899 1337 alia
2936 1282 3248 1352 hujusmodi
3291 1282 3537 1347 concilia,
3620 1312 3633 1331 κ

1947 1388 2184 1445 quorum
2226 1373 2505 1445 quadam,
2545 1375 2644 1429 etsi
2688 1376 2914 1430 Nicauo
2944 1375 3175 1430 concilio
3206 1377 3539 1446 antiquiora,

1945 1474 2135 1521 tamen
2162 1476 2283 1537 post
2304 1468 2587 1523 Nicanum
2619 1468 2675 1522 in
2697 1469 3084 1523 auctoritatem
3130 1478 3380 1539 recepta;
3413 1469 3543 1523 item

1947 1569 2003 1615 et
2056 1560 2144 1615 illa
2197 1562 2579 1615 Romanorum
2634 1562 2956 1631 pontiﬁcum
2996 1561 3234 1625 decreta,
3267 1577 3389 1633 qua
3419 1570 3545 1633 post

1948 1652 2095 1708 idem
2146 1653 2437 1708 concilium
2476 1654 2721 1709 instituta
2770 1652 3043 1726 leguntur.
3077 1657 3191 1710 Nec
3220 1656 3325 1711 hoc
3353 1655 3543 1726 utique

247 1739 616 1794 inveniuntur.
654 1742 793 1794 Nam
837 1754 867 1793 a
910 1739 1071 1795 beato
1102 1743 1260 1794 Petro
1290 1755 1461 1810 usque
1491 1739 1558 1795 ad
1588 1749 1839 1795 sanctum
1873 1758 1919 1818 Β
1951 1746 2070 1802 ideo
2117 1745 2306 1801 fecisse
2351 1747 2658 1803 credendus
2708 1757 2789 1803 est
2827 1749 2978 1819 quasi
3009 1748 3410 1818 antiquioribus
3437 1758 3547 1802 sta-

240 1834 580 1906 Sylvestrum
611 1834 774 1888 varia
819 1842 874 1887 et
920 1834 1265 1888 creberrimae
1297 1834 1699 1903 persecutiones
1729 1832 1841 1889 fue-

245 1935 396 1993 runt,
453 1928 509 1982 in
554 1928 750 1998 quibus
806 1926 1063 1999 episcopi,
1115 1936 1305 1998 utpote
1354 1929 1526 1999 capita
1583 1929 1838 1996 aliorum,

246 2021 487 2076 maxime
516 2020 977 2091 periclitabantur.
1011 2020 1176 2077 Unde
1206 2030 1260 2075 et
1286 2021 1527 2076 Romani
1560 2021 1844 2091 pontiﬁces

246 2113 397 2169 illius
429 2114 686 2185 temporis
716 2114 1085 2182 multipliciter
1109 2130 1203 2169 eos
1243 2130 1341 2184 pro
1368 2114 1628 2185 qualitate
1656 2129 1843 2184 perso-

246 2214 469 2274 narum,
504 2208 826 2262 necessitate
854 2223 1059 2272 rerum,
1090 2208 1502 2279 opportunitate
1525 2216 1843 2278 temporum

249 2302 470 2373 scriptis
520 2301 631 2356 suis
676 2302 942 2356 consolati
992 2309 1150 2367 sunt;
1208 2302 1267 2356 in
1317 2302 1512 2372 quibus
1549 2301 1616 2356 de
1648 2316 1844 2355 eorum

240 2394 471 2467 judiciis
513 2395 688 2450 multa
740 2395 818 2450 vel
869 2410 1005 2465 pene
1054 2394 1241 2449 omnia
1298 2403 1623 2459 statuerunt,
1656 2402 1717 2448 ut
1742 2395 1848 2449 im-

253 2488 557 2559 proborum
608 2488 1092 2559 prasumptionem
1143 2486 1210 2541 ab
1264 2503 1459 2542 eorum
1507 2486 1849 2541 infestatione

251 2595 481 2652 quoquo
546 2582 713 2637 modo
778 2590 1221 2650 compescerent;
1288 2581 1508 2651 quippe,
1564 2588 1850 2635 attestante

251 2685 444 2731 sancto
469 2676 707 2731 Fabiano
738 2692 871 2747 papa
897 2685 951 2731 et
978 2678 1240 2747 Martyre,
1257 2676 1356 2746 ipsi
1378 2676 1606 2745 apostoli
1634 2690 1851 2729 eorum-

253 2785 364 2840 que
391 2752 729 2825 successores
755 2778 1061 2826 statuerunt
1091 2778 1150 2823 ut
1186 2768 1421 2839 episcopi
1447 2777 1544 2823 aut
1568 2784 1852 2838 nunquam

255 2872 665 2929 accusarentur,
715 2872 809 2918 aut
855 2864 1099 2918 accusari
1128 2861 1443 2917 difﬁcillime
1474 2863 1857 2932 permitteren-

254 2964 370 3012 tur.
399 2959 560 3019 Nam,
593 2966 657 3011 ut
687 2957 878 3012 beatus
908 2956 1276 3028 Eutychianus
1300 2972 1435 3026 papa
1464 2963 1518 3009 et
1546 2962 1752 3027 martyr
1776 2965 1856 3010 te-

255 3058 458 3116 statur,
487 3050 532 3105 si
563 3051 838 3105 accusatio
866 3050 1246 3121 episcoporum
1286 3058 1417 3104 tunc
1459 3048 1615 3104 facile
1646 3057 1701 3103 et
1735 3064 1855 3119 pas-

1949 1841 2079 1895 tutis
2123 1841 2175 1895 in
2227 1840 2412 1911 aliquo
2458 1840 2917 1912 prajudicaverit;
2961 1842 3070 1896 imo
3115 1843 3295 1912 potius
3339 1841 3460 1896 ideo
3486 1850 3549 1897 ut

1952 1934 2383 2004 competentiora
2414 1949 2646 2005 quaque
2675 1934 2904 2007 regulari
2932 1934 3305 1989 Ecclesiarum
3349 1935 3547 1991 instru-

1956 2026 2122 2081 ctioni
2161 2026 2543 2096 procuraverit.
3552 2082 3555 2083 ν

2025 2121 2141 2175 Nec
2192 2120 2404 2174 mireris
2456 2119 2603 2189 quod
2650 2120 2893 2189 ipsorum
2931 2120 3285 2175 conciliorum
3316 2123 3547 2176 auctori-

1956 2220 2124 2267 tatem
2168 2215 2427 2267 Romano
2472 2211 2714 2283 pontiﬁci
2742 2212 3089 2268 ascribimus.
3133 2217 3296 2279 Nam,
3340 2237 3363 2261 η
3402 2196 3565 2269 nulla

1956 2305 2183 2360 concilia
2223 2314 2339 2359 rata
2386 2304 2660 2377 leguntur,
2705 2321 2830 2375 qua
2872 2306 3171 2376 apostolica
3225 2307 3551 2362 auctoritate

1956 2398 2093 2454 fulta
2121 2416 2233 2453 non
2262 2384 2485 2465 fuerint,
2519 2421 2545 2445 υ
2590 2407 2650 2454 ut
2677 2398 2867 2454 beatus
2896 2402 3167 2454 Damasus
3198 2415 3334 2469 papa
3374 2401 3430 2454 in
3463 2402 3555 2456 de-

1958 2492 2118 2547 cretis
2167 2492 2304 2559 suis,
2348 2508 2466 2561 cap.
2521 2498 2577 2558 9,
2629 2492 2821 2546 asserit
2856 2510 2870 2546 :
2914 2492 3004 2546 cui
3050 2494 3106 2547 S.
3138 2493 3474 2549 Athanasius
3503 2502 3556 2548 et

1958 2584 2136 2639 Julius
2166 2599 2324 2654 papa,
2352 2583 2639 2638 Nicanum
2676 2599 2895 2654 quoque
2923 2584 3237 2651 concilium,
3268 2595 3325 2640 et
3363 2587 3554 2657 reliqui

1962 2678 2135 2732 sancti
2161 2680 2349 2731 Patres
2370 2676 2748 2745 astipulantur.
2768 2677 3001 2731 Sanctus
3021 2693 3240 2747 quoque
3262 2680 3556 2733 Marcellus

1963 2785 2098 2840 papa
2135 2777 2189 2823 et
2216 2757 2423 2840 martyr
2452 2768 2503 2822 in
2535 2768 2770 2823 decretis
2812 2769 2944 2833 suis,
2973 2784 3091 2839 cap.
3125 2776 3157 2823 5
3202 2789 3213 2823 :
3250 2794 3273 2817 α
3314 2771 3443 2840 Ipsi,
3480 2771 3558 2825 in-

1963 2865 2099 2935 quit,
2148 2862 2401 2932 apostoli,
2445 2877 2638 2916 eorum
2668 2877 2886 2933 quoque
2916 2876 3281 2929 successores,
3314 2864 3557 2918 Domino

1962 2958 2281 3027 inspirante,
2339 2956 2739 3010 constituerunt
2786 2963 2850 3010 ut
2894 2956 3039 3010 nulla
3090 2955 3245 3011 ﬁeret
3313 2956 3560 3028 synodus

1967 3059 2164 3121 praeter
2192 3053 2461 3104 Romana
2510 3048 2653 3104 sedis
2689 3049 3089 3104 auctoritatem.
3145 3073 3170 3097 ν
3222 3052 3357 3105 Nam
3413 3050 3562 3105 illius

257 3144 364 3199 sim
416 3143 819 3208 admitteretur,
862 3143 1114 3214 perpauci
1160 3142 1323 3197 nimis
1366 3142 1740 3198 invenirentur
1767 3143 1859 3214 qui
1890 3124 1936 3187 (ἶ
1966 3142 2106 3199 sedis
2148 3143 2432 3213 episcopus
2455 3141 2624 3213 judex
2663 3150 2745 3196 est
2784 3142 2959 3197 totius
3004 3141 3280 3198 Ecclesia.
3327 3144 3437 3198 Nec
3464 3142 3562 3197 ali-

257 3253 330 3292 eo
360 3245 606 3307 tempore
620 3237 991 3307 episcopatum
1017 3252 1132 3291 non
1157 3236 1425 3307 fugerent,
1457 3252 1582 3291 cum
1603 3244 1655 3291 et
1680 3235 1860 3305 quoti-

259 3329 489 3385 dianam
520 3339 755 3385 mortem
800 3346 867 3385 ex
906 3330 1283 3401 persecutione
1328 3330 1603 3397 timerent,
1648 3345 1752 3384 nec
1778 3338 1861 3384 ta-

262 3439 392 3478 men
416 3423 790 3494 improborum
829 3424 1229 3478 accusationem
1257 3422 1525 3478 declinare
1545 3431 1786 3493 possent.

335 3518 567 3573 Sanctus
612 3517 777 3572 etiam
807 3517 1106 3572 Anacletus
1149 3532 1282 3587 papa
1314 3524 1369 3571 et
1404 3524 1617 3587 martyr
1643 3515 1711 3571 ad
1740 3519 1860 3571 uni-

262 3626 455 3666 versos
499 3610 784 3681 episcopos
825 3610 991 3665 Italia
1032 3608 1293 3676 scribens,
1348 3609 1704 3680 dejectionem
1748 3609 1861 3664 sive

262 3703 685 3759 damnationem
710 3704 1093 3775 episcopon
1115 3702 1218 3757 sibi
1240 3703 1542 3758 Dominum
1560 3718 1862 3759 reservasse

263 3803 518 3863 testatur,
550 3796 702 3867 quasi
740 3797 1033 3852 hominum
1074 3795 1285 3859 iudicio
1324 3795 1606 3866 subjacere
1646 3811 1763 3851 non
1788 3796 1863 3849 vi-

265 3887 521 3943 deantur.
552 3890 663 3942 Nec
700 3888 915 3943 mirum
943 3890 1046 3943 hoc
1076 3904 1170 3943 eos
1208 3905 1274 3944 eo
1298 3896 1545 3959 tempore
1562 3888 1858 3959 judicasse,

264 3998 401 4037 cum
426 3983 696 4037 acerrima
724 3983 1026 4053 persecutio
1064 3999 1178 4038 non
1219 3983 1324 4038 nisi
1352 3983 1772 4054 perfectissimus
1796 3982 1863 4040 ad

268 4076 650 4147 episcopatum
673 4076 853 4131 venire
877 4078 1240 4148 permitteret,
1277 4077 1476 4147 quippe
1506 4078 1595 4147 qui
1618 4078 1738 4149 jam
1766 4092 1864 4147 pro

268 4170 496 4227 Christo
534 4173 727 4227 omnia
765 4182 1007 4227 extrema
1039 4173 1148 4244 pati
1172 4188 1288 4228 non
1315 4172 1594 4226 timerent.
1630 4174 1693 4225 In
1725 4180 1862 4225 tem-

274 4280 409 4334 pore
432 4273 617 4320 autem
672 4266 821 4336 pacis
859 4266 1075 4337 aliquid
1114 4267 1181 4322 de
1228 4266 1317 4321 illa
1358 4265 1679 4321 difﬁcultate
1708 4280 1866 4319 accu-

270 4357 501 4412 sationis
551 4359 665 4413 sive
713 4360 1080 4414 damnationis
1106 4360 1487 4431 episcoporum
1535 4375 1649 4413 non
1678 4359 1868 4413 incon-

271 4466 411 4522 grue
439 4452 756 4518 remittitur,
788 4468 914 4507 cum
943 4452 1283 4523 episcOpatus
1312 4468 1422 4506 non
1446 4452 1560 4523 jam
1599 4468 1626 4506 a
1663 4450 1872 4523 paucis,
1903 4492 1952 4554 D

273 4544 438 4614 quasi
464 4560 630 4611 mors,
663 4545 915 4615 religiose
962 4546 1205 4611 timetur,
1236 4545 1332 4599 sed
1361 4561 1389 4599 a
1418 4545 1688 4616 plurimis,
1719 4544 1870 4615 quasi

274 4636 475 4708 gloria,
506 4639 791 4693 ambitiose
838 4638 1131 4709 appetitur,
1190 4640 1541 4709 etappetitus
1582 4638 1875 4693 criminose

278 4728 727 4795 administratur,
777 4731 981 4785 scilicet
1028 4748 1158 4786 cum
1208 4732 1325 4802 jam
1374 4747 1483 4785 non
1526 4732 1649 4786 talis
1698 4746 1874 4801 perse-

275 4822 430 4877 cutio
476 4824 719 4895 aliquem
775 4824 842 4879 ab
872 4825 1183 4895 episcopatu
1221 4825 1302 4880 vel
1334 4832 1551 4895 peccato
1578 4824 1875 4891 deterreat,

275 4915 379 4971 sed
426 4916 539 4986 ipsa
589 4918 732 4989 pacis
780 4919 1149 4990 tranquillitas
1202 4928 1258 4973 et
1300 4918 1526 4972 honoris
1572 4917 1878 4973 sublimitas

276 5009 459 5080 magis
505 5010 573 5065 ad
604 5012 936 5082 peccandum
977 5013 1176 5067 illiciat.
1208 5012 1368 5068 Unde
1398 5011 1451 5065 in
1494 5012 1715 5065 Nicano
1748 5026 1880 5064 con-

276 5102 413 5158 cilio
441 5119 554 5158 non
602 5105 778 5176 magis
820 5105 1085 5176 episcopis
1116 5122 1282 5177 quam
1313 5105 1644 5176 quibuslibet
1669 5103 1881 5159 clericis

276 5197 339 5251 in
369 5195 717 5253 damnatione
743 5201 999 5269 parcitur,
1024 5215 1148 5253 cum
1176 5199 1492 5270 generaliter
1519 5199 1579 5251 in
1606 5214 1670 5252 eo
1687 5211 1880 5251 omnes

276 5289 627 5346 damnentur
687 5292 999 5363 quicunque
1084 5290 1145 5347 se
1192 5300 1382 5347 contra
1433 5307 1622 5347 sacras
1671 5290 1881 5362 regulas

281 5381 491 5439 efferre
515 5401 623 5439 non
647 5394 916 5440 verentur.
950 5392 1088 5440 Ante
1106 5385 1233 5440 illud
1256 5401 1383 5440 sane
1403 5386 1695 5441 concilium
1714 5392 1883 5439 tanta

283 5478 690 5547 persecutiones
735 5478 971 5549 undique
999 5479 1304 5546 saevierant,
1345 5488 1405 5533 ut
1438 5480 1677 5534 Romani
1707 5478 1882 5550 ponti-

280 5571 421 5627 ﬁces
449 5571 738 5628 tribulatos
768 5574 855 5628 vix
898 5589 1117 5644 quoquo
1163 5573 1328 5628 modo
1358 5574 1572 5643 scriptis
1610 5574 1722 5627 suis
1750 5588 1883 5626 con-

284 5664 457 5721 solari
505 5666 615 5721 sive
645 5674 835 5721 contra
893 5667 1173 5738 improbos
1216 5666 1507 5723 defensare
1538 5666 1876 5731 sufﬁcerent,

277 5758 502 5813 nedum
532 5760 952 5816 ecclesiasticam
982 5760 1331 5831 disciplinam
1362 5775 1745 5832 usquequaque
1777 5758 1885 5829 ple-

278 5851 437 5907 niter
465 5861 519 5908 et
544 5854 871 5925 regulariter
899 5854 1181 5911 instituere
1209 5860 1449 5926 possent.

1966 3236 2111 3309 quod
2128 3235 2397 3307 judicium
2419 3235 2560 3289 valet
2583 3235 2788 3306 absque
2811 3235 3052 3306 legitimo
3070 3234 3277 3305 judice.

2040 3332 2178 3385 Sunt
2223 3336 2409 3383 autem
2463 3336 2699 3400 quatuor
2756 3328 2987 3383 concilia
3053 3329 3250 3399 quibus
3320 3330 3565 3384 Romani

1969 3422 2255 3493 pontiﬁces
2286 3437 2539 3493 magnam
2578 3422 2940 3477 reverentiam
2989 3421 3253 3478 detulisse
3286 3422 3564 3493 leguntur,

1968 3516 2253 3571 Nicanum
2296 3515 2534 3581 scilicet,
2585 3514 3280 3585 Constantinopolitanum,
3346 3515 3567 3586 Ephesi-

1968 3625 2123 3675 num,
2143 3616 2199 3663 et
2217 3607 2659 3663 Chalcedonense
2684 3607 2979 3662 concilium
3010 3627 3025 3675 ;
3050 3624 3173 3679 qua
3200 3625 3231 3663 a
3257 3607 3415 3663 beato
3433 3610 3568 3664 Gre-

1970 3703 2121 3775 gorio
2170 3717 2281 3757 non
2332 3701 2495 3757 semel
2543 3710 2605 3756 ut
2664 3709 2899 3771 quatuor
2954 3702 3378 3771 Evangeliorum
3434 3701 3560 3757 libri

1974 3796 2281 3851 veneranda
2327 3802 2643 3862 censentur,
2695 3803 2749 3849 et
2804 3794 2905 3849 sub
2952 3794 3183 3850 terribili
3213 3795 3568 3851 anathemate

1971 3890 2249 3946 contemni
2294 3888 2676 3960 prohibentur.

2044 3983 2291 4038 Primum
2309 3997 2439 4052 ergo
2462 3981 2661 4037 horum
2683 3998 2713 4036 a
2744 3996 3007 4037 CCCXVIII
3032 3982 3287 4038 Patribus
3307 3983 3361 4037 in
3380 3984 3566 4040 Nicaa

1972 4072 2240 4142 Bithynia
2294 4070 2545 4125 habitum
2618 4078 2701 4125 est
2729 4086 2793 4125 ex
2823 4070 3145 4125 auctoritate
3195 4073 3249 4126 S.
3310 4072 3569 4141 Sylvestri

1974 4176 2146 4233 papa,
2168 4168 2355 4215 contra
2376 4159 2573 4213 Arium
2592 4159 3029 4214 Alexandrinum
3052 4160 3448 4231 presbyterum,
3473 4162 3569 4231 qui

1974 4256 2087 4303 tres
2130 4246 2331 4319 gradus
2378 4247 2433 4300 iu
2481 4255 2665 4302 sancta
2710 4247 2975 4303 Trinitate
2999 4248 3246 4302 asseruit.
3280 4250 3439 4314 Item,
3469 4251 3569 4303 Pa-

1977 4347 2120 4393 trem
2159 4336 2445 4406 majorem,
2474 4337 2671 4391 Filium
2702 4336 2989 4403 minorem,
3025 4338 3283 4407 Spiritum
3316 4347 3567 4393 sanctum

1981 4434 2309 4491 creaturam,
2384 4434 2633 4495 tempore
2683 4425 3019 4479 Constantini
3072 4426 3345 4496 principis,
3402 4428 3566 4481 Attici

1983 4516 2264 4574 Constanti
2283 4517 2607 4588 nopolitani,
2679 4515 2899 4570 Macarii
2975 4514 3462 4587 Hierosolymitani
3515 4524 3570 4571 et

1981 4606 2270 4662 Alexandri
2316 4604 2637 4676 patriarcha
2666 4601 3042 4657 Alexandrini.
3092 4605 3153 4657 In
3191 4619 3302 4675 quo
3340 4604 3569 4661 concilio

1980 4696 2341 4752 condemnata
2375 4693 2565 4750 haresi
2609 4691 2830 4758 Ariana,
2861 4691 3163 4749 secundum
3193 4701 3317 4764 post
3353 4702 3570 4761 aposto-

1980 4786 2064 4843 los
2100 4784 2440 4857 Symbolum,
2487 4791 2542 4836 et
2588 4781 2773 4851 viginti
2803 4796 3041 4836 canones
3070 4782 3566 4853 promulgaverunt.

1984 4874 2125 4929 Huic
2159 4871 2388 4928 concilio
2414 4870 2572 4941 legati
2601 4869 2742 4925 sedis
2785 4870 3120 4939 apostolicae,
3151 4887 3384 4943 magnus
3411 4874 3575 4928 Osius

1983 4961 2346 5019 Cordubensis
2385 4960 2691 5031 episcopus,
2739 4960 2924 5013 Victor
2985 4969 3037 5014 et
3084 4961 3424 5029 Vincentius,
3457 4978 3575 5033 pre-

1986 5050 2184 5123 sbyteri
2226 5052 2497 5104 Romanae
2536 5047 2809 5114 Ecclesia,
2843 5047 2955 5103 vice
2979 5048 3230 5120 Sylvestri
3263 5066 3413 5121 papa
3444 5066 3578 5121 pra—

1985 5140 2225 5206 fuerunt,
2264 5146 2318 5193 et
2362 5146 2565 5192 statuta
2590 5136 2831 5207 ejusdem
2879 5138 3094 5215 concilii
3149 5139 3404 5207 primaria
3453 5139 3580 5194 sub-

1986 5228 2281 5299 scriptione
2330 5226 2701 5281 ﬁrmaverunt.
2738 5224 2858 5295 Ips'e
2912 5227 3076 5280 etiam
3123 5226 3391 5295 Sylvester
3442 5242 3578 5297 papa

1988 5319 2260 5371 Romana
2296 5315 2527 5388 generali
2571 5312 2784 5386 synodo
2819 5314 3139 5384 prasidens,
3171 5311 3468 5380 predictam
3493 5328 3581 5367 ro-

1993 5407 2202 5462 boravit
2238 5406 2511 5479 synodum
2536 5422 2663 5460 cum
2689 5404 3085 5474 subscriptione
3110 5416 3346 5457 CCLxxv
3374 5401 3586 5473 episco-

1993 5513 2208 5570 porum.

2062 5587 2129 5639 Et
2157 5581 2437 5637 sciendum
2462 5582 2584 5652 quia
2614 5580 2852 5635 Romani
2892 5576 3174 5648 pontiﬁces
3208 5594 3487 5649 nunquam
3515 5581 3585 5635 ad

1992 5670 2284 5728 concilium
2316 5672 2493 5724 Roma
2511 5669 2653 5723 exire
2679 5674 3103 5731 consueverunt,
3130 5664 3228 5720 sed
3256 5683 3348 5736 per
3378 5666 3588 5737 legatos

1992 5776 2121 5816 suos
2162 5758 2476 5830 hujusmodi
2519 5754 2761 5811 conciliis
2800 5751 3153 5824 praefuerunt.
3198 5753 3365 5808 Unde
3393 5755 3445 5807 S.
3475 5756 3589 5807 Leo

1994 5866 2154 5922 papa,
2206 5863 2239 5904 a
2305 5843 2749 5903 christianissimo
2803 5841 3139 5912 imperatore
3185 5840 3467 5896 Marciano
3522 5842 3591 5899 ad
