4062 6182
582 339 720 391 1199
1574 331 1665 384 ΑΙ)
1703 328 1926 383 OPERA
1965 326 2020 379 S.
2062 323 2382 379 GREGORU
2418 325 2855 380 APPENDICES.
3108 324 3119 337 ‘
3726 326 3862 378 1200

580 459 1014 516 Chalcedonense
1037 456 1327 511 concilium
1356 454 1703 510 devotissime
1751 453 2027 516 invitatus,
2065 449 2164 503 hac
2192 450 2245 511 Α
2272 463 2424 507 ctum
2470 470 2532 509 ex
2584 454 2777 508 niteris
2823 452 3097 524 majorum
3146 450 3436 507 didicimus
3479 450 3605 521 quia
3656 451 3861 507 Nicagni

580 554 791 607 ratione
828 566 885 604 se
919 550 1191 603 excusavit
1217 548 1364 619 quod
1392 548 1605 603 nullum
1632 546 1754 601 inde
1781 544 2093 614 exemplum
2134 558 2165 596 a
2276 552 2464 603 Patres
2523 550 2609 604 illa
2657 556 2868 603 tantum
2912 547 3066 619 quasi
3116 546 3405 617 specialius
3457 546 3757 601 instituisse
3798 548 3859 600 le-

580 643 1070 713 prazdecessoribus
1111 644 1221 698 suis
1261 642 1547 713 acceperit.
1595 645 1674 695 De
1726 639 1952 695 concilio
1974 636 2169 707 .igitur
2276 653 2506 713 guntur;
2533 644 2737 713 reliqua
2763 658 2911 706 vero,
2940 658 3111 712 usque
3139 641 3205 696 ad
3234 640 3592 711 septuaginta,
3622 655 3735 694 non
3756 648 3863 694 tam

578 737 799 791 Niczeno
827 739 883 791 S.
929 737 1254 791 Ambrosius
1281 733 1697 792 Mediolauensis
1731 733 2014 804 episcopus
2036 729 2166 784 scri-
2277 737 2376 808 ipsi
2417 736 2784 808 principaliter
2822 735 3115 791 instituisse
3142 750 3306 805 quam
3338 734 3407 789 ab
3431 735 3548 789 aliis
3574 735 3690 806 iam
3743 750 3863 789 con.

576 830 710 884 bens
742 850 753 883 :
789 848 817 879 ‹(
854 831 975 883 Non
1015 814 1275 891 humana,
1307 829 1502 900 inquit,
1558 826 1848 889 industria.
1878 840 1989 878 non
2017 838 2166 877 com-
2276 831 2519 885 ﬁrmasse
2562 830 2815 885 instituta
2843 829 3184 900 reperiuntur
3225 845 3239 880 :
3268 831 3407 883 Nam
3442 828 3605 883 Osius
3652 827 3861 883 Cordu-

577 921 841 993 positione
864 922 1044 993 aliqua
1081 937 1340 978 CCCXVIII
1374 920 1607 991 episcopi
1644 918 1713 974 ad
1738 917 2037 973 concilium
2076 932 2165 970 νε·
2274 925 2457 979 bensis
2486 925 2790 994 episcopus,
2819 922 3035 979 aliunde
3072 923 3159 976 illa
3186 930 3462 976 mutuasse
3486 922 3618 976 etin
3653 922 3864 992 synodo

576 1024 795 1083 nerunt,
824 1016 917 1071 sed
965 1025 1026 1071 ut
1064 1016 1116 1070 in
1162 1031 1395 1071 numero
1433 1030 1624 1069 eorum
1672 1028 1766 1082 per
1807 1012 2023 1081 signum
2052 1024 2165 1063 sua?
2274 1018 2528 1072 recitasse
2572 1018 2784 1087 legitur.
2815 1019 2947 1072 Erat
2992 1016 3135 1071 enim
3174 1014 3513 1071 consuetudo
3540 1024 3863 1070 sanctorum

578 1109 845 1179 Ρδδδίοηίε
882 1118 935 1163 et
962 1110 1206 1163 nominis
1234 1108 1504 1163 DOmiDUS
1525 1108 1685 1161 -Ῐθευε
1709 1121 1809 1159 SUO
1834 1104 2087 1174 ριόδθτθῐ
2107 1116 2165 1156 Se
2275 1117 2501 1165 Patrum
2544 1111 2596 1164 in
2634 1110 2947 1181 huiusmodi
2980 1108 3239 1173 consiliis,
3269 1124 3382 1164 non
3428 1109 3611 1164 solum
3643 1114 3862 1179 propria

577 1202 764 1259 adesse
782 1203 1025 1257 concilio.
1050 1204 1194 1258 Crux
1214 1204 1266 1256 in
1282 1217 1410 1267 CCC,
1434 1204 1492 1255 18
1512 1215 1717 1255 nomen
1734 1198 1789 1252 in
1807 1214 1849 1252 Χ
1868 1206 1922 1251 et
1945 1212 2063 1250 Vill
2085 1204 2164 1250 est
2277 1205 2577 1269 instituere,
2605 1204 2699 1259 sed
2726 1204 2955 1259 aliorum
2977 1211 3179 1257 statuta
3205 1203 3442 1257 ﬁrmare,
3466 1204 3641 1258 Multa
3664 1206 3867 1273 quippe

578 1295 974 1350 sacerdotibus-
1010 1318 1033 1343 υ
1084 1298 1218 1349 "em
1272 1298 1405 1360 L90,
1454 1294 1544 1364 (illi
1594 1307 1776 1363 supras
1822 1290 2067 1345 scribens
2096 1287 2162 1341 ad
2275 1299 2329 1352 in
2361 1298 2465 1352 illis
2492 1297 2779 1363 ventilare,
2823 1304 2879 1351 et
2908 1296 3161 1351 ventilata
3193 1304 3520 1366 pretractare
3560 1312 3864 1351 consueve-

577 1381 2162 1459 AnatoliumpatriarchamConstantinopolitanum:uIlla,
2274 1400 2427 1451 runt;
2478 1407 2600 1461 qua;
2641 1399 2829 1446 tamen
2882 1390 3245 1445 ecclesiastica
3284 1389 3627 1445 consuetudo
3668 1406 3863 1445 eorum

578 1480 772 1551 inquit,
805 1482 1156 1536 Nicanorum
1181 1496 1455 1535 canonum
1496 1495 1591 1550 per
1631 1485 1881 1533 sanctum
1925 1490 2050 1529 vere
2079 1490 2165 1527 or-

2274 1485 2560 1556 specialius
2591 1484 2806 1539 statutis
2842 1498 3234 1539 annumerasse
3270 1499 3381 1537 non
3433 1484 3723 1555 reperitur.
3781 1486 3864 1539 Sic

577 1572 757 1629 dinam
812 1574 1073 1644 Spiritum
1125 1574 1366 1629 οοηάίῖίο
1422 1572 1564 1627 milia
1614 1586 1857 1640 unquam
1889 1577 1973 1623 θεῖ
2012 1575 2163 1638 Parte
2273 1580 2461 1651 utique
2501 1578 2939 1634 Chalcedonense
2984 1577 3274 1632 concilium
3323 1577 3497 1633 multa
3528 1592 3626 1648 per
3675 1578 3866 1647 viginti

577 1666 837 1721 solubilis.
888 1667 1049 1722 Nulla
1107 1666 1327 1721 sibimet
1366 1665 1438 1720 de
1468 1663 1915 1734 multiplicatione
1944 1674 2164 1731 congre-

2271 1674 2388 1729 dies
2417 1681 2777 1743 pertractasse
2807 1680 2861 1725 et
2886 1670 3245 1726 conﬁrmasse
3274 1671 3501 1742 legitur;
3529 1671 3618 1725 cui
3645 1680 3863 1725 tantum

575 1759 807 1830 Βεηίοηίδ
879 1760 1156 1831 δΥΠοάδΙῘθ
1235 1758 1462 1813 comma
1537 1756 1899 1812 blandiamur-
1978 1756 2162 1823 Neque
2190 1809 2236 1869 Β
2270 1766 2622 1822 solummodo
2648 1766 2810 1820 unius
2837 1765 2945 1821 diei
2972 1773 3175 1819 statuta
3206 1765 3454 1820 videntur
3483 1765 3743 1834 ascripta.
3786 1767 3860 1819 Ita

574 1867 839 1908 CCCXVIII
883 1854 986 1908 illis
1032 1853 1295 1924 episcopis
1323 1850 1722 1923 quantumlibet
1762 1848 2030 1919 copiosior
2063 1863 2161 1900 nu-
2191 1848 2236 1869 ”
2270 1877 2397 1931 ergo
2427 1869 2480 1915 et
2518 1860 2745 1915 Νερωυο
2780 1858 3011 1914 concilio
3052 1874 3150 1913 sua
3180 1857 3430 1928 specialia
3473 1866 3683 1912 statuta
3708 1874 3862 1913 com-

572 1960 757 2001 merus
785 1946 1131 2002 sacerdotum
1172 1946 1252 2000 vel
1284 1960 1605 2016 comparare
1633 1960 1689 1999 se
1718 1943 1916 1998 audeat
1942 1941 2019 1995 vel
2048 1954 2162 2009 prae

2270 1962 2516 2024 petenter
2554 1954 2903 2018 ascribimus,
2933 1968 3034 2006 nec
3063 1960 3247 2006 tamen
3279 1951 3616 2007 attestationi
3648 1962 3861 2007 sancte-

573 2038 733 2105 l'erre,
801 2057 930 2095 cum
964 2048 1117 2094 tanto
1174 2038 1437 2093 divinitus
1497 2037 1777 2108 privilegio
1822 2036 2041 2091 Nicaena
2092 2034 2161 2087 sit
2264 2064 2387 2103 rum
2432 2050 2652 2102 patrum
2682 2046 2748 2101 de
2786 2046 3124 2117 septuaginta
3171 2045 3435 2116 capitibus
3485 2044 3863 2100 contradicere

570 2132 813 2202 synodus
841 2140 1179 2197 consecrata,
1212 2140 1294 2196 ut,
1350 2131 1460 2184 sive
1483 2146 1578 2198 per
1608 2129 1894 2200 pauciores
1923 2129 2033 2182 sive
2057 2142 2152 2198 per
2266 2140 2554 2196 debemus,

569 2225 750 2293 plures
792 2224 1149 2280 ecclesiastica
1186 2223 1391 2293 judicia
1432 2223 1797 2283 celebrentur,
1833 2222 1979 2275 omni
2011 2220 2155 2290 peni-

2334 2234 2633 2289 Praadictus
2661 2234 2824 2289 etiam
2850 2234 3010 2289 Osius
3040 2243 3096 2289 et
3121 2234 3414 2287 Ianuarius
3437 2235 3861 2287 Beneventanus

564 2325 655 2371 tus
681 2317 1004 2372 auctoritate
1026 2317 1097 2370 sit
1117 2331 1345 2370 vacuum
1370 2314 1632 2386 quidquid
1662 2315 1730 2370 ab
1759 2314 1975 2369 illorum
1996 2313 2155 2369 fuerit
2263 2328 2553 2398 episcopus
2574 2344 2638 2383 εχ
2658 2328 2932 2398 legatione
2955 2328 3103 2383 sedis
3124 2326 3438 2397 apostolica;
3459 2326 3655 2381 eadem
3680 2328 3857 2396 capita

566 2409 952 2465 εοιὶεῒίῐυῑίοηθ
975 2409 1269 2465 άίνθΐειιῐῐὶ-
1308 2431 1333 2455 ν
2261 2420 2313 2474 in
2374 2420 2679 2476 Sardicensi
2745 2421 2976 2475 concilio
3036 2428 3220 2489 postea
3266 2419 3514 2474 ﬁrmasse
3572 2420 3851 2491 leguntur.

636 2502 789 2557 Idem
835 2502 961 2557 alibi
1015 2519 1029 2554 τ
1082 2526 1106 2549 τι
1154 2502 1357 2566 sane”,
1388 2500 1582 2571 ίοίίυίῖν
1613 2500 1685 2554 illi
1714 2509 1769 2555 εὶ
1824 2499 2155 2555 venerabiles
2261 2516 2464 2569 Beatus
2494 2530 2709 2586 quoque
2732 2514 2975 2569 Isidorus
2998 2514 3052 2568 in
3080 2514 3307 2583 prologo
3335 2528 3435 2567 suo
3455 2511 3525 2567 de
3553 2512 3861 2568 canonibus

564 2596 754 2650 Patres
780 2595 869 2663 qui
895 2595 947 2649 in
979 2594 1111 2649 urbe
1146 2593 1386 2659 Nicaana,
1431 2594 1690 2665 sacrilego
1724 2593 1854 2646 Ario
1884 2608 2013 2647 cum
2053 2608 2151 2647 sua

2257 2608 2616 2676 quaestionem
2645 2608 2989 2677 septuaginta
3018 2606 3259 2677 capitum
3302 2622 3428 2661 cum
3478 2606 3858 2676 magnitudine

561 2688 837 2758 impietate
867 2687 1149 2753 damnato,
1182 2702 1467 2741 mansuras
1492 2702 1662 2756 usque
1690 2686 1745 2739 ίυ
1770 2684 1935 2739 ﬁnem
1960 2684 2149 2740 mundi
2259 2700 2501 2767 ejusdem
2545 2701 2757 2755 concilii
2786 2700 2909 2755 libri
2949 2708 3194 2769 excusat,
3236 2715 3397 2770 quem
3429 2699 3588 2753 libris
3619 2708 3861 2769 quatuor

561 2780 706 2851 leges
749 2780 1240 2835 ecclesiasticorum
1283 2796 1557 2835 canonum
1593 2779 1971 2842 condiderunt,
2006 2778 2149 2848 apud
2260 2795 2678 2865 Evangeiiomm
2703 2793 2845 2864 apud
2868 2796 3085 2849 Graecos
3112 2809 3268 2862 mque
3298 2808 3563 2862 magnum
3592 2790 3855 2846 afﬁrmat

556 2889 659 2927 nos
703 2873 840 2928 intra
871 2874 1057 2928 orbem
1107 2882 1375 2927 terrarum
1406 2874 1462 2927 in
1506 2873 1619 2927 suis
1666 2871 2149 2927 constitutionibus
2256 2887 2549 2943 sciendum
2582 2896 2766 2941 autem
2798 2886 2948 2957 quod
2987 2887 3041 2940 in
3070 2887 3282 2941 Latinis
3312 2885 3721 2956 exemplaribus
3747 2901 3855 2940 non

556 2966 771 3031 vivunt;
807 2975 863 3020 et
906 2967 950 3020 si
982 2965 1112 3036 quid
1141 2982 1371 3036 usquam
1400 2966 1557 3019 aliter
1581 2981 1741 3035 quam
1773 2966 1876 3036 ipsi
1903 2972 2145 3019 statuere

2255 2981 2507 3034 omnium
2550 2995 2821 3035 CCCXVIII
2863 2984 3089 3035 Patrum
3119 2978 3338 3034 nomina
3377 2979 3733 3048 reperiuntur
3759 2978 3854 3045 qui

553 3060 922 3129 praesumitur,
956 3060 1075 3114 sine
1117 3060 1465 3114 cunctatione
1501 3066 1761 3113 cassatur.
1797 3081 1821 3105 »

2250 3080 2439 3127 tamen
2466 3074 2522 3127 in
2548 3073 2773 3129 Nicaeno
2802 3073 3036 3128 concilio
3060 3071 3502 3142 subscripserunt
3534 3091 3545 3124 :
3582 3086 3717 3125 nam
3740 3080 3854 3125 stu-

623 3153 704 3205 ΕΧ
748 3151 830 3205 bis
881 3167 1010 3223 ετεο
1056 3152 1311 3221 οοηίεετθ
1355 3166 1642 3221 Possumus
1682 3166 1847 3221 quam
1877 3150 2143 3206 ίηάυδίῖίὶ-
2182 3168 2226 3229 C
2254 3165 2392 3220 diosi
2424 3166 2565 3220 servi
2596 3166 2716 3229 Dei,
2763 3175 2823 3220 ut
2849 3166 3069 3236 legitur,
3102 3181 3213 3219 non
3262 3173 3376 3219 tam
3407 3164 3854 3219 Occidentalium

551 3244 719 3299 bilem
751 3244 1107 3299 reverentiam
1137 3244 1374 3300 Nicaeuis
1418 3244 1717 3299 canonibus
1754 3244 1959 3315 iugiter
1995 3242 2143 3298 exhi-
2249 3273 2413 3327 quam
2458 3258 2822 3313 Orientalium
2845 3263 3071 3314 pati-um
3102 3258 3329 3313 nomina
3359 3257 3699 3312 conscribere
3731 3266 3855 3310 stu-

549 3335 679 3391 bere
721 3337 1037 3392 debeamus.
1087 3336 1249 3408 ΑΙ)υά
1296 3354 1396 3393 Ποε
1433 3345 1617 3393 amem
1658 3337 1883 3393 Νίοεθηο
1913 3337 2140 3392 οοηείίίο
2248 3351 2516 3418 duerunt;
2548 3352 2672 3422 quia
2721 3352 3099 3408 Occidentales
3142 3368 3254 3407 non
3299 3352 3545 3406 similiter
3572 3351 3853 3421 quaestio-

548 3432 742 3502 viginti
794 3432 969 3502 capita
1026 3433 1389 3499 ascribuntur,
1442 3432 1691 3503 quamvis
1761 3433 1933 3486 multo
1990 3433 2139 3502 plura
2246 3459 2375 3499 nem
2404 3445 2471 3499 de
2502 3445 2800 3501 him-esibus
2830 3445 3158 3500 habuerunt.

548 3524 697 3579 illius
725 3526 937 3585 concilii
962 3526 1134 3596 capita
1171 3526 1528 3596 reperiantur.
1560 3524 1959 3580 Autiochcnum
1990 3525 2135 3579 enim
2318 3539 2628 3593 secundum
2672 3548 2854 3593 autem
2900 3539 3115 3593 iiiomm
3162 3546 3399 3609 quatuor
3441 3536 3846 3601 concinam“).

546 3618 862 3684 concilium,
892 3618 962 3673 de
1007 3619 1236 3684 Pascha,
1282 3619 1355 3673 ibi
1396 3619 1585 3674 asserit
1614 3619 1927 3673 institutum
1971 3634 2041 3673 ne
2082 3618 2137 3671 in
2244 3632 2930 3702 Constantinopolitanum,
2982 3648 3012 3686 θ
3055 3648 3127 3686 CL
3170 3630 3422 3687 pati-ibus
3473 3629 3724 3684 habitum
3761 3640 3849 3685 est

545 3726 653 3764 xw
698 3712 824 3765 luna
872 3727 1000 3765 cum
1029 3711 1237 3766 Judaeis
1267 3710 1589 3773 celebretur,
1624 3720 1685 3765 ut
1711 3710 2138 3766 Tessarescaade—
2243 3733 2434 3779 contra
2496 3725 2877 3780 Macedonium
2922 3724 3066 3779 illius
3127 3724 3272 3779 sedis
3336 3724 3683 3793 episcopum,
3744 3724 3849 3793 qui

545 3801 756 3867 caditze,
806 3802 862 3856 id
906 3811 1006 3868 est,
1038 3802 1515 3870 Quartadecimani
1561 3802 1793 3870 faciunt;
1845 3805 1937 3875 qui
1967 3805 2134 3858 etiam

2241 3818 2505 3888 Spiritum
2526 3826 2773 3873 sanctum
2789 3821 2965 3872 Deum
2984 3833 3102 3871 esse
3116 3817 3361 3888 negabat,
3380 3832 3483 3871 aera
3501 3830 3844 3883 ccccxvm,

544 3893 668 3947 inde
710 3909 913 3948 nomen
960 3910 1075 3948 suae
1102 3894 1298 3949 haeresi
1345 3894 1725 3950 condiderunt.
1752 3900 1889 3950 Item
1916 3906 2134 3952 sanctus
2242 3919 2493 3981 tempore
2536 3910 2781 3967 Gratiani
2826 3918 2881 3965 et
2912 3910 3204 3964 Theodosii
3253 3910 3574 3979 principum,
3616 3910 3843 3963 Damasi

543 3985 877 4040 Athanasius
894 3985 1199 4056 patriarcha
1231 3986 1651 4051 Alexandrinus,
1681 3989 1861 4059 quiin
1909 3990 2132 4044 Nicaeuo
2243 4018 2416 4073 papa,
2467 4002 2644 4075 Cyriiii
2689 4001 3199 4074 Ηίρι-οεοιγιηίιεηί,
3269 4002 3509 4057 Nectarii
3563 4003 3843 4056 Constan-

542 4078 777 4133 concilio
806 4078 1054 4135 nondum
1076 4078 1382 4150 episcopus.
1413 4079 1507 4134 sed
1537 4079 1842 4151 episcopatu
1866 4082 1979 4152 iam
2002 4092 2133 4137 tunc
2239 4096 2604 4167 tiuopolitani,
2666 4096 2944 4151 Timothei
3009 4095 3371 4151 Alexandrini.
3434 4099 3496 4150 In
3540 4111 3645 4167 quo
3692 4110 3844 4150 con-

541 4171 890 4243 ἀίεηίεεῑωυε
935 4170 1200 4240 interm“:
1252 4172 1416 4227 FeliCi
1468 4188 1619 4243 ΡδΡῖΒ
1647 4173 1896 4228 scribens
1940 4175 2131 4230 asserit
2239 4190 2394 4253 cilio,
2428 4189 2806 4245 condemnatis
2835 4189 3091 4244 omnibus
3139 4188 3469 4255 baeresibus,
3519 4187 3839 4258 symbolum

541 4266 691 4336 (ἰυοά
739 4266 938 4321 mea?!“
987 4268 1172 4321 Ρδῖΐθε
1202 4266 1625 4333 consuluerunt,
1672 4266 1811 4321 είθυῐ
1838 4275 1891 4322 εἴ
1917 4284 2018 4323 Ποε
2046 4284 2131 4324 ευ·
2235 4281 2473 4338 traditur
2495 4298 2602 4351 quo
2630 4290 2747 4337 tota
2774 4284 3095 4339 Graecorum
3123 4290 3180 4337 et
3210 4282 3531 4336 Latinorum
3559 4278 3841 4335 confessio

538 4375 633 4429 pra
663 4359 968 4425 retulimus,
1005 4374 1073 4414 ne
1113 4359 1338 4414 concilia
1366 4359 1568 4430 absque
1597 4361 1864 4415 sententia
1891 4362 2127 4416 Romani
2238 4375 2290 4429 ip
2326 4374 2572 4430 Ecciesiis
2614 4375 2781 4430 modo
2829 4376 3020 4436 utitur,
3052 4384 3270 4445 tresque
3302 4374 3373 4429 ibi
3402 4389 3635 4429 canones
3662 4373 3841 4429 iusti-

541 4453 813 4522 pontiﬁcis
846 4452 1205 4508 celebrentur.
1241 4456 1376 4507 Item
1407 4453 1661 4507 Zosimus
1691 4470 1825 4524 papa
1857 4453 1925 4509 de
1952 4455 2130 4525 appel-

2240 4475 2488 4523 tuuntur.
2524 4469 2643 4521 Hoc
2692 4483 2823 4539 ergo
2866 4468 3177 4539 symbolum
3211 4468 3508 4522 Orientales
3553 4467 3841 4537 primum,

540 4544 836 4601 lationibus
865 4547 1247 4617 episcoporum
1278 4554 1545 4601 statutum
1571 4545 1860 4600 afﬁrmavit
1886 4547 1941 4600 in
1983 4564 2131 4601 com-
2164 4528 2214 4589 D
2240 4559 2433 4615 deinde
2480 4528 2858 4617 occidentgies
2894 4528 3261 4631 'frequentare
3306 4528 3612 4631 οωρρηηίι,
3662 4528 3842 4617 υηάέ

538 4640 832 4693 τηουίῑοτίο
870 4638 1014 4708 (ἰυοά
1067 4640 1255 4710 legatis
1308 4639 1425 4694 δυίε
1479 4638 1547 4693 ad
1603 4636 1919 4693 Africanum
1949 4641 2130 4695 οοΠεί·
2235 4654 2405 4707 sancti
2455 4656 2639 4708 Patres
2670 4656 2722 4708 in
2770 4663 2965 4725 quarto
3010 4654 3274 4709 Toletano
3320 4653 3547 4708 concilio
3579 4656 3844 4710 statuisse

537 4728 673 4784 lium
702 4729 927 4795 direxit;
960 4730 1193 4787 Africani
1238 4740 1423 4787 tamen
1453 4733 1641 4787 Patres
1688 4748 1745 4787 se
1788 4732 1891 4787 hoc
1928 4733 1985 4787 in
2016 4734 2128 4788 suis
2235 4746 2508 4815 leguntur,
2538 4756 2788 4817 tempore
2818 4747 3040 4802 tandem
3071 4748 3267 4819 pe|agii
3297 4762 3468 4817 papa,
3503 4755 3563 4801 ut
3591 4747 3644 4801 in
3673 4750 3843 4803 omni

535 4822 930 4891 exemplaribus
972 4838 1083 4877 non
1137 4825 1411 4879 invenisse
1479 4825 1757 4895 protestati
1796 4836 1941 4881 sunt.
1990 4830 2127 4899 Qua?
2236 4840 2519 4895 Dominica
2548 4842 2870 4896 recitaretur
2907 4840 2959 4894 in
2989 4841 3236 4895 ecclesiis
3276 4856 3431 4895 more
3460 4840 3841 4897 Orientalium

534 4913 723 4984 “tique
750 4915 1080 4985 exemplaria
1111 4932 1220 4970 Ποῖ)
1250 4918 1357 4972 DiSi
1378 4918 1569 4987 Viginti
1596 4919 1768 4991 εδρίῐδ
1798 4919 2123 4987 habuerunt.
2233 4932 2620 4988 Ecclesiarum.
2655 4932 2865 4988 Deinde
2889 4933 3028 4988 Galli
3069 4941 3123 4987 et
3152 4933 3415 4988 Germani
3443 4951 3509 4989 ex
3535 4933 3841 4989 traditione

531 5008 671 5061 sicut
722 5016 776 5061 et
824 5007 913 5061 illa
962 5024 1087 5077 quae
1138 5009 1234 5079 ipsi
1284 5019 1470 5080 postea
1520 5013 1587 5066 ab
1617 5014 1983 5068 Orientalibus
2018 5014 2124 5084 epi-
2230 5024 2476 5096 ejusdem
2506 5025 2717 5081 concilii
2768 5026 2947 5097 ipsum
2997 5035 3276 5082 mutuasse
3322 5026 3647 5091 creduntur,
3698 5044 3839 5083 cum

529 5100 709 5170 SCOpiS
758 5116 854 5170 pro
926 5102 1244 5156 auctoritate
1293 5113 1693 5159 mutuaverunt.
1767 5109 1903 5160 Item
1949 5108 2123 5162 Julius
2230 5118 2478 5174 eamdem
2545 5118 2951 5174 translationem
3020 5128 3074 5173 et
3125 5120 3302 5175 adhuc
3349 5135 3488 5190 pene
3548 5121 3703 5191 sequi
3758 5122 3839 5177 vi-

530 5209 663 5263 papa
694 5202 892 5265 praeter
921 5193 1104 5262 viginti
1137 5194 1288 5264 plura
1316 5196 1387 5250 illi
1420 5197 1649 5251 concilio
1678 5198 1898 5252 ascribit
1921 5202 2118 5271 capita,
2229 5210 2438 5267 ἀρδίων,
2481 5214 2625 5267 Nam
2656 5220 2777 5281 post
2806 5213 3217 5267 damnationem
3248 5212 3442 5268 Felicis
3468 5211 3742 5277 heretici,
3773 5222 3835 5270 αι

527 5302 653 5357 (ΙιλξΒ
706 5296 893 5342 tamen
944 5288 1001 5342 in
1054 5289 1293 5359 antiquis
1345 5289 1708 5346 decretalibus
1738 5294 2118 5365 Romanprum
2228 5305 2439 5376 legitur,
2462 5304 2683 5359 tandem
2711 5304 2816 5359 sub
2838 5305 3032 5361 Carolo
3055 5306 3379 5376 imperatore
3398 5304 3503 5360 hoc
3523 5305 3578 5360 in
3602 5322 3708 5362 usu
3737 5306 3837 5362 ha—

526 5382 825 5449 praasulum
855 5382 1220 5452 reperiuntur,
1250 5382 1396 5437 unde
1432 5383 1486 5437 in
1521 5384 1802 5440 Nicaznum
1828 5388 2117 5443 concilium
2226 5396 2353 5451 bere
2395 5404 2698 5466 coeperunt,
2748 5405 2971 5467 propter
3016 5397 3306 5453 haereticos
3343 5397 3489 5452 illius
3519 5401 3826 5470 temporis,

523 5472 785 5527 translata
815 5473 1131 5529 creduntur.
2224 5489 2315 5559 qui
2360 5488 2762 5558 processionem
2814 5490 3041 5560 Spiritus
3078 5490 3249 5545 sancti
3298 5488 3367 5545 de
3392 5490 3533 5545 Filio
3580 5507 3827 5562 negave-

592 5564 888 5621 Praadictus
934 5568 1102 5623 etiam
1146 5566 1468 5638 patriarcha,
1514 5570 1722 5627 scilicet
1768 5574 2112 5644 Athanasius,
2222 5589 2369 5646 runt,
2422 5580 2679 5636 videlicet
2720 5590 2779 5636 ut
2825 5582 2964 5638 illlos
2994 5598 3089 5653 per
3133 5583 3311 5653 ipsum
3341 5583 3659 5653 symbolum
3690 5599 3821 5639 con-

520 5666 574 5711 et
614 5658 831 5711 Marcus
861 5674 998 5730 papa
1045 5662 1389 5732 septuaginta
1432 5664 1577 5719 illius
1605 5667 1817 5721 concilii
1862 5677 2114 5724 asserunt
2221 5671 2534 5741 funderent,
2566 5690 2693 5729 cum
2726 5675 2783 5729 in
2831 5674 2925 5729 illo
2970 5678 3069 5744 qui
3102 5693 3170 5729 ea:
3206 5677 3366 5729 Patre
3400 5675 3655 5744 Pilioque
3694 5692 3820 5745 pro-

519 5765 635 5805 esse
671 5751 868 5821 capita,
936 5754 1186 5822 quamvis
1234 5755 1425 5827 viginti
1480 5765 1694 5814 tantum
1740 5778 1886 5815 nunc
1921 5778 2112 5833 usque-
2216 5767 2359 5821 cedit
2410 5775 2520 5822 tam
2568 5776 2749 5838 aperte
2794 5766 3057 5823 dicerent.
3109 5767 3214 5823 Sed
3258 5768 3385 5837 quia
3434 5783 3645 5823 nomen
3699 5768 3819 5823 Filii

519 5858 739 5914 quaque
767 5843 843 5899 illi
874 5846 1100 5901 concilio
1129 5848 1491 5906 ascribantur.
1524 5854 1644 5908 Hoc
1670 5862 1852 5908 autem
1885 5854 2005 5909 ideo
2035 5854 2111 5912 fa-
2218 5858 2270 5913 in
2317 5859 2641 5917 authenticis
2669 5860 3072 5932 exemplaribus
3100 5876 3169 5916 ne
3198 5875 3481 5933 quaquam
3511 5861 3823 5919 invenieba-
