4002 6168
165 294 292 346 1201

1070 297 1354 351 ΑΡΡΕΝΙ).
1399 298 1483 351 llI.
1526 327 1594 338 -—
1630 297 2047 354 MONUMENTA
2087 300 2548 359 GREGORIANA.

3319 313 3452 365 1202

157 424 270 482 tur,
304 418 487 488 ipsum
518 418 687 473 etiam
734 418 1043 490 symbolum
1072 436 1199 475 cum
1238 421 1334 475 tali
1378 420 1751 477 additamento
1784 430 1837 490 Α
1863 423 1993 479 scha
2020 424 2171 481 sinus
2199 435 2253 481 et
2285 428 2573 482 Lucentius
2599 429 2853 501 episcopi,
2888 439 2939 485 et
2965 432 3275 490 Bonifacius
3304 452 3450 506 pres-

156 511 371 566 recitari
403 511 724 566 venerabilis
753 515 866 567 Leo
901 529 1036 583 papa
1066 512 1161 568 illo
1205 524 1450 586 tempore
1478 516 1755 586 prohibuit

155 620 222 659 eo
271 604 420 675 quod
468 605 637 659 sancti
680 609 868 661 Patres
914 605 1232 675 hujusmodi
1287 609 1648 680 adjectionem
1696 611 1750 666 in

155 698 420 770 symbolis
489 699 706 768 penitus
772 699 1165 770 prohibuerint.
1232 704 1470 757 Romani
1536 720 1751 776 quoque

154 807 331 863 usque
359 791 425 846 ad
454 800 699 862 tempora
729 791 869 848 divae
900 796 1181 850 memoriae
1210 797 1432 851 Henrici
1467 798 1627 867 primi
1654 798 1752 852 im-

154 885 423 956 peratoris
465 901 530 940 eo
559 887 811 957 symbolo
846 887 926 941 uti
954 889 1269 943 noluerunt.
1302 889 1407 944 Sed
1451 888 1597 945 idem
1639 892 1750 945 im-

152 987 377 1048 perator
418 978 522 1033 hoc
573 994 602 1033 a
652 982 906 1035 Romano
940 982 1196 1049 pontiﬁce
1224 982 1549 1053 impetravit,
1596 993 1657 1038 ut
1698 995 1753 1041 et

151 1074 395 1126 Romani
426 1072 579 1140 illud,
609 1088 761 1128 more
790 1074 1049 1141 aliorum,
1079 1073 1454 1145 decantarent,
1492 1078 1636 1131 sicut
1660 1094 1748 1133 ve-

150 1165 430 1220 nerandus
449 1165 616 1219 abbas
635 1168 813 1221 Berno
831 1176 1059 1222 testatur
1090 1169 1145 1222 in
1174 1169 1314 1223 libro
1344 1186 1443 1225 suo
1475 1173 1555 1226 De
1587 1172 1749 1226 insti-

148 1258 363 1313 tutione
390 1258 707 1313 missarum.

222 1352 481 1421 Quamvis
502 1361 689 1406 autem
722 1354 1003 1409 Nicaanum
1032 1356 1343 1426 symbolum
1377 1357 1599 1427 majoris
1627 1374 1752 1413 auc-

147 1445 391 1500 toritatis
419 1461 536 1499 esse
564 1445 816 1501 videatur
856 1464 1023 1518 quam
1054 1450 1747 1521 Constantin0politanum,

147 1555 256 1593 nos
285 1547 469 1593 tamen
498 1540 1171 1610 Constantinopolitanum
1214 1543 1391 1614 magis
1422 1544 1479 1597 in
1513 1546 1749 1600 Ecclesia

146 1647 268 1686 non
305 1632 582 1686 immerito
642 1631 1076 1704 frequentamus.
1125 1637 1267 1689 Nam
1316 1638 1372 1690 in
1427 1637 1516 1691 illo
1594 1639 1749 1709 plura

144 1734 336 1779 contra
416 1724 705 1780 haereticos
776 1730 1083 1782 necessaria
1153 1745 1318 1799 quam
1394 1731 1448 1784 in
1521 1732 1747 1788 Nicacno

142 1818 475 1888 reperimus,
524 1819 649 1889 quia
695 1828 884 1875 contra
935 1822 1170 1877 Arianos
1238 1823 1545 1892 specialiter
1602 1827 1734 1897 agit.

144 1914 263 1965 Nec
328 1919 413 1965 tot
490 1911 785 1967 haeresibus
857 1922 992 1984 quot
1070 1902 1743 1987 Constantinopolitanum

142 2005 263 2058 suis
315 2006 600 2059 sententiis
671 2005 928 2060 obviavit.
980 2010 1041 2061 In
1073 2007 1165 2062 illo
1224 2008 1371 2063 enim
1417 2008 1488 2064 de
1539 2011 1745 2068 unitate

142 2098 404 2154 Ecclesia:
423 2100 534 2153 sive
560 2099 837 2170 baptismi,
863 2099 928 2154 de
944 2101 1343 2157 resurrectione
1372 2112 1742 2173 mortuorum,

142 2199 204 2246 et
245 2192 351 2247 vita
394 2190 558 2246 futuri
589 2192 777 2247 saeculi
810 2192 1064 2259 habetur,
1103 2194 1247 2265 quod
1278 2196 1331 2249 in
1381 2196 1603 2251 Nicaeno
1633 2213 1746 2252 non

140 2285 431 2355 reperitur.
466 2285 683 2339 Plenius
712 2286 879 2340 etiam
905 2288 1017 2357 agit
1037 2286 1103 2341 de
1128 2288 1332 2357 Spiritu
1360 2297 1549 2344 sancto
1580 2307 1742 2361 quam

139 2378 461 2441 Nicaeum;
493 2377 638 2432 unde
667 2387 719 2432 et
748 2380 1087 2435 nostratibus
1112 2381 1462 2450 potissimum
1495 2383 1552 2435 in
1583 2399 1744 2437 usum

140 2471 359 2526 venisse
399 2472 679 2526 asseritur.
728 2471 1020 2527 Sciendum
1061 2483 1246 2528 autem
1298 2474 1425 2544 quia
1476 2491 1577 2529 nos
1637 2492 1745 2531 non

139 2564 326 2619 solum
349 2580 552 2618 nomen
575 2564 695 2619 Filii
714 2563 783 2619 de
801 2580 911 2636 quo
934 2565 1308 2635 praediximus,
1328 2567 1422 2621 sed
1452 2567 1621 2622 multa
1644 2569 1745 2624 alia

140 2658 203 2712 in
233 2656 430 2712 eodem
466 2658 740 2728 symbolo,
796 2659 1066 2729 przecipue
1097 2675 1160 2713 ex
1204 2660 1427 2714 Nicaano
1473 2661 1743 2732 symbolo,

140 2750 381 2822 adjicere
428 2734 690 2813 solemus,
736 2759 817 2818 ut,
866 2757 1033 2807 Deum
1080 2753 1145 2805 de
1174 2755 1297 2814 Deo,
1345 2754 1519 2806 lumen
1563 2754 1628 2807 de
1658 2756 1747 2807 Iu—

138 2847 317 2909 mine;
366 2844 421 2897 in
466 2860 574 2913 quo
625 2852 809 2899 tamen
857 2861 966 2899 non
1018 2844 1159 2900 adeo
1213 2847 1576 2916 peccavimus,
1620 2864 1746 2903 cum

142 2941 403 2992 Romana
448 2938 689 2991 Ecclesia
726 2937 834 3008 iam
882 2954 997 2993 non
1052 2939 1408 3004 contradicat,
1464 2940 1577 2994 imo
1619 2956 1745 2995 cum

139 3039 202 3086 et
248 3032 361 3101 ipsa
414 3029 734 3101 hujusmodi
784 3030 1117 3101 adjectiones
1162 3031 1455 3088 admittere
1504 3049 1612 3087 non
1650 3049 1740 3088 re-

140 3132 303 3179 nuat.

215 3218 461 3274 Tertium
501 3235 627 3274 vero
670 3219 974 3275 universale
1006 3220 1301 3274 concilium
1346 3220 1547 3291 Ephesi
1582 3221 1740 3277 habi-

137 3322 266 3368 tum
295 3324 376 3367 est
404 3328 433 3367 a
464 3328 534 3368 cc
564 3313 813 3368 Patribus
859 3321 1048 3368 contra
1082 3313 1396 3368 Nestorium
1425 3316 1740 3369 Constanti-

137 3406 522 3476 nopolitanum
553 3407 893 3477 episcOpum,
920 3406 1011 3476 qui
1033 3405 1249 3461 dicebat
1272 3409 1326 3462 S.
1360 3409 1590 3462 Mariam
1621 3410 1742 3463 Vir-

137 3499 328 3571 ginem
344 3514 453 3553 non
476 3499 595 3564 Dei,
620 3499 715 3554 sed
734 3499 978 3553 hominis
991 3499 1375 3553 tantummodo
1390 3501 1735 3569 genitricem,

137 3600 207 3647 ut
252 3591 410 3646 aliam
467 3608 752 3662 personam
796 3593 998 3659 carnis,
1051 3592 1213 3646 aliam
1256 3591 1460 3647 faceret
1505 3593 1738 3653 deitatis.

135 3700 252 3740 aara
275 3699 635 3750 CCCCLXVIII,
662 3694 908 3756 tempore
930 3684 1225 3739 Theodosii
1249 3685 1511 3751 Junioris,
1538 3689 1594 3741 S.
1624 3689 1740 3743 Coe-

133 3779 329 3832 lestini
360 3794 531 3848 papaa,
558 3778 741 3850 Cyrilli
774 3778 1147 3845 Alexandrini,
1173 3779 1453 3833 Juvenalis
1473 3781 1741 3834 Constan-

132 3870 485 3939 tinopolitani
511 3869 1056 3941 [Hierosolymitani].
1088 3872 1147 3923 In
1170 3886 1281 3941 quo
1296 3870 1529 3926 concilio
1547 3880 1738 3927 contra

132 3962 455 4019 Nestorium
487 3962 779 4018 duodecim
820 3962 998 4033 capita
1028 3964 1276 4018 instituta
1308 3972 1457 4031 sunt,
1485 3979 1609 4035 qua:
1638 3981 1739 4021 sae—

132 4054 367 4127 pissime
413 4058 477 4110 B.
517 4056 716 4126 Cyrillo
754 4055 1123 4111 ascribuntur.
1152 4056 1292 4111 Huic
1320 4056 1534 4127 synodo
1576 4059 1737 4128 legati

130 4149 289 4205 sedis
332 4149 644 4219 apostolicae
688 4148 832 4203 idem
861 4148 1114 4220 Cyrillus,
1145 4156 1201 4202 et
1226 4148 1495 4204 Arcadius
1518 4150 1736 4220 episco-

126 4257 244 4313 pus
277 4257 341 4296 ex
370 4241 529 4296 Italia
560 4241 674 4296 vice
706 4243 762 4297 S.
802 4241 1083 4296 Coelestini
1118 4256 1272 4311 papae
1300 4240 1659 4311 praefuerunt,
1683 4251 1737 4297 et

133 4337 319 4406 ipsam
352 4334 649 4405 apostolica
685 4335 1019 4388 auctoritate
1058 4333 1471 4388 roboraverunt.
1504 4335 1589 4389 Ad
1632 4335 1735 4390 hoc

132 4427 434 4483 concilium
464 4429 524 4481 Β.
556 4428 899 4498 Augustinus
931 4443 1024 4497 per
1053 4443 1269 4482 sacram
1304 4426 1603 4483 Theodosii
1629 4429 1739 4483 im-

130 4519 403 4594 peratoris
443 4520 703 4575 invitatus
740 4520 956 4591 legitur,
997 4519 1093 4574 sed
1121 4520 1269 4590 prius
1298 4520 1413 4590 ipse
1446 4521 1515 4575 ad
1544 4522 1738 4576 Domi-

130 4629 280 4670 num
326 4613 580 4681 migravit
644 4629 810 4683 quam
868 4612 937 4668 ad
984 4614 1168 4684 ipsum
1221 4613 1451 4683 epistola
1498 4616 1737 4671 Romani

128 4706 401 4779 principis
440 4706 758 4776 perve.;erit.

212 4784 481 4867 Quartum
500 4799 800 4853 universale
817 4799 1107 4855 concilium
1126 4798 1470 4855 Chalcedone
1492 4799 1740 4855 habitum

126 4900 225 4949 est
244 4907 273 4945 a
306 4907 509 4948 ncxxx
539 4893 796 4948 Patribus
816 4901 1006 4948 contra
1031 4891 1331 4963 Eutychem
1359 4894 1742 4949 Constantino-

128 4985 448 5059 politanum
507 4985 789 5048 abbatem,
856 4985 949 5056 qui
1000 4985 1231 5041 asseruit
1271 4986 1566 5052 Christum,
1616 4994 1742 5056 post

128 5083 442 5136 humanam
488 5080 944 5151 assumptionem,
984 5094 1097 5134 non
1154 5094 1218 5133 ex
1270 5076 1480 5133 duabus
1526 5079 1740 5135 naturis

124 5172 466 5237 consistere,
498 5172 592 5228 sed
618 5172 794 5226 solum
822 5171 879 5225 in
906 5186 971 5226 eo
1000 5170 1234 5226 divinam
1265 5187 1603 5242 permanere,
1630 5187 1737 5227 aera

123 5264 863 5337 ccccx.xxx1x,[tempore]
886 5264 1152 5319 Marciani
1173 5265 1450 5335 principis,
1467 5264 1741 5320 S.Leonis

124 5375 317 5434 papae,
350 5359 633 5414 Juvenalis
663 5357 1168 5428 Hierosolymitani,
1196 5357 1434 5412 Anatolii
1471 5359 1739 5413 Constan-

124 5452 511 5522 tinopolitani.
542 5454 606 5506 In
648 5467 757 5522 quo
784 5450 1013 5505 concilio
1052 5449 1239 5521 viginti
1266 5459 1477 5521 septem
1506 5467 1740 5507 canones

125 5554 477 5604 statuuntur.
510 5545 654 5600 Huic
683 5543 895 5615 synodo
924 5543 1085 5615 legati
1115 5542 1259 5597 sedis
1287 5545 1602 5615 apostolicae
1629 5549 1735 5601 Pa-

215 5757 464 5822 (1058-9)
484 5768 820 5821 ccnxxxrx,
840 5750 959 5807 vide
980 5751 1239 5807 Bellarm.
1258 5751 1352 5807 lib.
1378 5767 1401 5808 1
1420 5756 1501 5807 De
1520 5754 1741 5823 concil.,

131 5843 193 5881 c.
248 5830 304 5891 5,
335 5824 433 5880 sed
478 5826 783 5882 Bernaldus
825 5825 1076 5895 sequitur
1122 5824 1348 5891 Bedam,
1381 5825 1652 5892 Adonem,
1687 5833 1745 5882 et

1853 517 2021 590 'byter
2048 520 2160 573 vice
2184 521 2239 585 S.
2270 522 2464 575 Leonis
2485 537 2637 593 papae
2664 522 3026 593 praafuerunt;
3056 525 3149 596 qui
3175 536 3230 581 et
3248 528 3459 583 statuta

1858 611 2003 666 illius
2029 612 2221 683 synodi
2251 613 2631 680 ﬁrmaverunt,
2656 624 2709 671 et
2734 617 2991 686 praedicto
3015 621 3269 675 Anatolio
3290 623 3452 692 quid-

1861 704 1990 759 dam
2017 713 2223 761 temere
2270 708 2623 776 prmsumenti
2649 709 2704 763 in
2739 710 2950 781 synodo
2995 711 3289 767 liberaliter
3318 731 3449 769 con-

1860 797 2219 854 tradixerunt.
2250 803 2331 853 De
2366 801 2471 856 hoc
2496 803 2724 857 concilio
2756 806 2916 859 multi
2952 814 3138 876 postea
3169 806 3451 863 dubitave-

1860 898 2009 958 runt,
2057 900 2109 945 et
2159 900 2221 946 ut
2260 902 2645 950 retractaretur
2691 898 3031 954 omnimodis
3084 899 3297 955 efﬁcere
3341 911 3451 956 stu-

1858 983 2111 1039 duerunt.
2146 985 2271 1052 Sed,
2302 987 2424 1057 quia
2455 987 2557 1042 hoc
2584 1005 2927 1060 nequaquam
2950 1008 2978 1045 a
3006 995 3068 1046 B.
3101 996 3284 1048 Leone
3310 1012 3447 1066 papa

1858 1078 2293 1146 permittebatur,
2314 1079 2536 1134 tandem
2566 1082 2635 1136 ab
2654 1082 2982 1152 imperatore
3018 1085 3451 1155 impetraverunt

1859 1178 1919 1225 ut
1966 1187 2063 1241 per
2110 1172 2390 1228 universas
2447 1175 2755 1243 provincias
2801 1176 2870 1231 ad
2912 1193 3105 1232 omnes
3160 1181 3447 1251 episcopos

1858 1262 1951 1334 qui
1993 1263 2334 1321 Chalcedone
2362 1277 2727 1323 convenerant
2751 1269 2960 1324 litteras
3007 1272 3286 1342 dirigeret,
3326 1275 3448 1343 qui-

1859 1356 1962 1411 bus
1985 1373 2174 1412 eorum
2201 1360 2528 1415 sententiam
2551 1361 2617 1415 de
2636 1361 2832 1417 eodem
2846 1364 3087 1419 concilio
3112 1366 3436 1436 exploraret.

1861 1450 1967 1519 Qui
2010 1466 2200 1506 omnes
2229 1453 2555 1508 unanimiter
2583 1455 2984 1525 rescripserunt
3013 1457 3447 1515 Chalcedonense

1859 1543 2151 1599 concilium
2204 1561 2376 1616 usque
2430 1546 2500 1600 ad

1860 1635 2014 1692 dum.

1926 1734 2133 1785 Przeter
2184 1730 2298 1787 haec
2353 1741 2533 1788 autem
2586 1736 2841 1804 quintum
2902 1736 3205 1793 universale
3258 1740 3447 1793 conci-

2574 1548 2894 1618 sanguinem
2967 1565 3086 1606 esse
3147 1550 3446 1607 defenden—

1932 1784 1947 1785 κ
2008 1784 2037 1785 π
2356 1784 2533 1788 ﬂ---“
2590 1784 2841 1804 rum-..
2907 1784 3203 1793 __..---_.v
3261 1784 3413 1793 υνμν.

1781 1784 1826 1845 Β
1858 1824 1990 1877 lium
2041 1826 2510 1896 Constantinopoli
2555 1828 2753 1899 legitur
2808 1838 3203 1901 congregatum
3257 1834 3455 1886 contra

1852 1932 2045 1971 omnes
2110 1917 2423 1986 hazreticos,
2497 1928 2552 1974 et
2628 1922 2867 1975 maxime
2944 1931 3131 1978 contra
3196 1924 3450 1979 Theodo-

1852 2025 1975 2064 rum
2007 2012 2474 2079 Mopsuestenum,
2523 2014 2615 2082 qui
2654 2013 2864 2068 dicebat
2904 2015 3069 2069 alium
3109 2032 3226 2071 esse
3268 2021 3449 2072 Deum

1854 2102 2115 2167 Verbum,
2165 2112 2221 2157 et
2258 2104 2423 2158 alium
2471 2105 2769 2172 Christum,
2801 2116 2855 2160 et
2906 2124 3120 2162 sacram
3163 2110 3450 2180 Virginem

1854 2196 1953 2249 Dei
1972 2195 2203 2266 negabat
2226 2197 2568 2267 genitricem,
2584 2206 2837 2267 tempore
2857 2199 3146 2254 Iustiniani
3169 2200 3447 2272 principis,

1853 2288 2031 2359 Vigilii
2063 2304 2237 2358 papae,
2289 2288 2477 2344 domni
2514 2291 2858 2358 Antiocheni,
2904 2292 3153 2363 Eutychii
3184 2295 3451 2349 Constan-

1854 2381 2219 2450 tinopolitani.
2264 2383 2322 2436 In
2372 2398 2481 2453 quo
2524 2384 2755 2439 concilio
2799 2385 3214 2455 quatuordecim
3264 2388 3444 2458 capita

1853 2475 1954 2528 sub
1980 2474 2325 2530 anathemate
2358 2476 2613 2547 leguntur
2642 2478 2904 2532 instituta.

1927 2569 2067 2620 Item
2123 2575 2338 2621 sextum
2405 2568 2877 2638 Constantinopoli
2946 2570 3196 2626 habitum
3260 2581 3343 2627 est
3418 2592 3448 2630 a

1855 2673 1926 2713 CL
1947 2662 2187 2725 (1058-9)
2210 2658 2459 2736 Patribus
2488 2668 2677 2714 contra
2704 2662 2903 2715 Macari
2914 2679 3007 2716 um
3039 2664 3449 2721 Antiochenum

1856 2761 1911 2806 et
1938 2752 2110 2805 socios
2139 2752 2273 2821 ejus,
2306 2752 2397 2821 qui
2428 2768 2593 2806 unam
2623 2753 2958 2808 voluntatem
2991 2763 3042 2809 et
3072 2757 3446 2825 operationem

1855 2844 1907 2899 in
1956 2843 2173 2899 Christo
2214 2842 2351 2898 falso
2403 2844 2739 2906 asserebant,
2805 2854 3054 2916 tempore
3103 2851 3449 2904 Constantini

1858 2938 2141 3007 principis,
2169 2937 2476 3007 Agathonis
2496 2952 2671 3007 papae,
2696 2938 2917 3009 Georgii
2944 2940 3447 3011 ConstantinOpoli—

1850 3030 1983 3085 tani.
2019 3033 2077 3084 ln
2106 3046 2215 3101 quo
2245 3030 2504 3095 concilio,
2544 3030 2803 3101 praedicto
2834 3033 3095 3096 Macario,
3124 3032 3255 3088 dum
3286 3034 3447 3089 dam-

1781 3122 1824 3184 C
1852 3130 2095 3187 naretur,
2145 3123 2450 3178 oratorium
2501 3121 2780 3195 [orarium]
2831 3140 2858 3178 a
2904 3124 3147 3195 quodam
3193 3126 3446 3198 episcopo

1841 3216 2003 3286 jussu
2032 3216 2227 3287 synodi
2255 3216 2519 3283 aufertur,
2570 3226 2621 3270 et
2650 3218 2761 3287 ipse
2790 3233 2918 3272 cum
2961 3219 3286 3289 sequacibus
3332 3222 3446 3276 suis

1848 3324 1877 3362 a
1907 3309 2118 3379 synodo
2138 3308 2372 3378 turpiter
2396 3325 2524 3363 cum
2546 3308 2748 3364 throno
2777 3326 2877 3365 suo
2900 3311 3130 3381 ejicitur,
3164 3320 3224 3366 ut
3251 3312 3309 3366 in
3338 3316 3447 3368 Ro-

1849 3417 2015 3455 mano
2042 3401 2339 3471 pontiﬁcali
2369 3402 2582 3473 legitur.
2610 3404 2741 3457 Post
2761 3418 2998 3474 quorum
3023 3402 3443 3461 damnationem

1849 3494 2039 3548 multae
2067 3509 2389 3549 aranearum
2426 3494 2546 3548 telae
2580 3494 2637 3548 in
2675 3495 2925 3549 medium
2953 3495 3291 3566 deciderunt,
3324 3514 3446 3568 quae

1847 3586 2066 3640 inanem
2112 3585 2379 3641 fallaciam
2430 3586 2816 3642 haereticorum
2868 3588 3134 3660 dejectam
3164 3606 3282 3644 esse
3317 3607 3444 3661 por-

1847 3679 2157 3735 tenderunt.
2206 3679 2410 3734 Deinde
2438 3696 2635 3735 novem
2674 3680 2745 3735 ibi
2786 3681 2962 3751 capita
2993 3682 3249 3754 leguntur
3284 3684 3446 3738 iusti-

1849 3779 1985 3826 tuta.
2020 3773 2164 3826 Huic
2193 3772 2423 3828 concilio
2463 3773 2625 3845 legati
2672 3773 2818 3828 sedis
2846 3776 3163 3845 apostolica:
3214 3776 3441 3845 praafue-

1845 3874 1998 3935 runt,
2033 3865 2177 3919 inter
2204 3881 2341 3937 quos
2362 3865 2460 3920 fuit
2475 3868 2715 3921 Joannes
2737 3870 3008 3923 Romanae
3035 3869 3292 3924 Ecclesia
3315 3877 3443 3924 tunc

1844 3960 2140 4025 diaconus,
2165 3960 2258 4015 sed
2283 3976 2392 4015 non
2422 3961 2599 4016 multo
2620 3969 2747 4031 post
2770 3963 3121 4033 apostolicus.
3235 4026 3241 4033 ~

1918 4055 1999 4106 De
2029 4053 2298 4123 praedictis
2317 4063 2503 4109 autem
2534 4064 2769 4124 quatuor
2786 4056 3037 4110 conciliis
3061 4057 3117 4110 S.
3151 4056 3443 4127 Gregorius

1845 4162 1982 4217 papa
2003 4146 2250 4201 scribens
2277 4146 2345 4201 ad
2369 4146 2740 4201 Secundinum
2770 4163 2987 4202 servum
3022 4149 3125 4203 Dei
3146 4149 3441 4215 inclusum,

1841 4239 2288 4295 consuetudinem
2333 4238 2499 4293 fuisse
2530 4248 2763 4295 testatur
2814 4249 2875 4295 ut
2920 4241 3148 4311 quilibet
3202 4243 3443 4296 novitius

1842 4330 2143 4402 patriarcha
2168 4346 2227 4384 se
2247 4330 2336 4384 illa
2366 4331 2803 4398 observaturum,
2836 4333 3001 4387 missa
3031 4333 3310 4404 synodica,
3349 4349 3441 4389 re-

1851 4426 2015 4496 liquis
2083 4423 2400 4495 patriarchis
2446 4423 2812 4495 proﬁteretur,
2871 4432 3164 4494 antequam
3226 4427 3294 4480 ab
3337 4426 3440 4481 illis

1850 4520 1993 4573 inter
2042 4517 2383 4589 patriarchas
2430 4517 2665 4587 reputari
2715 4523 3031 4571 mereretur.
3079 4517 3241 4571 Unde
3294 4518 3439 4573 idem

1846 4612 2177 4684 apostolicus
2199 4612 2257 4665 in
2287 4611 2512 4667 exordio
2544 4609 2901 4665 ordinationis
2930 4625 3064 4677 sua},
3087 4611 3249 4667 missa
3280 4627 3438 4684 syno-

1847 4707 1991 4775 dica,
2019 4705 2420 4777 patriarchisita
2435 4702 2709 4775 professus
2737 4712 2821 4758 est
2845 4703 2912 4758 de
2927 4704 3130 4760 eisdem
3156 4706 3433 4762 conciliis:

1856 4820 1883 4851 ιι
1920 4800 2088 4869 Sicut,
2127 4822 2151 4847 ιι
2180 4798 2373 4867 inquit,
2405 4820 2427 4845 α
2459 4798 2626 4852 sancti
2658 4797 2929 4869 Evangelii
2958 4813 3021 4853 ιγ
3048 4799 3236 4866 libros,
3267 4800 3345 4856 sic
3376 4817 3442 4857 tv

1848 4893 2075 4948 concilia
2105 4891 2377 4960 suscipere
2404 4901 2459 4945 et
2486 4892 2728 4946 venerari
2759 4908 2848 4946 me
2882 4890 3061 4947 fateor
3109 4910 3122 4947 :
3158 4895 3443 4949 Nicaznum

1848 4987 2075 5056 scilicet,
2105 4983 2768 5055 Constantinopolitanum
2801 4985 3058 5055 primum,
3102 4985 3443 5057 Ephesinum

1848 5078 2113 5149 primum,
2157 5076 2622 5145 Chalcedonense;
2654 5079 2780 5147 quia
2813 5078 2867 5132 in
2905 5078 3014 5146 bis,
3045 5081 3192 5134 velut
3221 5080 3273 5133 in
3305 5095 3443 5150 qua-

1848 5172 2006 5226 drato
2028 5170 2227 5242 lapide,
2253 5178 2454 5225 sanctae
2474 5168 2600 5225 ﬁdei
2620 5179 2890 5226 structura
2912 5173 3215 5241 consurgit.
3245 5174 3328 5238 Et,
3354 5188 3443 5227 cu-

1838 5266 2065 5336 juslibet
2090 5265 2218 5319 vitae
2246 5272 2411 5334 atque
2443 5264 2688 5318 actionis
2717 5264 2933 5330 existat,
2982 5263 3222 5334 quisquis
3252 5278 3443 5317 eorum

1847 5359 2180 5414 soliditatem
2208 5373 2320 5412 non
2338 5366 2505 5424 tenet,
2531 5358 2744 5412 etiamsi
2767 5357 2904 5426 lapis
2931 5371 3048 5410 esse
3067 5354 3332 5423 videatur,
3364 5364 3443 5410 ta-

1846 5467 1973 5506 men
2006 5460 2155 5506 extra
2199 5450 2495 5505 aadiﬁcium
2519 5451 2679 5521 jacet.
2714 5450 2979 5519 Quintum
3017 5462 3233 5518 quoque
3262 5450 3446 5505 conci-

1847 5546 1983 5600 lium
2015 5544 2211 5616 pariter
2239 5547 2489 5611 veneror,
2519 5544 2575 5598 in
2595 5559 2702 5615 quo
2731 5541 2982 5611 epistola,
3012 5556 3133 5612 quae
3160 5541 3271 5598 lbze
3300 5542 3438 5598 dici-

1846 5758 2003 5813 alios.
2032 5755 2169 5812 Vide
2194 5754 2550 5814 Anastasium
2578 5749 2841 5809 Bihlioth.
2865 5751 2921 5807 in
2949 5751 3248 5823 Agathone.
