4062 6182
301 244 438 297 i205

1206 242 1495 297 APPEND.
1537 243 1621 297 III.
1662 271 1731 282 —
1775 241 2190 297 MONUMENTA
2227 242 2683 303 GREGORIANA.

3454 224 3590 307 i206

297 365 608 422 monachus
632 365 687 420 in
723 365 865 421 libro
909 366 986 420 De
1016 365 1320 421 illustribus
1350 366 1494 430 viris,
1527 383 1645 438 cap.
1685 372 1773 439 23,
1802 376 1886 422 te-
1919 371 1971 433 Α
2000 376 2403 438 gustoaccxw
2416 370 3084 441 episcopishabitum,mra
3101 388 3590 444 ccccxxxvn,ca-

300 468 500 516 statur.
537 482 562 506 ι)
598 460 869 530 Eugepius
913 458 1257 530 [Eugipius],
1289 459 1498 531 inquit,
1522 461 1578 514 in
1620 460 1893 517 dialectica

298 553 581 624 quondam
614 568 768 607 meus
802 552 1030 623 collega,
1062 553 1263 622 petitus
1299 568 1327 606 a
1374 553 1652 623 Stephano
1681 554 1888 609 Saloni-

297 656 428 703 tano
482 647 757 717 episcopo,
828 662 893 701 ex
954 646 1155 702 Graecis
1202 646 1607 716 exemplaribus
1653 664 1892 704 canones

296 740 697 796 ecclesiasticos
723 738 971 795 moribus
999 740 1113 795 suis
1140 755 1317 811 pares,
1348 749 1409 794 ut
1437 749 1551 797 erat
1578 741 1777 812 planus
1806 751 1888 797 at-

296 849 403 905 que
445 834 722 900 disertus,
764 844 961 903 magna
1010 833 1336 904 eloquentiae
1382 834 1500 888 luce
1543 838 1887 907 composuit,

295 943 435 1000 quos
484 944 588 981 usu
618 926 969 982 celeberrimo
1014 927 1252 981 Ecclesia
1286 929 1535 983 Romana
1569 930 1887 1000 complecti-

294 1032 403 1078 tur.
438 1022 554 1076 Hos
582 1021 746 1076 etiam
778 1029 995 1091 oportet
1024 1036 1120 1075 vos
1152 1020 1456 1076 monachos
1485 1022 1698 1077 assidue
1740 1024 1885 1094 lege-

292 1131 374 1181 re,
400 1130 470 1170 ne
499 1115 788 1170 videamini
813 1124 930 1169 tam
968 1114 1235 1170 salutares
1260 1114 1649 1170 ecclesiasticas
1677 1117 1888 1188 regulas

290 1208 631 1279 culpabiliter
676 1208 937 1279 ignorare.
974 1231 999 1256 ››
1046 1211 1248 1263 Beatus
1294 1224 1511 1279 quoque
1560 1208 1798 1264 Isidorus
1828 1210 1886 1265 in

293 1303 618 1359 Collectario
672 1318 769 1357 suo
834 1302 902 1357 de
958 1302 1279 1374 canonibus,
1330 1311 1571 1373 quatuor
1621 1304 1887 1359 editiones

293 1398 509 1454 Nicaeni
549 1396 763 1451 concilii
807 1396 1239 1467 compaginavit;
1291 1396 1430 1451 duas
1477 1413 1604 1452 vero
1649 1399 1727 1452 vel
1773 1406 1886 1453 tres

290 1491 516 1561 reliquis
544 1489 916 1545 Orientalibus
949 1489 1192 1544 conciliis
1233 1490 1502 1559 ascripsit.

364 1584 469 1639 Sed
495 1584 691 1638 harum
723 1582 1029 1637 editionum
1052 1583 1199 1637 illam
1226 1598 1328 1637 nos
1345 1582 1586 1637 maxime
1613 1583 1891 1654 sequimur

292 1693 413 1748 qua:
460 1678 671 1732 caeteris
713 1675 1051 1731 emendatior
1096 1684 1151 1730 et
1196 1676 1510 1747 apostolicm
1563 1675 1679 1731 sedi
1727 1694 1882 1732 acce-

294 1771 436 1841 ptior
465 1770 700 1836 videtur,
733 1769 985 1824 videlicet
1012 1786 1177 1841 quam
1208 1770 1404 1824 beatus
1446 1785 1584 1839 papa
1614 1770 1885 1827 Adrianus

292 1881 387 1935 per
424 1880 649 1919 manum
695 1865 872 1919 Caroli
919 1865 1267 1936 imperatoris
1317 1865 1757 1921 Occidentalibus
1802 1867 1885 1921 di-

290 1953 428 2008 rexit
470 1953 739 2008 Ecclesiis.
785 1956 897 2009 Nec
945 1956 1121 2009 otiose
1163 1954 1470 2009 notandum
1524 1956 1670 2025 quod
1714 1956 1887 2011 multa

291 2046 523 2101 obscura
570 2062 666 2117 per
700 2048 1039 2101 diversarum
1071 2048 1420 2101 collationem
1453 2047 1750 2103 editionem
1780 2064 1887 2104 sae-

291 2156 593 2211 penumero
622 2140 966 2195 declarantur
986 2181 1001 2205 ,
1029 2148 1091 2194 ut
1118 2140 1252 2195 illud
1282 2141 1348 2196 de
1382 2141 1600 2196 Nicaeno
1620 2141 1850 2196 concilio
1870 2185 1884 2210 ,

290 2234 422 2305 quid
444 2236 515 2288 sit
529 2235 941 2304 .subintroducta
957 2236 1190 2289 mulier?
1213 2234 1317 2289 hoc
1337 2235 1442 2289 alia
1461 2234 1632 2289 editio
1648 2235 1887 2306 apertius

289 2327 466 2398 ponit,
487 2327 542 2381 id
566 2336 668 2392 est,
691 2332 1033 2381 extraneum.
1062 2332 1142 2381 Ac
1166 2328 1212 2381 si
1228 2327 1374 2381 dicat
1403 2346 1415 2381 :
1442 2351 1465 2374 α
1498 2328 1744 2382 Clericus
1769 2329 1889 2382 nul-

288 2422 400 2476 lam
425 2419 686 2476 feminam
713 2420 913 2476 habeat
932 2437 1119 2475 secum
1140 2426 1451 2475 extraneam
1485 2440 1497 2473 :
1521 2420 1617 2475 sed
1648 2430 1886 2490 tantum,

287 2523 545 2581 matrem,
572 2514 653 2569 vel
684 2530 947 2581 sororem,
977 2515 1064 2568 vel
1094 2514 1255 2581 ziam,
1288 2537 1313 2561 »
1348 2529 1516 2585 quam
1549 2514 1747 2568 iterum
1784 2514 1889 2569 alia

287 2607 457 2663 editio
504 2609 742 2677 apertius
780 2616 940 2662 vocat
968 2608 1214 2661 amitam.
1263 2606 1424 2661 Tusci
1450 2606 1595 2660 enim
1625 2622 1723 2677 pro
1752 2610 1889 2661 ami-

290 2707 370 2767 ta,
402 2700 592 2756 dicunt
637 2703 802 2755 aiam.
846 2704 1013 2768 Item,
1068 2700 1122 2754 in
1153 2699 1344 2755 eodem
1390 2699 1642 2765 concilio,
1672 2723 1696 2747 «
1743 2700 1892 2770 quod

288 2794 611 2849 diaconissaa
640 2810 837 2849 manus
866 2794 1279 2865 impositionem
1311 2792 1511 2848 habere
1538 2802 1829 2864 negantur,
1862 2816 1886 2841 ιι

288 2903 398 2941 non
447 2889 548 2942 nisi
597 2888 664 2943 de
720 2887 1174 2941 Paulianistarum
1221 2884 1542 2941 diaconissis
1593 2887 1890 2957 intelligere

286 2994 352 3033 ex
384 2980 610 3035 diversis
658 2980 1109 3035 translationibus
1154 2978 1468 3034 edocemur.
1519 2982 1660 3034 Nam
1706 2980 1887 3035 diaco-

1999 477 2172 516 nones
2201 478 2313 518 cm
2342 464 2645 531 constituit,
2676 482 2913 537 quorum
2941 476 3131 522 auctor
3157 468 3266 522 fuit
3294 470 3437 523 idem
3478 475 3588 527 Au-

1998 554 2168 610 relius
2215 572 2344 609 cum
2394 558 2447 612 S.
2494 560 2818 629 Augustino.
2871 561 3139 628 Quintum
3177 562 3580 633 Carthaginen-

2000 663 2058 703 se
2088 648 2379 703 concilium
2431 650 2499 705 ab
2566 652 2830 723 episcopis
2894 668 3093 709 Lxxm
3146 654 3418 725 habitum,
3470 674 3581 713 aera

1999 756 2364 808 ccccxxxrx,
2395 758 2630 799 canones
2674 760 2759 799 xv
2797 747 3097 815 constituit,
3130 763 3363 818 quorum
3393 760 3584 806 auctor

1997 833 2141 889 idem
2170 835 2425 890 Aurelius
2443 835 2560 891 fuit.
2590 839 2817 893 Sextum
2838 839 3267 911 Carthaginense
3295 843 3583 898 concilium

1994 936 2244 998 tempore
2278 929 2509 983 Honorii
2534 932 2643 984 ΧΠ
2682 939 2735 985 et
2760 931 3055 987 Theodosii
3080 935 3179 987 VII
3208 938 3583 1006 Augustorum

1994 1020 2062 1075 ab
2077 1021 2342 1091 episcopis
2361 1037 2571 1078 ccxvn
2588 1022 2858 1091 habitum,
2876 1041 2985 1080 aera
3006 1041 3256 1093 CCCCLV,
3276 1030 3449 1098 capita
3469 1046 3583 1086 xm

1950 1154 1953 1157 ν
1996 1114 2295 1180 constituit,
2326 1115 2418 1170 ubi
2457 1124 2645 1171 actum
2674 1122 2756 1171 est
2782 1126 2843 1172 ut
2882 1119 3167 1174 Nicaenum
3191 1122 3487 1177 concilium
3516 1123 3582 1177 ab

1995 1206 2369 1264 Orientalibus
2397 1208 2665 1281 episcopis
2707 1219 3010 1280 peteretur;
3051 1213 3134 1266 cui
3182 1213 3389 1283 synodo
3420 1216 3580 1285 legati

1995 1310 2198 1357 sanctae
2252 1305 2521 1358 Romanae
2591 1303 2849 1359 Ecclesiae
2914 1306 3202 1361 Faustinus
3262 1306 3581 1378 episcopus,

1994 1394 2271 1465 Philippus
2310 1403 2363 1449 et
2414 1396 2629 1451 Asellus
2673 1397 2967 1468 presbyteri
3013 1398 3277 1469 praefuere
3322 1416 3388 1455 ex
3435 1409 3585 1470 parte

1994 1488 2197 1543 Zosimi
2225 1504 2397 1559 papae,
2430 1504 2557 1543 cum
2587 1489 2845 1560 praedicto
2892 1492 3122 1546 Aurelio
3152 1500 3207 1547 et
3235 1494 3292 1547 S.
3322 1494 3582 1565 Augusti-

1996 1597 2086 1636 no.
2139 1582 2446 1651 Septimum
2509 1583 2931 1655 Carthaginense
2988 1586 3280 1641 concilium
3337 1596 3585 1657 tempore

1997 1674 2234 1729 Honorii
2267 1677 2377 1729 XII
2406 1683 2459 1729 et
2486 1676 2776 1731 Theodosii
2821 1680 2917 1731 VlI
2951 1685 3323 1750 Augustorum
3351 1686 3581 1747 (1060),

1998 1768 2066 1822 ab
2094 1769 2356 1838 episcOpis
2384 1784 2559 1834 xvnt,
2588 1784 2692 1825 mra
2725 1787 2830 1841 qua
2850 1786 3012 1841 supra
3045 1772 3315 1839 habitum,
3348 1790 3585 1829 canones

1989 1877 2024 1916 v
2064 1861 2365 1927 constituit,
2410 1862 2495 1916 cui
2544 1862 2753 1932 synodo
2796 1864 3040 1933 praedicti
3082 1864 3227 1920 sedis
3272 1868 3583 1936 apostolica:

1986 1954 2144 2025 legati
2196 1953 2536 2025 praefuerunt
2583 1972 2709 2010 cum
2758 1958 2981 2012 Aurelio
3030 1966 3080 2012 et
3126 1961 3176 2013 S.
3250 1962 3582 2031 Augustino.

1985 2051 2253 2103 Octavum
2278 2047 2474 2104 Africae
2500 2049 2796 2104 concilium
2827 2050 2879 2103 in
2902 2051 3218 2105 Milevitana
3239 2052 3456 2107 civitate
3475 2053 3578 2108 sub

1987 2142 2237 2195 Honorio
2263 2144 2516 2212 Augusto
2557 2142 2626 2196 ab
2652 2143 2918 2213 episcopis
2942 2158 3130 2197 CCXIV
3160 2144 3408 2198 habitum
3428 2187 3441 2212 ,
3472 2161 3582 2201 aera

1984 2250 2234 2301 CCCCLx,
2279 2235 2624 2305 Pelagianam
2672 2235 2919 2289 haeresim
2966 2252 3092 2289 cum
3141 2246 3263 2291 octo
3306 2239 3578 2307 capitibus

1985 2329 2482 2393 anathematizavit,
2513 2328 2730 2391 deinde,
2763 2343 2965 2383 xxvm
2996 2344 3235 2384 canones
3265 2332 3582 2398 constituit;

1988 2422 2076 2476 cui
2116 2422 2323 2493 synodo
2352 2423 2485 2476 item
2512 2423 2767 2477 Aurelius
2795 2431 2849 2477 et
2871 2425 2928 2478 S.
2962 2424 3307 2493 Augustinus
3344 2425 3583 2497 episcopi

1988 2513 2275 2584 praefuere.
2332 2519 2542 2569 Horum
2592 2524 2774 2569 autem
2842 2517 3199 2571 conciliorum
3264 2527 3468 2573 statuta
3512 2518 3579 2573 ab

1989 2607 2260 2663 Africanis
2286 2607 2537 2661 Patribus
2563 2611 2818 2662 Romano
2862 2608 3101 2677 pontiﬁci
3133 2610 3202 2663 ad
3247 2612 3581 2667 conﬁrman-

1989 2700 2128 2755 dum
2157 2700 2361 2756 directa
2390 2700 2675 2772 leguntur;
2720 2717 2844 2772 quae
2872 2701 3037 2755 etiam
3068 2701 3249 2757 adhuc
3279 2704 3334 2757 in
3364 2708 3583 2759 Roma-

1987 2794 2069 2848 nis
2134 2792 2556 2863 exemplaribus,
2618 2793 2675 2846 in
2735 2792 2953 2848 duobus
3010 2795 3299 2849 Breviariis
3360 2797 3586 2852 collecta

1990 2887 2353 2957 reperiuntur.
2389 2888 2604 2951 Unum,
2634 2884 2781 2956 quod
2809 2901 2937 2940 cum
2968 2886 3367 2956 subscriptione
3400 2903 3582 2944 ccxvr

1994 2984 2403 3051 episcoporum;
2435 2988 2729 3050 utrumque
2758 2987 2940 3033 autem
2985 2995 3111 3033 cum
3143 2981 3442 3049 apostolica
3493 2997 3584 3035 au—

286 3073 453 3128 nisSaa
499 3072 911 3129 Catholicorum
952 3088 1149 3127 manus
1193 3072 1599 3144 impositionem
1647 3072 1885 3139 habent,
1921 3100 1965 3161 ρ
1993 3074 2238 3129 ctoritate
2284 3073 2584 3127 ﬁrmatum.
2634 3070 2840 3126 Eadem
2880 3071 3045 3126 etiam
3092 3073 3364 3127 Breviaria
3394 3073 3586 3128 beatus

277 3165 439 3237 juxta
495 3166 931 3221 Chalcedonense
973 3166 1290 3220 concilium.
1349 3168 1507 3232 Item,
1548 3166 1605 3219 in
1650 3166 1883 3221 concilio

286 3258 616 3314 Laodicensi
644 3260 865 3331 legitur,
901 3255 930 3307 εἰ
960 3274 1029 3313 ne
1056 3257 1429 3314 ordinationes
1457 3258 1591 3313 ﬁant
1618 3259 1719 3313 sub
1757 3272 1907 3314 con-‘

282 3362 470 3422 spectu
514 3353 893 3417 audientium;
944 3375 968 3399 ιν
1020 3350 1168 3421 quod
1210 3351 1312 3405 alia
1358 3350 1525 3405 editio
1573 3351 1881 3421 expressius

283 3446 414 3502 dicit
440 3448 954 3501 catechumenorum.
990 3448 1137 3501 Nam
1184 3445 1569 3500 catechumeni
1614 3461 1881 3515 quorum-

284 3539 422 3594 libet
478 3548 953 3595 sacramentorum
1010 3537 1334 3593 confectioni
1386 3538 1642 3593 interesse
1700 3522 1878 3607 prohi-

282 3634 507 3688 bentur.
540 3636 600 3686 ln
626 3633 770 3687 hunc
799 3648 928 3704 ergo
963 3631 1210 3699 modum,
1243 3631 1414 3685 multa
1444 3630 1513 3685 ibi
1544 3631 1777 3686 obscure
1801 3631 1880 3686 di-

283 3735 375 3782 cta
407 3743 500 3797 per
525 3738 579 3780 te
608 3727 785 3797 ipsum
817 3725 1139 3797 investigare
1176 3725 1400 3796 poteris,
1433 3726 1478 3779 si
1503 3724 1741 3780 diversas
1762 3723 1877 3780 edi-

282 3821 465 3875 tiones
489 3818 734 3875 studiose
782 3819 1109 3890 perscrutari
1138 3818 1435 3873 curaveris.
1467 3817 1569 3873 Sed
1614 3818 1734 3873 haec
1767 3817 1879 3873 for-

278 3924 432 3969 tasse
459 3929 487 3968 a
536 3913 936 3979 scientioribus,
988 3912 1141 3982 quasi
1190 3928 1299 3966 non
1346 3912 1650 3966 necessario
1690 3919 1879 3966 notata

278 4007 644 4077 deputantur;
713 4006 882 4061 nostri
948 4014 1132 4060 tamen
1178 4005 1377 4058 similes
1426 4005 1529 4059 hoc
1595 4004 1878 4059 attendere

280 4101 512 4166 debent,
544 4116 682 4171 quos
728 4097 1028 4170 aliquando
1076 4098 1131 4152 in
1168 4096 1483 4165 hujusmodi
1533 4096 1738 4152 haerere
1770 4113 1879 4152 non

282 4193 615 4260 difﬁdimus,
646 4194 784 4248 sicut
825 4202 878 4248 et
904 4208 1006 4248 nos
1034 4190 1328 4261 saepissime
1353 4189 1600 4244 fecimus.

360 4287 725 4342 Occidentalia
782 4296 966 4341 autem
1015 4284 1109 4339 illa
1157 4285 1413 4339 dicuntur
1461 4298 1584 4354 qua:
1629 4284 1683 4337 in
1729 4292 1879 4354 parte

282 4381 601 4436 Occidentis
639 4380 774 4434 facta
820 4387 1219 4444 monstrantur,
1269 4386 1332 4433 ut
1378 4374 1660 4443 Africana,
1704 4376 1879 4433 Galli-

1997 3167 2267 3222 Adrianus
2290 3182 2416 3220 cum
2448 3164 2721 3236 praedictis
2745 3165 3113 3219 Orientalibus
3142 3166 3380 3220 conciliis
3422 3167 3586 3221 Caro-

1992 3260 2044 3314 lo
2072 3260 2386 3329 imperatori
2405 3261 2596 3314 Romae
2618 3258 2687 3312 ad
2707 3257 3122 3326 dispositionem
3143 3257 3585 3315 Occidentalium

1992 3352 2356 3406 Ecclesiarum
2395 3349 2680 3405 tradidisse
2732 3350 2948 3421 legitur.
2989 3354 3132 3422 Ergo
3176 3359 3231 3405 et
3253 3367 3354 3406 nos
3383 3350 3578 3407 eadem

1990 3461 2089 3516 pro
2119 3444 2444 3499 authenticis
2466 3443 2708 3513 recipere
2738 3451 2795 3497 et
2818 3443 3108 3499 observare
3146 3444 3454 3499 necessario
3479 3445 3579 3499 de-

1990 3539 2184 3594 bemus
2198 3553 2320 3608 qum
2336 3537 2629 3607 apostolica
2647 3536 2971 3591 auctoritate
2989 3536 3201 3591 ﬁrmata
3221 3537 3581 3609 Ecclesiisque

1988 3631 2060 3687 ad
2103 3630 2504 3686 observandum
2540 3630 2746 3685 directa
2794 3630 3169 3684 indubitanter
3209 3631 3577 3701 percepimus.

2060 3727 2183 3780 IEra
2218 3735 2398 3779 autem
2438 3722 2749 3795 hujusmodi
2775 3723 3018 3777 conciliis
3063 3722 3278 3793 praeﬁxa
3308 3738 3407 3793 pro
3436 3739 3580 3778 anno

1988 3818 2299 3873 Dominicaa
2336 3816 2737 3872 Incarnationis
2783 3815 3112 3887 intelligitur,
3145 3831 3268 3887 quae
3291 3816 3444 3886 juxta
3480 3816 3583 3871 Isi-

1987 3913 2186 3968 dorum
2213 3912 2280 3965 ab
2308 3927 2413 3965 cere
2442 3911 2848 3978 denominatur,
2876 3926 2941 3964 eo
2965 3909 3116 3981 quod
3154 3911 3281 3964 anni
3316 3909 3460 3979 apud
3490 3926 3584 3964 an-

1987 4007 2167 4078 tiquos
2212 4021 2318 4060 aere
2356 4013 2696 4072 notarentur,
2744 4020 2870 4059 cum
2901 4012 2953 4057 et
2992 4004 3314 4059 indictiones
3340 4003 3581 4058 institue—

1987 4109 2191 4154 rentur.
2216 4099 2318 4153 Sed
2348 4101 2471 4169 quia
2500 4113 2571 4152 (es
2599 4106 2749 4151 caret
2776 4097 3129 4167 aspiratione,
3158 4096 3226 4151 ab
3255 4097 3370 4166 ἥρᾳ,
3403 4096 3457 4150 id
3479 4105 3575 4165 est,

1986 4194 2210 4248 nomine
2240 4194 2494 4255 Junonis,
2528 4190 2581 4245 id
2607 4200 2687 4245 est
2713 4191 2875 4257 aeris,
2902 4198 3139 4244 tractum
3171 4189 3405 4253 videtur,
3438 4186 3579 4243 infra

1986 4302 2107 4356 qua:
2137 4286 2371 4339 maxime
2397 4292 2647 4353 tempora
2677 4283 2949 4337 variantur
2972 4282 3128 4353 (sic).
3177 4286 3245 4336 Et
3274 4282 3577 4337 notandum

1990 4381 2111 4451 quia
2172 4379 2439 4435 Chronica
2507 4377 2789 4449 pauciores
2851 4390 3026 4429 annos
3092 4375 3160 4428 ab
3208 4374 3581 4428 Incarnatione

280 4490 438 4543 0803,
486 4475 597 4529 Sive
626 4474 683 4527 in
734 4472 1005 4542 Hispaniis
1044 4472 1334 4526 celebratﬂ-
1378 4472 1449 4525 Et
1490 4469 1743 4526 Africana
1790 4470 1879 4525 άί-
1912 4476 1963 4537 D
1994 4477 2217 4534 Domini
2246 4473 2491 4530 conciliis
2534 4470 2835 4534 ascribunt,
2867 4482 3032 4538 quam
3081 4467 3135 4520 in
3177 4467 3353 4521 titulis
3383 4482 3581 4521 eorum

279 4576 486 4623 cuntur
509 4583 642 4638 pene
663 4566 846 4621 omnia
874 4580 996 4636 quae
1026 4565 1353 4635 Carthagine
1382 4562 1522 4619 facta
1554 4572 1707 4630 sunt;
1741 4580 1874 4635 quo-

278 4678 411 4717 rum
442 4663 679 4732 primum
709 4676 776 4715 XI
802 4661 1182 4730 episcoporum
1212 4658 1314 4713 sub
1354 4659 1680 4713 Constantio
1708 4659 1876 4729 impe-

279 4764 469 4810 ratore
533 4770 641 4809 xw
685 4754 857 4824 capita
913 4751 1216 4816 constituit,
1263 4766 1499 4821 quorum
1541 4758 1730 4805 auctor
1777 4750 1879 4805 fuit

279 4850 491 4905 Gratus
532 4846 984 4918 Carthaginensis
1026 4845 1327 4916 episcopus.
1386 4843 1704 4898 Secundum
1746 4845 1878 4898 Car-

276 4941 603 5012 thaginense
622 4940 920 4995 concilium
942 4938 1042 4993 sub
1066 4937 1450 4993 Valentiniano
1475 4944 1742 5008 Augusto,
1769 4951 1880 4991 tera

279 5049 592 5090 CCCCXVIII
629 5033 904 5098 habitum,
944 5047 1065 5087 xm
1099 5030 1277 5102 capita
1304 5030 1607 5097 constituit,
1644 5044 1879 5100 quorum

281 5135 481 5183 auctor
500 5127 606 5181 fuit
624 5126 884 5182 Genelius
939 5124 1277 5192 [Genedius]
1306 5122 1747 5194 Carthaginensis
1776 5122 1881 5191 epi-

279 5236 500 5292 scopus.
536 5220 784 5276 Tertium
832 5218 1257 5290 Carthaginense
1303 5217 1597 5273 concilium
1641 5233 1671 5271 a
1702 5231 1883 5271 XLVII

278 5315 553 5386 episcopis
574 5314 846 5379 habitum,
870 5328 977 5368 aere
994 5326 1344 5376 ccccxxxv,
1365 5326 1598 5366 canones
1618 5326 1652 5366 L
1679 5310 1883 5365 consti-

280 5408 412 5473 tuit,
460 5423 697 5478 quorum
752 5415 944 5463 auctor
987 5404 1090 5461 fuit
1157 5404 1408 5459 Aurelius
1451 5404 1887 5475 Carthaginensis

282 5503 579 5572 episcopus
608 5517 735 5556 cum
774 5503 829 5555 S.
880 5500 1187 5572 Augustino
1216 5499 1553 5570 Hipponensi
1592 5499 1876 5569 episcopo.

282 5597 563 5664 Quartum
588 5595 1015 5668 Carthaginense
1044 5595 1339 5651 concilium
1364 5594 1467 5649 sub
1496 5594 1741 5651 Honorio
1764 5598 1885 5650 Au-

361 5787 570 5854 (1060)
598 5785 831 5842 Videtur
867 5786 1055 5842 deesse
1083 5800 1186 5839 vox
1215 5786 1509 5839 consulum.

1979 4576 2370 4649 reperiantur:
2414 4569 2526 4632 illa,
2570 4565 2810 4634 inquam,
2844 4560 3130 4625 Chronica,
3172 4574 3295 4631 quae
3338 4558 3577 4616 domnus

1983 4675 2392 4728 Heremannus,
2430 4658 2682 4731 egregius
2703 4656 2999 4711 calculator
3021 4662 3075 4708 et
3106 4663 3419 4725 temporum
3455 4655 3581 4710 sub-

1986 4763 2276 4820 tilissimus
2304 4754 2612 4825 indagator,
2644 4765 2710 4804 ex
2740 4747 2966 4804 diversis
2994 4746 3275 4801 Chronicis
3314 4755 3367 4801 et
3407 4747 3578 4803 histo-

1988 4858 2082 4912 riis
2124 4847 2537 4922 diligentissime
2567 4842 2906 4912 composuit;
2940 4856 3075 4912 quaa
3112 4856 3283 4911 usque
3326 4840 3393 4895 ad
3426 4854 3580 4895 MLIv

1991 4945 2297 5004 Dominicte
2344 4937 2736 4995 Incarnationis
2784 4950 2991 4989 annum
3036 4934 3266 4989 fideliter
3306 4934 3575 5002 perduxit.

1992 5047 2131 5098 Nam
2176 5039 2229 5093 in
2273 5035 2381 5090 illis
2420 5030 2662 5088 secundo
2713 5028 2996 5083 universali
3041 5028 3295 5092 concilio,
3330 5026 3581 5081 videlicet

1987 5127 2593 5200 Constantinopolitano
2620 5124 2822 5194 primo,
2855 5136 3130 5177 CCCLxxx
3158 5135 3332 5173 annus
3359 5118 3580 5173 ascribi-

1989 5238 2106 5297 tur;
2138 5226 2222 5281 cui
2250 5225 2311 5278 in
2337 5221 2491 5277 titulo
2521 5232 2836 5275 ccccxvm
2873 5214 3203 5271 attribuitur.
3237 5215 3373 5265 Item
3402 5211 3456 5264 in
3478 5209 3582 5265 illis

1991 5322 2153 5377 tertio
2182 5315 2473 5374 universali
2499 5312 2756 5381 concilio,
2788 5310 2845 5365 id
2870 5318 2951 5363 est
2979 5305 3271 5376 Ephesino,
3302 5317 3580 5359 CCCCXXX

1990 5414 2243 5470 videlicet
2267 5425 2443 5466 annus
2462 5406 2741 5478 adjicitur;
2764 5403 2851 5459 cui
2872 5403 2929 5455 in
2954 5400 3121 5453 titulo
3141 5412 3584 5454 CCCCLxxxvm

1993 5506 2250 5578 sociatur.
2281 5506 2442 5569 Item,
2467 5502 2525 5557 in
2553 5500 2659 5555 illis
2684 5494 3121 5553 Chalcedonense
3147 5492 3441 5549 concilium
3482 5491 3585 5548 sub

1996 5615 2181 5657 CCCCL
2202 5613 2346 5653 anno
2372 5596 2621 5668 ponitur;
2644 5593 2733 5648 cui
2751 5592 2806 5645 in
2832 5588 2990 5643 titulo
3014 5602 3401 5644 CCCCLXXXIX
3423 5586 3587 5640 ascri-
3628 5651 3638 5661 .
