4062 6182
289 317 423 371 I209

1190 318 1474 373 APPEND.
1519 292 1603 372 in.
1645 349 1715 359 —
1749 319 2167 381 MONUMENTA
2207 324 2664 381 GREGORIANA.

3434 333 3569 385 I2l0

238 450 241 451 '
281 440 594 511 Septimum
621 440 954 496 Toletanum
979 440 1276 495 concilium
1306 457 1449 495 anno
1465 441 1870 499 vCindasiundi
1902 450 1953 510 Α
1984 450 2335 516 perspexerit.
2388 453 2487 504 Per
2540 448 2875 504 contrarium
2933 458 3117 505 autem
3178 468 3454 525 nusquam
3484 454 3571 509 illa

290 532 729 603 [Cbindasuindi]
781 533 921 603 regis
945 532 1012 587 ab
1039 533 1303 604 episcopis
1333 550 1457 589 xxx
1491 534 1740 589 habitum
1780 552 1873 590 ca-

285 642 457 681 nones
484 641 550 681 vr
590 626 887 680 constituit.
919 630 1185 683 Octavum
1217 626 1548 682 Toletannm
1578 629 1872 683 concilium

284 734 467 776 χχχιι
497 735 733 773 canones
754 720 1055 773 constituit.
1087 722 1308 774 Nonum
1334 721 1658 775 Toletanum
1690 723 1873 777 conci-

282 814 417 869 lium
446 828 591 867 anno
624 828 710 867 vu
740 811 1065 867 Recesuindi
1091 813 1234 884 regis
1248 813 1315 868 ab
1339 813 1606 885 episcopis
1634 831 1744 871 xvr
1773 816 1872 870 ha-

284 908 482 971 bitum,
507 922 613 961 aera
627 922 839 973 ncxrv,
859 922 1093 961 canones
1109 923 1239 961 xvn
1259 908 1558 963 constituit.
1584 910 1870 965 Decimum

282 1016 431 1055 anno
463 1016 528 1056 Ix
558 1000 887 1057 Recesuindi
914 999 1054 1071 regis
1084 1000 1151 1054 ab
1168 1001 1439 1070 episcopis
1454 1018 1604 1057 xvm
1623 1003 1871 1058 habitum

280 1111 390 1151 aera
412 1110 655 1161 ncxcvr,
688 1110 923 1149 canones
947 1094 1352 1160 xinstituit,cui
1381 1096 1871 1165 Engenius’l‘oleta-

279 1204 384 1244 nus
410 1189 697 1259 episcopus
727 1187 961 1259 praefuit.
1002 1186 1370 1243 Undecimum
1401 1204 1542 1242 anno
1577 1204 1641 1243 ιγ
1672 1192 1872 1243 Wam—

279 1282 409 1336 bani
425 1283 568 1353 regis
583 1283 649 1336 ab
662 1282 932 1351 episcopis
948 1296 1105 1343 xvn,
1120 1296 1226 1335 aera
1240 1296 1498 1346 nccxrv,
1516 1298 1747 1336 canones
1764 1299 1872 1338 xvr

278 1376 593 1439 constituit,
644 1375 728 1429 cui
769 1374 1025 1443 Quiricus
1068 1374 1365 1429 Toletanus
1408 1375 1694 1446 episcopus
1738 1391 1872 1446 pra:-

277 1466 405 1523 fuit.
442 1468 865 1531 Duodecimnm,
898 1482 1039 1520 anno
1070 1482 1091 1521 ι
1120 1467 1316 1537 Ervigii
1347 1466 1489 1537 regis
1506 1468 1572 1522 ab
1603 1468 1872 1539 episcopis

284 1576 391 1627 LII,
424 1576 530 1615 aera
559 1575 816 1626 nccxrx,
847 1560 917 1613 ab
948 1559 1135 1613 Idibus
1180 1560 1422 1614 Januarii
1464 1577 1634 1631 usque
1656 1561 1721 1616 ad
1758 1578 1870 1617 vm

280 1652 563 1708 Kalendas
592 1653 850 1708 Februar.
882 1652 1157 1715 habitum,
1184 1668 1416 1707 canones
1438 1669 1544 1708 XIV
1569 1655 1870 1723 constituit,

276 1749 364 1803 cui
396 1749 648 1803 Julianus
682 1747 1015 1817 Hispalensis
1043 1747 1332 1817 episcOpus
1362 1748 1597 1817 praefuit.

354 1842 603 1896 Primum
638 1843 968 1895 Bracarense
990 1840 1304 1906 concilium,
1339 1856 1482 1896 anno
1514 1856 1586 1895 ιιι
1613 1842 1868 1897 Arimarii

280 1935 587 2004 [Ariamiri]
634 1934 774 2003 regis
802 1933 869 1987 ab
908 1934 1172 2003 episcOpis
1200 1948 1290 1987 v11
1321 1932 1589 2000 habitum,
1620 1944 1871 1989 currente

274 2044 383 2083 aera
417 2042 626 2092 DLXIX,
656 2026 827 2096 capita
862 2041 999 2081 xvu
1040 2034 1229 2081 contra
1263 2026 1690 2081 Priscillianistas
1738 2044 1865 2097 pro-

276 2122 541 2193 mulgavit
563 2119 795 2187 ;deinde
817 2135 955 2176 xxu
972 2136 1209 2174 canones
1231 2120 1529 2174 constituit.
1557 2119 1867 2174 Secundum

275 2216 599 2269 Bracarense
637 2213 945 2273 concilium,
1001 2228 1146 2266 anno
1199 2228 1245 2266 ιι
1307 2212 1431 2267 Miri
1490 2212 1740 2281 [Mironis
1787 2215 1870 2267 vel

277 2307 573 2375 Ariamini]
600 2305 773 2377 eregis
812 2306 880 2360 ab
909 2305 1175 2377 episcopis
1195 2321 1286 2360 x11
1312 2305 1583 2370 habitum,
1616 2314 1869 2360 currente

274 2416 383 2455 aera
424 2414 821 2465 ncx,canones
851 2415 887 2453 χ
921 2400 1225 2463 constituit,
1253 2398 1337 2451 cui
1372 2399 1639 2453 Martinus
1674 2402 1867 2453 Braca-

270 2493 444 2548 rensis
473 2494 758 2564 episcopus
798 2490 1034 2561 praefuit.
1069 2491 1316 2545 Tertium
1367 2493 1700 2546 Bracarense
1739 2508 1866 2546 con-

272 2587 462 2642 cilium
500 2602 569 2641 xr
628 2584 1034 2656 episcoporum,
1067 2584 1423 2638 Orientalium
1473 2587 1694 2639 Patrum
1738 2601 1865 2639 cum

268 2680 467 2734 eodem
489 2679 725 2733 Martino
737 2678 1003 2747 excerpsit
1015 2686 1069 2731 et
1085 2676 1397 2731 emendavit
1414 2677 1650 2748 subjecta
1664 2692 1780 2731 Lxx
1795 2694 1867 2732 ιιι

273 2772 467 2842 capita.
528 2773 801 2840 Quartum
847 2773 1178 2825 Bracarense
1232 2770 1552 2835 concilium,
1607 2786 1751 2824 anno
1800 2786 1863 2825 1v

272 2866 575 2919 Wambani
604 2864 744 2935 regis
758 2864 825 2918 ab
855 2863 1125 2934 episcOpis
1154 2879 1220 2917 ιχ
1241 2862 1517 2929 habitum,
1544 2878 1653 2917 aera
1676 2880 1866 2918 Dcxw

272 2973 511 3013 canones
542 2973 656 3012 vm
681 2956 987 3022 constituit,
1020 2956 1108 3010 cui
1135 2956 1375 3011 Isidorus
1396 2956 1728 3027 Hispalensis
1757 2958 1867 3027 epi-

271 3067 471 3120 scopus
503 3049 767 3105 interfuit.

344 3144 592 3198 Primum
623 3143 945 3213 Hispalense
992 3142 1284 3197 concilium
1314 3158 1455 3197 anno
1485 3159 1524 3196 v
1568 3142 1855 3199 Richaredi
1897 3177 1941 3239 Ο

274 3240 418 3307 regis
444 3237 510 3291 ab
523 3236 789 3307 episcopis
809 3250 875 3290 γι
889 3235 1157 3299 habitum,
1174 3252 1282 3291 aera
1310 3251 1605 3302 ncxxvm,
1624 3253 1862 3293 canones

271 3346 343 3386 ιιι
384 3330 603 3395 statuit;
633 3330 720 3384 cui
758 3328 1008 3383 Leander
1039 3328 1377 3398 Hispalensis
1402 3330 1692 3400 episcopus
1723 3348 1863 3401 prte-

279 3423 401 3489 fuit,
452 3423 518 3477 ad
545 3438 704 3492 quem
748 3430 964 3476 sanctus
1014 3422 1313 3493 Gregorius
1366 3422 1591 3476 Moralia
1623 3425 1862 3494 scripsit.

273 3516 589 3571 Secundum
624 3515 944 3585 Hispalense
1004 3515 1316 3581 concilium,
1359 3523 1605 3584 tempore
1630 3516 1864 3572 Sisebnti

268 3610 412 3679 regis
434 3608 501 3662 ab
528 3608 796 3677 episcopis
825 3622 946 3662 VIII
996 3607 1265 3674 habitum,
1299 3622 1409 3661 aera
1441 3624 1669 3673 DCLVII,
1703 3626 1865 3665 cano-

266 3717 373 3757 nus
400 3716 481 3755 xu
522 3701 805 3755 constituit
830 3701 1093 3771 subjectis
1122 3715 1297 3755 xnvn
1324 3702 1595 3771 capitibus
1637 3702 1705 3757 de
1755 3704 1857 3758 ﬁde

268 3795 358 3850 cui
384 3794 609 3848 concilio
649 3796 709 3848 Β.
743 3793 982 3848 Isidorus
1012 3794 1344 3863 Hispalensis
1392 3796 1676 3865 episcopus
1720 3812 1863 3867 prie-

269 3886 404 3952 fuit,
464 3888 554 3958 qui
586 3903 786 3957 corpus
813 3902 1083 3941 canonum
1114 3888 1534 3959 compaginavit.
1570 3891 1863 3961 Hucusque

269 3981 505 4035 concilia
539 3980 947 4050 Hispaniarum.

344 4076 475 4128 Hice
504 4081 633 4128 sunt
654 4088 782 4143 ergo
812 4072 1150 4127 diversarum
1178 4072 1583 4142 provinciarum
1610 4075 1860 4145 concilia,

262 4181 392 4237 quae
420 4165 710 4235 przedictus
743 4165 987 4220 Isidorus
1014 4164 1069 4218 in
1100 4164 1421 4219 Collectario
1448 4180 1547 4219 suo
1596 4166 1662 4220 de
1688 4182 1856 4222 cano-

263 4259 433 4313 nibus
460 4258 872 4329 diligentissime
908 4256 1226 4328 descripsit;
1260 4272 1423 4327 quem
1449 4257 1632 4327 utique
1681 4260 1860 4313 Colle-

280 4352 519 4406 ctarium
542 4352 584 4405 si
615 4352 735 4421 quis
780 4351 1019 4405 studiose
1048 4349 1359 4420 perlegerit,
1392 4350 1700 4420 plenissime
1745 4350 1858 4417 illa,

266 4460 393 4516 quae
445 4460 548 4499 nos
588 4444 905 4499 summatim
950 4460 1109 4515 supra
1142 4442 1437 4513 tetigimus,
1487 4458 1544 4498 se
1594 4444 1861 4499 invenisse

266 4537 548 4609 gaubedit.

340 4632 544 4685 Practer
574 4629 690 4685 haec
714 4638 897 4683 autem
960 4629 1109 4699 plura
1141 4628 1493 4684 inveniuntur
1520 4630 1770 4697 concilia,
1799 4642 1861 4685 ut

262 4724 665 4793 Moguntiense,
689 4726 1058 4786 Nannetense,
1080 4722 1245 4777 etalia
1268 4722 1585 4792 hujusmodi
1608 4733 1859 4778 sexcenta

265 4832 396 4888 quae
427 4825 609 4871 tamen
656 4832 1003 4887 nequaquam
1034 4823 1387 4869 contemnere
1419 4814 1701 4882 debemus,
1732 4832 1859 4870 cum

272 4909 451 4964 multa
482 4910 534 4964 in
567 4910 650 4964 bis
671 4909 1048 4963 ecclesiasticae
1081 4906 1427 4977 dispositioni
1453 4908 1753 4962 necessaria
1784 4924 1862 4963 re-

265 5003 581 5072 periamus;
612 5002 913 5073 praesertim
938 5016 1062 5054 cum
1084 5008 1139 5054 et
1166 4999 1403 5053 Romani
1444 5000 1726 5069 pontiﬁces
1752 5001 1858 5070 illa,

266 5110 369 5165 per
404 5096 712 5166 provincias
740 5094 998 5148 celebrari
1031 5094 1312 5162 jusserint,
1368 5108 1537 5164 eaque
1564 5093 1678 5146 suis
1722 5094 1860 5165 lega-

264 5187 510 5242 tionibus
536 5188 870 5242 auctorizare
894 5187 1297 5242 consueverint.
1324 5188 1443 5240 Hoc
1473 5201 1608 5240 vero
1638 5201 1860 5257 genera-

263 5281 391 5335 liter
422 5280 476 5334 in
508 5280 838 5350 quibuslibet
866 5280 1280 5350 provincialibus
1304 5280 1541 5334 conciliis
1561 5288 1642 5333 est
1670 5280 1857 5334 obser-

262 5372 533 5437 vandum,
558 5381 618 5427 ut
638 5372 724 5427 illa
746 5388 965 5443 semper
990 5374 1167 5443 capita
1180 5372 1508 5442 recipiamus
1525 5387 1861 5443 qumcunqne

262 5466 579 5535 apostolicis
618 5475 672 5521 et
706 5466 1101 5520 universalibus
1158 5465 1422 5521 institutis
1450 5482 1778 5532 consonare,
1809 5475 1862 5520 et

264 5558 651 5613 ecclesiastij
676 5558 899 5613 utilitati
915 5568 1226 5629 competere
1255 5558 1555 5627 videamus.
1582 5563 1719 5614 Nam
1745 5575 1860 5613 san-

262 5651 340 5705 cti
372 5653 557 5706 Patres
586 5650 688 5706 sub
715 5651 960 5706 districto
1007 5651 1354 5707 anathemate
1386 5653 1551 5707 illum
1571 5652 1860 5707 damnasse

263 5745 523 5814 leguntur
550 5745 860 5814 quicunque
905 5744 1339 5800 orthodoxorum
1376 5746 1603 5799 Patrum
1657 5752 1858 5800 statuta

264 5852 378 5890 non
408 5837 672 5907 receperit
696 5852 818 5907 quae
844 5837 1237 5893 universalibus
1263 5838 1511 5892 conciliis
1554 5854 1858 5895 consonare

1985 539 2225 609 recipere
2254 541 2517 597 debemus
2546 558 2890 615 quacunque
2922 545 3242 614 apostolicis
3281 556 3333 601 et
3374 549 3565 602 univer

1981 632 2179 687 salibus
2205 634 2465 689 institutis
2488 635 2765 691 adversari
2792 637 3144 707 percipimus,
3162 654 3227 693 ne
3253 639 3444 695 itidem
3470 643 3569 696 sub

1983 725 2287 781 inevitabili
2320 728 2668 783 anathemate
2706 746 3010 799 pereamus.
3042 734 3236 786 Beatus
3257 733 3400 787 enim
3432 735 3568 789 Gre-

1982 818 2168 889 gorius
2197 836 2331 889 papa
2373 822 2580 891 primus
2604 838 2798 877 omnes
2836 837 2866 876 a
2912 824 3300 894 principalibus
3326 826 3569 882 conciliis

1982 911 2355 967 dissentientes
2395 914 2451 967 in
2476 915 2728 985 synodica
2771 932 2866 969 sua
2895 917 3382 973 anathematizavit.
3412 918 3567 975 Idem

1982 1005 2105 1059 alibi
2138 1007 2319 1061 omnia
2348 1007 2517 1061 sacris
2541 1008 2839 1063 canonibus
2860 1010 3081 1064 adversa
3103 1012 3203 1064 sub
3218 1012 3567 1068 anathemate

1982 1098 2278 1153 damnavit.
2347 1100 2441 1154 His
2492 1102 2679 1172 utique
2742 1103 3021 1157 sententiis
3067 1103 3143 1156 illi
3201 1104 3569 1161 indubitanter

1985 1193 2311 1258 multantur,
2344 1193 2653 1264 quicunque
2679 1194 2883 1265 aliquid
2908 1196 2958 1248 in
2979 1196 3296 1251 canonicam
3325 1200 3571 1254 auctori-

1984 1292 2153 1339 tatem
2197 1286 2431 1356 recipere
2463 1296 2801 1357 praesumunt
2826 1288 2970 1358 quod
2996 1288 3323 1343 authenticis
3347 1293 3571 1346 sanctio-

1983 1378 2144 1434 nibus
2171 1379 2445 1434 adversari
2471 1379 2905 1450 deprehendunt.
2938 1384 3106 1436 Beato
3136 1398 3352 1453 quoque
3379 1390 3572 1456 Augu-

1983 1473 2130 1527 stino
2160 1483 2430 1527 asserente
2456 1473 2745 1528 didicimus
2770 1473 2915 1545 quod
2943 1474 3030 1527 illa
3054 1475 3280 1529 concilia
3312 1492 3437 1547 quae
3478 1493 3570 1551 per

1983 1566 2223 1636 singulas
2251 1568 2503 1637 regiones
2531 1567 2609 1621 vel
2653 1567 2959 1636 provincias
2986 1568 3145 1637 ﬁunt,
3196 1568 3565 1637 plenariorum

1982 1659 2335 1713 conciliorum
2367 1660 2699 1727 auctoritati,
2721 1676 2845 1730 quae
2875 1676 2939 1714 ex
2971 1661 3224 1715 universo
3255 1663 3388 1717 orbe
3415 1663 3567 1719 Chri—

1979 1753 2156 1807 stiano
2182 1753 2337 1818 ﬁunt,
2361 1753 2478 1807 sine
2509 1753 2631 1807 ullis
2656 1754 2977 1824 ambagibus
3006 1753 3227 1808 cedunt.
3610 1738 3615 1759 ⁷

2055 1849 2133 1900 De
2162 1846 2481 1900 auctoritate
2507 1855 2692 1900 autem
2710 1846 2952 1916 ipsorum
2976 1846 3372 1917 pontiﬁcalium
3394 1849 3569 1905 decre-

1980 1950 2164 1995 torum
2185 1941 2327 1994 nulla
2350 1940 2509 1995 nobis
2533 1940 2802 1995 dubitatio
2830 1941 3178 2011 relinquitur,
3211 1958 3339 2003 cum
3369 1952 3423 1997 et
3450 1942 3567 2014 ipsa

1980 2034 2303 2087 universalia
2333 2033 2560 2087 concilia
2592 2034 2971 2088 auctoritatem
2994 2033 3180 2088 exinde
3209 2037 3566 2105 perceperint,

1979 2141 2077 2179 nec
2114 2126 2329 2180 aliunde
2358 2125 2675 2196 synodicam
2700 2126 3020 2179 ﬁrmitatem
3040 2126 3239 2180 habere
3266 2130 3562 2197 potuerint.

1979 2222 2110 2273 Haec
2137 2234 2266 2289 ergo
2285 2227 2339 2273 et
2360 2234 2460 2272 nos
2487 2218 2955 2273 irretractabiliter
2982 2218 3566 2289 observaredebemus,

1977 2320 2038 2366 ut
2075 2312 2352 2381 apostolici
2393 2315 2577 2366 Patres
2606 2311 2770 2365 nobis
2812 2327 2875 2365 ex
2905 2311 3201 2381 apostolica
3233 2313 3558 2368 auctoritate

1986 2412 2380 2475 praeceperunt,
2413 2420 2507 2474 per
2536 2420 2703 2474 quam
2730 2413 2784 2458 et
2814 2403 3045 2458 aliorum
3072 2412 3273 2459 statuta
3298 2406 3457 2460 nobis
3497 2406 3566 2462 ad

1976 2496 2375 2551 observandum
2394 2496 2741 2551 cauonizasse
2767 2497 3039 2567 leguntur,
3053 2513 3249 2568 nempe
3268 2498 3564 2553 beatissimi

1977 2592 2163 2644 Patres
2194 2590 2365 2643 nostri
2380 2592 2653 2643 Damasus
2667 2597 2721 2643 et
2741 2591 2853 2643 Leo
2875 2592 3107 2660 Magnus
3137 2608 3148 2645 :
3170 2607 3407 2661 quorum
3430 2594 3567 2648 alter

1976 2681 2277 2736 secundum
2323 2680 2622 2735 universale
2666 2681 2982 2746 concilium,
3012 2682 3149 2735 alter
3192 2693 3471 2753 quartum,
3513 2685 3564 2739 id

1975 2784 2057 2828 est
2086 2773 2525 2828 Chalcedonense
2554 2773 2869 2839 concilium,
2908 2774 3202 2844 apostolica
3244 2776 3567 2831 auctoritate

1977 2866 2237 2921 ﬁrmavit.
2269 2866 2398 2936 Ipsi,
2440 2867 2688 2935 inquam,
2720 2865 2911 2919 eadem
2939 2866 3259 2919 auctoritate
3289 2877 3342 2921 et
3371 2868 3563 2922 eadem

1975 2976 2106 3014 voce
2152 2960 2226 3013 ita
2259 2959 2584 3029 generaliter
2608 2957 2893 3012 decrevere
2930 2977 2941 3012 :
2993 2982 3015 3005 α
3042 2959 3241 3013 Omnia
3284 2960 3562 3029 inquiunt,

1974 3052 2255 3107 decretalia
2277 3052 2736 3122 praedecessorum
2769 3059 3107 3117 nostrorum,
3144 3066 3267 3121 quae
3299 3052 3364 3106 de
3395 3054 3564 3107 eccle-

1972 3146 2201 3201 siasticis
2257 3145 2540 3199 ordinibus
2586 3153 2640 3199 et
2685 3160 2961 3199 canonum
3043 3145 3386 3215 promulgata
3435 3154 3564 3199 sunt

1970 3238 2296 3309 disciplinis,
2328 3238 2401 3291 ita
2429 3237 2686 3291 omnibus
2714 3237 2983 3307 episcopis
3003 3252 3031 3290 a
3060 3237 3268 3291 cunctis
3297 3238 3562 3308 generali-

1971 3339 2053 3385 ter
2079 3330 2454 3384 sacerdotibus
2487 3329 2751 3383 custodiri
2785 3329 2984 3383 debere
3032 3329 3381 3395 mandamus,
3412 3340 3471 3384 ut
3514 3332 3556 3385 si

1972 3423 2096 3493 quis
2120 3422 2282 3477 inilla
2307 3421 2662 3488 commiserit,
2703 3422 2914 3475 veniam
2954 3420 3055 3476 sibi
3078 3421 3333 3492 deinceps
3352 3424 3565 3478 noverit

1971 3515 2243 3586 denegari.
2292 3537 2317 3562 ιι
2368 3514 2519 3570 Idem
2552 3518 2820 3569 Damasus
2850 3514 2973 3568 alibi
3012 3514 3268 3568 omnibus
3298 3516 3564 3586 episcopis

1970 3609 2209 3663 scribens
2242 3626 2255 3662 :
2289 3632 2312 3654 ιι
2347 3607 2697 3674 Observetur,
2731 3607 2930 3676 inquit,
2977 3607 3046 3661 ab
3087 3608 3344 3662 omnibus
3378 3616 3441 3661 ut
3469 3608 3559 3664 illa

1968 3717 2206 3771 semper,
2235 3716 2356 3771 quae
2382 3700 2678 3769 apostolica
2708 3700 3056 3754 institutione
3086 3708 3141 3753 et
3180 3702 3404 3754 Patrum
3439 3708 3555 3755 tra-

1971 3794 2179 3849 ditione
2224 3803 2352 3847 sunt
2380 3794 2694 3859 constituta,
2728 3794 2830 3847 sub
2865 3801 3018 3847 metu
3063 3791 3420 3865 irrefragabili
3448 3809 3547 3847 au-

1970 3888 2224 3942 ctoritate
2252 3895 2557 3941 teneantur.
2591 3910 2615 3934 ‹‹
2651 3888 2787 3940 Item
2816 3887 3006 3941 beatus
3033 3886 3252 3957 Agatho
3274 3901 3429 3956 papa,
3464 3888 3560 3959 qui

1972 3996 2039 4035 ιν
2066 3981 2425 4035 universalem
2455 3980 2730 4051 synodum
2767 3996 2863 4050 per
2893 3980 3099 4050 legatos
3148 3995 3278 4034 suos
3303 3979 3560 4044 instituit,

1970 4074 2348 4129 etinstitutam
2385 4074 2682 4144 apostolica
2706 4073 3029 4127 auctoritate
3060 4072 3297 4126 ﬁrmavit
3333 4092 3345 4126 :
3382 4095 3407 4120 α
3440 4072 3547 4139 Sic,

1970 4166 2171 4237 inquit,
2203 4182 2398 4221 omnes
2428 4166 2742 4235 apostolicae
2766 4165 2914 4220 sedis
2943 4165 3255 4219 sanctiones
3283 4164 3556 4234 accipien-

1970 4259 2055 4314 dae
2084 4268 2231 4321 sunt,
2265 4268 2523 4327 tanquam
2548 4259 2714 4327 ipsius
2730 4258 2866 4311 Petri
2897 4258 3077 4311 divina
3106 4272 3238 4311 voce
3257 4245 3505 4312 ﬁrmatae.
3537 4280 3557 4305 ι

1974 4355 2111 4406 Item
2142 4366 2425 4405 successor
2453 4366 2645 4403 eorum
2688 4350 2880 4404 beatus
2906 4350 3164 4404 Nicolaus
3195 4366 3331 4419 papa
3356 4351 3562 4420 primus

1972 4442 2181 4514 synodo
2208 4442 2443 4515 generali
2494 4441 2811 4513 praesidens,
2854 4441 3097 4511 ejusdem
3128 4441 3319 4513 synodi
3352 4441 3561 4512 judicio

1885 4544 1937 4606 D
1969 4536 2211 4591 decrevit
2242 4560 2266 4584 α
2300 4543 2362 4589 ut
2385 4536 2553 4590 etiam
2604 4533 2891 4588 anathema
2922 4542 3061 4587 esset
3113 4534 3427 4605 quicunque
3468 4533 3562 4589 de-

1970 4642 2114 4685 creta
2131 4646 2159 4683 a
2172 4632 2426 4684 Romano
2444 4628 2701 4700 pontiﬁce
2718 4626 3057 4699 promulgata
3075 4627 3511 4698 contempsisset.
3534 4651 3557 4675 η

1970 4728 2200 4779 Sanctus
2227 4738 2444 4793 quoque
2469 4721 2746 4776 Adrianus
2776 4736 2910 4791 papa
2954 4720 3118 4774 etiam
3147 4735 3301 4791 reges
3330 4721 3556 4776 anathe-

1969 4817 2193 4871 matizat
2222 4816 2530 4886 quicunque
2582 4813 2724 4869 sedis
2752 4813 3066 4885 apostolica:
3109 4813 3321 4868 decreta
3354 4815 3557 4870 violare

1973 4926 2084 4965 non
2111 4909 2420 4964 formidant.

2048 5002 2145 5057 His
2172 5018 2305 5073 ergo
2322 5001 2651 5055 testimoniis
2680 5000 2814 5055 satis
2838 4999 3136 5055 edocemur
3154 5017 3321 5073 quam
3343 5000 3559 5057 indubi-

1974 5104 2152 5151 tanter
2177 5095 2489 5166 apostolicis
2517 5094 2781 5149 institutis
2806 5093 3028 5148 obedire
3064 5094 3381 5149 debeamus.

2047 5192 2177 5244 Haec
2211 5198 2339 5243 sunt
2386 5189 2555 5260 igitur
2584 5187 2947 5242 ecclesiastica
2973 5195 3172 5242 statuta
3202 5197 3315 5241 tam
3342 5188 3396 5240 in
3424 5204 3560 5242 con-

1973 5283 2107 5337 ciliis
2136 5298 2300 5353 quam
2324 5282 2374 5336 in
2425 5281 2832 5352 pontiﬁcalibus
2859 5280 3109 5345 decretis,
3140 5280 3344 5350 quibus
3381 5280 3561 5333 Eccle-

1972 5376 2185 5430 siastica
2212 5375 2492 5445 disciplina
2536 5392 2566 5429 a
2604 5374 2949 5446 temporibus
2999 5374 3374 5441 apostolorum
3414 5370 3563 5425 insti-

1972 5476 2087 5521 tuta
2118 5476 2171 5520 et
2196 5466 2474 5537 hucusque
2515 5477 2809 5539 propagata
2838 5482 2951 5521 non
2978 5464 3279 5519 dubitatur.

2044 5558 2114 5613 Hi
2162 5567 2290 5612 sunt
2338 5559 2681 5614 ecclesiastici
2747 5572 3004 5623 canones,
3060 5557 3155 5627 qui
3203 5557 3551 5614 sacerdotum

1972 5651 2186 5723 proprie
2210 5650 2489 5717 dicuntur,
2521 5652 2681 5706 utlex
2709 5650 2911 5720 Moysi,
2936 5650 3013 5703 lex
3029 5650 3367 5705 Iudaeorum.
3394 5652 3557 5706 Unde

1973 5746 2026 5799 S.
2063 5744 2387 5800 C(nlestinus
2423 5761 2592 5815 papa:
2620 5766 2642 5789 «ι
2687 5743 2848 5808 Nulli,
2884 5742 3087 5813 inquit,
3126 5743 3549 5798 sacerdotumli-

1971 5847 2089 5896 ceat
2124 5854 2255 5895 suos
2296 5840 2545 5909 ignorare
2580 5852 2837 5901 canones,
2889 5852 2990 5891 nec
3036 5839 3336 5909 quidquam
3374 5836 3554 5893 facere
