4062 6182
1605 79 1633 100 κ

614 267 742 320 1211

1613 263 1703 317 AD
1742 261 1967 318 OPERA
2001 260 2056 316 s.
2082 245 2890 336 'GREGORIIQAPPEND‘ICES.
3197 284 3205 289 -
3323 285 3326 288 -
3674 260 3765 312 ne

613 390 763 463 quod
798 396 1111 444 sanctorum
1145 385 1347 456 legibus
1380 387 1552 456 possit
1580 386 1821 442 obviare.
1876 410 1900 434 υ
1948 385 2197 456 Proprie,
2229 394 2280 451 Α
2310 383 2692 454 episcoporum
2719 377 3018 450 intelligere
3044 375 3333 432 debeamus
3355 394 3367 431 :
3388 376 3599 433 videlicet
3616 388 3661 433 ut
3681 396 3770 450 pm-

616 487 864 556 inquam,
893 465 1244 535 sacerdotum
1286 495 1396 534 non
1437 480 1739 552 incongrue
1766 481 2043 548 dicuntur,
2075 495 2204 534 cum

615 592 808 634 eorum
845 575 1075 645 speciale
1109 573 1181 628 sit
1224 572 1469 628 ofﬁcium
1521 583 1580 630 ut
1615 573 1716 630 sibi
1765 583 1818 629 et
1860 575 1982 629 aliis
2005 589 2202 629 secun-

613 671 750 726 dum
777 683 1016 723 canones
1044 666 1344 736 providere,
1375 675 1453 736 et,
1482 667 1526 721 si
1559 668 1688 738 quid
1735 683 2018 739 perperam
2049 683 2202 721 com-

614 763 892 826 mittitur,
949 760 1252 815 secundum
1310 761 1530 816 eosdem
1574 762 1868 816 emendare
1914 768 2198 816 conentur.

615 856 778 912 Unde
803 864 857 910 et
884 871 913 909 a
939 856 992 910 S.
1027 855 1320 909 Caelestino
1344 871 1478 924 papa
1505 870 1599 909 eos
1633 855 1886 925 ignorare
1917 854 2204 925 prohiben-

615 957 723 1004 tur.
757 951 900 1004 Nam
929 964 1276 1018 nequaquam
1302 947 1384 1002 vel
1416 963 1472 1002 se
1509 949 1590 1002 vel
1624 947 1761 1002 alios
1784 947 2087 1003 secundum
2119 963 2206 1001 ca-

616 1058 791 1098 nones
820 1041 1120 1096 informare
1145 1048 1386 1109 possent,
1419 1041 1461 1095 si
1490 1056 1769 1096 canonum
1795 1039 2206 1096 informationes

617 1138 952 1209 ignorarent.
988 1137 1332 1206 Quapropter
1382 1135 1753 1190 sacerdotibus
1782 1135 2084 1190 necessaria
2124 1143 2206 1190 est

618 1230 848 1286 scientia
895 1245 1190 1284 canonum.
1233 1232 1387 1283 Hanc
1424 1237 1605 1283 autem
1657 1229 1818 1284 nobis
1868 1229 1942 1283 ita
1987 1229 2205 1300 potissi-

619 1340 776 1379 mum
803 1339 1119 1394 comparare
1149 1323 1467 1394 poterimus,
1497 1323 1538 1377 si
1554 1337 1645 1377 eos
1665 1322 1979 1394 frequenter
2007 1324 2202 1394 legere;

621 1427 675 1473 et
728 1418 784 1472 in
812 1417 1036 1489 legendo
1089 1417 1510 1486 competentiam
1553 1431 1748 1471 sensus
1787 1417 2056 1487 inquirere
2090 1426 2202 1470 stu-

623 1513 869 1566 deamus.
914 1513 1053 1565 Nam
1100 1511 1349 1581 quamvis
1378 1510 1515 1564 sacri
1565 1525 1806 1564 canones
1848 1519 2091 1580 apertam
2125 1511 2205 1564 vi-

620 1607 853 1662 deantur
877 1603 1217 1675 praetendere
1248 1603 1629 1668 litteraturam,
1650 1602 1823 1658 multa
1848 1603 2106 1659 tamenin
2133 1603 2210 1658 eis

624 1699 851 1755 obscura
920 1699 1282 1768 reperiuntur,
1333 1712 1454 1768 quae
1504 1713 1534 1752 a
1581 1697 2069 1768 negligentioribus
2116 1698 2211 1752 ali-

624 1793 846 1864 quando
879 1791 1174 1846 lectoribus
1213 1791 1366 1860 quasi
1407 1791 1590 1846 minus
1616 1791 1812 1846 idonea
1855 1790 2212 1862 deputantur,

624 1901 744 1957 quae
775 1886 1054 1956 aptissima
1078 1893 1231 1954 sunt,
1263 1885 1304 1938 si
1331 1893 1712 1955 competenter
1752 1885 2144 1955 intelligantur.

696 1983 774 2035 Ut
789 1979 922 2033 illud
941 1979 1150 2033 Nicatni
1168 1978 1382 2032 concilii
1402 1979 1468 2033 de
1481 1978 1783 2032 mutatione
1795 1978 2200 2047 episcoporum:

629 2089 694 2128 x1
751 2073 913 2142 hujus
942 2072 1158 2125 concilii
1207 2072 1401 2140 capite,
1447 2071 1662 2140 penitus
1699 2070 2022 2140 prohibetur
2075 2096 2100 2119 «ι
2147 2089 2215 2127 ne

591 2167 914 2236 episcopus
960 2163 1028 2217 de
1054 2163 1270 2218 civitate
1320 2163 1374 2216 in
1419 2163 1690 2217 civitatem
1750 2165 2113 2234 transmigret
2163 2189 2211 2218 ιι.

625 2262 763 2312 Item
791 2257 977 2310 beatus
1007 2260 1278 2310 Damasus
1308 2272 1439 2326 papa
1471 2265 1590 2325 post
1615 2256 1898 2311 Nicaenum
1925 2257 2214 2312 concilium

630 2351 890 2406 omnibus
939 2350 1206 2421 episcopis
1249 2351 1494 2405 scribens
1535 2359 1651 2406 tam
1680 2351 1927 2406 districte
1956 2353 2216 2406 mutatio-

628 2460 752 2498 nem
781 2444 1163 2514 episcoporum
1193 2443 1489 2513 prohibuit,
1520 2453 1584 2499 ut
1607 2445 2093 2514 transmigrantem
2115 2445 2216 2500 sub

631 2537 1211 2592 excommunicatione
1241 2537 1295 2590 in
1340 2537 1517 2591 locum
1546 2553 1703 2591 suum
1737 2539 2093 2606 revocaverit,
2132 2540 2216 2594 cui

631 2631 795 2685 etiam
857 2629 1194 2685 sacerdotale
1247 2630 1492 2684 ofﬁcium
1534 2630 1806 2685 interdixit
1841 2631 2082 2702 quandiu
2129 2632 2219 2687 ille

633 2723 857 2788 viveret,
882 2723 925 2777 si
967 2739 1130 2793 quem
1158 2721 1302 2778 forte
1321 2739 1692 2778 successorem
1711 2723 1849 2779 infra
1871 2741 2030 2780 suam
2052 2734 2221 2781 trans-

634 2815 1020 2886 migrationem
1051 2817 1363 2888 accepisset.

705 2909 1038 2963 Sanctissimi
1070 2917 1256 2964 autem
1314 2919 1576 2982 martyres
1611 2919 1667 2966 et
1713 2910 1995 2982 apostolici
2044 2911 2221 2982 ponti-

633 3001 761 3058 ﬁces
811 3004 1124 3071 Evaristus,
1178 2985 1434 3059 Callistus
1462 3013 1516 3058 et
1555 3004 1831 3058 Antherus
1881 3011 2006 3058 ante
2050 3005 2224 3060 Nicae-

2313 483 2696 546 sumptuosam
2716 481 2770 528 et
2795 471 3141 526 ambitiosam
3174 470 3510 524 mutationem
3532 486 3634 525 cum
3657 473 3771 528 Nice-

2311 585 2385 624 no
2411 568 2638 624 concilio
2663 566 2992 620 damnemus
3016 583 3032 631 ;
3062 563 3412 618 necessariam
3436 578 3547 618 vero
3574 574 3620 619 et
3639 565 3770 621 utilem

2310 643 2435 720 cum
2470 660 2762 732 apostolica
2799 659 3116 714 auctoritate
3137 657 3462 726 recipiamus.

2382 760 2543 823 Item,
2572 756 2622 810 S.
2658 753 2908 810 Callistus
2931 768 3072 822 papa
3101 769 3113 806 :
3149 773 3174 798 σι
3205 749 3499 815 Mutandus,
3524 750 3678 822 inquit,
3700 752 3776 820 epi-

2311 866 2530 922 scopus,
2555 864 2669 904 non
2698 864 2798 918 per
2812 862 2870 902 se
2899 846 3002 900 hoc
3031 854 3174 916 agat,
3193 843 3304 912 sed,
3337 841 3562 898 fratribus
3583 843 3778 898 invitanti-

2311 946 2435 1010 bus,
2466 959 2592 999 cum
2617 941 2936 998 auctoritate
2965 938 3126 1009 hujus
3156 946 3354 992 sanctas
3379 934 3510 991 sedis
3533 935 3678 1001 faciat,
3706 952 3778 991 non

2311 1049 2499 1095 tamen
2528 1036 2771 1092 ambitus
2801 1048 2983 1098 causa,
3025 1031 3120 1087 sed
3147 1038 3239 1086 aut
3273 1029 3562 1085 necessitate
3585 1037 3658 1083 aut
3678 1029 3780 1083 utili-

2316 1141 2440 1187 tate.
2471 1155 2494 1179 ιι
2523 1133 2684 1195 ltem,
2709 1130 2765 1183 S.
2797 1127 3080 1182 Evaristus
3111 1144 3124 1179 :
3161 1147 3186 1173 α
3211 1124 3509 1193 Episcopus,
3536 1123 3692 1193 inquit,
3710 1138 3782 1175 non

2312 1225 2560 1280 dimittat
2605 1221 2900 1278 Ecclesiam
2957 1217 3163 1289 absque
3215 1215 3484 1271 inevitabili
3528 1214 3781 1278 necessitate,

2314 1329 2408 1375 aut
2451 1317 2746 1390 apostolica
2795 1315 2877 1370 vel
2910 1313 3142 1386 regulari
3187 1310 3496 1372 mutatione,
3538 1318 3587 1363 et
3615 1307 3785 1362 alterise

2307 1417 2523 1488 jungat,
2555 1411 2796 1468 ambitus
2839 1425 3018 1464 causa.
3069 1431 3094 1454 ι»
3152 1409 3220 1461 Et
3249 1404 3322 1471 hi,
3357 1404 3525 1473 utique
3557 1400 3781 1472 apostolici,

2315 1524 2444 1564 cum
2470 1511 2512 1562 Ν
2522 1507 2692 1562 icaeno
2723 1503 2956 1559 concilio
2979 1503 3032 1556 in
3056 1495 3350 1555 mutatione
3376 1497 3698 1567 episcOporum
3715 1508 3787 1546 am-

2321 1601 2584 1656 bitionem
2613 1598 3043 1657 damnaverunt,
3065 1594 3438 1648 necessitatem
3455 1603 3566 1643 vero
3584 1600 3629 1642 et
3650 1585 3787 1640 utilita-

2322 1705 2436 1751 tem
2465 1690 2861 1749 admittendam
2892 1688 3214 1744 docuerunt.

2396 1791 2507 1843 Nec
2527 1783 2838 1841 mirandum
2871 1781 3018 1854 quod
3041 1781 3326 1836 Nicaenum
3346 1775 3607 1832 concilium
3623 1787 3706 1827 non
3717 1779 3790 1824 tam

2329 1883 2606 1953 signanter
2635 1887 2698 1932 ut
2727 1876 2934 1946 antiqui
2963 1878 3154 1930 Patres
3206 1871 3560 1927 necessitatem
3583 1875 3630 1921 et
3651 1863 3790 1920 utilita-

2332 1986 2443 2032 tem
2473 1972 2766 2043 exceperit,
2818 1985 2942 2024 cum
2974 1967 3333 2022 mutationem
3375 1963 3696 2034 episcoporum
3722 1965 3794 2009 tam

2333 2065 2646 2137 simpliciter
2672 2060 3027 2135 prohibuerit.
3080 2060 3224 2113 Nam
3252 2065 3375 2113 ante
3404 2055 3649 2110 Nictenum
3670 2045 3795 2102 conci-

2332 2162 2465 2216 lium
2488 2157 2838 2213 creberrimte
2874 2152 3278 2225 persecutiones
3305 2148 3562 2219 episcopos
3591 2142 3644 2198 de
3664 2141 3746 2194 loco
3765 2137 3798 2190 in

2332 2257 2517 2312 locum
2541 2253 2741 2309 mutari
2760 2251 3058 2321 saepissime
3075 2246 3470 2317 compulerunt.
3486 2242 3581 2296 Nec
3604 2236 3662 2292 ibi
3679 2235 3800 2288 locum

2334 2349 2558 2406 ambitio
2590 2347 2788 2402 habere
2818 2351 3050 2415 poterat,
3073 2340 3166 2396 ubi
3198 2337 3521 2412 potissimum
3555 2333 3626 2386 ille
3641 2327 3693 2383 ad
3712 2340 3799 2379 mar-

2331 2443 2537 2516 tyrium
2575 2439 2876 2496 ducebatur
2913 2437 3010 2508 qui
3039 2435 3164 2490 aliis
3209 2430 3543 2504 pmeminem
3584 2421 3800 2478 videbatur.

2332 2540 2453 2593 Hoc
2479 2536 2668 2607 utique
2695 2532 2862 2588 sancti
2895 2529 3137 2586 Romani
3167 2525 3445 2598 pontiﬁces
3464 2533 3623 2576 verum
3756 2518 3804 2562 te-

2331 2605 2700 2700 stantur,ﬁqui
2771 2641 2904 2696 pene
2936 2637 3126 2679 omnes
3167 2629 3296 2676 ante
3319 2619 3576 2674 Nicrenum
3601 2605 3804 2700 concilium

2331 2723 2595 2796 martyrio
2614 2699 2858 2776 coronati
2895 2719 3168 2789 leguntur.
3197 2717 3246 2770 Α
3268 2722 3502 2782 tempore
3522 2713 3673 2761 autem
3693 2699 3805 2754 Niae

2333 2821 2390 2875 ni
2448 2815 2682 2880 concilii,
2724 2813 2908 2868 sedata
2940 2808 3322 2880 persecutione
3349 2797 3806 2875 aliquantulum,n0n

2332 2921 2451 2967 tam
2502 2907 2806 2964 necessaria
2879 2903 3160 2958 videbatur
3233 2898 3457 2955 mutatio
3504 2893 3806 2980 episcoporunt.

2335 3021 2460 3061 cum
2485 3004 2603 3076 jam
2644 3001 2875 3055 liberum
2904 3004 3046 3052 esset
3073 2992 3371 3065 quemlibet
3388 2990 3493 3046 suis
3527 2982 3810 3049 ovibusprasr

635 3112 772 3152 num
811 3097 1130 3162 concilium,
1164 3098 1397 3168 quisque
1450 3097 1505 3151 in
1536 3112 1636 3152 suo
1663 3105 1934 3167 tempore,
1965 3098 2224 3152 omnibus
2251 3115 2295 3178 ε
2331 3105 2478 3164 dere,
2534 3097 2640 3160 vel,
2689 3091 2779 3147 ubi
2823 3090 3057 3156 deesset,
3105 3088 3278 3143 alium
3324 3080 3597 3139 secundum
3621 3079 3809 3178 canonet‘n

635 3190 902 3260 episcopis
933 3189 1195 3256 scribens,
1224 3190 1582 3245 mutationem
1616 3190 1996 3261 episcoporum
2020 3190 2224 3246 licitam

634 3281 758 3338 fore
787 3283 1111 3338 docuerunt.
1149 3286 1224 3338 Ex
1257 3284 1454 3354 quibus
1475 3286 1530 3338 S.
1567 3284 1841 3338 Antherus
1867 3284 2071 3338 multos
2106 3300 2227 3338 san-

637 3386 757 3431 ctos
809 3379 999 3432 Patres
1035 3378 1103 3432 de
1158 3377 1280 3432 loco
1337 3377 1394 3431 in
1445 3377 1626 3432 locum
1681 3378 1976 3432 translatos
2027 3393 2224 3432 nume-

642 3470 815 3537 ravit,
874 3479 934 3524 ut
979 3473 1203 3525 Petrum
1255 3469 1322 3525 de.
1351 3471 1632 3526 Antiochia
1661 3473 1924 3536 Romam,
1980 3479 2034 3526 et
2064 3474 2228 3526 Euse-

639 3563 792 3618 bium
841 3563 907 3618 de
937 3564 1175 3634 quadam
1217 3579 1377 3634 parva
1419 3563 1632 3617 civitate
1674 3563 2077 3618 Alexandriam.
2122 3563 2229 3619 Sed

638 3657 777 3710 hanc
833 3655 1208 3709 diversitatem
1241 3657 1314 3710 ita
1353 3655 1674 3726 simpliciter
1703 3656 2000 3728 intelligere
2044 3672 2228 3727 posse-

643 3764 766 3802 mus
795 3755 857 3802 ut
887 3748 1020 3802 illud
1072 3749 1380 3802 necessitati
1411 3748 1825 3817 persecutionis,
1859 3749 2003 3805 istud
2045 3759 2228 3804 autem

643 3840 878 3894 libertati
908 3840 1056 3910 pacis
1097 3839 1482 3903 ascriberetur,
1515 3843 1560 3895 si
1591 3857 1862 3912 nusquam
1915 3851 1969 3897 et
2001 3842 2056 3896 in
2085 3841 2232 3912 pacis

641 3940 893 4001 tempore
945 3930 1258 4002 hujusmodi
1311 3933 1646 4002 permutatio
1683 3932 1827 3988 facta
1879 3935 2229 4004 reperiretur.

643 4023 806 4092 Quod
843 4025 968 4096 quia
1010 4039 1248 4094 persaepe
1294 4033 1348 4078 et
1388 4025 1554 4080 modo
1608 4027 1744 4080 solet
1788 4026 2021 4092 evenire,
2070 4026 2230 4081 aliam

643 4118 998 4189 expositionis
1059 4119 1488 4189 competentiam
1541 4119 1908 4191 inquiramus,
1962 4122 2231 4191 prmeipue

645 4213 795 4266 illam
828 4228 932 4282 qua
968 4220 1182 4266 sanctos
1210 4214 1401 4266 Patres
1444 4220 1498 4267 et
1541 4213 1596 4267 in
1626 4229 1760 4284 pace
1785 4223 1840 4268 et
1898 4213 1952 4268 in
1983 4229 2232 4285 persecu-

643 4305 794 4360 tione
819 4305 886 4360 ad
916 4305 1144 4360 invicem
1170 4305 1535 4361 concordasse
1584 4315 1978 4361 monstremus.

714 4399 871 4455 Dicat
903 4415 1034 4470 ergo
1071 4407 1299 4455 sanctus
1337 4401 1617 4454 Antherus
1645 4400 1772 4469 quid
1812 4401 1878 4454 de
1931 4401 2231 4455 mutatione

2334 3193 2602 3253 ordinare.
2635 3191 2762 3242 Non
2779 3201 2910 3256 ergo
2936 3181 3250 3238 mirandum
3278 3175 3538 3236 siNicaeni'
3555 3175 3703 3228 Patres
3720 3173 3808 3223 non,

2333 3297 2395 3345 ut
2441 3283 2794 3355 antiquiores,
2823 3279 2879 3333 in
2918 3293 3015 3332 sua
3039 3275 3411 3347 prohibitione
3449 3263 3621 3338 aliquid
3651 3267 3810 3359 except-

2335 3383 2466 3442 rint,
2506 3393 2634 3432 cum
2686 3375 2805 3444 jam
2851 3387 2968 3426 non
3003 3379 3118 3424 tam
3171 3364 3537 3424 rationabilem
3572 3358 3812 3449 exceptionis

2336 3487 2558 3530 causam
2606 3465 2918 3530 habuerint;
2949 3462 3257 3534 prmsertim
3306 3473 3428 3515 cum
3464 3445 3810 3538 necessariOJIln

2337 3565 2574 3622 ambitus
2617 3565 2942 3615 notarentur
2979 3555 3294 3626 quicunque
3317 3552 3428 3624 jam
3472 3561 3570 3602 non
3600 3540 3813 3596 necessario

2338 3660 2574 3715 alienam
2612 3654 2797 3709 sedem
2827 3649 3034 3706 ambire
3071 3648 3405 3704 viderentur.

2409 3750 2516 3807 Sed
2550 3747 2869 3806 Sardicense
2895 3742 3217 3806 concilium,
3247 3740 3335 3795 cui
3367 3735 3517 3794 Osius
3553 3731 3756 3820 Magum,
3778 3719 3816 3768 υῐ

2339 3845 2564 3901 Νἰρεεηο
2606 3839 2861 3903 concilio,
2918 3835 3202 3907 praefuisse
3244 3833 3458 3903 legitur,
3501 3833 3550 3881 et
3583 3821 3812 3876 sententlam

2339 3940 2583 4011 ejusdem
2613 3937 2822 3993 concilii
2845 3934 2911 3989 de
2944 3933 3252 3988 mutatione
3270 3931 3620 4002 episcoporum
3641 3918 3814 3978 itaexpo'

2342 4036 2514 4090 suisse
2569 4031 2793 4087 videtur.
2843 4027 3105 4084 Prohibet
3145 4026 3316 4090 enim,
3353 4021 3515 4091 capite
3546 4014 3742 4088 primo,“
3771 4011 3817 4096 υς

2341 4131 2460 4202 quis
2486 4128 2862 4199 episcopatum
2901 4130 3075 4177 mutet
3111 4137 3210 4192 per
3239 4118 3526 4180 ambitum,
3554 4105 3815 4205 eumque-qi"

2341 4199 2414 4278 ita
2465 4220 2756 4276 mutaverit
2802 4218 2964 4272 etiam
3023 4215 3151 4268 laica
3216 4209 3587 4269 communione
3626 4199 3760 4293 ρῐὶτξῖ·
3794 4204 3812 4285 ξ’

2338 4318 2485 4372 Hinc
2521 4318 2584 4370 B.
2621 4315 2733 4367 Leo
2761 4326 2894 4382 papa
2924 4311 2968 4374 1,
3001 4308 3292 4363 Anastasio
3329 4291 3729 4382 Thessalonicensi
3749 4291 3820 4348 ε⁵1η·

2338 4424 2505 4478 scopo
2560 4379 2844 4468 scribens,”
2879 4402 3144 4459 deliberat
3190 4409 3251 4456 ut
3317 4417 3346 4450 ct
3399 4391 3673 4478 proprium
3699 4379 3823 4478 locutu

643 4493 1024 4564 episcoporum
1061 4493 1161 4547 sibi
1217 4491 1462 4548 videatur
1506 4511 1518 4545 :
1550 4515 1575 4539 «
1621 4495 1744 4547 Non
1773 4494 1970 4547 transit
1998 4494 2064 4548 de
2093 4494 2226 4548 civi-
2257 4501 2308 4562 Β
2340 4470 2530 4574 ρει-δίη
2555 4509 2608 4554 et
2645 4498 2882 4552 alienum
2911 4511 3022 4550 non
3049 4493 3294 4549 detineat
3322 4490 3624 4562 quicunque,

644 4593 756 4639 tate
802 4587 857 4640 in
885 4587 1158 4640 civitatem
1185 4602 1286 4641 nec
1315 4585 1644 4640 transfertur
1685 4585 1755 4640 de
1785 4586 1986 4640 minori
2014 4587 2082 4641 ad
2113 4603 2225 4640 ma-

638 4678 823 4749 jorem
853 4679 944 4748 qui
999 4678 1102 4733 hoc
1137 4695 1250 4733 non
1278 4680 1490 4734 ambitu
1543 4696 1645 4734 nec
1691 4679 1906 4749 propria
1956 4680 2230 4735 voluntate

654 4769 807 4832 facit,
836 4772 930 4826 sed
972 4779 1068 4824 aut
1089 4771 1136 4825 vi
1175 4787 1203 4825 a
1233 4774 1452 4841 propria
1499 4774 1627 4828 sede
1672 4773 1880 4844 pulsus,
1925 4781 2019 4827 aut
2046 4789 2232 4828 neces-

648 4863 806 4916 sitate
834 4871 1061 4917 coactus
1104 4872 1201 4918 aut
1229 4864 1460 4920 utilitate
1516 4866 1618 4920 loci
1653 4867 1728 4920 vel
1751 4866 1964 4937 populi,
1995 4882 2107 4921 non
2140 4882 2232 4921 su-

650 4957 832 5026 perbe,
857 4954 948 5009 sed
980 4954 1262 5010 humiliter
1284 4957 1352 5010 ab
1382 4959 1500 5011 aliis
1541 4959 1841 5012 translatus
1870 4968 1924 5013 et
1961 4959 2232 5014 inthroni-

646 5058 802 5102 zatus
822 5056 924 5103 est.
951 5049 1090 5103 Nam
1121 5049 1265 5102 sicut
1296 5049 1530 5119 episcopi
1564 5051 1764 5104 habent
1793 5058 2117 5121 potestatem
2148 5067 2234 5106 or-

648 5141 840 5196 dinare
867 5140 1190 5212 regulariter
1231 5141 1514 5212 episcopos
1541 5149 1594 5194 et
1642 5142 1878 5212 reliquos
1899 5146 2231 5210 sacerdotes,

647 5235 746 5300 sic,
793 5234 1012 5306 quoties
1056 5233 1254 5288 utilitas
1291 5242 1387 5287 aut
1423 5234 1710 5289 necessitas
1738 5235 1996 5304 exegerit,
2041 5253 2234 5306 supra-

647 5328 793 5382 dicto
819 5328 984 5383 modo
1001 5336 1054 5381 et
1073 5336 1287 5382 mutare
1317 5335 1371 5381 et
1392 5327 1759 5382 inthronizare
1789 5336 2113 5398 potestatem
2146 5331 2235 5385 ha-

649 5421 800 5487 bent,
858 5437 968 5475 non
998 5429 1187 5475 tamen
1233 5421 1353 5476 sine
1383 5429 1750 5477 sacrosanctae
1779 5425 2048 5479 Romanae
2090 5424 2236 5479 sedis

648 5514 972 5568 auctoritate
1019 5523 1073 5568 et
1125 5514 1362 5569 licentia.
1408 5514 1528 5568 Alia
1553 5515 1752 5570 etenim
1793 5524 1875 5571 est
1907 5533 2068 5572 causa
2095 5517 2238 5571 utili.

650 5607 778 5661 tatis
803 5615 857 5660 et
895 5606 1257 5671 necessitatis,
1304 5617 1358 5662 et
1385 5608 1485 5662 alia
1511 5608 1749 5664 avaritia:
1779 5618 1829 5664 et
1858 5611 2237 5681 praisumptio-

652 5700 736 5755 nis
774 5709 869 5754 aut
915 5700 1144 5770 propria:
1182 5702 1496 5757 voluntatis.
1538 5726 1559 5750 η
1593 5705 1725 5758 Ecce
1755 5719 1920 5773 quam
1948 5713 2132 5775 aperte
2160 5706 2237 5758 vir

650 5794 754 5849 iste
790 5794 1122 5867 apostolicus
1153 5797 1314 5852 nobis
1358 5798 1603 5854 insinuat
1643 5795 1774 5867 quid
1821 5795 1890 5851 de
1930 5797 2236 5854 mutatione

2338 4557 2580 4666 i’l‘OPriO,
2614 4592 2852 4646 alienum
2900 4605 2996 4660 per
3019 4586 3386 4642 ambitionem
3445 4557 3826 4666 obtinereﬂdtsi‘df'

2338 4649 2457 4744 rat:
2501 4710 2526 4734 υ
2570 4649 2624 4741 Si
2653 4699 2779 4755 ergo
2812 4683 2882 4737 ita
2900 4649 3241 4736 sententiam
3272 4674 3472 4733 Nicaeni
3501 4649 3827 4759 concilii-intel-

2342 4780 2652 4842 lexerimus,
2683 4789 3024 4847 nequaquam
3057 4773 3115 4826 in
3144 4772 3251 4827 hoc
3287 4769 3446 4826 alicui
3480 4751 3829 4854 rationabiIIPPl:

2343 4888 2636 4945 scoporum
2668 4867 2962 4925 mutationi
2991 4865 3449 4924 contradicemus,
3474 4851 3627 4912 sicubi
3650 4845 3773 4945 etialﬂ
3797 4845 3829 4945 Ἦ

2342 4975 2530 5022 nostro
2559 4974 2807 5034 tempore
2858 4958 3179 5030 hujusmodi
3233 4954 3520 5012 necessitas
3556 4942 3769 5011 exegerit.
3801 4932 3832 4976 91

2344 5058 2636 5132 apostolica
2664 5054 2958 5112 auctoritas
2979 5051 3092 5106 ﬁeri
3132 5046 3482 5106 consenserit.

2418 5155 2552 5206 Item
2599 5149 2770 5204 sancti
2825 5151 3010 5203 Patres
3053 5139 3490 5215 frequentissime
3522 5125 3759 5204 prohibent
3792 5122 3834 5162 ηε

2344 5261 2473 5300 oves
2513 5259 2672 5298 suum
2705 5249 3000 5312 pastorem,
3064 5237 3171 5292 nisi
3202 5237 3261 5289 in
3305 5233 3409 5288 ﬁde
3437 5220 3684 5285 erraverit,
3727 5217 3832 5312 ac“?

2344 5345 2482 5400 sent,
2525 5333 2884 5403 subditosque
2939 5339 3286 5387 accusatores
3322 5323 3652 5397 prtelatorum
3691 5309 3834 5403 exfom'

2343 5429 2704 5486 municandos
2733 5436 2787 5481 et
2836 5425 3060 5481 infamia
3100 5421 3371 5482 notandos
3410 5396 3834 5502 censuerunt:

2342 5532 2431 5577 tus
2460 5531 2643 5575 autem
2673 5520 2997 5590 Gregorius,
3027 5518 3271 5573 scribens
3298 5509 3490 5569 Joanni
3515 5493 3832 5590 Corinth_i.0|'“ln

2345 5617 2623 5687 episcopo,
2651 5615 2905 5678 Paulum,
2968 5609 3348 5682 Euphemium,
3389 5603 3661 5660 Thomam,
3687 5583 3832 5687 Clefﬁi’

2352 5710 2485 5764 tium
2540 5708 2768 5764 clericos
2797 5706 3100 5772 damnavit,
3143 5719 3204 5758 eo
3243 5697 3390 5772 quod
3420 5690 3672 5781 pI‘Oln'i“_m
3696 5679 3836 5781 ίωῗῗ-

2347 5820 2478 5876 pum
2522 5817 2621 5875 pro
2647 5801 2886 5873 quodam
2919 5799 3148 5854 crimine
3178 5806 3432 5852 accusare
3455 5800 3556 5842 non
3592 5766 3832 5834 obediennl-

3937 2545 3939 2588 l

3938 2675 3939 2724 i
