4062 6182
285 337 420 393 1213

1194 337 1478 391 ΑΡΡΕΝῙ).
1521 336 1605 390 lll.
1647 366 1715 376 —
1753 338 2169 395 MONUMENTA
2208 340 2664 397 GREGORIANA.

3363 334 3366 336 ’
3441 347 3574 401 1214

277 465 429 520 ldem
449 466 613 520 etiam
640 467 969 538 apostolicus
993 465 1301 521 Dodavenaz
1330 464 1564 522 civitatis
1608 466 1867 537 episcopi,
1898 471 1952 533 Α
1984 472 2124 525 Item
2156 472 2308 527 Felix
2339 487 2475 543 papa
2502 471 2764 526 omnibus
2795 471 3063 544 episcopis
3091 475 3368 532 scribens:
3401 495 3425 527 ε(
3459 477 3574 530 Ab-

279 575 310 612 a
356 558 562 613 clericis
587 560 703 616 suis
750 575 847 630 pro
875 559 1142 630 corporali
1170 558 1402 614 crimine
1446 559 1687 614 accusati
1714 569 1872 630 atque

279 652 531 715 convicti,
549 651 942 723 depositionem
965 653 1022 706 in
1041 660 1256 707 tantum
1277 651 1640 718 conﬁrmavit,
1665 661 1716 706 ut
1743 669 1871 708 eum

282 746 448 800 etiam
485 746 878 800 communione
931 745 1254 816 privandum
1291 745 1580 817 judicaret,
1629 746 1672 799 si
1722 746 1872 802 dein-

281 856 407 910 ceps
438 840 643 909 aliquid
673 839 739 895 de
763 840 1077 911 episcopatu
1093 840 1174 895 vel
1208 839 1355 911 loqui
1388 850 1763 910 praesumeret.

354 933 459 988 Sed
485 932 600 988 haec
624 949 966 1004 nequaquam
996 933 1064 988 ad
1093 934 1321 988 invicem
1361 935 1628 988 contraria
1661 934 1874 1005 judica-

281 1026 490 1093 bimus,
512 1026 555 1080 si
590 1027 934 1096 superiorem
968 1027 1300 1081 sententiam
1324 1035 1696 1098 competenter
1730 1028 1875 1082 intel-

279 1120 444 1192 ligere
490 1119 823 1185 curabimus,
852 1119 1102 1174 videlicet
1129 1135 1196 1174 ne
1239 1136 1368 1176 oves
1399 1137 1559 1175 suum
1601 1131 1873 1192 pastorem

283 1229 350 1268 ex
390 1214 606 1284 propria
665 1214 976 1268 temeritate
1033 1214 1307 1268 ullatenus
1358 1229 1613 1269 accusare
1677 1232 1876 1285 praesu-

283 1315 462 1375 mant,
493 1323 594 1362 nec
638 1315 819 1361 tamen
850 1307 1116 1378 superiori
1149 1307 1406 1377 potestati
1458 1306 1556 1362 hos
1599 1309 1679 1362 eis
1705 1324 1875 1363 cano-

286 1399 408 1455 nice
446 1401 797 1472 praecipienti
834 1400 1064 1470 superbe
1092 1400 1370 1466 resistant,
1401 1401 1628 1456 minime
1655 1401 1878 1472 quidem

284 1493 360 1547 illi
403 1495 652 1565 potestati
688 1509 810 1565 qua:
837 1495 978 1564 ipsos
1002 1493 1268 1548 damnare
1290 1494 1510 1565 poterit,
1541 1495 1584 1549 si
1615 1495 1659 1549 ei
1685 1504 1876 1550 contra

285 1587 570 1658 pr0prium
619 1587 936 1658 episcopum
967 1586 1190 1642 obedire
1241 1586 1538 1642 noluerint.
1594 1588 1678 1643 Sic
1712 1589 1878 1660 igitur

283 1680 605 1752 intelligitur
636 1699 649 1735 :
688 1704 711 1728 α
744 1683 857 1736 Nec
882 1680 1084 1736 subditi
1115 1681 1365 1750 praelatos
1404 1689 1610 1736 temere
1652 1699 1876 1738 accusa-

286 1773 446 1839 bunt,
486 1789 587 1828 nec
633 1772 898 1844 superiori
938 1773 1191 1844 potestati
1215 1775 1612 1828 contumaciter
1639 1774 1874 1830 resulta—

1982 573 2156 631 sente,
2218 565 2418 636 inquit,
2446 565 2786 632 adversario,
2829 581 2939 620 non
2974 567 3223 622 audiatur
3273 578 3574 635 accusator,

1983 673 2086 712 nec
2113 658 2376 712 sententia
2409 659 2638 712 absente
2681 659 2784 712 alia
2825 667 2979 730 parte
3032 675 3062 713 a
3086 660 3268 729 judice
3310 660 3456 715 dicta
3497 662 3576 715 ul-

1983 749 2091 804 lam
2122 750 2394 804 obtinebit
2422 751 2768 805 iirmitatem.
2813 769 2839 802 »
2884 755 3021 806 Item
3047 761 3266 807 sanctus
3293 754 3579 808 Cornelius

1982 858 2120 912 papa
2156 862 2168 894 :
2201 860 2226 894 «
2261 845 2488 912 Omnia,
2536 845 2733 916 inquit,
2763 861 2886 916 quae
2914 845 3172 901 adversus
3222 847 3474 902 absentes
3520 848 3575 901 in

1983 936 2134 990 omni
2164 936 2388 1006 negotio
2419 946 2513 990 aut
2553 938 2673 992 loco
2698 948 2957 1010 aguntur,
2982 938 3326 1010 judicantur,
3353 941 3577 995 omnino
3658 981 3660 983 μ

1983 1029 2415 1096 evacuabuntur,
2444 1031 2705 1100 quoniam
2734 1029 3020 1086 absentem
3041 1033 3223 1087 nullus
3247 1033 3449 1088 addicit
3478 1049 3578 1087 nec

1985 1124 2089 1177 ulla
2119 1123 2197 1177 lex
2229 1123 2478 1178 damnat.
2513 1143 2537 1175 »
2590 1126 2843 1179 Zosimus
2873 1133 3056 1179 autem
3097 1142 3255 1196 papa,
3289 1127 3339 1180 in
3391 1127 3578 1181 ordine
3621 1127 3640 1136 '

1984 1217 2185 1282 XLIII,
2202 1232 2328 1271 cum
2342 1232 2554 1272 ccxvn
2576 1217 2845 1289 episcOpis
2860 1217 3104 1272 Africani
3127 1219 3361 1282 concilii,
3386 1235 3576 1289 quem-

1983 1309 2115 1364 libet
2143 1319 2520 1365 accusatorem
2562 1311 2673 1365 sive
2704 1320 3042 1378 accusatum,
3074 1309 3237 1366 etiam
3269 1312 3577 1381 absentem,

1984 1403 2378 1458 communione
2434 1405 2686 1474 privavit,
2741 1405 3054 1476 quicunque
3094 1413 3215 1475 post
3258 1404 3580 1459 canonicam

1985 1498 2327 1551 vocationem
2375 1499 2562 1551 venire
2603 1498 3040 1568 contempsisset.
3082 1501 3224 1552 Item
3269 1497 3581 1552 Bonifacius

1985 1606 2141 1662 papa,
2181 1606 2462 1645 successor
2490 1590 2628 1661 ejus,
2671 1590 2737 1646 de
2778 1591 3170 1645 contumaciter
3206 1591 3430 1646 absente
3488 1590 3581 1646 de-

1983 1684 2152 1738 crevit
2188 1700 2256 1738 ne
2286 1683 2605 1738 dilationem
2661 1685 2944 1740 sententiae
2991 1683 3059 1738 de
3111 1685 3355 1739 absentia
3411 1684 3584 1739 lucra-

1985 1785 2156 1832 retur.
2221 1780 2416 1832 Beatus
2455 1793 2672 1849 quoque
2722 1778 3018 1848 Gregorius
3087 1777 3390 1832 Maximum
3448 1792 3584 1846 prae-

287 1867 445 1922 bunt.
479 1890 504 1913 «
533 1863 864 1937 Hujusinodi
911 1865 1317 1937 adapertionem
1369 1867 1673 1922 intellectus
1720 1877 1773 1922 et
1823 1867 1879 1922 in
1907 1841 1954 1902 B
1987 1879 2328 1941 sumptorem
2355 1871 2737 1926 Salonitanum
2777 1888 2890 1925 non
2939 1872 3119 1926 solum
3173 1887 3270 1942 pro
3300 1870 3462 1925 illatis
3484 1871 3587 1925 cri—

286 1961 406 2030 ipsa
447 1976 596 2015 sacra
617 1962 892 2031 Scriptura
944 1976 1339 2031 nonnunquam
1370 1962 1672 2016 necessario
1702 1962 1886 2032 requi-

287 2054 483 2120 rimus,
532 2053 611 2108 uti
653 2054 710 2108 in
763 2054 855 2109 illo
890 2074 902 2106 :
961 2057 1085 2110 Non
1143 2053 1356 2109 occides
1388 2055 1581 2119 (Exod.
1610 2057 1735 2120 xx).
1766 2075 1791 2106 »
1825 2055 1880 2109 Si

289 2147 433 2202 enim
457 2146 588 2202 illud
618 2147 780 2202 nimis
800 2147 1115 2218 simpliciter
1135 2147 1480 2215 intellexeris,
1508 2149 1622 2218 ipsa
1657 2149 1741 2202 lex
1778 2148 1881 2203 sibi

291 2241 632 2312 repugnabit,
674 2257 794 2311 quae
825 2242 1123 2312 saepissime
1152 2241 1279 2296 alibi
1312 2257 1435 2295 reos
1466 2250 1640 2295 morte
1663 2241 1884 2296 multari

291 2333 549 2389 decrevit.
567 2337 696 2405 1pse
727 2351 946 2406 quoque
969 2339 1138 2401 Deus,
1161 2336 1252 2405 qui
1282 2335 1454 2405 legem
1484 2335 1741 2400 instituit,
1766 2351 1884 2405 per-

293 2443 440 2498 smpe
469 2428 676 2483 multos
705 2428 872 2483 occidi
903 2429 1176 2499 praecepit.
1198 2431 1279 2483 Ne
1305 2444 1435 2499 ergo
1466 2431 1647 2483 Deum
1677 2428 1887 2498 uspiam

296 2522 564 2576 contraria
614 2521 934 2594 praecepisse
984 2520 1358 2592 blasphemes,
1407 2520 1722 2591 praedictam
1764 2536 1888 2575 sen—

294 2613 524 2669 tentiam
581 2613 982 2670 consideratius
1027 2615 1331 2669 necessario
1369 2614 1668 2685 intelligere
1725 2612 1887 2668 debe~

297 2723 444 2775 mus,
472 2707 671 2763 scilicet
698 2723 758 2762 ea
787 2708 1226 2763 consideratione
1253 2723 1324 2762 ne
1357 2707 1545 2778 aliquis
1574 2723 1641 2761 ex
1671 2705 1890 2777 propria

299 2802 729 2872 praesumptione
763 2801 1004 2867 occidat;
1061 2805 1180 2856 Deo
1219 2808 1424 2868 autem,
1471 2800 1514 2855 si
1547 2799 1650 2854 hoc
1691 2815 1786 2870 per
1811 2815 1889 2866 se,

299 2895 415 2948 sive
459 2910 557 2966 per
583 2895 758 2967 legem
791 2895 892 2950 Dei
922 2896 1258 2966 praeceperit,
1291 2894 1510 2949 obedire
1537 2909 1651 2948 non
1677 2901 1889 2948 renuat.

301 2991 384 3042 Ita
408 2989 555 3042 enim
585 2991 649 3042 B.
676 2988 1011 3060 Augustinus
1035 2989 1091 3042 in
1111 2989 1204 3042 lib.
1239 3003 1260 3042 l
1293 2992 1372 3042 De
1410 2987 1554 3042 civit.
1592 2987 1712 3054 Dei,
1733 3001 1894 3058 expo-

300 3082 406 3148 nit,
448 3082 604 3152 juxta
646 3097 811 3152 quem
839 3097 952 3136 non
1002 3083 1118 3151 ipse
1150 3079 1345 3135 occidit
1388 3080 1642 3152 quisquis
1687 3080 1742 3134 in
1793 3079 1896 3134 hoc

303 3173 670 3230 ministerium
695 3174 914 3245 jubenti
945 3175 1148 3229 obedit.
1192 3173 1282 3229 Sic
1311 3189 1459 3244 ergo,
1503 3182 1557 3228 et
1583 3173 1638 3227 in
1677 3189 1897 3228 accusa-

307 3267 484 3332 tione,
507 3266 857 3322 subditorum
887 3283 1001 3321 non
1049 3265 1445 3330 obedientiam,
1499 3266 1594 3321 sed
1633 3281 1896 3336 praesum-

308 3360 554 3431 ptionem
586 3361 952 3430 proscriptam
978 3368 1352 3430 competenter
1373 3360 1743 3431 intelligimus.
1768 3359 1902 3413 Mul-

308 3453 379 3508 tis
410 3469 541 3508 sane
569 3453 944 3508 ecclesiasticis
975 3452 1414 3508 correctionibus
1455 3453 1510 3506 in
1554 3452 1904 3507 concessione

307 3546 622 3619 hujusmodi
654 3547 1014 3601 accusationis
1042 3555 1393 3617 prospectum
1422 3562 1533 3600 non
1565 3545 1902 3600 dubitamus.

312 3642 456 3695 Nam
496 3639 698 3710 praelati
757 3639 1064 3694 necessario
1103 3648 1158 3693 et
1221 3639 1323 3693 sibi
1370 3647 1426 3693 et
1471 3637 1705 3693 subditis
1753 3646 1906 3692 tanto

312 3731 486 3803 magis
529 3731 886 3802 prospiciunt,
923 3739 1125 3802 quanto
1173 3730 1346 3800 magis
1384 3747 1441 3786 se
1469 3740 1523 3786 et
1563 3747 1660 3802 per
1687 3746 1906 3785 accusa-

309 3825 522 3880 tionem
560 3824 912 3880 subditorum
946 3823 1161 3895 percelli
1203 3839 1361 3894 posse
1406 3840 1519 3878 non
1560 3824 1904 3879 dubitabunt.

310 3919 430 3971 Nec
485 3933 682 3988 parum
709 3917 1099 3972 ecclesiasticae
1129 3917 1435 3987 disciplina:
1465 3917 1843 3988 derogaretur,
1867 3917 1913 3971 si

314 4026 593 4081 nusquam
621 4009 941 4080 hujusmodi
985 4011 1261 4065 accusatio
1299 4010 1714 4065 concederetur.
1774 4013 1915 4065 Nam

316 4104 474 4173 pauci
525 4104 734 4174 praelati
786 4105 932 4159 illius
975 4101 1321 4174 perfectionis
1372 4104 1770 4170 invenirentur,
1826 4105 1917 4174 qui

315 4214 436 4252 non
464 4206 616 4252 tanto
643 4198 818 4268 magis
841 4205 895 4252 et
920 4212 977 4252 se
1007 4205 1062 4251 et
1105 4196 1357 4251 subditos
1397 4197 1454 4251 in
1502 4195 1788 4267 disciplina
1818 4213 1919 4251 ne-

318 4290 604 4361 gligerent,
646 4300 853 4360 quanto
884 4289 1058 4360 magis
1086 4305 1143 4344 se
1171 4305 1268 4360 per
1293 4289 1704 4344 accusationem
1728 4305 1921 4343 eorum

315 4383 385 4438 ad
407 4384 628 4454 aliquod
652 4383 924 4454 judicium
949 4383 1286 4438 coercendos
1306 4382 1675 4454 desperarent.
1713 4379 1925 4437 Subditi

315 4486 507 4531 tamen
560 4491 905 4546 nequaquam
950 4475 1054 4530 hoc
1091 4476 1296 4546 absque
1364 4476 1588 4547 majoris
1639 4476 1926 4547 potestatis

1989 1964 2246 2030 minibus,
2279 1964 2373 2018 sed
2427 1964 2588 2018 etiam
2617 1981 2712 2034 pro
2746 1965 2984 2018 absentia
3031 1964 3410 2019 damnandum
3435 1963 3582 2034 judi-

1990 2059 2154 2122 cavit,
2186 2073 2249 2112 eo
2281 2056 2430 2127 quod
2477 2057 2741 2112 canonice
2787 2066 3013 2112 vocatus
3060 2058 3246 2112 venire
3289 2057 3584 2111 distulerit.

1991 2154 2129 2206 Item
2192 2150 2513 2205 Theodorus
2555 2164 2713 2220 papa,
2765 2150 2930 2204 Paulo
2979 2150 3586 2219 Constantinopolitano

1993 2244 2256 2309 scribens,
2306 2243 2567 2314 praecepit
2613 2251 2675 2296 ut
2708 2242 2980 2313 Pyrrhum
3033 2241 3278 2313 ejusdem
3308 2241 3588 2311 quondam

1994 2336 2138 2392 sedis
2165 2336 2482 2407 episcopum
2525 2335 2808 2390 absentem
2849 2335 3133 2390 damnaret
3181 2353 3252 2390 τί(
3301 2335 3465 2405 Quia,
3506 2335 3594 2389 in-

1995 2431 2134 2501 quit,
2157 2429 2440 2500 praesentia
2470 2428 2587 2500 ejus
2612 2429 2915 2484 necessaria
2951 2445 3060 2484 non
3090 2437 3191 2496 est,
3232 2428 3388 2499 cujus
3412 2443 3574 2482 exces
3591 2459 3615 2468 -

2001 2539 2092 2577 sus
2123 2538 2363 2592 praesens
2405 2531 2506 2576 est.
2552 2546 2575 2569 ιι
2624 2525 2762 2576 Item
2799 2522 2944 2576 Felix
2977 2537 3112 2593 papa
3155 2521 3419 2578 Acacium
3446 2522 3590 2575 Con-

2001 2614 2540 2685 stantinopolitanum
2588 2614 2869 2669 absentem
2910 2614 3213 2680 damnavit,
3259 2614 3415 2686 cujus
3476 2629 3595 2668 sen-

2001 2708 2228 2763 tentiam
2275 2707 2465 2762 beatus
2494 2708 2764 2776 Gelasius,
2824 2723 3105 2761 successor
3134 2708 3270 2777 ejus,
3298 2706 3594 2777 irrefraga-

2001 2802 2097 2858 bili
2140 2801 2530 2872 approbatione
2563 2801 2892 2854 canonicam
2929 2799 3271 2854 monstravit.
3303 2802 3414 2854 Nec
3443 2801 3600 2870 plane

2001 2894 2363 2950 dubitaverim
2384 2894 2517 2964 quin
2545 2893 2726 2963 plures
2751 2892 3096 2946 inveniantur
3116 2892 3207 2961 qui
3237 2893 3308 2945 ita
3349 2892 3600 2946 absentes

2005 2987 2332 3043 sententiam
2363 2985 2743 3041 damnationis
2767 2985 3098 3054 exceperint,
3131 3000 3296 3055 quam
3338 2985 3427 3055 qui
3458 3000 3600 3054 pra:-

2005 3090 2185 3136 sentes
2215 3081 2537 3136 canonicam
2587 3080 3045 3134 examinationem
3098 3087 3151 3131 et
3191 3077 3600 3132 damnationem

2007 3175 2458 3245 exspectaverint.
2493 3177 2703 3228 Harum
2754 3179 2941 3226 autem
2989 3170 3392 3226 sententiarum
3429 3169 3603 3223 diver-

2008 3269 2230 3323 sitatem
2285 3267 2439 3322 facile
2469 3265 2950 3332 concordabimus,
2995 3264 3041 3317 si
3088 3264 3426 3333 superiorem
3479 3278 3605 3316 sen-

2005 3362 2245 3416 tentiam
2273 3360 2340 3415 de
2378 3360 2602 3414 absente
2650 3374 2762 3412 non
2790 3356 3084 3429 judicando
3113 3356 3178 3411 ad
3209 3355 3362 3410 illum
3397 3356 3606 3409 solum-

2012 3453 2180 3508 modo
2206 3452 2522 3517 referamus,
2561 3451 2717 3521 cujus
2757 3466 2917 3504 causa
2949 3449 3128 3504 adhuc
3167 3446 3483 3502 ventilanda
3534 3447 3610 3501 vi-

2015 3546 2194 3608 detur,
2241 3545 2333 3617 qui
2387 3547 2571 3600 locum
2620 3543 2990 3614 respondendi
3040 3542 3223 3612 potius
3269 3557 3379 3595 non
3420 3539 3608 3594 habuit

2016 3656 2185 3712 quam
2215 3639 2476 3694 canonice
2505 3638 2748 3692 oblatum
2802 3635 3135 3691 refutaVerit.
3175 3639 3308 3689 Nam
3354 3634 3396 3688 si
3451 3649 3609 3688 cano-

2018 3734 2137 3788 nice
2185 3741 2408 3786 vocatus
2435 3731 2621 3785 venire
2671 3729 3113 3798 contempsisset,
3156 3743 3258 3782 nec
3311 3736 3492 3781 tamen
3525 3741 3612 3779 ca-

2019 3827 2276 3881 nonicam
2308 3824 2720 3880 excusationem
2747 3822 3132 3893 praetenderet,
3175 3829 3288 3874 tam
3327 3817 3474 3890 apud
3515 3834 3615 3872 an-

2020 3921 2202 3990 tiquos
2225 3934 2390 3990 quam
2425 3917 2571 3987 apud
2598 3915 2898 3970 modernos
2925 3915 3095 3969 etiam
3129 3914 3324 3968 absens
3354 3911 3612 3967 canonice

2023 4011 2270 4068 damnari
2303 4019 2502 4082 posset.
2548 4009 2603 4064 Si
2657 4025 2787 4080 ergo
2818 4009 2892 4063 ita
2951 4008 3278 4078 exponimus
3324 4014 3614 4074 utramque

2023 4106 2350 4162 sententiam
2398 4103 2466 4158 de
2515 4102 2762 4166 absente,
2817 4102 3199 4155 rationabilem
3245 4115 3359 4154 esse
3406 4097 3614 4152 videbi-

2025 4216 2150 4254 mus
2189 4207 2331 4252 utet
2373 4197 2567 4251 absens
2603 4195 2879 4266 judicetur
2942 4194 3033 4265 qui
3075 4193 3399 4247 canonicam
3451 4205 3616 4243 voca—

2029 4294 2238 4345 tionem
2276 4289 2387 4342 sive
2433 4288 2865 4342 admonitionem
2900 4286 3291 4356 contempsisse
3322 4283 3618 4351 detegitur,

2030 4393 2085 4438 et
2129 4383 2324 4437 absens
2356 4395 2468 4434 non
2489 4379 2765 4450 judicetur
2794 4372 2860 4432 de
2916 4377 3069 4448 cujus
3123 4375 3473 4431 contumacia
3517 4373 3617 4428 ad-

2033 4477 2141 4532 huc
2193 4474 2498 4530 dubitatur.

319 4570 648 4625 auctoritate
680 4578 1034 4640 praesumant,
1062 4585 1130 4623 ne
1150 4569 1372 4641 dignam
1394 4585 1508 4626 sua:
1545 4570 1917 4629 damnationis
1948 4587 1999 4649 D
2097 4570 2183 4625 Sic
2213 4585 2341 4640 ergo
2389 4576 2444 4622 et
2473 4566 2530 4620 in
2570 4565 2687 4621 aliis
2712 4579 2990 4619 canonum
3019 4561 3429 4618 diversitatibus
3466 4576 3619 4616 com-

320 4663 648 4718 sententiam
654 4662 813 4733 juxta
825 4671 1027 4717 statuta
1044 4671 1365 4717 sanctorum
1378 4665 1604 4718 Patrum
1618 4665 1910 4736 excipiant.

395 4757 689 4811 Sciendum
737 4765 924 4810 autem
949 4755 1096 4827 quod
1128 4756 1334 4812 subditi
1367 4773 1462 4825 pro
1516 4759 1730 4827 pr0pria
1773 4761 1915 4831 inju-

323 4851 405 4905 ria
433 4858 485 4904 et
513 4850 706 4905 haeresi
733 4851 1018 4920 praelatum
1068 4865 1228 4903 suum
1277 4864 1530 4903 accusare
1575 4867 1688 4904 non
1726 4853 1910 4922 prohi-

323 4944 547 5010 bentur,
592 4943 747 5014 juxta
778 4941 910 4997 illud
947 4941 1266 5013 Symmachi
1313 4957 1465 5012 papae
1515 4941 1585 4996 ad
1613 4944 1915 5000 Caesarium

323 5037 640 5107 episcopum
673 5055 686 5090 :
716 5055 740 5087 «
789 5037 953 5102 Oves,
989 5036 1194 5105 inquit,
1235 5050 1399 5090 suum
1445 5043 1717 5105 pastorem
1760 5053 1916 5092 accu-

325 5147 451 5188 Sare
488 5147 597 5185 non
633 5139 882 5202 possunt,
907 5131 1013 5184 nisi
1046 5146 1143 5201 pro
1183 5129 1379 5184 haeresi
1409 5139 1504 5184 aut
1531 5131 1748 5201 propria
1777 5133 1918 5203 inju-

328 5226 435 5282 ria.
469 5245 494 5276 »
524 5225 669 5280 Hinc
701 5223 945 5282 Africani
993 5239 1249 5290 canones,
1282 5223 1577 5293 apostolica
1603 5225 1920 5280 auctoritate

330 5318 669 5392 promulgati
694 5327 749 5372 et
773 5318 1104 5382 conﬁrmati,
1127 5317 1463 5371 enumeratis
1514 5317 1770 5372 omnibus
1799 5318 1921 5388 qui-

327 5415 438 5470 bus
465 5409 754 5467 accusandi
817 5411 1027 5488 licentia
1073 5411 1392 5481 denegatur,
1445 5411 1632 5464 statim
1681 5411 1923 5466 subinfe-

331 5514 508 5562 runt:
551 5525 577 5557 ‹‹
624 5505 721 5559 His
747 5513 932 5559 tamen
964 5503 1220 5558 omnibus
1275 5503 1329 5557 in
1366 5504 1612 5575 propriis
1642 5504 1818 5561 causis
1842 5521 1928 5560 ac-

333 5597 569 5655 cusandi
599 5598 814 5654 licentia
842 5613 955 5652 non
1011 5596 1329 5668 denegatur.
1363 5619 1388 5645 ιο

414 5693 552 5745 Item
584 5692 762 5747 sancti
801 5693 991 5745 Patres
1025 5691 1330 5758 saepissime
1351 5689 1652 5745 decernunt
1695 5705 1772 5768 ne,
1804 5691 1927 5761 quis

337 5783 537 5840 absens
547 5784 842 5854 judicetur,
874 5797 936 5839 ut
967 5783 1161 5838 beatus
1175 5782 1513 5853 Zephyrinus
1533 5799 1700 5854 papa:
1727 5802 1753 5834 ς(
1792 5782 1928 5852 Quia

337 5877 468 5943 hoc,
500 5877 695 5950 inquit,
725 5887 778 5933 et
805 5877 996 5933 divina
1026 5885 1080 5934 et
1107 5875 1362 5932 humanae
1391 5875 1535 5946 leges
1561 5875 1868 5946 prohibent.
1899 5894 1925 5928 »

2026 4671 2306 4737 petentem
2339 4677 2564 4715 sensum
2621 4657 2896 4728 inquirere
2925 4655 3209 4718 debemus,
3241 4670 3309 4709 ne
3348 4654 3488 4710 forte
3517 4655 3623 4709 hu-

2020 4756 2262 4830 jusmodi
2315 4755 2548 4819 diversa,
2616 4766 3018 4822 nonnunquam
3060 4749 3212 4820 quasi
3262 4749 3622 4819 repugnantia

2021 4859 2227 4904 temere
2258 4861 2605 4917 respuamus,
2637 4859 2760 4916 quae
2792 4852 2984 4898 tamen
3012 4860 3077 4898 ex
3107 4843 3408 4914 apostolica
3440 4851 3624 4896 aucto-

2025 4943 2182 4997 ritate
2227 4940 2576 5010 promulgata
2606 4939 2722 4993 sive
2764 4936 3096 4992 conﬁrmata
3122 4953 3234 4992 non
3281 4937 3622 5007 ignoramus.

2029 5039 2126 5100 ita,
2155 5034 2404 5105 inquam,
2431 5030 2769 5104 intelligendi
2802 5031 3220 5103 congruentiam
3250 5029 3507 5100 indagare
3537 5043 3624 5082 co-

2028 5145 2248 5196 nemur,
2279 5143 2348 5182 ne
2373 5125 2687 5198 hujusmodi
2721 5133 2920 5179 statuta
2951 5127 3164 5195 uspiam
3194 5123 3298 5178 sibi
3353 5121 3623 5176 contraria

2029 5223 2478 5293 interpretemur.
2509 5221 2648 5274 Nam
2700 5217 2801 5289 ipsi
2855 5226 3045 5272 sancto
3091 5217 3314 5286 Spiritui
3369 5227 3625 5284 magnam

2031 5315 2293 5387 injuriam
2324 5313 2560 5385 irrogare
2586 5312 2859 5378 videmur,
2899 5313 2944 5366 si
2974 5310 3065 5364 illa
3095 5323 3216 5379 qua?
3239 5308 3353 5375 ipse
3383 5321 3478 5375 per
3497 5320 3628 5359 san-

2035 5417 2152 5464 ctos
2199 5410 2392 5462 Patres
2432 5407 2735 5461 instituisse
2789 5405 2999 5474 legitur,
3071 5399 3224 5469 quasi
3272 5399 3634 5468 contrariajet

2037 5502 2163 5558 ideo
2211 5499 2612 5555 contemnenda
2653 5493 2998 5568 interpretari
3029 5509 3143 5547 non
3178 5507 3449 5548 veremur.

2108 5597 2232 5651 Non
2266 5593 2442 5648 solum
2469 5600 2651 5648 autem
2682 5589 3030 5659 exceptiones
3059 5585 3446 5641 canonicarum
3474 5585 3630 5639 insti-

2038 5688 2340 5751 tutionum,
2368 5685 2461 5741 sed
2506 5693 2561 5740 et
2589 5685 2829 5754 integras
2853 5695 3042 5734 earum
3067 5677 3465 5749 descriptiones
3504 5676 3632 5731 dili-

2041 5787 2226 5854 genter
2253 5779 2600 5835 considerare
2630 5785 2685 5832 et
2711 5775 2777 5829 ad
2808 5773 3041 5828 invicem
3090 5771 3347 5828 conferre
3382 5785 3496 5824 non
3529 5777 3628 5824 tae-

2043 5874 2191 5943 deat,
2238 5875 2284 5930 si
2323 5872 2395 5929 ad
2445 5873 2664 5944 plenam
2692 5884 2882 5925 earum
2910 5866 3167 5923 notitiam
3210 5861 3496 5935 pervenire
3535 5879 3636 5919 nos
