4062 6182
596 255 732 307 1215

1595 251 1684 304 AD
1724 250 1950 306 oram
1986 250 2037 306 s.
2082 249 2403 305 GREGORII
2443 234 2879 304 APPENDIICES.

3664 258 3757 309 l216

588 377 773 432 libeat.
803 378 943 432 Nam
973 374 1227 446 quaslibet
1255 373 1430 445 capita
1460 373 1617 441 locis,
1667 374 1778 429 suis
1804 373 2171 438 considerata,
2205 382 2249 440 Α
2287 389 2412 428 cum
2442 372 2854 428 Narbonensem
2879 371 3195 442 episcopum
3217 370 3433 427 ﬁdeliter
3455 382 3528 427 est
3551 376 3758 433 tenenda:

591 485 985 538 nonnunquam
1017 468 1146 523 satis
1170 476 1353 537 aperte
1396 468 1688 537 patebunt;
1716 483 1860 539 quas,
1893 485 1986 538 per
2022 483 2079 522 se
2101 469 2176 522 in-

591 572 788 634 specta,
820 570 911 615 aut
936 561 1022 615 vix
1051 570 1146 615 aut
1170 562 1321 615 nullo
1348 561 1514 615 modo
1543 571 1922 632 competenter
1950 562 2173 632 intelligi

592 662 901 726 potuerunt.
937 655 1058 724 Ipsa
1102 655 1249 708 enim
1284 654 1691 709 circumstantia
1722 656 1967 710 lectionis
2007 655 2173 709 multa

589 747 749 801 nobis
778 747 1127 817 praescribere
1155 749 1315 815 solet,
1348 763 1470 818 quae
1509 764 1678 802 unum
1716 748 1988 819 singulare
2016 757 2178 818 caput

588 856 703 894 non
750 839 937 908 habet,
965 841 1079 895 sine
1112 842 1312 912 quibus
1342 849 1525 895 tamen
1554 841 1782 911 pleniter
1812 841 2036 912 intelligi
2066 857 2177 895 non

588 933 746 988 valet.
787 933 895 989 Sed
918 932 1259 988 diversorum
1279 942 1610 989 statutorum
1650 933 1717 988 ad
1747 935 1979 989 invicem
2010 934 2175 989 colla-

587 1026 663 1081 tio
692 1028 931 1081 multum
960 1044 1064 1081 nos
1084 1027 1325 1097 adjuvat,
1357 1026 1481 1097 quia
1513 1044 1682 1081 unum
1711 1043 1854 1098 saepe
1882 1027 2032 1081 aliud
2064 1029 2177 1081 elu-

586 1119 744 1174 cidat.
778 1120 1153 1175 Consideratio
1182 1136 1399 1191 quoque
1426 1128 1763 1190 temporum,
1796 1121 2045 1175 locorum
2068 1120 2177 1175 sive

588 1228 947 1282 personarum
963 1254 977 1280 ,
1025 1228 1171 1283 saepe
1192 1212 1346 1267 nobis
1365 1220 1768 1283 competentem
1786 1214 2179 1283 jsubministrat

590 1306 957 1372 intellectum;
990 1314 1051 1359 ut
1078 1306 1243 1359 etiam
1273 1305 1556 1361 diversitas
1596 1315 1929 1361 statutorum
1966 1323 2177 1377 nequa-

588 1413 753 1468 quam
806 1398 1043 1453 absurda
1072 1400 1150 1453 vel
1180 1400 1451 1453 contraria
1481 1399 1743 1464 videatur,
1789 1416 1914 1454 cum
1955 1400 2176 1455 diversi—

588 1492 685 1546 tati
710 1500 1043 1561 temporum,
1064 1492 1309 1547 locorum
1328 1493 1441 1547 sive
1463 1508 1817 1562 personarum
1836 1492 2176 1563 apertissime

589 1583 881 1639 distributa
908 1586 1225 1655 reperiatur.
1251 1588 1370 1640 Hoc
1399 1586 1585 1656 utique
1616 1587 1804 1641 lectori
1835 1586 2070 1641 multum
2092 1586 2175 1641 in-

588 1676 899 1747 telligentiae
962 1678 1345 1748 suppeditabit,
1378 1678 1420 1733 si
1482 1679 1798 1749 hujusmodi
1846 1688 2174 1734 statutorum

558 1769 875 1840 .originales
930 1786 1125 1824 causas
1162 1771 1427 1840 singulari
1454 1771 1730 1841 diligentia
1764 1771 2018 1841 indagare
2064 1788 2175 1826 non
2212 1748 2258 1808 Β

588 1861 812 1914 omittit.
844 1864 920 1915 Ex
948 1862 1041 1916 tali
1070 1862 1217 1916 enim
1249 1863 1597 1933 iudagatione
1628 1864 1801 1917 multa
1845 1864 2180 1919 rationabili-

586 1961 669 2008 ter
697 1954 946 2008 instituta
980 1955 1263 2024 parebunt,
1294 1972 1417 2025 qua:
1448 1956 1710 2026 ignoratis
1753 1971 1947 2011 eorum
1979 1958 2178 2023 causis,

591 2048 770 2102 minus
817 2047 1014 2101 idonea
1044 2048 1209 2103 videri
1252 2057 1569 2118 potuerunt.

660 2140 779 2193 Hoc
808 2140 991 2209 utique
1018 2140 1421 2195 studiosissime
1464 2141 1831 2212 indagandum
1866 2150 1918 2195 et
1954 2141 2179 2212 indaga-

585 2240 707 2285 tum
738 2232 1021 2287 memoriae
1048 2233 1313 2287 tenaciter
1338 2233 1834 2288 commendandum
1857 2252 1868 2287 :
1899 2234 2034 2305 quid
2050 2252 2180 2289 sau-

587 2325 657 2378 cti
687 2328 868 2379 Patres
889 2325 1306 2395 dispensatorie,
1334 2326 1484 2395 quasi
1512 2328 1582 2381 ad
1607 2335 1823 2396 tempus
1848 2328 2180 2384 servandum

588 2416 948 2481 instituerint;
991 2417 1120 2488 quid
1167 2418 1333 2472 etiam
1361 2419 1687 2490 generaliter
1734 2420 1887 2474 omni
1931 2428 2179 2492 tempore

591 2509 892 2564 tenendum
943 2510 1270 2565 censuerint.
1337 2511 1463 2566 Alia
1495 2512 1642 2566 enim
1673 2513 1810 2567 ratio
1861 2522 1943 2568 est
1987 2530 2181 2571 eorum

586 2618 710 2673 quae
760 2602 1153 2673 dispensatorie
1196 2604 1441 2659 instituta
1490 2605 1763 2673 videntur,
1811 2607 1914 2661 alia
1952 2624 2178 2678 genera-

586 2695 739 2749 lium.
772 2695 935 2751 Unde
964 2696 1154 2751 beatus
1186 2698 1542 2753 Innocentius
1585 2714 1719 2770 papa
1758 2698 1827 2754 ad
1850 2700 2180 2757 Macedones

584 2787 867 2858 episcopos
902 2788 1144 2844 scribens
1175 2810 1187 2844 :
1226 2814 1250 2837 α
1303 2790 1463 2859 Quod
1492 2792 1805 2857 necessitas,
1856 2794 2051 2865 inquit,
2080 2811 2177 2865 pro

584 2881 827 2936 remedio
876 2882 1094 2952 reperit,
1142 2884 1468 2939 necessitate
1493 2893 1760 2949 cessante,
1794 2886 1957 2941 debet
1986 2890 2176 2959 utique

584 2989 796 3029 cessare
838 2974 1039 3043 pariter
1085 2975 1233 3045 quod
1258 2977 1520 3047 urgebat;
1573 2979 1699 3048 quia
1745 2978 1884 3033 alius
1927 2981 2064 3036 ordo
2095 2991 2175 3037 est

2290 488 2313 518 ((
2347 468 2521 533 Sicut,
2545 466 2743 537 inquit,
2767 463 3019 536 quaedam
3047 473 3305 536 suntquae
3328 466 3464 520 nulla
3482 468 3652 521 ratione
3676 487 3763 524 con-

2286 562 2403 616 velli
2442 568 2691 631 possunt,
2742 560 2816 613 ita
2868 558 3129 613 nonnulla
3157 567 3280 613 sunt
3304 574 3417 629 qua!
3459 568 3541 614 aut
3572 577 3649 630 pro
3669 578 3763 616 cnn-

2260 655 2615 709 ‘sideratione
2635 661 2878 717 mtatum,
2917 661 3010 706 aut
3040 667 3134 722 pro
3155 653 3452 707 necessitate
3477 668 3626 707 rerum
3652 671 3765 725 opor-

2287 755 2399 802 teat
2426 746 2713 816 temperari
2736 765 2751 811 ;
2776 746 2862 799 illa
2890 760 3106 815 semper
3126 744 3425 799 conditione
3452 756 3630 800 servata
3653 757 3711 809 ut.
3732 748 3765 802 in

2284 840 2367 895 his
2390 856 2510 911 quae
2536 840 2617 893 vel
2653 838 2819 893 dubia
2849 837 3055 892 fuerint
3080 838 3160 892 vel
3191 837 3430 903 obscura,
3465 838 3513 893 id
3535 841 3768 895 noverimus

2283 933 2623 1005 sequendum
2652 930 2797 1002 quod
2825 947 2927 986 nec
2972 932 3252 1002 praeceptis
3284 932 3586 1003 Evangelicis
3618 943 3770 987 contra-

2285 1028 2453 1093 rium,
2502 1042 2604 1081 nec
2644 1024 2872 1080 decretis
2926 1032 3243 1079 sanctorum
3281 1027 3485 1079 Patrum
3535 1025 3770 1080 inveniatur

2287 1120 2598 1174 adversum.
2656 1142 2680 1165 ιο

2360 1215 2516 1267 Hanc
2539 1220 2724 1267 autem
2763 1210 3077 1266 facultatem
3107 1213 3559 1281 temperandorum
3584 1211 3673 1264 sive
3693 1226 3774 1265 mu-

2286 1305 2583 1361 tandorum
2619 1321 2891 1360 canonum
2941 1307 3193 1358 Romano
3241 1302 3469 1373 pontiﬁci
3503 1303 3774 1374 potissimum

2287 1399 2531 1470 adjacere
2568 1415 2675 1454 non
2706 1399 3023 1453 dubitamus
3042 1406 3105 1451 ut
3128 1398 3299 1453 sancti
3328 1400 3500 1452 Patres
3523 1397 3771 1452 docuerunt.

2289 1496 2432 1548 Nam
2462 1494 2651 1547 beatus
2681 1492 2933 1547 Gelasius
2958 1500 3011 1547 et
3038 1491 3293 1546 Nicolaus
3328 1507 3457 1561 papa
3489 1494 3511 1545 Ι
3536 1491 3583 1543 in
3602 1489 3775 1545 decretis

2287 1602 2498 1651 eorum,
2528 1584 2886 1656 Symmachus
2910 1601 3039 1640 vero
3060 1584 3113 1639 in
3139 1584 3368 1657 generali
3390 1583 3593 1655 synodo,
3619 1582 3772 1637 diverso

2288 1679 2511 1749 quidem
2541 1687 2810 1749 tempore,
2852 1678 2949 1733 sed
2975 1677 3164 1733 eadem
3198 1693 3325 1732 voce
3351 1676 3414 1731 de
3438 1676 3639 1730 Romani
3658 1675 3776 1746 ponti-

2288 1772 2405 1827 ﬁcis
2451 1772 2772 1827 auctoritate
2831 1772 3128 1841 protestati
3168 1779 3314 1825 sunt.
3361 1792 3384 1817 α
3413 1769 3695 1831 Necessaria,
3716 1769 3777 1821 in-

2287 1866 2504 1935 quiunt,
2536 1880 2720 1919 rerum
2770 1864 3131 1936 dispositione
3170 1863 3567 1934 contringimur,
3613 1869 3655 1914 et
3687 1876 3776 1930 apo~

2288 1960 2495 2013 stolicaa
2537 1958 2684 2013 sedis
2716 1957 3095 2013 moderamine
3124 1958 3471 2012 convenimur
3489 1954 3556 2009 sic
3576 1969 3776 2008 canonum

2287 2053 2644 2105 Paternorum
2691 2050 2911 2106 decreta
2952 2050 3169 2117 librare,
3202 2058 3259 2105 et
3285 2058 3425 2105 retro
3454 2046 3697 2119 praesulum
3720 2044 3779 2098 de-

2287 2159 2678 2214 cessorumque
2729 2153 3047 2198 nostrorum
3094 2152 3361 2214 praecepta
3414 2141 3591 2207 metiri,
3631 2148 3679 2192 ut
3700 2152 3781 2207 quia

2288 2238 2639 2307 praesentium
2689 2237 2982 2291 necessitas
3018 2245 3339 2306 temporum
3382 2232 3694 2289 restaurandis
3717 2233 3781 2283 Fr-

2286 2329 2462 2384 clesiis
2489 2330 2756 2400 deposcit,
2812 2330 3052 2385 adhibita
3108 2328 3537 2384 consideratione
3575 2323 3780 2395 diligenti.

2288 2432 2556 2494 quantum
2581 2432 2761 2494 potest
2805 2423 2923 2477 ﬁeri
2954 2433 3347 2494 temperemus.
3380 2443 3406 2473 »

2358 2519 2470 2571 Nec
2512 2516 2735 2571 mireris
2773 2516 2817 2570 si
2853 2516 3088 2570 Romani
3146 2514 3424 2586 pontiﬁces
3467 2514 3590 2567 hanc
3628 2523 3785 2578 semper

2289 2611 2633 2682 peculiariter
2662 2609 2949 2664 habuerint
2997 2617 3326 2679 potestatem
3372 2616 3429 2661 ut
3479 2619 3678 2661 canones
3713 2616 3781 2671 pro

2287 2710 2535 2773 tempore
2573 2701 2974 2773 dispensarent.
3026 2703 3135 2771 Ipsi
3172 2703 3322 2757 enim
3370 2708 3489 2756 sunt
3513 2706 3712 2753 auctores
3730 2708 3784 2746 ra-

2288 2812 2522 2861 nonum,
2555 2805 2610 2851 et
2637 2796 2724 2850 illa
2755 2795 2910 2850 sedes
2939 2810 3156 2865 semper
3197 2794 3387 2849 habuit
3416 2793 3509 2847 hoc
3528 2787 3783 2862 privilegium

2286 2898 2345 2944 ut
2389 2888 2617 2960 ligatum
2648 2890 2728 2943 vel
2771 2889 3015 2944 solutum
3060 2890 3135 2942 sit
3185 2886 3448 2959 quidquid
3474 2886 3573 2955 ipsa
3610 2878 3785 2951 ligaverit

2284 2983 2363 3036 vel
2404 2983 2646 3037 solverit.
2689 2980 2870 3051 Unde,
2916 2983 3067 3053 juxta
3116 2981 3512 3037 attestationem
3552 2982 3784 3030 sanctorum

584 3066 882 3136 legitimus,
935 3067 1039 3121 alia
1063 3070 1378 3138 usurpatio,
1426 3086 1591 3141 quam
1642 3070 1713 3125 ad
1771 3087 2009 3141 praesens
2049 3076 2167 3129 ﬁeri
2207 3093 2252 3156 ς
2285 3076 2804 3139 Patrum,omnibus
2822 3074 3077 3130 Ecclesiis
3096 3070 3574 3146 praeeminet,et.de
3596 3065 3787 3123 omnibus

576 3168 798 3229 tempus
815 3160 1064 3229 impellit.
1089 3162 1158 3215 Et
1178 3161 1469 3226 advertite,
1502 3162 1649 3234 quod
1671 3164 1881 3235 utique,
1905 3175 1961 3220 ut
1977 3166 2178 3239 dicitis,

588 3253 879 3307 necessitas
910 3252 1229 3321 imperavit,
1256 3254 1310 3309 in
1338 3270 1469 3325 pace
1504 3256 1620 3326 jam
1656 3258 1925 3313 Ecclesias
1968 3264 2174 3317 consti-

585 3353 729 3399 tutas
765 3361 876 3399 non
906 3361 1064 3415 posse
1111 3362 1464 3417 praesumere.
1525 3372 1548 3396 υ
1582 3352 1699 3404 Hac
1742 3351 1953 3408 ratione
1984 3353 2177 3412 beatus

585 3439 934 3493 Innocentius
963 3447 1232 3496 statutum
1278 3442 1485 3498 Μοωοὶ
1519 3444 1735 3498 concilii
1785 3444 1877 3507 de,
1909 3445 2177 3506 haereticis

583 3546 709 3585 cum
757 3531 949 3587 ordine
982 3534 1307 3603 recipiendis
1352 3551 1461 3590 non
1511 3536 1628 3607 jam
1656 3538 2047 3595 attendendum
2094 3558 2180 3597 as-

583 3624 776 3689 seruit,
808 3639 872 3677 eo
901 3624 1051 3695 quod
1080 3627 1373 3681 necessitas
1402 3628 1495 3681 illo
1547 3637 1795 3699 tempore
1832 3632 1947 3701 jam
1994 3642 2173 3689 trans-

586 3714 711 3768 ierit
760 3730 884 3784 quae
930 3716 1189 3772 Nicaznos
1226 3721 1417 3773 Patres
1466 3720 1536 3774 ita
1570 3722 1901 3779 Novatianos
1939 3727 2176 3797 recipere

585 3807 932 3875 compulerit.
987 3809 1151 3864 Unde
1178 3820 1233 3864 et
1278 3809 1522 3866 Africani
1564 3818 1774 3882 Patres,
1807 3832 1925 3887 cap.
1959 3826 2048 3885 32,
2079 3819 2175 3875 de-

585 3908 875 3953 creverunt
930 3916 999 3954 ne
1046 3902 1348 3957 Donatista:
1387 3920 1513 3958 cum
1544 3906 1733 3962 ordine
1783 3911 2174 3980 reciperentur,

588 3991 693 4045 illis
734 4000 919 4047 tamen
970 3994 1211 4063 exceptis
1252 4010 1347 4064 per
1374 4012 1612 4066 quorum
1655 4002 2053 4072 susceptionem
2084 4020 2176 4060 ec-

585 4085 908 4142 clesiasticae
925 4086 1142 4141 utilitati
1170 4089 1564 4145 consuleretur.

653 4182 739 4234 De
769 4178 853 4234 bis
881 4187 1066 4234 autem
1090 4195 1213 4250 quae
1232 4197 1345 4236 non
1373 4181 1807 4254 dispensatorie,
1830 4186 1927 4243 sed
1948 4205 2174 4261 genera-

584 4271 707 4327 liter
750 4271 997 4327 instituta
1026 4282 1173 4340 sunt,
1200 4285 1420 4330 sanctus
1467 4280 1582 4333 Leo
1613 4295 1745 4350 papa
1800 4283 2010 4351 primus
2054 4300 2173 4340 om.

582 4364 744 4420 nibus
772 4364 1045 4436 episcopis
1074 4366 1318 4422 scribens
1346 4376 1577 4424 testatur
1610 4389 1624 4426 :
1655 4395 1680 4418 α
1711 4375 1854 4440 Non,
1878 4375 2081 4446 inquit,
2120 4378 2175 4432 in

2282 3168 2533 3239 judicare
2563 3177 2761 3238 potest.
2797 3171 2916 3223 Hoc
2951 3170 3139 3239 utique
3174 3167 3504 3240 privilegium
3547 3160 3663 3216 nulla
3693 3154 3786 3211 indi-

2288 3260 2462 3333 gnitas
2501 3259 2908 3331 praesidentium
2938 3261 3271 3317 imminuere
3318 3260 3520 3331 poterit,
3567 3256 3785 3309 attestante

2286 3353 2599 3408 beatissimo
2627 3369 2759 3424 papa
2774 3356 2960 3409 Leone
2994 3372 3006 3407 :
3044 3377 3067 3399 ιι
3095 3354 3235 3421 Etsi,
3259 3353 3448 3425 inquit,
3473 3354 3783 3413 nonnunquam

2284 3447 2494 3502 diversa
2534 3455 2665 3502 sunt
2695 3447 2891 3501 merita
2922 3446 3247 3517 praesulum,
3268 3447 3385 3517 jura
3434 3454 3593 3498 tamen
3632 3448 3783 3508 perma-

2284 3550 2419 3595 nent
2445 3540 2684 3606 scdium,
2710 3539 2909 3611 quibus
2938 3548 3168 3609 possunt
3199 3539 3385 3596 aemuli
3412 3531 3785 3609 perturbationem
3868 3574 3873 3579 ,

2284 3633 2525 3704 aliquam
2580 3631 2829 3688 fortassis
2866 3631 3085 3700 inferre,
3130 3650 3248 3688 non
3278 3642 3453 3688 tamen
3498 3631 3686 3699 possunt
3719 3617 3784 3671 mi-

2285 3742 2456 3782 nuere
2495 3726 2838 3797 dignitatem.
2903 3728 3015 3780 Nec
3063 3726 3181 3797 ipse
3234 3733 3456 3781 sanctus
3500 3724 3677 3779 Petrus,
3717 3724 3782 3765 ne-

2285 3818 2417 3874 dum
2444 3820 2638 3890 aliquis
2664 3822 2931 3874 Romanae
2961 3818 3107 3874 sedis
3127 3820 3435 3891 episcopus,
3457 3817 3660 3886 aliquem
3674 3816 3786 3861 suum

2283 3928 2673 3979 successorem,
2693 3913 2874 3984 aliquo
2904 3912 3221 3983 praajudicio
3238 3928 3297 3967 ea
3325 3917 3574 3985 potestate
3601 3896 3785 3975 privavit.

2284 4005 2415 4076 quin
2442 4004 2638 4061 eadem
2680 4006 3003 4060 auctoritate
3033 4006 3188 4060 omni
3235 4005 3515 4069 Ecclesiae,
3543 4014 3636 4054 non
3657 3992 3780 4048 solum

2284 4098 2541 4170 antiquis,
2573 4098 2668 4154 sed
2710 4107 2765 4153 et
2793 4098 2951 4153 novis
2982 4098 3277 4163 institutis,
3310 4112 3451 4152 nunc
3481 4093 3646 4153 lenius,
3681 4094 3783 4138 ηυοσ

2282 4193 2524 4247 severius
2569 4193 2854 4247 consulere
2888 4199 3069 4261 posset
3120 4192 3240 4246 imo
3271 4190 3516 4255 deberet,
3546 4188 3671 4257 prout
3690 4186 3785 4229 tem-

2287 4285 2403 4355 pori
2443 4300 2543 4339 suo
2585 4293 2954 4354 Opportunum
2986 4284 3102 4339 fore
3130 4284 3360 4339 videret.
3388 4285 3503 4337 Hoc
3532 4278 3683 4345 utique
3706 4267 3785 4321 sin-

2285 4377 2497 4447 gularia
2526 4381 2913 4432 Romanorum
2955 4376 3308 4448 pontiﬁcum'
3330 4377 3541 4431 decreta
3578 4370 3791 4424 testantur,

585 4459 905 4529 cujusquam
941 4475 1173 4531 persona
1209 4464 1745 4532 pratermittendum
1791 4475 1873 4520 est
1917 4470 2062 4539 quod
2119 4462 2175 4524 in
2200 4468 2248 4527 D
2280 4471 2337 4523 in
2374 4470 2568 4539 quibus
2598 4470 2697 4539 ipsi
2728 4486 2957 4525 suorum
2988 4479 3309 4539 temporum
3338 4461 3704 4523 necessitatibus
3726 4450 3784 4505 di-

584 4551 922 4621 generalibus
950 4554 1168 4608 statutis
1219 4556 1543 4611 continetur.
1575 4581 1597 4603 ιι
1627 4560 1763 4627 Quae
1801 4560 1965 4615 etiam
2011 4562 2173 4618 Gela-

584 4642 697 4697 sius
741 4659 873 4713 papa
919 4660 1135 4717 semper
1172 4649 1490 4717 regulariter
1534 4650 1888 4708 custodienda
1928 4654 2168 4726 judicat,

582 4734 689 4789 nisi
721 4735 900 4805 aliqua
926 4738 1003 4791 vel
1026 4754 1213 4793 rerum
1240 4742 1319 4795 vel
1344 4750 1657 4814 temporum
1692 4757 1981 4819 perurgeat
2000 4765 2169 4819 angu-

579 4828 701 4884 stia.
729 4830 868 4882 Nam
890 4837 945 4881 et
968 4829 1034 4884 de
1063 4831 1146 4884 his
1173 4847 1572 4904 nonnunquam
1601 4838 1798 4908 aliquid
1819 4850 2038 4896 sanctos
2070 4844 2170 4897 Pa-

580 4930 691 4977 tres
718 4921 992 4976 remisisse
1047 4924 1298 4994 leguntur
1328 4943 1423 4996 pro
1451 4931 1773 4986 necessitate
1818 4941 2165 5004 temporum,

582 5021 641 5067 ut
668 5014 723 5067 iu
751 5014 1091 5069 ordinatione
1109 5018 1275 5070 sancti
1299 5020 1595 5087 Ambrosii,
1618 5038 1781 5092 quem
1803 5040 1867 5079 ex
1890 5027 2169 5099 neophyto

581 5107 969 5161 ordinaverunt
998 5127 1008 5160 :
1032 5108 1179 5178 quod
1205 5116 1389 5165 tamen
1418 5114 1742 5183 generaliter
1762 5132 2037 5172 canonum
2064 5121 2170 5175 ins-

580 5200 741 5255 tituta
792 5200 1203 5271 prohibuerunt.
1253 5203 1389 5256 Item
1438 5203 1582 5259 idem
1636 5209 1769 5274 Leo,
1815 5209 1907 5279 qui
1970 5225 2166 5281 supra,

579 5294 843 5363 quosdam
874 5309 938 5348 ex
964 5294 1113 5349 laicis
1146 5292 1423 5353 ordinatos
1446 5296 1499 5350 in
1528 5298 1843 5370 episcopatu
1870 5302 2167 5360 conﬁrma-

581 5385 678 5452 vit,
720 5386 843 5440 lieet
872 5394 924 5440 et
954 5386 1057 5442 hoc
1085 5388 1257 5442 sancti
1280 5390 1473 5444 Patres
1494 5393 1821 5460 generaliter
1838 5395 1956 5466 jam
1988 5397 2168 5467 prohi-

582 5478 819 5533 buerint.

650 5572 788 5626 Cum
836 5580 1021 5628 autem
1052 5573 1234 5646 aliqua
1279 5575 1621 5632 rationabilis
1661 5595 1828 5635 causa
1866 5584 2168 5640 occurrerit

581 5679 704 5734 quae
752 5679 938 5719 sacros
966 5680 1199 5721 canones
1227 5667 1625 5739 aliquantulum
1653 5676 1948 5745 temperari
1976 5692 2168 5748 exege-

584 5756 677 5823 rit,
702 5772 919 5830 semper
946 5756 1036 5815 illa
1063 5758 1311 5831 ejusdem
1356 5763 1555 5821 Leonis
1582 5768 1848 5822 sententia
1884 5770 1955 5823 ad
1994 5770 2167 5826 Busti-

2283 4578 2440 4617 verso
2483 4562 2651 4617 modo
2694 4562 3033 4619 consuluisse
3074 4564 3351 4634 leguntur.
3396 4558 3593 4618 Nicaeni
3631 4557 3790 4622 φιοαυε

2282 4672 2518 4711 canones
2560 4657 2796 4711 Romani
2828 4656 3104 4728 pontiﬁcis
3146 4656 3492 4729 privilegium
3531 4658 3682 4706 ratum
3712 4650 3792 4694 es“?

2282 4749 2588 4812 voluerunt,
2642 4766 2768 4804 cum
2799 4749 2867 4805 ad
2900 4750 3215 4820 exemplum
3266 4750 3385 4823 ejus
3414 4749 3565 4804 etiam
3608 4736 3792 4796 omnium

2281 4842 2688 4912 provinciarum
2711 4843 3006 4914 privilegia,
3024 4841 3341 4914 judicarent
3368 4831 3692 4897 observanda.

2350 4937 2707 5007 Nequaquam
2728 4952 2854 5007 ergo
2880 4935 3086 5007 aliquid
3110 4939 3398 4991 Romanus
3422 4928 3635 5005 pontifex
3658 4925 3793 4978 contra

2279 5044 2513 5083 canones
2533 5030 2662 5100 agit,
2685 5028 2728 5083 si
2748 5028 2965 5098 quando
2987 5029 3129 5095 illos,
3154 5045 3258 5099 pro
3280 5023 3795 5105 considerationetem:

2282 5135 2499 5190 porum,
2526 5137 2673 5174 nunc
2718 5118 2979 5187 intendit,
3014 5136 3167 5175 nunc
3212 5119 3466 5185 remittit,
3513 5128 3625 5171 cum
3651 5116 3695 5164 et
3726 5103 3795 5172 ipsil

2280 5230 2512 5270 canones
2542 5216 2647 5268 tale
2694 5214 3034 5285 privilegium
3084 5214 3456 5269 indubitanter
3474 5199 3790 5266 concesserint

2279 5309 2324 5362 si
2373 5316 2425 5362 et
2467 5309 2559 5362 alii
2590 5307 2853 5378 episcopi,
2880 5310 2981 5363 etsi
3012 5308 3163 5363 nullo
3222 5308 3406 5370 modo,
3434 5314 3493 5360 ut
3520 5296 3686 5373 praesul
3706 5302 3795 5361 aP°'

2278 5400 2525 5467 stolicus,
2559 5401 2638 5454 vel
2681 5416 2920 5456 canones
2951 5402 3260 5469 instituere,
3304 5400 3385 5454 vel
3415 5400 3534 5471 jam
3576 5388 3792 5446 institutos

2274 5492 2521 5563 judicare
2544 5494 2775 5560 valeant,
2806 5494 3099 5565 aliquando
3129 5501 3345 5560 tamen,
3379 5506 3473 5562 pro
3504 5484 3696 5544 modulo
3710 5488 3793 5533 ευον

2278 5587 2457 5657 aliqua
2484 5594 2687 5642 statuta
2717 5596 3026 5659 temperant
3045 5629 3059 5653 ,
3091 5594 3144 5642 et
3172 5587 3281 5643 hoc
3310 5587 3539 5641 maxime
3568 5581 3619 5634 in
3636 5569 3793 5643 lesibus

2278 5680 2690 5751 pmnitentium,
2732 5681 2879 5752 quod
2904 5682 3069 5737 etiam
3096 5680 3203 5749 ipsi
3236 5694 3470 5735 canones
3512 5673 3605 5731 illis
3648 5672 3789 5723 conce-

2279 5774 2439 5830 dunt.
2472 5775 2610 5829 Nam
2640 5775 2929 5831 Nicaauum
2987 5773 3287 5831 concilium
3326 5767 3579 5844 episcOpis
3628 5764 3793 5817 conoes-
