  <div class='ocr_page' id='page_1' title='image "/cluster/home/n/w/nwhite01/storage/ocr_20150623/148/hvd.32044054760061/614.png"; bbox 0 0 4062 6182; ppageno 0'>
   <div class='ocr_carea' id='block_1_1' title="bbox 301 289 437 340">
    <p class='ocr_par' dir='ltr' id='par_1_1' title="bbox 301 289 437 340">
     <span class='ocr_line' id='line_1_1' title="bbox 301 289 437 340; baseline -0.007 -1"><span class='ocrx_word' id='word_1_1' title='bbox 301 289 437 340; x_wconf 73' lang='grc'><strong>1217</strong></span> 
     </span>
    </p>
   </div>
   <div class='ocr_carea' id='block_1_2' title="bbox 1205 291 2671 353">
    <p class='ocr_par' dir='ltr' id='par_1_2' title="bbox 1205 291 2671 353">
     <span class='ocr_line' id='line_1_2' title="bbox 1205 291 2671 353; baseline 0.007 -9"><span class='ocrx_word' id='word_1_2' title='bbox 1205 291 1491 345; x_wconf 82' lang='grc' dir='ltr'><strong>ΑΡΡΕΝΙ).</strong></span> <span class='ocrx_word' id='word_1_3' title='bbox 1530 292 1615 345; x_wconf 88' lang='lat' dir='ltr'><strong>Ill.</strong></span> <span class='ocrx_word' id='word_1_4' title='bbox 1654 320 1721 330; x_wconf 95' lang='lat'>—</span> <span class='ocrx_word' id='word_1_5' title='bbox 1759 291 2177 349; x_wconf 81' lang='lat' dir='ltr'><strong>MONUMENTA</strong></span> <span class='ocrx_word' id='word_1_6' title='bbox 2214 295 2671 353; x_wconf 80' lang='lat' dir='ltr'><strong>GREGORIANA.</strong></span> 
     </span>
    </p>
   </div>
   <div class='ocr_carea' id='block_1_3' title="bbox 3452 309 3588 363">
    <p class='ocr_par' dir='ltr' id='par_1_3' title="bbox 3452 309 3588 363">
     <span class='ocr_line' id='line_1_3' title="bbox 3452 309 3588 363; baseline 0.007 -3"><span class='ocrx_word' id='word_1_7' title='bbox 3452 309 3588 363; x_wconf 74' lang='lat' dir='ltr'><strong>I218</strong></span> 
     </span>
    </p>
   </div>
   <div class='ocr_carea' id='block_1_4' title="bbox 294 406 3585 499">
    <p class='ocr_par' dir='ltr' id='par_1_4' title="bbox 294 406 3585 499">
     <span class='ocr_line' id='line_1_4' title="bbox 294 406 3585 499; baseline 0.007 -36"><span class='ocrx_word' id='word_1_8' title='bbox 294 410 431 465; x_wconf 91' lang='lat' dir='ltr'><strong>sisse</strong></span> <span class='ocrx_word' id='word_1_9' title='bbox 460 410 660 481; x_wconf 81' lang='lat' dir='ltr'><strong>legitur</strong></span> <span class='ocrx_word' id='word_1_10' title='bbox 682 420 745 467; x_wconf 91' lang='lat' dir='ltr'><strong>ut</strong></span> <span class='ocrx_word' id='word_1_11' title='bbox 768 411 934 483; x_wconf 86' lang='lat' dir='ltr'><strong>digne</strong></span> <span class='ocrx_word' id='word_1_12' title='bbox 955 414 1279 483; x_wconf 77' lang='lat' dir='ltr'><strong>panitentes</strong></span> <span class='ocrx_word' id='word_1_13' title='bbox 1308 414 1601 470; x_wconf 88' lang='lat' dir='ltr'><strong>humanius</strong></span> <span class='ocrx_word' id='word_1_14' title='bbox 1643 423 1885 471; x_wconf 83' lang='lat' dir='ltr'><strong>tracteu-</strong></span> <span class='ocrx_word' id='word_1_15' title='bbox 1918 421 1971 481; x_wconf 86' lang='grc' dir='ltr'><strong>Α</strong></span> <span class='ocrx_word' id='word_1_16' title='bbox 2005 426 2147 487; x_wconf 89' lang='lat' dir='ltr'><strong>tum,</strong></span> <span class='ocrx_word' id='word_1_17' title='bbox 2178 420 2223 473; x_wconf 90' lang='lat' dir='ltr'><strong>si</strong></span> <span class='ocrx_word' id='word_1_18' title='bbox 2253 430 2601 491; x_wconf 89' lang='lat' dir='ltr'><strong>paternarum</strong></span> <span class='ocrx_word' id='word_1_19' title='bbox 2630 424 2832 496; x_wconf 87' lang='lat' dir='ltr'><strong>regula</strong></span> <span class='ocrx_word' id='word_1_20' title='bbox 2866 406 3231 496; x_wconf 87' lang='lat' dir='ltr'><strong>sanctionum,</strong></span> <span class='ocrx_word' id='word_1_21' title='bbox 3264 444 3386 499; x_wconf 89' lang='lat' dir='ltr'><strong>qua</strong></span> <span class='ocrx_word' id='word_1_22' title='bbox 3408 430 3475 485; x_wconf 91' lang='lat' dir='ltr'><strong>ad</strong></span> <span class='ocrx_word' id='word_1_23' title='bbox 3496 438 3585 485; x_wconf 87' lang='lat' dir='ltr'><strong>to-</strong></span> 
     </span>
    </p>
   </div>
   <div class='ocr_carea' id='block_1_5' title="bbox 295 506 1889 579">
    <p class='ocr_par' dir='ltr' id='par_1_5' title="bbox 295 506 1889 579">
     <span class='ocr_line' id='line_1_5' title="bbox 295 506 1889 579; baseline 0.005 -23"><span class='ocrx_word' id='word_1_24' title='bbox 295 510 404 569; x_wconf 90' lang='lat' dir='ltr'><strong>tur,</strong></span> <span class='ocrx_word' id='word_1_25' title='bbox 432 512 485 558; x_wconf 91' lang='lat' dir='ltr'><strong>et</strong></span> <span class='ocrx_word' id='word_1_26' title='bbox 504 506 829 561; x_wconf 86' lang='lat' dir='ltr'><strong>canonicam</strong></span> <span class='ocrx_word' id='word_1_27' title='bbox 855 507 1201 562; x_wconf 84' lang='lat' dir='ltr'><strong>severitatem</strong></span> <span class='ocrx_word' id='word_1_28' title='bbox 1234 508 1291 563; x_wconf 91' lang='lat' dir='ltr'><strong>in</strong></span> <span class='ocrx_word' id='word_1_29' title='bbox 1319 509 1399 564; x_wconf 91' lang='lat' dir='ltr'><strong>eis</strong></span> <span class='ocrx_word' id='word_1_30' title='bbox 1418 508 1760 579; x_wconf 88' lang='lat' dir='ltr'><strong>aliquatenus</strong></span> <span class='ocrx_word' id='word_1_31' title='bbox 1785 509 1889 564; x_wconf 89' lang='lat' dir='ltr'><strong>mi-</strong></span> 
     </span>
    </p>
   </div>
   <div class='ocr_carea' id='block_1_6' title="bbox 294 596 1884 673">
    <p class='ocr_par' dir='ltr' id='par_1_6' title="bbox 294 596 1884 673">
     <span class='ocr_line' id='line_1_6' title="bbox 294 596 1884 673; baseline 0.004 -23"><span class='ocrx_word' id='word_1_32' title='bbox 294 596 485 668; x_wconf 82' lang='lat' dir='ltr'><strong>tigent.</strong></span> <span class='ocrx_word' id='word_1_33' title='bbox 521 598 731 653; x_wconf 86' lang='lat' dir='ltr'><strong>Debent</strong></span> <span class='ocrx_word' id='word_1_34' title='bbox 747 599 893 653; x_wconf 90' lang='lat' dir='ltr'><strong>enim</strong></span> <span class='ocrx_word' id='word_1_35' title='bbox 907 600 1061 671; x_wconf 86' lang='lat' dir='ltr'><strong>juxta</strong></span> <span class='ocrx_word' id='word_1_36' title='bbox 1083 601 1459 656; x_wconf 90' lang='lat' dir='ltr'><strong>Innocentium</strong></span> <span class='ocrx_word' id='word_1_37' title='bbox 1483 618 1678 673; x_wconf 89' lang='lat' dir='ltr'><strong>papam</strong></span> <span class='ocrx_word' id='word_1_38' title='bbox 1708 612 1884 657; x_wconf 87' lang='lat' dir='ltr'><strong>atten-</strong></span> 
     </span>
    </p>
   </div>
   <div class='ocr_carea' id='block_1_7' title="bbox 292 687 1886 767">
    <p class='ocr_par' dir='ltr' id='par_1_7' title="bbox 292 687 1886 767">
     <span class='ocr_line' id='line_1_7' title="bbox 292 687 1886 767; baseline 0.005 -24"><span class='ocrx_word' id='word_1_39' title='bbox 292 687 425 744; x_wconf 84' lang='lat' dir='ltr'><strong>dere</strong></span> <span class='ocrx_word' id='word_1_40' title='bbox 453 690 861 747; x_wconf 82' lang='lat' dir='ltr'><strong>confessionem</strong></span> <span class='ocrx_word' id='word_1_41' title='bbox 892 694 1235 763; x_wconf 77' lang='lat' dir='ltr'><strong>panitentis,</strong></span> <span class='ocrx_word' id='word_1_42' title='bbox 1263 702 1317 749; x_wconf 92' lang='lat' dir='ltr'><strong>et</strong></span> <span class='ocrx_word' id='word_1_43' title='bbox 1348 694 1511 750; x_wconf 85' lang='lat' dir='ltr'><strong>ﬂetus</strong></span> <span class='ocrx_word' id='word_1_44' title='bbox 1540 703 1595 750; x_wconf 88' lang='lat' dir='ltr'><strong>et</strong></span> <span class='ocrx_word' id='word_1_45' title='bbox 1614 695 1886 767; x_wconf 87' lang='lat' dir='ltr'><strong>lacrymas</strong></span> 
     </span>
    </p>
   </div>
   <div class='ocr_carea' id='block_1_8' title="bbox 294 784 1882 859">
    <p class='ocr_par' dir='ltr' id='par_1_8' title="bbox 294 784 1882 859">
     <span class='ocr_line' id='line_1_8' title="bbox 294 784 1882 859; baseline 0.004 -22"><span class='ocrx_word' id='word_1_46' title='bbox 294 784 638 854; x_wconf 84' lang='lat' dir='ltr'><strong>corrigentis,</strong></span> <span class='ocrx_word' id='word_1_47' title='bbox 670 801 733 839; x_wconf 91' lang='lat' dir='ltr'><strong>ac</strong></span> <span class='ocrx_word' id='word_1_48' title='bbox 762 794 896 841; x_wconf 89' lang='lat' dir='ltr'><strong>tunc</strong></span> <span class='ocrx_word' id='word_1_49' title='bbox 929 786 1124 857; x_wconf 85' lang='lat' dir='ltr'><strong>jubere</strong></span> <span class='ocrx_word' id='word_1_50' title='bbox 1168 787 1395 855; x_wconf 89' lang='lat' dir='ltr'><strong>dimitti,</strong></span> <span class='ocrx_word' id='word_1_51' title='bbox 1423 804 1549 843; x_wconf 91' lang='lat' dir='ltr'><strong>cum</strong></span> <span class='ocrx_word' id='word_1_52' title='bbox 1581 804 1882 859; x_wconf 83' lang='lat' dir='ltr'><strong>congruam</strong></span> 
     </span>
    </p>
   </div>
   <div class='ocr_carea' id='block_1_9' title="bbox 295 875 1883 952">
    <p class='ocr_par' dir='ltr' id='par_1_9' title="bbox 295 875 1883 952">
     <span class='ocr_line' id='line_1_9' title="bbox 295 875 1883 952; baseline 0.004 -22"><span class='ocrx_word' id='word_1_53' title='bbox 295 875 533 931; x_wconf 88' lang='lat' dir='ltr'><strong>viderint</strong></span> <span class='ocrx_word' id='word_1_54' title='bbox 563 876 1014 935; x_wconf 76' lang='lat' dir='ltr'><strong>satisfactionem.</strong></span> <span class='ocrx_word' id='word_1_55' title='bbox 1047 882 1207 945; x_wconf 83' lang='lat' dir='ltr'><strong>Nam,</strong></span> <span class='ocrx_word' id='word_1_56' title='bbox 1235 880 1387 951; x_wconf 85' lang='lat' dir='ltr'><strong>juxta</strong></span> <span class='ocrx_word' id='word_1_57' title='bbox 1414 881 1806 952; x_wconf 82' lang='lat' dir='ltr'><strong>Augustinum,</strong></span> <span class='ocrx_word' id='word_1_58' title='bbox 1830 882 1883 937; x_wconf 93' lang='lat' dir='ltr'><strong>in</strong></span> 
     </span>
    </p>
   </div>
   <div class='ocr_carea' id='block_1_10' title="bbox 293 969 1882 1045">
    <p class='ocr_par' dir='ltr' id='par_1_10' title="bbox 293 969 1882 1045">
     <span class='ocr_line' id='line_1_10' title="bbox 293 969 1882 1045; baseline 0.004 -22"><span class='ocrx_word' id='word_1_59' title='bbox 293 969 603 1040; x_wconf 90' lang='lat' dir='ltr'><strong>hujusmodi</strong></span> <span class='ocrx_word' id='word_1_60' title='bbox 641 971 984 1040; x_wconf 81' lang='lat' dir='ltr'><strong>panitentia,</strong></span> <span class='ocrx_word' id='word_1_61' title='bbox 1026 988 1141 1027; x_wconf 91' lang='lat' dir='ltr'><strong>non</strong></span> <span class='ocrx_word' id='word_1_62' title='bbox 1171 981 1288 1027; x_wconf 89' lang='lat' dir='ltr'><strong>tam</strong></span> <span class='ocrx_word' id='word_1_63' title='bbox 1314 988 1575 1028; x_wconf 88' lang='lat' dir='ltr'><strong>mensura</strong></span> <span class='ocrx_word' id='word_1_64' title='bbox 1620 974 1882 1045; x_wconf 91' lang='lat' dir='ltr'><strong>temporis</strong></span> 
     </span>
    </p>
   </div>
   <div class='ocr_carea' id='block_1_11' title="bbox 292 1063 1879 1137">
    <p class='ocr_par' dir='ltr' id='par_1_11' title="bbox 292 1063 1879 1137">
     <span class='ocr_line' id='line_1_11' title="bbox 292 1063 1879 1137; baseline 0.003 -19"><span class='ocrx_word' id='word_1_65' title='bbox 292 1078 459 1133; x_wconf 93' lang='lat' dir='ltr'><strong>quam</strong></span> <span class='ocrx_word' id='word_1_66' title='bbox 491 1063 691 1119; x_wconf 92' lang='lat' dir='ltr'><strong>doloris</strong></span> <span class='ocrx_word' id='word_1_67' title='bbox 720 1073 801 1120; x_wconf 91' lang='lat' dir='ltr'><strong>est</strong></span> <span class='ocrx_word' id='word_1_68' title='bbox 823 1065 1177 1121; x_wconf 88' lang='lat' dir='ltr'><strong>attendenda.</strong></span> <span class='ocrx_word' id='word_1_69' title='bbox 1200 1068 1557 1137; x_wconf 88' lang='lat' dir='ltr'><strong>Nequaquam</strong></span> <span class='ocrx_word' id='word_1_70' title='bbox 1584 1076 1765 1122; x_wconf 88' lang='lat' dir='ltr'><strong>autem</strong></span> <span class='ocrx_word' id='word_1_71' title='bbox 1792 1083 1879 1123; x_wconf 92' lang='lat' dir='ltr'><strong>ec-</strong></span> 
     </span>
    </p>
   </div>
   <div class='ocr_carea' id='block_1_12' title="bbox 290 1156 1880 1231">
    <p class='ocr_par' dir='ltr' id='par_1_12' title="bbox 290 1156 1880 1231">
     <span class='ocr_line' id='line_1_12' title="bbox 290 1156 1880 1231; baseline 0.003 -21"><span class='ocrx_word' id='word_1_72' title='bbox 290 1156 588 1212; x_wconf 89' lang='lat' dir='ltr'><strong>clesiastica</strong></span> <span class='ocrx_word' id='word_1_73' title='bbox 608 1157 889 1228; x_wconf 88' lang='lat' dir='ltr'><strong>disciplina</strong></span> <span class='ocrx_word' id='word_1_74' title='bbox 913 1159 1210 1214; x_wconf 87' lang='lat' dir='ltr'><strong>subsistere</strong></span> <span class='ocrx_word' id='word_1_75' title='bbox 1236 1168 1439 1230; x_wconf 83' lang='lat' dir='ltr'><strong>posset,</strong></span> <span class='ocrx_word' id='word_1_76' title='bbox 1470 1161 1515 1216; x_wconf 90' lang='lat' dir='ltr'><strong>si</strong></span> <span class='ocrx_word' id='word_1_77' title='bbox 1541 1176 1651 1215; x_wconf 91' lang='lat' dir='ltr'><strong>non</strong></span> <span class='ocrx_word' id='word_1_78' title='bbox 1684 1160 1880 1231; x_wconf 84' lang='lat' dir='ltr'><strong>prasul</strong></span> 
     </span>
    </p>
   </div>
   <div class='ocr_carea' id='block_1_13' title="bbox 286 1250 1881 1323">
    <p class='ocr_par' dir='ltr' id='par_1_13' title="bbox 286 1250 1881 1323">
     <span class='ocr_line' id='line_1_13' title="bbox 286 1250 1881 1323; baseline 0.003 -20"><span class='ocrx_word' id='word_1_79' title='bbox 286 1250 620 1318; x_wconf 87' lang='lat' dir='ltr'><strong>apostolicus</strong></span> <span class='ocrx_word' id='word_1_80' title='bbox 646 1251 793 1306; x_wconf 90' lang='lat' dir='ltr'><strong>illam</strong></span> <span class='ocrx_word' id='word_1_81' title='bbox 817 1251 1450 1323; x_wconf 64' lang='lat' dir='ltr'><strong>auctoritatemjhaberet</strong></span> <span class='ocrx_word' id='word_1_82' title='bbox 1478 1253 1544 1308; x_wconf 92' lang='lat' dir='ltr'><strong>de</strong></span> <span class='ocrx_word' id='word_1_83' title='bbox 1576 1255 1881 1309; x_wconf 89' lang='lat' dir='ltr'><strong>canonibus</strong></span> 
     </span>
    </p>
   </div>
   <div class='ocr_carea' id='block_1_14' title="bbox 288 1345 1877 1416">
    <p class='ocr_par' dir='ltr' id='par_1_14' title="bbox 288 1345 1877 1416">
     <span class='ocr_line' id='line_1_14' title="bbox 288 1345 1877 1416; baseline 0.004 -20"><span class='ocrx_word' id='word_1_84' title='bbox 288 1357 455 1413; x_wconf 90' lang='lat' dir='ltr'><strong>quam</strong></span> <span class='ocrx_word' id='word_1_85' title='bbox 484 1358 647 1414; x_wconf 86' lang='lat' dir='ltr'><strong>supra</strong></span> <span class='ocrx_word' id='word_1_86' title='bbox 687 1345 996 1400; x_wconf 85' lang='lat' dir='ltr'><strong>retulimus.</strong></span> <span class='ocrx_word' id='word_1_87' title='bbox 1034 1346 1173 1400; x_wconf 91' lang='lat' dir='ltr'><strong>Nam</strong></span> <span class='ocrx_word' id='word_1_88' title='bbox 1205 1345 1618 1416; x_wconf 90' lang='lat' dir='ltr'><strong>precedentium</strong></span> <span class='ocrx_word' id='word_1_89' title='bbox 1650 1350 1877 1401; x_wconf 85' lang='lat' dir='ltr'><strong>Patrum</strong></span> 
     </span>
    </p>
   </div>
   <div class='ocr_carea' id='block_1_15' title="bbox 286 1437 1877 1509">
    <p class='ocr_par' dir='ltr' id='par_1_15' title="bbox 286 1437 1877 1509">
     <span class='ocr_line' id='line_1_15' title="bbox 286 1437 1877 1509; baseline 0.005 -21"><span class='ocrx_word' id='word_1_90' title='bbox 286 1443 489 1491; x_wconf 85' lang='lat' dir='ltr'><strong>statuta</strong></span> <span class='ocrx_word' id='word_1_91' title='bbox 515 1437 935 1493; x_wconf 85' lang='lat' dir='ltr'><strong>ecclesiasticam</strong></span> <span class='ocrx_word' id='word_1_92' title='bbox 967 1438 1311 1509; x_wconf 90' lang='lat' dir='ltr'><strong>disciplinam</strong></span> <span class='ocrx_word' id='word_1_93' title='bbox 1349 1454 1460 1493; x_wconf 90' lang='lat' dir='ltr'><strong>non</strong></span> <span class='ocrx_word' id='word_1_94' title='bbox 1490 1448 1603 1494; x_wconf 90' lang='lat' dir='ltr'><strong>tam</strong></span> <span class='ocrx_word' id='word_1_95' title='bbox 1625 1440 1877 1496; x_wconf 88' lang='lat' dir='ltr'><strong>institue-</strong></span> 
     </span>
    </p>
   </div>
   <div class='ocr_carea' id='block_1_16' title="bbox 286 1529 1879 1601">
    <p class='ocr_par' dir='ltr' id='par_1_16' title="bbox 286 1529 1879 1601">
     <span class='ocr_line' id='line_1_16' title="bbox 286 1529 1879 1601; baseline 0.004 -19"><span class='ocrx_word' id='word_1_96' title='bbox 286 1538 409 1583; x_wconf 88' lang='lat' dir='ltr'><strong>rent</strong></span> <span class='ocrx_word' id='word_1_97' title='bbox 429 1546 597 1601; x_wconf 90' lang='lat' dir='ltr'><strong>quam</strong></span> <span class='ocrx_word' id='word_1_98' title='bbox 620 1529 1042 1599; x_wconf 87' lang='lat' dir='ltr'><strong>confunderent,</strong></span> <span class='ocrx_word' id='word_1_99' title='bbox 1060 1532 1103 1586; x_wconf 88' lang='lat' dir='ltr'><strong>si</strong></span> <span class='ocrx_word' id='word_1_100' title='bbox 1134 1532 1281 1587; x_wconf 91' lang='lat' dir='ltr'><strong>nulla</strong></span> <span class='ocrx_word' id='word_1_101' title='bbox 1313 1532 1522 1587; x_wconf 88' lang='lat' dir='ltr'><strong>ratione</strong></span> <span class='ocrx_word' id='word_1_102' title='bbox 1545 1549 1575 1587; x_wconf 90' lang='lat' dir='ltr'><strong>a</strong></span> <span class='ocrx_word' id='word_1_103' title='bbox 1603 1549 1879 1589; x_wconf 86' lang='lat' dir='ltr'><strong>successo-</strong></span> 
     </span>
    </p>
   </div>
   <div class='ocr_carea' id='block_1_17' title="bbox 282 1622 1876 1695">
    <p class='ocr_par' dir='ltr' id='par_1_17' title="bbox 282 1622 1876 1695">
     <span class='ocr_line' id='line_1_17' title="bbox 282 1622 1876 1695; baseline 0.004 -18"><span class='ocrx_word' id='word_1_104' title='bbox 282 1622 435 1677; x_wconf 89' lang='lat' dir='ltr'><strong>ribus</strong></span> <span class='ocrx_word' id='word_1_105' title='bbox 463 1639 659 1679; x_wconf 92' lang='lat' dir='ltr'><strong>eorum</strong></span> <span class='ocrx_word' id='word_1_106' title='bbox 694 1624 973 1679; x_wconf 91' lang='lat' dir='ltr'><strong>immutari</strong></span> <span class='ocrx_word' id='word_1_107' title='bbox 998 1634 1237 1695; x_wconf 88' lang='lat' dir='ltr'><strong>possent,</strong></span> <span class='ocrx_word' id='word_1_108' title='bbox 1271 1641 1400 1680; x_wconf 86' lang='lat' dir='ltr'><strong>cum</strong></span> <span class='ocrx_word' id='word_1_109' title='bbox 1431 1634 1615 1682; x_wconf 91' lang='lat' dir='ltr'><strong>tamen</strong></span> <span class='ocrx_word' id='word_1_110' title='bbox 1640 1629 1876 1683; x_wconf 90' lang='lat' dir='ltr'><strong>necessi-</strong></span> 
     </span>
    </p>
   </div>
   <div class='ocr_carea' id='block_1_18' title="bbox 288 1717 1872 1787">
    <p class='ocr_par' dir='ltr' id='par_1_18' title="bbox 288 1717 1872 1787">
     <span class='ocr_line' id='line_1_18' title="bbox 288 1717 1872 1787; baseline 0.003 -17"><span class='ocrx_word' id='word_1_111' title='bbox 288 1724 373 1771; x_wconf 85' lang='lat' dir='ltr'><strong>tas</strong></span> <span class='ocrx_word' id='word_1_112' title='bbox 418 1717 688 1787; x_wconf 89' lang='lat' dir='ltr'><strong>temporis</strong></span> <span class='ocrx_word' id='word_1_113' title='bbox 728 1733 872 1772; x_wconf 92' lang='lat' dir='ltr'><strong>nunc</strong></span> <span class='ocrx_word' id='word_1_114' title='bbox 912 1719 1098 1773; x_wconf 89' lang='lat' dir='ltr'><strong>mitius</strong></span> <span class='ocrx_word' id='word_1_115' title='bbox 1132 1733 1277 1773; x_wconf 91' lang='lat' dir='ltr'><strong>nunc</strong></span> <span class='ocrx_word' id='word_1_116' title='bbox 1326 1719 1568 1774; x_wconf 85' lang='lat' dir='ltr'><strong>severius</strong></span> <span class='ocrx_word' id='word_1_117' title='bbox 1620 1720 1872 1775; x_wconf 87' lang='lat' dir='ltr'><strong>inceden-</strong></span> 
     </span>
    </p>
   </div>
   <div class='ocr_carea' id='block_1_19' title="bbox 1996 512 3588 591">
    <p class='ocr_par' dir='ltr' id='par_1_19' title="bbox 1996 512 3588 591">
     <span class='ocr_line' id='line_1_19' title="bbox 1996 512 3588 591; baseline 0.008 -26"><span class='ocrx_word' id='word_1_118' title='bbox 1996 512 2104 567; x_wconf 89' lang='lat' dir='ltr'><strong>tius</strong></span> <span class='ocrx_word' id='word_1_119' title='bbox 2138 513 2391 570; x_wconf 90' lang='lat' dir='ltr'><strong>Ecclesia</strong></span> <span class='ocrx_word' id='word_1_120' title='bbox 2421 517 2659 588; x_wconf 88' lang='lat' dir='ltr'><strong>regimen</strong></span> <span class='ocrx_word' id='word_1_121' title='bbox 2690 559 2704 580; x_wconf 88' lang='lat'><strong>,</strong></span> <span class='ocrx_word' id='word_1_122' title='bbox 2736 519 2925 588; x_wconf 90' lang='lat' dir='ltr'><strong>spiritu</strong></span> <span class='ocrx_word' id='word_1_123' title='bbox 2971 520 3069 574; x_wconf 91' lang='lat' dir='ltr'><strong>Dei</strong></span> <span class='ocrx_word' id='word_1_124' title='bbox 3108 521 3430 591; x_wconf 80' lang='lat' dir='ltr'><strong>instruente,</strong></span> <span class='ocrx_word' id='word_1_125' title='bbox 3457 532 3588 579; x_wconf 92' lang='lat' dir='ltr'><strong>sunt</strong></span> 
     </span>
    </p>
   </div>
   <div class='ocr_carea' id='block_1_20' title="bbox 1993 605 3578 680">
    <p class='ocr_par' dir='ltr' id='par_1_20' title="bbox 1993 605 3578 680">
     <span class='ocr_line' id='line_1_20' title="bbox 1993 605 3578 680; baseline 0.008 -21"><span class='ocrx_word' id='word_1_126' title='bbox 1993 605 2248 673; x_wconf 89' lang='lat' dir='ltr'><strong>condita,</strong></span> <span class='ocrx_word' id='word_1_127' title='bbox 2287 623 2393 675; x_wconf 92' lang='lat' dir='ltr'><strong>me,</strong></span> <span class='ocrx_word' id='word_1_128' title='bbox 2439 609 2586 680; x_wconf 89' lang='lat' dir='ltr'><strong>quod</strong></span> <span class='ocrx_word' id='word_1_129' title='bbox 2624 609 2794 665; x_wconf 85' lang='lat' dir='ltr'><strong>absit!</strong></span> <span class='ocrx_word' id='word_1_130' title='bbox 2842 613 3170 669; x_wconf 82' lang='lat' dir='ltr'><strong>connivenle</strong></span> <span class='ocrx_word' id='word_1_131' title='bbox 3214 616 3498 671; x_wconf 85' lang='lat' dir='ltr'><strong>violentur.</strong></span> <span class='ocrx_word' id='word_1_132' title='bbox 3557 642 3578 665; x_wconf 70' lang='grc' dir='ltr'><strong><em>ιο</em></strong></span> 
     </span>
    </p>
   </div>
   <div class='ocr_carea' id='block_1_21' title="bbox 1994 700 3584 778">
    <p class='ocr_par' dir='ltr' id='par_1_21' title="bbox 1994 700 3584 778">
     <span class='ocr_line' id='line_1_21' title="bbox 1994 700 3584 778; baseline 0.008 -26"><span class='ocrx_word' id='word_1_133' title='bbox 1994 700 2133 753; x_wconf 90' lang='lat' dir='ltr'><strong>Item</strong></span> <span class='ocrx_word' id='word_1_134' title='bbox 2178 700 2353 754; x_wconf 89' lang='lat' dir='ltr'><strong>Julius</strong></span> <span class='ocrx_word' id='word_1_135' title='bbox 2402 718 2559 772; x_wconf 90' lang='lat' dir='ltr'><strong>papa,</strong></span> <span class='ocrx_word' id='word_1_136' title='bbox 2611 704 2983 759; x_wconf 84' lang='lat' dir='ltr'><strong>Orientalibus</strong></span> <span class='ocrx_word' id='word_1_137' title='bbox 3026 707 3296 778; x_wconf 89' lang='lat' dir='ltr'><strong>episcopis</strong></span> <span class='ocrx_word' id='word_1_138' title='bbox 3340 707 3584 764; x_wconf 82' lang='lat' dir='ltr'><strong>scribens</strong></span> 
     </span>
    </p>
   </div>
   <div class='ocr_carea' id='block_1_22' title="bbox 1993 794 3578 873">
    <p class='ocr_par' dir='ltr' id='par_1_22' title="bbox 1993 794 3578 873">
     <span class='ocr_line' id='line_1_22' title="bbox 1993 794 3578 873; baseline 0.009 -29"><span class='ocrx_word' id='word_1_139' title='bbox 1993 795 2167 861; x_wconf 80' lang='lat' dir='ltr'><strong>(epist.</strong></span> <span class='ocrx_word' id='word_1_140' title='bbox 2202 794 2276 847; x_wconf 86' lang='lat' dir='ltr'><strong>ad</strong></span> <span class='ocrx_word' id='word_1_141' title='bbox 2324 794 2528 849; x_wconf 83' lang='lat' dir='ltr'><strong>Orient.</strong></span> <span class='ocrx_word' id='word_1_142' title='bbox 2571 800 2711 850; x_wconf 82' lang='lat' dir='ltr'><strong>circa</strong></span> <span class='ocrx_word' id='word_1_143' title='bbox 2757 801 2934 865; x_wconf 80' lang='lat' dir='ltr'><strong>finem)</strong></span> <span class='ocrx_word' id='word_1_144' title='bbox 2970 818 2982 853; x_wconf 88' lang='lat'><strong>:</strong></span> <span class='ocrx_word' id='word_1_145' title='bbox 3016 824 3040 847; x_wconf 78' lang='grc' dir='ltr'><strong>«ι</strong></span> <span class='ocrx_word' id='word_1_146' title='bbox 3079 802 3356 865; x_wconf 90' lang='lat' dir='ltr'><strong>Instituta,</strong></span> <span class='ocrx_word' id='word_1_147' title='bbox 3386 803 3578 873; x_wconf 90' lang='lat' dir='ltr'><strong>inquit,</strong></span> 
     </span>
    </p>
   </div>
   <div class='ocr_carea' id='block_1_23' title="bbox 1991 884 3581 959">
    <p class='ocr_par' dir='ltr' id='par_1_23' title="bbox 1991 884 3581 959">
     <span class='ocr_line' id='line_1_23' title="bbox 1991 884 3581 959; baseline 0.008 -22"><span class='ocrx_word' id='word_1_148' title='bbox 1991 884 2371 953; x_wconf 89' lang='lat' dir='ltr'><strong>apostolorum</strong></span> <span class='ocrx_word' id='word_1_149' title='bbox 2401 895 2454 941; x_wconf 91' lang='lat' dir='ltr'><strong>et</strong></span> <span class='ocrx_word' id='word_1_150' title='bbox 2497 889 2922 959; x_wconf 88' lang='lat' dir='ltr'><strong>apostolicorum</strong></span> <span class='ocrx_word' id='word_1_151' title='bbox 2954 892 3199 947; x_wconf 87' lang='lat' dir='ltr'><strong>viromm</strong></span> <span class='ocrx_word' id='word_1_152' title='bbox 3228 904 3581 950; x_wconf 88' lang='lat' dir='ltr'><strong>contemnere</strong></span> 
     </span>
    </p>
   </div>
   <div class='ocr_carea' id='block_1_24' title="bbox 1989 977 3578 1051">
    <p class='ocr_par' dir='ltr' id='par_1_24' title="bbox 1989 977 3578 1051">
     <span class='ocr_line' id='line_1_24' title="bbox 1989 977 3578 1051; baseline 0.008 -21"><span class='ocrx_word' id='word_1_153' title='bbox 1989 977 2179 1034; x_wconf 89' lang='lat' dir='ltr'><strong>nolite.</strong></span> <span class='ocrx_word' id='word_1_154' title='bbox 2224 979 2477 1034; x_wconf 89' lang='lat' dir='ltr'><strong>Canones</strong></span> <span class='ocrx_word' id='word_1_155' title='bbox 2520 980 2751 1046; x_wconf 89' lang='lat' dir='ltr'><strong>habetis,</strong></span> <span class='ocrx_word' id='word_1_156' title='bbox 2790 982 2876 1037; x_wconf 91' lang='lat' dir='ltr'><strong>his</strong></span> <span class='ocrx_word' id='word_1_157' title='bbox 2928 984 3207 1051; x_wconf 87' lang='lat' dir='ltr'><strong>fruimini;</strong></span> <span class='ocrx_word' id='word_1_158' title='bbox 3257 989 3389 1042; x_wconf 88' lang='lat' dir='ltr'><strong>satis</strong></span> <span class='ocrx_word' id='word_1_159' title='bbox 3431 989 3578 1043; x_wconf 87' lang='lat' dir='ltr'><strong>enim</strong></span> 
     </span>
    </p>
   </div>
   <div class='ocr_carea' id='block_1_25' title="bbox 1988 1068 3579 1146">
    <p class='ocr_par' dir='ltr' id='par_1_25' title="bbox 1988 1068 3579 1146">
     <span class='ocr_line' id='line_1_25' title="bbox 1988 1068 3579 1146; baseline 0.008 -24"><span class='ocrx_word' id='word_1_160' title='bbox 1988 1068 2273 1141; x_wconf 82' lang='lat' dir='ltr'><strong>indignum</strong></span> <span class='ocrx_word' id='word_1_161' title='bbox 2314 1079 2398 1126; x_wconf 90' lang='lat' dir='ltr'><strong>est</strong></span> <span class='ocrx_word' id='word_1_162' title='bbox 2437 1088 2771 1144; x_wconf 88' lang='lat' dir='ltr'><strong>quemquam</strong></span> <span class='ocrx_word' id='word_1_163' title='bbox 2817 1077 3144 1146; x_wconf 90' lang='lat' dir='ltr'><strong>pontiﬁcum</strong></span> <span class='ocrx_word' id='word_1_164' title='bbox 3184 1078 3267 1133; x_wconf 92' lang='lat' dir='ltr'><strong>vel</strong></span> <span class='ocrx_word' id='word_1_165' title='bbox 3318 1080 3579 1135; x_wconf 89' lang='lat' dir='ltr'><strong>ordinum</strong></span> 
     </span>
    </p>
   </div>
   <div class='ocr_carea' id='block_1_26' title="bbox 1987 1162 3579 1242">
    <p class='ocr_par' dir='ltr' id='par_1_26' title="bbox 1987 1162 3579 1242">
     <span class='ocr_line' id='line_1_26' title="bbox 1987 1162 3579 1242; baseline 0.008 -26"><span class='ocrx_word' id='word_1_166' title='bbox 1987 1162 2442 1234; x_wconf 90' lang='lat' dir='ltr'><strong>subsequentium</strong></span> <span class='ocrx_word' id='word_1_167' title='bbox 2482 1164 2620 1221; x_wconf 89' lang='lat' dir='ltr'><strong>hanc</strong></span> <span class='ocrx_word' id='word_1_168' title='bbox 2664 1168 2909 1238; x_wconf 89' lang='lat' dir='ltr'><strong>regulam</strong></span> <span class='ocrx_word' id='word_1_169' title='bbox 2956 1169 3195 1225; x_wconf 84' lang='lat' dir='ltr'><strong>refutare</strong></span> <span class='ocrx_word' id='word_1_170' title='bbox 3238 1188 3403 1242; x_wconf 89' lang='lat' dir='ltr'><strong>quam</strong></span> <span class='ocrx_word' id='word_1_171' title='bbox 3440 1173 3579 1228; x_wconf 88' lang='lat' dir='ltr'><strong>beati</strong></span> 
     </span>
    </p>
   </div>
   <div class='ocr_carea' id='block_1_27' title="bbox 1987 1256 3579 1330">
    <p class='ocr_par' dir='ltr' id='par_1_27' title="bbox 1987 1256 3579 1330">
     <span class='ocr_line' id='line_1_27' title="bbox 1987 1256 3579 1330; baseline 0.008 -21"><span class='ocrx_word' id='word_1_172' title='bbox 1987 1256 2134 1310; x_wconf 87' lang='lat' dir='ltr'><strong>Petri</strong></span> <span class='ocrx_word' id='word_1_173' title='bbox 2158 1257 2346 1311; x_wconf 91' lang='lat' dir='ltr'><strong>sedem</strong></span> <span class='ocrx_word' id='word_1_174' title='bbox 2372 1260 2634 1330; x_wconf 89' lang='lat' dir='ltr'><strong>consequi</strong></span> <span class='ocrx_word' id='word_1_175' title='bbox 2663 1260 2844 1316; x_wconf 86' lang='lat' dir='ltr'><strong>videat</strong></span> <span class='ocrx_word' id='word_1_176' title='bbox 2864 1271 2917 1316; x_wconf 92' lang='lat' dir='ltr'><strong>et</strong></span> <span class='ocrx_word' id='word_1_177' title='bbox 2946 1262 3159 1318; x_wconf 90' lang='lat' dir='ltr'><strong>docere.</strong></span> <span class='ocrx_word' id='word_1_178' title='bbox 3190 1265 3426 1320; x_wconf 91' lang='lat' dir='ltr'><strong>Multum</strong></span> <span class='ocrx_word' id='word_1_179' title='bbox 3448 1282 3579 1321; x_wconf 91' lang='lat' dir='ltr'><strong>con-</strong></span> 
     </span>
    </p>
   </div>
   <div class='ocr_carea' id='block_1_28' title="bbox 1987 1349 3582 1423">
    <p class='ocr_par' dir='ltr' id='par_1_28' title="bbox 1987 1349 3582 1423">
     <span class='ocr_line' id='line_1_28' title="bbox 1987 1349 3582 1423; baseline 0.008 -22"><span class='ocrx_word' id='word_1_180' title='bbox 1987 1349 2135 1403; x_wconf 85' lang='lat' dir='ltr'><strong>venit</strong></span> <span class='ocrx_word' id='word_1_181' title='bbox 2184 1358 2242 1403; x_wconf 87' lang='lat' dir='ltr'><strong>ut</strong></span> <span class='ocrx_word' id='word_1_182' title='bbox 2269 1358 2451 1406; x_wconf 93' lang='lat' dir='ltr'><strong>totum</strong></span> <span class='ocrx_word' id='word_1_183' title='bbox 2494 1368 2693 1423; x_wconf 90' lang='lat' dir='ltr'><strong>corpus</strong></span> <span class='ocrx_word' id='word_1_184' title='bbox 2723 1355 2976 1410; x_wconf 89' lang='lat' dir='ltr'><strong>Ecclesia</strong></span> <span class='ocrx_word' id='word_1_185' title='bbox 3008 1356 3058 1409; x_wconf 91' lang='lat' dir='ltr'><strong>in</strong></span> <span class='ocrx_word' id='word_1_186' title='bbox 3090 1355 3189 1410; x_wconf 91' lang='lat' dir='ltr'><strong>hac</strong></span> <span class='ocrx_word' id='word_1_187' title='bbox 3227 1356 3448 1412; x_wconf 90' lang='lat' dir='ltr'><strong>sibimet</strong></span> <span class='ocrx_word' id='word_1_188' title='bbox 3475 1358 3582 1413; x_wconf 92' lang='lat' dir='ltr'><strong>ob-</strong></span> 
     </span>
    </p>
   </div>
   <div class='ocr_carea' id='block_1_29' title="bbox 1985 1443 3582 1517">
    <p class='ocr_par' dir='ltr' id='par_1_29' title="bbox 1985 1443 3582 1517">
     <span class='ocr_line' id='line_1_29' title="bbox 1985 1443 3582 1517; baseline 0.008 -23"><span class='ocrx_word' id='word_1_189' title='bbox 1985 1443 2293 1497; x_wconf 89' lang='lat' dir='ltr'><strong>servatione</strong></span> <span class='ocrx_word' id='word_1_190' title='bbox 2336 1444 2652 1511; x_wconf 91' lang='lat' dir='ltr'><strong>concordet,</strong></span> <span class='ocrx_word' id='word_1_191' title='bbox 2684 1462 2808 1517; x_wconf 86' lang='lat' dir='ltr'><strong>qua</strong></span> <span class='ocrx_word' id='word_1_192' title='bbox 2842 1447 2966 1503; x_wconf 92' lang='lat' dir='ltr'><strong>inde</strong></span> <span class='ocrx_word' id='word_1_193' title='bbox 2990 1448 3373 1504; x_wconf 89' lang='lat' dir='ltr'><strong>auctoritatem</strong></span> <span class='ocrx_word' id='word_1_194' title='bbox 3414 1450 3582 1506; x_wconf 88' lang='lat' dir='ltr'><strong>habet</strong></span> 
     </span>
    </p>
   </div>
   <div class='ocr_carea' id='block_1_30' title="bbox 1986 1534 3577 1613">
    <p class='ocr_par' dir='ltr' id='par_1_30' title="bbox 1986 1534 3577 1613">
     <span class='ocr_line' id='line_1_30' title="bbox 1986 1534 3577 1613; baseline 0.007 -25"><span class='ocrx_word' id='word_1_195' title='bbox 1986 1534 2077 1588; x_wconf 91' lang='lat' dir='ltr'><strong>ubi</strong></span> <span class='ocrx_word' id='word_1_196' title='bbox 2095 1536 2373 1591; x_wconf 91' lang='lat' dir='ltr'><strong>Dominus</strong></span> <span class='ocrx_word' id='word_1_197' title='bbox 2394 1539 2652 1594; x_wconf 88' lang='lat' dir='ltr'><strong>Ecclesia</strong></span> <span class='ocrx_word' id='word_1_198' title='bbox 2672 1541 2839 1595; x_wconf 90' lang='lat' dir='ltr'><strong>totius</strong></span> <span class='ocrx_word' id='word_1_199' title='bbox 2873 1542 3055 1612; x_wconf 91' lang='lat' dir='ltr'><strong>posuit</strong></span> <span class='ocrx_word' id='word_1_200' title='bbox 3078 1543 3465 1613; x_wconf 85' lang='lat' dir='ltr'><strong>principatum,</strong></span> <span class='ocrx_word' id='word_1_201' title='bbox 3497 1544 3577 1599; x_wconf 88' lang='lat' dir='ltr'><strong>di-</strong></span> 
     </span>
    </p>
   </div>
   <div class='ocr_carea' id='block_1_31' title="bbox 1983 1629 3571 1706">
    <p class='ocr_par' dir='ltr' id='par_1_31' title="bbox 1983 1629 3571 1706">
     <span class='ocr_line' id='line_1_31' title="bbox 1983 1629 3571 1706; baseline 0.006 -25"><span class='ocrx_word' id='word_1_202' title='bbox 1983 1635 2139 1682; x_wconf 89' lang='lat' dir='ltr'><strong>cente</strong></span> <span class='ocrx_word' id='word_1_203' title='bbox 2167 1629 2442 1700; x_wconf 91' lang='lat' dir='ltr'><strong>Scriptura</strong></span> <span class='ocrx_word' id='word_1_204' title='bbox 2477 1648 2491 1684; x_wconf 90' lang='lat'><strong>:</strong></span> <span class='ocrx_word' id='word_1_205' title='bbox 2532 1631 2819 1687; x_wconf 86' lang='lat' dir='ltr'><strong>Ordinavit</strong></span> <span class='ocrx_word' id='word_1_206' title='bbox 2843 1634 2900 1688; x_wconf 92' lang='lat' dir='ltr'><strong>in</strong></span> <span class='ocrx_word' id='word_1_207' title='bbox 2930 1650 3019 1689; x_wconf 90' lang='lat' dir='ltr'><strong>me</strong></span> <span class='ocrx_word' id='word_1_208' title='bbox 3045 1635 3362 1690; x_wconf 88' lang='lat' dir='ltr'><strong>charitatem</strong></span> <span class='ocrx_word' id='word_1_209' title='bbox 3397 1636 3571 1706; x_wconf 87' lang='lat' dir='ltr'><strong>(Cant.</strong></span> 
     </span>
    </p>
   </div>
   <div class='ocr_carea' id='block_1_32' title="bbox 1987 1722 3578 1797">
    <p class='ocr_par' dir='ltr' id='par_1_32' title="bbox 1987 1722 3578 1797">
     <span class='ocr_line' id='line_1_32' title="bbox 1987 1722 3578 1797; baseline 0.005 -22"><span class='ocrx_word' id='word_1_210' title='bbox 1987 1729 2062 1787; x_wconf 85' lang='grc' dir='ltr'><strong>ιι)</strong></span> <span class='ocrx_word' id='word_1_211' title='bbox 2111 1740 2122 1773; x_wconf 90' lang='lat'>:</span> <span class='ocrx_word' id='word_1_212' title='bbox 2174 1744 2198 1768; x_wconf 78' lang='grc' dir='ltr'><strong>ιι</strong></span> <span class='ocrx_word' id='word_1_213' title='bbox 2235 1726 2304 1776; x_wconf 89' lang='lat' dir='ltr'><strong>Et</strong></span> <span class='ocrx_word' id='word_1_214' title='bbox 2340 1722 2539 1778; x_wconf 92' lang='lat' dir='ltr'><strong>iterum</strong></span> <span class='ocrx_word' id='word_1_215' title='bbox 2587 1743 2599 1778; x_wconf 89' lang='lat'>:</span> <span class='ocrx_word' id='word_1_216' title='bbox 2638 1748 2660 1771; x_wconf 74' lang='grc' dir='ltr'><strong>ε</strong></span> <span class='ocrx_word' id='word_1_217' title='bbox 2711 1726 2912 1781; x_wconf 87' lang='lat' dir='ltr'><strong>Omnia</strong></span> <span class='ocrx_word' id='word_1_218' title='bbox 2956 1742 3083 1782; x_wconf 92' lang='lat' dir='ltr'><strong>cum</strong></span> <span class='ocrx_word' id='word_1_219' title='bbox 3128 1727 3323 1783; x_wconf 92' lang='lat' dir='ltr'><strong>ordine</strong></span> <span class='ocrx_word' id='word_1_220' title='bbox 3352 1728 3487 1783; x_wconf 90' lang='lat' dir='ltr'><strong>ﬁant</strong></span> <span class='ocrx_word' id='word_1_221' title='bbox 3536 1731 3578 1797; x_wconf 88' lang='lat'><strong>(1</strong></span> 
     </span>
    </p>
   </div>
   <div class='ocr_carea' id='block_1_33' title="bbox 281 1786 2350 1883">
    <p class='ocr_par' dir='ltr' id='par_1_33' title="bbox 281 1786 2350 1883">
     <span class='ocr_line' id='line_1_33' title="bbox 281 1786 2350 1883; baseline 0.003 -20"><span class='ocrx_word' id='word_1_222' title='bbox 281 1808 420 1863; x_wconf 90' lang='lat' dir='ltr'><strong>dum</strong></span> <span class='ocrx_word' id='word_1_223' title='bbox 451 1786 785 1879; x_wconf 82' lang='lat' dir='ltr'><strong>persuadeat.</strong></span> <span class='ocrx_word' id='word_1_224' title='bbox 810 1810 964 1880; x_wconf 85' lang='lat' dir='ltr'><strong>Quod</strong></span> <span class='ocrx_word' id='word_1_225' title='bbox 991 1811 1143 1865; x_wconf 91' lang='lat' dir='ltr'><strong>illum</strong></span> <span class='ocrx_word' id='word_1_226' title='bbox 1175 1827 1285 1865; x_wconf 93' lang='lat' dir='ltr'><strong>non</strong></span> <span class='ocrx_word' id='word_1_227' title='bbox 1316 1812 1503 1867; x_wconf 88' lang='lat' dir='ltr'><strong>latebit</strong></span> <span class='ocrx_word' id='word_1_228' title='bbox 1535 1813 1627 1883; x_wconf 91' lang='lat' dir='ltr'><strong>qui</strong></span> <span class='ocrx_word' id='word_1_229' title='bbox 1664 1829 1874 1883; x_wconf 88' lang='lat' dir='ltr'><strong>prace-</strong></span> <span class='ocrx_word' id='word_1_230' title='bbox 1905 1786 1952 1847; x_wconf 81' lang='grc' dir='ltr'><strong>Β</strong></span> <span class='ocrx_word' id='word_1_231' title='bbox 1988 1812 2107 1867; x_wconf 83' lang='lat' dir='ltr'><strong>Cor.</strong></span> <span class='ocrx_word' id='word_1_232' title='bbox 2139 1822 2286 1880; x_wconf 80' lang='lat' dir='ltr'><strong>xw).</strong></span> <span class='ocrx_word' id='word_1_233' title='bbox 2325 1839 2350 1863; x_wconf 80' lang='grc' dir='ltr'><strong>ιι</strong></span> 
     </span>
    </p>
   </div>
   <div class='ocr_carea' id='block_1_34' title="bbox 283 1902 1878 1978">
    <p class='ocr_par' dir='ltr' id='par_1_34' title="bbox 283 1902 1878 1978">
     <span class='ocr_line' id='line_1_34' title="bbox 283 1902 1878 1978; baseline 0.003 -21"><span class='ocrx_word' id='word_1_234' title='bbox 283 1902 532 1957; x_wconf 92' lang='lat' dir='ltr'><strong>dentium</strong></span> <span class='ocrx_word' id='word_1_235' title='bbox 560 1904 785 1958; x_wconf 91' lang='lat' dir='ltr'><strong>Patrum</strong></span> <span class='ocrx_word' id='word_1_236' title='bbox 811 1912 867 1959; x_wconf 91' lang='lat' dir='ltr'><strong>et</strong></span> <span class='ocrx_word' id='word_1_237' title='bbox 886 1904 1339 1975; x_wconf 88' lang='lat' dir='ltr'><strong>subsequentium</strong></span> <span class='ocrx_word' id='word_1_238' title='bbox 1364 1913 1567 1960; x_wconf 90' lang='lat' dir='ltr'><strong>statuta</strong></span> <span class='ocrx_word' id='word_1_239' title='bbox 1595 1906 1878 1978; x_wconf 85' lang='lat' dir='ltr'><strong>diligenter</strong></span> 
     </span>
    </p>
   </div>
   <div class='ocr_carea' id='block_1_35' title="bbox 284 1996 1873 2069">
    <p class='ocr_par' dir='ltr' id='par_1_35' title="bbox 284 1996 1873 2069">
     <span class='ocr_line' id='line_1_35' title="bbox 284 1996 1873 2069; baseline 0.004 -20"><span class='ocrx_word' id='word_1_240' title='bbox 284 1996 608 2067; x_wconf 85' lang='lat' dir='ltr'><strong>investigare</strong></span> <span class='ocrx_word' id='word_1_241' title='bbox 637 1998 919 2053; x_wconf 91' lang='lat' dir='ltr'><strong>curaverit.</strong></span> <span class='ocrx_word' id='word_1_242' title='bbox 949 2000 1179 2069; x_wconf 83' lang='lat' dir='ltr'><strong>Nempe,</strong></span> <span class='ocrx_word' id='word_1_243' title='bbox 1217 1998 1261 2054; x_wconf 93' lang='lat' dir='ltr'><strong>si</strong></span> <span class='ocrx_word' id='word_1_244' title='bbox 1298 2001 1357 2052; x_wconf 88' lang='grc' dir='ltr'><strong>Β.</strong></span> <span class='ocrx_word' id='word_1_245' title='bbox 1401 1999 1650 2054; x_wconf 87' lang='lat' dir='ltr'><strong>Gelasius</strong></span> <span class='ocrx_word' id='word_1_246' title='bbox 1678 2016 1873 2055; x_wconf 88' lang='lat' dir='ltr'><strong>nume-</strong></span> 
     </span>
    </p>
   </div>
   <div class='ocr_carea' id='block_1_36' title="bbox 282 2091 1874 2163">
    <p class='ocr_par' dir='ltr' id='par_1_36' title="bbox 282 2091 1874 2163">
     <span class='ocr_line' id='line_1_36' title="bbox 282 2091 1874 2163; baseline 0.003 -20"><span class='ocrx_word' id='word_1_247' title='bbox 282 2105 407 2144; x_wconf 90' lang='lat' dir='ltr'><strong>rum</strong></span> <span class='ocrx_word' id='word_1_248' title='bbox 435 2106 709 2145; x_wconf 90' lang='lat' dir='ltr'><strong>annorum</strong></span> <span class='ocrx_word' id='word_1_249' title='bbox 748 2106 885 2162; x_wconf 92' lang='lat' dir='ltr'><strong>quos</strong></span> <span class='ocrx_word' id='word_1_250' title='bbox 914 2091 997 2145; x_wconf 93' lang='lat' dir='ltr'><strong>sui</strong></span> <span class='ocrx_word' id='word_1_251' title='bbox 1028 2100 1407 2147; x_wconf 79' lang='lat' dir='ltr'><strong>antecessores</strong></span> <span class='ocrx_word' id='word_1_252' title='bbox 1437 2092 1663 2162; x_wconf 88' lang='lat' dir='ltr'><strong>singulis</strong></span> <span class='ocrx_word' id='word_1_253' title='bbox 1691 2092 1874 2163; x_wconf 86' lang='lat' dir='ltr'><strong>gradi-</strong></span> 
     </span>
    </p>
   </div>
   <div class='ocr_carea' id='block_1_37' title="bbox 284 2182 1874 2255">
    <p class='ocr_par' dir='ltr' id='par_1_37' title="bbox 284 2182 1874 2255">
     <span class='ocr_line' id='line_1_37' title="bbox 284 2182 1874 2255; baseline 0.002 -19"><span class='ocrx_word' id='word_1_254' title='bbox 284 2182 391 2236; x_wconf 91' lang='lat' dir='ltr'><strong>bus</strong></span> <span class='ocrx_word' id='word_1_255' title='bbox 433 2183 786 2254; x_wconf 87' lang='lat' dir='ltr'><strong>praﬁxerunt</strong></span> <span class='ocrx_word' id='word_1_256' title='bbox 833 2184 1159 2240; x_wconf 90' lang='lat' dir='ltr'><strong>imminuere</strong></span> <span class='ocrx_word' id='word_1_257' title='bbox 1210 2200 1321 2239; x_wconf 92' lang='lat' dir='ltr'><strong>non</strong></span> <span class='ocrx_word' id='word_1_258' title='bbox 1377 2191 1580 2255; x_wconf 90' lang='lat' dir='ltr'><strong>posset,</strong></span> <span class='ocrx_word' id='word_1_259' title='bbox 1634 2185 1874 2255; x_wconf 84' lang='lat' dir='ltr'><strong>penuria</strong></span> 
     </span>
    </p>
   </div>
   <div class='ocr_carea' id='block_1_38' title="bbox 280 2276 1873 2349">
    <p class='ocr_par' dir='ltr' id='par_1_38' title="bbox 280 2276 1873 2349">
     <span class='ocr_line' id='line_1_38' title="bbox 280 2276 1873 2349; baseline 0.001 -19"><span class='ocrx_word' id='word_1_260' title='bbox 280 2276 609 2331; x_wconf 87' lang='lat' dir='ltr'><strong>clericorum</strong></span> <span class='ocrx_word' id='word_1_261' title='bbox 659 2277 743 2333; x_wconf 89' lang='lat' dir='ltr'><strong>sui</strong></span> <span class='ocrx_word' id='word_1_262' title='bbox 794 2276 1057 2348; x_wconf 90' lang='lat' dir='ltr'><strong>temporis</strong></span> <span class='ocrx_word' id='word_1_263' title='bbox 1101 2293 1195 2348; x_wconf 89' lang='lat' dir='ltr'><strong>per</strong></span> <span class='ocrx_word' id='word_1_264' title='bbox 1238 2278 1581 2349; x_wconf 88' lang='lat' dir='ltr'><strong>presbyteros</strong></span> <span class='ocrx_word' id='word_1_265' title='bbox 1620 2293 1685 2332; x_wconf 85' lang='lat' dir='ltr'><strong>ex</strong></span> <span class='ocrx_word' id='word_1_266' title='bbox 1723 2278 1873 2332; x_wconf 91' lang='lat' dir='ltr'><strong>laicis</strong></span> 
     </span>
    </p>
   </div>
   <div class='ocr_carea' id='block_1_39' title="bbox 279 2368 1863 2426">
    <p class='ocr_par' dir='ltr' id='par_1_39' title="bbox 279 2368 1863 2426">
     <span class='ocr_line' id='line_1_39' title="bbox 279 2368 1863 2426; baseline 0.001 -4"><span class='ocrx_word' id='word_1_267' title='bbox 279 2368 431 2424; x_wconf 86' lang='lat' dir='ltr'><strong>infra</strong></span> <span class='ocrx_word' id='word_1_268' title='bbox 478 2386 686 2425; x_wconf 91' lang='lat' dir='ltr'><strong>annum</strong></span> <span class='ocrx_word' id='word_1_269' title='bbox 733 2379 1034 2426; x_wconf 90' lang='lat' dir='ltr'><strong>maturatos</strong></span> <span class='ocrx_word' id='word_1_270' title='bbox 1083 2370 1231 2426; x_wconf 92' lang='lat' dir='ltr'><strong>nullo</strong></span> <span class='ocrx_word' id='word_1_271' title='bbox 1283 2371 1454 2426; x_wconf 92' lang='lat' dir='ltr'><strong>modo</strong></span> <span class='ocrx_word' id='word_1_272' title='bbox 1492 2372 1863 2426; x_wconf 89' lang='lat' dir='ltr'><strong>succurrisset.</strong></span> 
     </span>
    </p>
   </div>
   <div class='ocr_carea' id='block_1_40' title="bbox 279 2463 1871 2535">
    <p class='ocr_par' dir='ltr' id='par_1_40' title="bbox 279 2463 1871 2535">
     <span class='ocr_line' id='line_1_40' title="bbox 279 2463 1871 2535; baseline 0 -18"><span class='ocrx_word' id='word_1_273' title='bbox 279 2464 442 2528; x_wconf 89' lang='lat' dir='ltr'><strong>Item,</strong></span> <span class='ocrx_word' id='word_1_274' title='bbox 470 2464 515 2516; x_wconf 90' lang='lat' dir='ltr'><strong>si</strong></span> <span class='ocrx_word' id='word_1_275' title='bbox 543 2463 796 2518; x_wconf 89' lang='lat' dir='ltr'><strong>moderni</strong></span> <span class='ocrx_word' id='word_1_276' title='bbox 824 2464 1105 2534; x_wconf 89' lang='lat' dir='ltr'><strong>pontiﬁces</strong></span> <span class='ocrx_word' id='word_1_277' title='bbox 1136 2464 1488 2534; x_wconf 88' lang='lat' dir='ltr'><strong>antiquorum</strong></span> <span class='ocrx_word' id='word_1_278' title='bbox 1517 2464 1752 2535; x_wconf 87' lang='lat' dir='ltr'><strong>rigorem</strong></span> <span class='ocrx_word' id='word_1_279' title='bbox 1782 2480 1871 2518; x_wconf 90' lang='lat' dir='ltr'><strong>ca-</strong></span> 
     </span>
    </p>
   </div>
   <div class='ocr_carea' id='block_1_41' title="bbox 277 2556 1869 2626">
    <p class='ocr_par' dir='ltr' id='par_1_41' title="bbox 277 2556 1869 2626">
     <span class='ocr_line' id='line_1_41' title="bbox 277 2556 1869 2626; baseline -0.001 -15"><span class='ocrx_word' id='word_1_280' title='bbox 277 2571 493 2611; x_wconf 90' lang='lat' dir='ltr'><strong>nonum</strong></span> <span class='ocrx_word' id='word_1_281' title='bbox 543 2572 703 2626; x_wconf 90' lang='lat' dir='ltr'><strong>super</strong></span> <span class='ocrx_word' id='word_1_282' title='bbox 755 2557 932 2626; x_wconf 88' lang='lat' dir='ltr'><strong>lapsos</strong></span> <span class='ocrx_word' id='word_1_283' title='bbox 976 2556 1285 2612; x_wconf 86' lang='lat' dir='ltr'><strong>sacerdotes</strong></span> <span class='ocrx_word' id='word_1_284' title='bbox 1335 2556 1612 2611; x_wconf 88' lang='lat' dir='ltr'><strong>remittere</strong></span> <span class='ocrx_word' id='word_1_285' title='bbox 1652 2556 1869 2626; x_wconf 89' lang='lat' dir='ltr'><strong>nequis-</strong></span> 
     </span>
    </p>
   </div>
   <div class='ocr_carea' id='block_1_42' title="bbox 276 2648 1869 2720">
    <p class='ocr_par' dir='ltr' id='par_1_42' title="bbox 276 2648 1869 2720">
     <span class='ocr_line' id='line_1_42' title="bbox 276 2648 1869 2720; baseline -0.001 -17"><span class='ocrx_word' id='word_1_286' title='bbox 276 2658 422 2716; x_wconf 89' lang='lat' dir='ltr'><strong>sent,</strong></span> <span class='ocrx_word' id='word_1_287' title='bbox 476 2649 592 2720; x_wconf 89' lang='lat' dir='ltr'><strong>ipsa</strong></span> <span class='ocrx_word' id='word_1_288' title='bbox 640 2648 947 2705; x_wconf 90' lang='lat' dir='ltr'><strong>Christiana</strong></span> <span class='ocrx_word' id='word_1_289' title='bbox 994 2650 1181 2720; x_wconf 80' lang='lat' dir='ltr'><strong>religio</strong></span> <span class='ocrx_word' id='word_1_290' title='bbox 1233 2648 1495 2704; x_wconf 90' lang='lat' dir='ltr'><strong>destituta</strong></span> <span class='ocrx_word' id='word_1_291' title='bbox 1546 2648 1869 2705; x_wconf 90' lang='lat' dir='ltr'><strong>sacerdotali</strong></span> 
     </span>
    </p>
   </div>
   <div class='ocr_carea' id='block_1_43' title="bbox 275 2740 1868 2813">
    <p class='ocr_par' dir='ltr' id='par_1_43' title="bbox 275 2740 1868 2813">
     <span class='ocr_line' id='line_1_43' title="bbox 275 2740 1868 2813; baseline 0 -18"><span class='ocrx_word' id='word_1_292' title='bbox 275 2740 461 2797; x_wconf 91' lang='lat' dir='ltr'><strong>ofﬁcio</strong></span> <span class='ocrx_word' id='word_1_293' title='bbox 488 2744 703 2813; x_wconf 91' lang='lat' dir='ltr'><strong>penitus</strong></span> <span class='ocrx_word' id='word_1_294' title='bbox 728 2751 873 2797; x_wconf 91' lang='lat' dir='ltr'><strong>stare</strong></span> <span class='ocrx_word' id='word_1_295' title='bbox 902 2758 1011 2797; x_wconf 92' lang='lat' dir='ltr'><strong>non</strong></span> <span class='ocrx_word' id='word_1_296' title='bbox 1035 2751 1240 2813; x_wconf 92' lang='lat' dir='ltr'><strong>posset,</strong></span> <span class='ocrx_word' id='word_1_297' title='bbox 1270 2757 1398 2797; x_wconf 91' lang='lat' dir='ltr'><strong>cum</strong></span> <span class='ocrx_word' id='word_1_298' title='bbox 1419 2742 1537 2812; x_wconf 89' lang='lat' dir='ltr'><strong>jam</strong></span> <span class='ocrx_word' id='word_1_299' title='bbox 1567 2757 1708 2812; x_wconf 90' lang='lat' dir='ltr'><strong>pene</strong></span> <span class='ocrx_word' id='word_1_300' title='bbox 1733 2741 1868 2797; x_wconf 91' lang='lat' dir='ltr'><strong>nulli</strong></span> 
     </span>
    </p>
   </div>
   <div class='ocr_carea' id='block_1_44' title="bbox 270 2834 1869 2906">
    <p class='ocr_par' dir='ltr' id='par_1_44' title="bbox 270 2834 1869 2906">
     <span class='ocr_line' id='line_1_44' title="bbox 270 2834 1869 2906; baseline 0.001 -18"><span class='ocrx_word' id='word_1_301' title='bbox 270 2834 603 2900; x_wconf 87' lang='lat' dir='ltr'><strong>sacerdotes,</strong></span> <span class='ocrx_word' id='word_1_302' title='bbox 636 2836 737 2890; x_wconf 90' lang='lat' dir='ltr'><strong>nisi</strong></span> <span class='ocrx_word' id='word_1_303' title='bbox 769 2835 1120 2891; x_wconf 89' lang='lat' dir='ltr'><strong>criminaliter</strong></span> <span class='ocrx_word' id='word_1_304' title='bbox 1147 2835 1303 2906; x_wconf 90' lang='lat' dir='ltr'><strong>lapsi,</strong></span> <span class='ocrx_word' id='word_1_305' title='bbox 1330 2834 1701 2905; x_wconf 88' lang='lat' dir='ltr'><strong>reperiantur;</strong></span> <span class='ocrx_word' id='word_1_306' title='bbox 1730 2850 1869 2906; x_wconf 93' lang='lat' dir='ltr'><strong>quos</strong></span> 
     </span>
    </p>
   </div>
   <div class='ocr_carea' id='block_1_45' title="bbox 275 2927 1396 2999">
    <p class='ocr_par' dir='ltr' id='par_1_45' title="bbox 275 2927 1396 2999">
     <span class='ocr_line' id='line_1_45' title="bbox 275 2927 1396 2999; baseline 0.002 -19"><span class='ocrx_word' id='word_1_307' title='bbox 275 2927 479 2998; x_wconf 91' lang='lat' dir='ltr'><strong>antiqui</strong></span> <span class='ocrx_word' id='word_1_308' title='bbox 505 2944 742 2984; x_wconf 84' lang='lat' dir='ltr'><strong>canones</strong></span> <span class='ocrx_word' id='word_1_309' title='bbox 770 2928 1092 2999; x_wconf 91' lang='lat' dir='ltr'><strong>deposuisse</strong></span> <span class='ocrx_word' id='word_1_310' title='bbox 1119 2928 1396 2999; x_wconf 88' lang='lat' dir='ltr'><strong>leguntur.</strong></span> 
     </span>
    </p>
   </div>
   <div class='ocr_carea' id='block_1_46' title="bbox 343 3020 1868 3093">
    <p class='ocr_par' dir='ltr' id='par_1_46' title="bbox 343 3020 1868 3093">
     <span class='ocr_line' id='line_1_46' title="bbox 343 3020 1868 3093; baseline 0 -17"><span class='ocrx_word' id='word_1_311' title='bbox 343 3021 640 3077; x_wconf 90' lang='lat' dir='ltr'><strong>Sciendum</strong></span> <span class='ocrx_word' id='word_1_312' title='bbox 673 3037 802 3077; x_wconf 89' lang='lat' dir='ltr'><strong>sane</strong></span> <span class='ocrx_word' id='word_1_313' title='bbox 849 3021 996 3093; x_wconf 90' lang='lat' dir='ltr'><strong>quod</strong></span> <span class='ocrx_word' id='word_1_314' title='bbox 1040 3022 1276 3077; x_wconf 83' lang='lat' dir='ltr'><strong>Romani</strong></span> <span class='ocrx_word' id='word_1_315' title='bbox 1325 3020 1612 3093; x_wconf 90' lang='lat' dir='ltr'><strong>pontiﬁces</strong></span> <span class='ocrx_word' id='word_1_316' title='bbox 1650 3036 1868 3091; x_wconf 88' lang='lat' dir='ltr'><strong>semper</strong></span> 
     </span>
    </p>
   </div>
   <div class='ocr_carea' id='block_1_47' title="bbox 2057 1908 3571 1986">
    <p class='ocr_par' dir='ltr' id='par_1_47' title="bbox 2057 1908 3571 1986">
     <span class='ocr_line' id='line_1_47' title="bbox 2057 1908 3571 1986; baseline 0.006 -25"><span class='ocrx_word' id='word_1_317' title='bbox 2057 1908 2327 1963; x_wconf 87' lang='lat' dir='ltr'><strong>Eamdem</strong></span> <span class='ocrx_word' id='word_1_318' title='bbox 2354 1911 2681 1965; x_wconf 79' lang='lat' dir='ltr'><strong>sententiam</strong></span> <span class='ocrx_word' id='word_1_319' title='bbox 2723 1910 2917 1967; x_wconf 87' lang='lat' dir='ltr'><strong>beatus</strong></span> <span class='ocrx_word' id='word_1_320' title='bbox 2948 1914 3202 1968; x_wconf 91' lang='lat' dir='ltr'><strong>Gelasius</strong></span> <span class='ocrx_word' id='word_1_321' title='bbox 3245 1915 3298 1968; x_wconf 90' lang='lat' dir='ltr'><strong>in</strong></span> <span class='ocrx_word' id='word_1_322' title='bbox 3332 1916 3571 1986; x_wconf 89' lang='lat' dir='ltr'><strong>generali</strong></span> 
     </span>
    </p>
   </div>
   <div class='ocr_carea' id='block_1_48' title="bbox 1983 1998 3570 2078">
    <p class='ocr_par' dir='ltr' id='par_1_48' title="bbox 1983 1998 3570 2078">
     <span class='ocr_line' id='line_1_48' title="bbox 1983 1998 3570 2078; baseline 0.006 -25"><span class='ocrx_word' id='word_1_323' title='bbox 1983 1998 2225 2067; x_wconf 91' lang='lat' dir='ltr'><strong>decreto,</strong></span> <span class='ocrx_word' id='word_1_324' title='bbox 2249 2001 2316 2056; x_wconf 91' lang='lat' dir='ltr'><strong>de</strong></span> <span class='ocrx_word' id='word_1_325' title='bbox 2337 2003 2713 2059; x_wconf 89' lang='lat' dir='ltr'><strong>ecclesiasticis</strong></span> <span class='ocrx_word' id='word_1_326' title='bbox 2747 2005 3017 2060; x_wconf 92' lang='lat' dir='ltr'><strong>institutis</strong></span> <span class='ocrx_word' id='word_1_327' title='bbox 3036 2006 3103 2061; x_wconf 90' lang='lat' dir='ltr'><strong>ad</strong></span> <span class='ocrx_word' id='word_1_328' title='bbox 3143 2022 3333 2062; x_wconf 86' lang='lat' dir='ltr'><strong>omnes</strong></span> <span class='ocrx_word' id='word_1_329' title='bbox 3360 2010 3570 2078; x_wconf 90' lang='lat' dir='ltr'><strong>episco-</strong></span> 
     </span>
    </p>
   </div>
   <div class='ocr_carea' id='block_1_49' title="bbox 1980 2093 3573 2169">
    <p class='ocr_par' dir='ltr' id='par_1_49' title="bbox 1980 2093 3573 2169">
     <span class='ocr_line' id='line_1_49' title="bbox 1980 2093 3573 2169; baseline 0.006 -23"><span class='ocrx_word' id='word_1_330' title='bbox 1980 2107 2076 2161; x_wconf 90' lang='lat' dir='ltr'><strong>pos</strong></span> <span class='ocrx_word' id='word_1_331' title='bbox 2100 2093 2359 2160; x_wconf 87' lang='lat' dir='ltr'><strong>scribens,</strong></span> <span class='ocrx_word' id='word_1_332' title='bbox 2390 2095 2729 2166; x_wconf 88' lang='lat' dir='ltr'><strong>deprompsit</strong></span> <span class='ocrx_word' id='word_1_333' title='bbox 2761 2117 2773 2150; x_wconf 92' lang='lat'>:</span> <span class='ocrx_word' id='word_1_334' title='bbox 2802 2119 2827 2145; x_wconf 78' lang='grc' dir='ltr'><strong>α</strong></span> <span class='ocrx_word' id='word_1_335' title='bbox 2852 2100 2989 2153; x_wconf 88' lang='lat' dir='ltr'><strong>Cum</strong></span> <span class='ocrx_word' id='word_1_336' title='bbox 3010 2098 3195 2163; x_wconf 91' lang='lat' dir='ltr'><strong>nobis,</strong></span> <span class='ocrx_word' id='word_1_337' title='bbox 3214 2099 3412 2169; x_wconf 91' lang='lat' dir='ltr'><strong>inquit,</strong></span> <span class='ocrx_word' id='word_1_338' title='bbox 3445 2117 3573 2155; x_wconf 90' lang='lat' dir='ltr'><strong>con-</strong></span> 
     </span>
    </p>
   </div>
   <div class='ocr_carea' id='block_1_50' title="bbox 1982 2185 3566 2262">
    <p class='ocr_par' dir='ltr' id='par_1_50' title="bbox 1982 2185 3566 2262">
     <span class='ocr_line' id='line_1_50' title="bbox 1982 2185 3566 2262; baseline 0.006 -25"><span class='ocrx_word' id='word_1_339' title='bbox 1982 2190 2063 2238; x_wconf 91' lang='lat' dir='ltr'><strong>tra</strong></span> <span class='ocrx_word' id='word_1_340' title='bbox 2123 2185 2441 2240; x_wconf 89' lang='lat' dir='ltr'><strong>salutarium</strong></span> <span class='ocrx_word' id='word_1_341' title='bbox 2494 2189 2855 2242; x_wconf 88' lang='lat' dir='ltr'><strong>reverentiam</strong></span> <span class='ocrx_word' id='word_1_342' title='bbox 2914 2191 3225 2260; x_wconf 87' lang='lat' dir='ltr'><strong>regularum</strong></span> <span class='ocrx_word' id='word_1_343' title='bbox 3281 2193 3566 2262; x_wconf 89' lang='lat' dir='ltr'><strong>cupiamus</strong></span> 
     </span>
    </p>
   </div>
   <div class='ocr_carea' id='block_1_51' title="bbox 1980 2278 3573 2353">
    <p class='ocr_par' dir='ltr' id='par_1_51' title="bbox 1980 2278 3573 2353">
     <span class='ocr_line' id='line_1_51' title="bbox 1980 2278 3573 2353; baseline 0.005 -22"><span class='ocrx_word' id='word_1_344' title='bbox 1980 2284 2186 2332; x_wconf 91' lang='lat' dir='ltr'><strong>temere</strong></span> <span class='ocrx_word' id='word_1_345' title='bbox 2228 2278 2358 2332; x_wconf 90' lang='lat' dir='ltr'><strong>nihil</strong></span> <span class='ocrx_word' id='word_1_346' title='bbox 2392 2279 2571 2345; x_wconf 89' lang='lat' dir='ltr'><strong>licere,</strong></span> <span class='ocrx_word' id='word_1_347' title='bbox 2617 2289 2670 2334; x_wconf 89' lang='lat' dir='ltr'><strong>et</strong></span> <span class='ocrx_word' id='word_1_348' title='bbox 2710 2297 2837 2335; x_wconf 91' lang='lat' dir='ltr'><strong>cum</strong></span> <span class='ocrx_word' id='word_1_349' title='bbox 2884 2281 3039 2337; x_wconf 89' lang='lat' dir='ltr'><strong>sedes</strong></span> <span class='ocrx_word' id='word_1_350' title='bbox 3081 2283 3377 2352; x_wconf 90' lang='lat' dir='ltr'><strong>apostolica</strong></span> <span class='ocrx_word' id='word_1_351' title='bbox 3408 2300 3573 2353; x_wconf 88' lang='lat' dir='ltr'><strong>super</strong></span> 
     </span>
    </p>
   </div>
   <div class='ocr_carea' id='block_1_52' title="bbox 1981 2368 3571 2449">
    <p class='ocr_par' dir='ltr' id='par_1_52' title="bbox 1981 2368 3571 2449">
     <span class='ocr_line' id='line_1_52' title="bbox 1981 2368 3571 2449; baseline 0.005 -26"><span class='ocrx_word' id='word_1_352' title='bbox 1981 2368 2065 2424; x_wconf 88' lang='lat' dir='ltr'><strong>his</strong></span> <span class='ocrx_word' id='word_1_353' title='bbox 2094 2370 2374 2437; x_wconf 88' lang='lat' dir='ltr'><strong>omnibus,</strong></span> <span class='ocrx_word' id='word_1_354' title='bbox 2407 2371 2624 2427; x_wconf 81' lang='lat' dir='ltr'><strong>favente</strong></span> <span class='ocrx_word' id='word_1_355' title='bbox 2642 2373 2903 2449; x_wconf 88' lang='lat' dir='ltr'><strong>Domino,</strong></span> <span class='ocrx_word' id='word_1_356' title='bbox 2935 2389 3060 2445; x_wconf 91' lang='lat' dir='ltr'><strong>qua</strong></span> <span class='ocrx_word' id='word_1_357' title='bbox 3086 2376 3324 2444; x_wconf 84' lang='lat' dir='ltr'><strong>paternis</strong></span> <span class='ocrx_word' id='word_1_358' title='bbox 3352 2377 3571 2431; x_wconf 91' lang='lat' dir='ltr'><strong>canoni-</strong></span> 
     </span>
    </p>
   </div>
   <div class='ocr_carea' id='block_1_53' title="bbox 1977 2462 3566 2540">
    <p class='ocr_par' dir='ltr' id='par_1_53' title="bbox 1977 2462 3566 2540">
     <span class='ocr_line' id='line_1_53' title="bbox 1977 2462 3566 2540; baseline 0.004 -23"><span class='ocrx_word' id='word_1_359' title='bbox 1977 2462 2080 2517; x_wconf 90' lang='lat' dir='ltr'><strong>bus</strong></span> <span class='ocrx_word' id='word_1_360' title='bbox 2106 2472 2232 2518; x_wconf 91' lang='lat' dir='ltr'><strong>sunt</strong></span> <span class='ocrx_word' id='word_1_361' title='bbox 2260 2464 2501 2533; x_wconf 88' lang='lat' dir='ltr'><strong>praﬁxa,</strong></span> <span class='ocrx_word' id='word_1_362' title='bbox 2535 2466 2623 2534; x_wconf 94' lang='lat' dir='ltr'><strong>pio</strong></span> <span class='ocrx_word' id='word_1_363' title='bbox 2649 2465 2956 2537; x_wconf 89' lang='lat' dir='ltr'><strong>devotoque</strong></span> <span class='ocrx_word' id='word_1_364' title='bbox 2980 2466 3201 2522; x_wconf 91' lang='lat' dir='ltr'><strong>studeat</strong></span> <span class='ocrx_word' id='word_1_365' title='bbox 3226 2477 3415 2523; x_wconf 90' lang='lat' dir='ltr'><strong>tenere</strong></span> <span class='ocrx_word' id='word_1_366' title='bbox 3444 2486 3566 2540; x_wconf 88' lang='lat' dir='ltr'><strong>pro-</strong></span> 
     </span>
    </p>
   </div>
   <div class='ocr_carea' id='block_1_54' title="bbox 1982 2556 3570 2631">
    <p class='ocr_par' dir='ltr' id='par_1_54' title="bbox 1982 2556 3570 2631">
     <span class='ocr_line' id='line_1_54' title="bbox 1982 2556 3570 2631; baseline 0.006 -23"><span class='ocrx_word' id='word_1_367' title='bbox 1982 2556 2186 2625; x_wconf 91' lang='lat' dir='ltr'><strong>posito,</strong></span> <span class='ocrx_word' id='word_1_368' title='bbox 2233 2556 2365 2610; x_wconf 90' lang='lat' dir='ltr'><strong>satis</strong></span> <span class='ocrx_word' id='word_1_369' title='bbox 2409 2556 2693 2626; x_wconf 90' lang='lat' dir='ltr'><strong>indignum</strong></span> <span class='ocrx_word' id='word_1_370' title='bbox 2737 2566 2822 2612; x_wconf 90' lang='lat' dir='ltr'><strong>est</strong></span> <span class='ocrx_word' id='word_1_371' title='bbox 2874 2574 3209 2629; x_wconf 89' lang='lat' dir='ltr'><strong>quemquam</strong></span> <span class='ocrx_word' id='word_1_372' title='bbox 3251 2561 3570 2631; x_wconf 89' lang='lat' dir='ltr'><strong>pontiﬁcum</strong></span> 
     </span>
    </p>
   </div>
   <div class='ocr_carea' id='block_1_55' title="bbox 1978 2647 3568 2720">
    <p class='ocr_par' dir='ltr' id='par_1_55' title="bbox 1978 2647 3568 2720">
     <span class='ocr_line' id='line_1_55' title="bbox 1978 2647 3568 2720; baseline 0.008 -22"><span class='ocrx_word' id='word_1_373' title='bbox 1978 2648 2060 2702; x_wconf 90' lang='lat' dir='ltr'><strong>vel</strong></span> <span class='ocrx_word' id='word_1_374' title='bbox 2103 2647 2363 2703; x_wconf 89' lang='lat' dir='ltr'><strong>ordinum</strong></span> <span class='ocrx_word' id='word_1_375' title='bbox 2393 2649 2846 2720; x_wconf 89' lang='lat' dir='ltr'><strong>subsequentium</strong></span> <span class='ocrx_word' id='word_1_376' title='bbox 2873 2650 3015 2706; x_wconf 90' lang='lat' dir='ltr'><strong>hanc</strong></span> <span class='ocrx_word' id='word_1_377' title='bbox 3047 2652 3448 2709; x_wconf 85' lang='lat' dir='ltr'><strong>observantiam</strong></span> <span class='ocrx_word' id='word_1_378' title='bbox 3480 2671 3568 2710; x_wconf 89' lang='lat' dir='ltr'><strong>re-</strong></span> 
     </span>
    </p>
   </div>
   <div class='ocr_carea' id='block_1_56' title="bbox 1977 2739 3571 2816">
    <p class='ocr_par' dir='ltr' id='par_1_56' title="bbox 1977 2739 3571 2816">
     <span class='ocr_line' id='line_1_56' title="bbox 1977 2739 3571 2816; baseline 0.005 -23"><span class='ocrx_word' id='word_1_379' title='bbox 1977 2739 2156 2795; x_wconf 89' lang='lat' dir='ltr'><strong>futare</strong></span> <span class='ocrx_word' id='word_1_380' title='bbox 2196 2755 2365 2810; x_wconf 87' lang='lat' dir='ltr'><strong>quam</strong></span> <span class='ocrx_word' id='word_1_381' title='bbox 2412 2740 2552 2795; x_wconf 91' lang='lat' dir='ltr'><strong>beati</strong></span> <span class='ocrx_word' id='word_1_382' title='bbox 2594 2743 2736 2797; x_wconf 91' lang='lat' dir='ltr'><strong>Petri</strong></span> <span class='ocrx_word' id='word_1_383' title='bbox 2767 2742 2952 2797; x_wconf 90' lang='lat' dir='ltr'><strong>sedem</strong></span> <span class='ocrx_word' id='word_1_384' title='bbox 2990 2746 3255 2816; x_wconf 88' lang='lat' dir='ltr'><strong>consequi</strong></span> <span class='ocrx_word' id='word_1_385' title='bbox 3296 2747 3476 2801; x_wconf 89' lang='lat' dir='ltr'><strong>videat</strong></span> <span class='ocrx_word' id='word_1_386' title='bbox 3515 2756 3571 2803; x_wconf 91' lang='lat' dir='ltr'><strong>et</strong></span> 
     </span>
    </p>
   </div>
   <div class='ocr_carea' id='block_1_57' title="bbox 1978 2832 3570 2909">
    <p class='ocr_par' dir='ltr' id='par_1_57' title="bbox 1978 2832 3570 2909">
     <span class='ocr_line' id='line_1_57' title="bbox 1978 2832 3570 2909; baseline 0.004 -22"><span class='ocrx_word' id='word_1_387' title='bbox 1978 2832 2203 2898; x_wconf 87' lang='lat' dir='ltr'><strong>docere;</strong></span> <span class='ocrx_word' id='word_1_388' title='bbox 2249 2833 2491 2904; x_wconf 84' lang='lat' dir='ltr'><strong>satisque</strong></span> <span class='ocrx_word' id='word_1_389' title='bbox 2531 2836 2863 2889; x_wconf 90' lang='lat' dir='ltr'><strong>conveniens</strong></span> <span class='ocrx_word' id='word_1_390' title='bbox 2897 2845 2980 2890; x_wconf 90' lang='lat' dir='ltr'><strong>est</strong></span> <span class='ocrx_word' id='word_1_391' title='bbox 3036 2844 3096 2890; x_wconf 93' lang='lat' dir='ltr'><strong>ut</strong></span> <span class='ocrx_word' id='word_1_392' title='bbox 3137 2847 3317 2892; x_wconf 90' lang='lat' dir='ltr'><strong>totum</strong></span> <span class='ocrx_word' id='word_1_393' title='bbox 3370 2854 3570 2909; x_wconf 87' lang='lat' dir='ltr'><strong>corpus</strong></span> 
     </span>
    </p>
   </div>
   <div class='ocr_carea' id='block_1_58' title="bbox 1978 2925 3567 3001">
    <p class='ocr_par' dir='ltr' id='par_1_58' title="bbox 1978 2925 3567 3001">
     <span class='ocr_line' id='line_1_58' title="bbox 1978 2925 3567 3001; baseline 0.003 -20"><span class='ocrx_word' id='word_1_394' title='bbox 1978 2927 2235 2981; x_wconf 87' lang='lat' dir='ltr'><strong>Ecclesia</strong></span> <span class='ocrx_word' id='word_1_395' title='bbox 2246 2925 2302 2979; x_wconf 90' lang='lat' dir='ltr'><strong>in</strong></span> <span class='ocrx_word' id='word_1_396' title='bbox 2317 2926 2419 2981; x_wconf 90' lang='lat' dir='ltr'><strong>hac</strong></span> <span class='ocrx_word' id='word_1_397' title='bbox 2432 2927 2651 2981; x_wconf 90' lang='lat' dir='ltr'><strong>sibimet</strong></span> <span class='ocrx_word' id='word_1_398' title='bbox 2667 2927 3053 2982; x_wconf 89' lang='lat' dir='ltr'><strong>observatione</strong></span> <span class='ocrx_word' id='word_1_399' title='bbox 3067 2928 3383 2996; x_wconf 89' lang='lat' dir='ltr'><strong>concordet,</strong></span> <span class='ocrx_word' id='word_1_400' title='bbox 3402 2946 3567 3001; x_wconf 90' lang='lat' dir='ltr'><strong>quam</strong></span> 
     </span>
    </p>
   </div>
   <div class='ocr_carea' id='block_1_59' title="bbox 1977 3018 3566 3094">
    <p class='ocr_par' dir='ltr' id='par_1_59' title="bbox 1977 3018 3566 3094">
     <span class='ocr_line' id='line_1_59' title="bbox 1977 3018 3566 3094; baseline 0.004 -22"><span class='ocrx_word' id='word_1_401' title='bbox 1977 3019 2088 3073; x_wconf 88' lang='lat' dir='ltr'><strong>illic</strong></span> <span class='ocrx_word' id='word_1_402' title='bbox 2114 3019 2292 3091; x_wconf 87' lang='lat' dir='ltr'><strong>vigere</strong></span> <span class='ocrx_word' id='word_1_403' title='bbox 2337 3019 2480 3078; x_wconf 85' lang='lat' dir='ltr'><strong>videt</strong></span> <span class='ocrx_word' id='word_1_404' title='bbox 2508 3018 2602 3074; x_wconf 90' lang='lat' dir='ltr'><strong>ubi</strong></span> <span class='ocrx_word' id='word_1_405' title='bbox 2648 3023 2918 3075; x_wconf 89' lang='lat' dir='ltr'><strong>Dominus</strong></span> <span class='ocrx_word' id='word_1_406' title='bbox 2962 3020 3131 3076; x_wconf 88' lang='lat' dir='ltr'><strong>totius</strong></span> <span class='ocrx_word' id='word_1_407' title='bbox 3164 3022 3421 3079; x_wconf 86' lang='lat' dir='ltr'><strong>Ecclesia</strong></span> <span class='ocrx_word' id='word_1_408' title='bbox 3465 3040 3566 3094; x_wconf 90' lang='lat' dir='ltr'><strong>po-</strong></span> 
     </span>
    </p>
   </div>
   <div class='ocr_carea' id='block_1_60' title="bbox 272 3112 3591 3186">
    <p class='ocr_par' dir='ltr' id='par_1_60' title="bbox 272 3112 3591 3186">
     <span class='ocr_line' id='line_1_60' title="bbox 272 3112 3591 3186; baseline 0.001 -20"><span class='ocrx_word' id='word_1_409' title='bbox 272 3113 450 3185; x_wconf 88' lang='lat' dir='ltr'><strong>magis</strong></span> <span class='ocrx_word' id='word_1_410' title='bbox 477 3115 701 3185; x_wconf 90' lang='lat' dir='ltr'><strong>antiqua</strong></span> <span class='ocrx_word' id='word_1_411' title='bbox 722 3116 945 3186; x_wconf 77' lang='lat' dir='ltr'><strong>exsequi</strong></span> <span class='ocrx_word' id='word_1_412' title='bbox 976 3123 1033 3169; x_wconf 93' lang='lat' dir='ltr'><strong>et</strong></span> <span class='ocrx_word' id='word_1_413' title='bbox 1057 3114 1345 3170; x_wconf 90' lang='lat' dir='ltr'><strong>observare</strong></span> <span class='ocrx_word' id='word_1_414' title='bbox 1365 3130 1533 3185; x_wconf 90' lang='lat' dir='ltr'><strong>quam</strong></span> <span class='ocrx_word' id='word_1_415' title='bbox 1554 3130 1695 3169; x_wconf 88' lang='lat' dir='ltr'><strong>nova</strong></span> <span class='ocrx_word' id='word_1_416' title='bbox 1716 3114 1867 3169; x_wconf 90' lang='lat' dir='ltr'><strong>insti-</strong></span> <span class='ocrx_word' id='word_1_417' title='bbox 1896 3118 1939 3181; x_wconf 85' lang='lat' dir='ltr'>C</span> <span class='ocrx_word' id='word_1_418' title='bbox 1971 3112 2077 3166; x_wconf 91' lang='lat' dir='ltr'><strong>suit</strong></span> <span class='ocrx_word' id='word_1_419' title='bbox 2108 3112 2496 3182; x_wconf 90' lang='lat' dir='ltr'><strong>principatum.</strong></span> <span class='ocrx_word' id='word_1_420' title='bbox 2532 3115 2594 3166; x_wconf 86' lang='lat' dir='ltr'><strong>In</strong></span> <span class='ocrx_word' id='word_1_421' title='bbox 2629 3112 2732 3167; x_wconf 89' lang='lat' dir='ltr'><strong>hoc</strong></span> <span class='ocrx_word' id='word_1_422' title='bbox 2756 3112 2941 3184; x_wconf 89' lang='lat' dir='ltr'><strong>utique</strong></span> <span class='ocrx_word' id='word_1_423' title='bbox 2966 3115 3139 3168; x_wconf 88' lang='lat' dir='ltr'><strong>sancti</strong></span> <span class='ocrx_word' id='word_1_424' title='bbox 3166 3116 3399 3169; x_wconf 86' lang='lat' dir='ltr'><strong>Romani</strong></span> <span class='ocrx_word' id='word_1_425' title='bbox 3432 3132 3563 3186; x_wconf 89' lang='lat' dir='ltr'><strong>pon-</strong></span> <span class='ocrx_word' id='word_1_426' title='bbox 3590 3164 3591 3171; x_wconf 46' lang='grc' dir='ltr'><strong>η</strong></span> 
     </span>
    </p>
   </div>
   <div class='ocr_carea' id='block_1_61' title="bbox 268 3207 1866 3280">
    <p class='ocr_par' dir='ltr' id='par_1_61' title="bbox 268 3207 1866 3280">
     <span class='ocr_line' id='line_1_61' title="bbox 268 3207 1866 3280; baseline -0.001 -19"><span class='ocrx_word' id='word_1_427' title='bbox 268 3214 444 3274; x_wconf 90' lang='lat' dir='ltr'><strong>tuere,</strong></span> <span class='ocrx_word' id='word_1_428' title='bbox 476 3208 583 3262; x_wconf 88' lang='lat' dir='ltr'><strong>nisi</strong></span> <span class='ocrx_word' id='word_1_429' title='bbox 610 3208 790 3279; x_wconf 89' lang='lat' dir='ltr'><strong>aliqua</strong></span> <span class='ocrx_word' id='word_1_430' title='bbox 810 3207 1148 3263; x_wconf 90' lang='lat' dir='ltr'><strong>rationabilis</strong></span> <span class='ocrx_word' id='word_1_431' title='bbox 1168 3224 1329 3264; x_wconf 91' lang='lat' dir='ltr'><strong>causa</strong></span> <span class='ocrx_word' id='word_1_432' title='bbox 1363 3216 1697 3280; x_wconf 88' lang='lat' dir='ltr'><strong>perurgeret,</strong></span> <span class='ocrx_word' id='word_1_433' title='bbox 1730 3223 1866 3263; x_wconf 89' lang='lat' dir='ltr'><strong>con-</strong></span> 
     </span>
    </p>
   </div>
   <div class='ocr_carea' id='block_1_62' title="bbox 268 3299 1867 3371">
    <p class='ocr_par' dir='ltr' id='par_1_62' title="bbox 268 3299 1867 3371">
     <span class='ocr_line' id='line_1_62' title="bbox 268 3299 1867 3371; baseline 0.001 -17"><span class='ocrx_word' id='word_1_434' title='bbox 268 3306 585 3355; x_wconf 87' lang='lat' dir='ltr'><strong>sueverunt.</strong></span> <span class='ocrx_word' id='word_1_435' title='bbox 611 3299 777 3355; x_wconf 90' lang='lat' dir='ltr'><strong>Unde</strong></span> <span class='ocrx_word' id='word_1_436' title='bbox 802 3301 994 3356; x_wconf 90' lang='lat' dir='ltr'><strong>beatus</strong></span> <span class='ocrx_word' id='word_1_437' title='bbox 1021 3301 1276 3357; x_wconf 90' lang='lat' dir='ltr'><strong>Gelasius</strong></span> <span class='ocrx_word' id='word_1_438' title='bbox 1307 3317 1441 3371; x_wconf 89' lang='lat' dir='ltr'><strong>papa</strong></span> <span class='ocrx_word' id='word_1_439' title='bbox 1478 3302 1547 3356; x_wconf 92' lang='lat' dir='ltr'><strong>ad</strong></span> <span class='ocrx_word' id='word_1_440' title='bbox 1586 3301 1867 3371; x_wconf 86' lang='lat' dir='ltr'><strong>episcOpos</strong></span> 
     </span>
    </p>
   </div>
   <div class='ocr_carea' id='block_1_63' title="bbox 268 3393 1862 3465">
    <p class='ocr_par' dir='ltr' id='par_1_63' title="bbox 268 3393 1862 3465">
     <span class='ocr_line' id='line_1_63' title="bbox 268 3393 1862 3465; baseline 0 -18"><span class='ocrx_word' id='word_1_441' title='bbox 268 3393 565 3448; x_wconf 89' lang='lat' dir='ltr'><strong>Dardania</strong></span> <span class='ocrx_word' id='word_1_442' title='bbox 595 3412 607 3447; x_wconf 93' lang='lat'>:</span> <span class='ocrx_word' id='word_1_443' title='bbox 646 3417 670 3440; x_wconf 87' lang='grc' dir='ltr'><strong>‹ι</strong></span> <span class='ocrx_word' id='word_1_444' title='bbox 702 3394 917 3458; x_wconf 87' lang='lat' dir='ltr'><strong>Nullus,</strong></span> <span class='ocrx_word' id='word_1_445' title='bbox 950 3394 1150 3464; x_wconf 91' lang='lat' dir='ltr'><strong>inquit,</strong></span> <span class='ocrx_word' id='word_1_446' title='bbox 1177 3394 1296 3465; x_wconf 88' lang='lat' dir='ltr'><strong>jam</strong></span> <span class='ocrx_word' id='word_1_447' title='bbox 1322 3394 1579 3448; x_wconf 90' lang='lat' dir='ltr'><strong>veraciter</strong></span> <span class='ocrx_word' id='word_1_448' title='bbox 1601 3394 1862 3449; x_wconf 89' lang='lat' dir='ltr'><strong>Christia-</strong></span> 
     </span>
    </p>
   </div>
   <div class='ocr_carea' id='block_1_64' title="bbox 260 3485 1861 3559">
    <p class='ocr_par' dir='ltr' id='par_1_64' title="bbox 260 3485 1861 3559">
     <span class='ocr_line' id='line_1_64' title="bbox 260 3485 1861 3559; baseline 0.001 -20"><span class='ocrx_word' id='word_1_449' title='bbox 260 3486 613 3556; x_wconf 89' lang='lat' dir='ltr'><strong>nusignorat,</strong></span> <span class='ocrx_word' id='word_1_450' title='bbox 636 3487 1068 3558; x_wconf 91' lang='lat' dir='ltr'><strong>uniuscujusque</strong></span> <span class='ocrx_word' id='word_1_451' title='bbox 1088 3486 1281 3559; x_wconf 90' lang='lat' dir='ltr'><strong>synodi</strong></span> <span class='ocrx_word' id='word_1_452' title='bbox 1303 3487 1665 3541; x_wconf 89' lang='lat' dir='ltr'><strong>constitutum</strong></span> <span class='ocrx_word' id='word_1_453' title='bbox 1692 3485 1861 3557; x_wconf 92' lang='lat' dir='ltr'><strong>(quod</strong></span> 
     </span>
    </p>
   </div>
   <div class='ocr_carea' id='block_1_65' title="bbox 260 3579 1863 3651">
    <p class='ocr_par' dir='ltr' id='par_1_65' title="bbox 260 3579 1863 3651">
     <span class='ocr_line' id='line_1_65' title="bbox 260 3579 1863 3651; baseline 0.001 -19"><span class='ocrx_word' id='word_1_454' title='bbox 260 3580 584 3635; x_wconf 86' lang='lat' dir='ltr'><strong>universalis</strong></span> <span class='ocrx_word' id='word_1_455' title='bbox 606 3580 856 3635; x_wconf 87' lang='lat' dir='ltr'><strong>Ecclesia</strong></span> <span class='ocrx_word' id='word_1_456' title='bbox 879 3580 1436 3651; x_wconf 89' lang='lat' dir='ltr'><strong>probavitassensus),</strong></span> <span class='ocrx_word' id='word_1_457' title='bbox 1458 3579 1666 3633; x_wconf 91' lang='lat' dir='ltr'><strong>nullam</strong></span> <span class='ocrx_word' id='word_1_458' title='bbox 1685 3579 1863 3649; x_wconf 88' lang='lat' dir='ltr'><strong>magis</strong></span> 
     </span>
    </p>
   </div>
   <div class='ocr_carea' id='block_1_66' title="bbox 260 3672 1855 3744">
    <p class='ocr_par' dir='ltr' id='par_1_66' title="bbox 260 3672 1855 3744">
     <span class='ocr_line' id='line_1_66' title="bbox 260 3672 1855 3744; baseline -0.001 -18"><span class='ocrx_word' id='word_1_459' title='bbox 260 3673 486 3743; x_wconf 89' lang='lat' dir='ltr'><strong>exsequi</strong></span> <span class='ocrx_word' id='word_1_460' title='bbox 510 3672 696 3728; x_wconf 90' lang='lat' dir='ltr'><strong>sedem</strong></span> <span class='ocrx_word' id='word_1_461' title='bbox 728 3688 839 3744; x_wconf 92' lang='lat' dir='ltr'><strong>pra</strong></span> <span class='ocrx_word' id='word_1_462' title='bbox 868 3674 1079 3729; x_wconf 92' lang='lat' dir='ltr'><strong>cateris</strong></span> <span class='ocrx_word' id='word_1_463' title='bbox 1109 3681 1367 3744; x_wconf 87' lang='lat' dir='ltr'><strong>oportere</strong></span> <span class='ocrx_word' id='word_1_464' title='bbox 1397 3688 1561 3743; x_wconf 91' lang='lat' dir='ltr'><strong>quam</strong></span> <span class='ocrx_word' id='word_1_465' title='bbox 1595 3672 1855 3741; x_wconf 90' lang='lat' dir='ltr'><strong>primam,</strong></span> 
     </span>
    </p>
   </div>
   <div class='ocr_carea' id='block_1_67' title="bbox 263 3764 1857 3838">
    <p class='ocr_par' dir='ltr' id='par_1_67' title="bbox 263 3764 1857 3838">
     <span class='ocr_line' id='line_1_67' title="bbox 263 3764 1857 3838; baseline -0.001 -17"><span class='ocrx_word' id='word_1_466' title='bbox 263 3781 397 3835; x_wconf 90' lang='lat' dir='ltr'><strong>qua</strong></span> <span class='ocrx_word' id='word_1_467' title='bbox 412 3781 855 3838; x_wconf 90' lang='lat' dir='ltr'><strong>unamquamque</strong></span> <span class='ocrx_word' id='word_1_468' title='bbox 870 3765 1144 3838; x_wconf 85' lang='lat' dir='ltr'><strong>synodum</strong></span> <span class='ocrx_word' id='word_1_469' title='bbox 1163 3774 1218 3821; x_wconf 91' lang='lat' dir='ltr'><strong>et</strong></span> <span class='ocrx_word' id='word_1_470' title='bbox 1245 3782 1343 3820; x_wconf 90' lang='lat' dir='ltr'><strong>sua</strong></span> <span class='ocrx_word' id='word_1_471' title='bbox 1368 3764 1693 3820; x_wconf 87' lang='lat' dir='ltr'><strong>auctoritate</strong></span> <span class='ocrx_word' id='word_1_472' title='bbox 1723 3780 1857 3819; x_wconf 92' lang='lat' dir='ltr'><strong>con-</strong></span> 
     </span>
    </p>
   </div>
   <div class='ocr_carea' id='block_1_68' title="bbox 260 3858 1857 3925">
    <p class='ocr_par' dir='ltr' id='par_1_68' title="bbox 260 3858 1857 3925">
     <span class='ocr_line' id='line_1_68' title="bbox 260 3858 1857 3925; baseline -0.001 -12"><span class='ocrx_word' id='word_1_473' title='bbox 260 3858 470 3925; x_wconf 89' lang='lat' dir='ltr'><strong>ﬁrmat,</strong></span> <span class='ocrx_word' id='word_1_474' title='bbox 501 3867 553 3914; x_wconf 89' lang='lat' dir='ltr'><strong>et</strong></span> <span class='ocrx_word' id='word_1_475' title='bbox 582 3860 894 3915; x_wconf 89' lang='lat' dir='ltr'><strong>continuata</strong></span> <span class='ocrx_word' id='word_1_476' title='bbox 938 3859 1313 3915; x_wconf 91' lang='lat' dir='ltr'><strong>moderatione</strong></span> <span class='ocrx_word' id='word_1_477' title='bbox 1352 3858 1609 3914; x_wconf 89' lang='lat' dir='ltr'><strong>custodit.</strong></span> <span class='ocrx_word' id='word_1_478' title='bbox 1654 3880 1678 3905; x_wconf 74' lang='grc' dir='ltr'><strong>ι</strong></span> <span class='ocrx_word' id='word_1_479' title='bbox 1715 3858 1857 3912; x_wconf 85' lang='lat' dir='ltr'><strong>Hinc</strong></span> 
     </span>
    </p>
   </div>
   <div class='ocr_carea' id='block_1_69' title="bbox 257 3950 1856 4024">
    <p class='ocr_par' dir='ltr' id='par_1_69' title="bbox 257 3950 1856 4024">
     <span class='ocr_line' id='line_1_69' title="bbox 257 3950 1856 4024; baseline -0.001 -18"><span class='ocrx_word' id='word_1_480' title='bbox 257 3959 485 4006; x_wconf 88' lang='lat' dir='ltr'><strong>sanctus</strong></span> <span class='ocrx_word' id='word_1_481' title='bbox 514 3954 628 4007; x_wconf 91' lang='lat' dir='ltr'><strong>Leo</strong></span> <span class='ocrx_word' id='word_1_482' title='bbox 667 3968 804 4024; x_wconf 86' lang='lat' dir='ltr'><strong>papa</strong></span> <span class='ocrx_word' id='word_1_483' title='bbox 838 3969 850 4005; x_wconf 95' lang='lat'>:</span> <span class='ocrx_word' id='word_1_484' title='bbox 886 3976 909 3999; x_wconf 78' lang='grc' dir='ltr'><strong>«ι</strong></span> <span class='ocrx_word' id='word_1_485' title='bbox 947 3951 1038 4007; x_wconf 78' lang='lat' dir='ltr'><strong>Ad</strong></span> <span class='ocrx_word' id='word_1_486' title='bbox 1065 3968 1275 4019; x_wconf 91' lang='lat' dir='ltr'><strong>meum,</strong></span> <span class='ocrx_word' id='word_1_487' title='bbox 1303 3952 1501 4023; x_wconf 91' lang='lat' dir='ltr'><strong>inquit,</strong></span> <span class='ocrx_word' id='word_1_488' title='bbox 1532 3950 1713 4005; x_wconf 90' lang='lat' dir='ltr'><strong>tendit</strong></span> <span class='ocrx_word' id='word_1_489' title='bbox 1736 3966 1856 4005; x_wconf 86' lang='lat' dir='ltr'><strong>rea—</strong></span> 
     </span>
    </p>
   </div>
   <div class='ocr_carea' id='block_1_70' title="bbox 1973 3201 3561 3278">
    <p class='ocr_par' dir='ltr' id='par_1_70' title="bbox 1973 3201 3561 3278">
     <span class='ocr_line' id='line_1_70' title="bbox 1973 3201 3561 3278; baseline 0.003 -19"><span class='ocrx_word' id='word_1_490' title='bbox 1973 3205 2147 3260; x_wconf 89' lang='lat' dir='ltr'><strong>tiﬁces</strong></span> <span class='ocrx_word' id='word_1_491' title='bbox 2173 3201 2291 3259; x_wconf 84' lang='lat' dir='ltr'><strong>aliis</strong></span> <span class='ocrx_word' id='word_1_492' title='bbox 2312 3220 2471 3275; x_wconf 89' lang='lat' dir='ltr'><strong>pares</strong></span> <span class='ocrx_word' id='word_1_493' title='bbox 2491 3222 2607 3261; x_wconf 87' lang='lat' dir='ltr'><strong>esse</strong></span> <span class='ocrx_word' id='word_1_494' title='bbox 2633 3207 2938 3273; x_wconf 89' lang='lat' dir='ltr'><strong>voluerunt,</strong></span> <span class='ocrx_word' id='word_1_495' title='bbox 2960 3207 3106 3278; x_wconf 95' lang='lat' dir='ltr'><strong>quod</strong></span> <span class='ocrx_word' id='word_1_496' title='bbox 3131 3224 3240 3263; x_wconf 91' lang='lat' dir='ltr'><strong>non</strong></span> <span class='ocrx_word' id='word_1_497' title='bbox 3261 3216 3373 3263; x_wconf 90' lang='lat' dir='ltr'><strong>tam</strong></span> <span class='ocrx_word' id='word_1_498' title='bbox 3405 3224 3561 3264; x_wconf 91' lang='lat' dir='ltr'><strong>nova</strong></span> 
     </span>
    </p>
   </div>
   <div class='ocr_carea' id='block_1_71' title="bbox 1974 3298 3560 3369">
    <p class='ocr_par' dir='ltr' id='par_1_71' title="bbox 1974 3298 3560 3369">
     <span class='ocr_line' id='line_1_71' title="bbox 1974 3298 3560 3369; baseline 0.003 -17"><span class='ocrx_word' id='word_1_499' title='bbox 1974 3298 2333 3353; x_wconf 90' lang='lat' dir='ltr'><strong>institutionis</strong></span> <span class='ocrx_word' id='word_1_500' title='bbox 2374 3308 2623 3353; x_wconf 91' lang='lat' dir='ltr'><strong>auctores</strong></span> <span class='ocrx_word' id='word_1_501' title='bbox 2653 3315 2819 3369; x_wconf 91' lang='lat' dir='ltr'><strong>quam</strong></span> <span class='ocrx_word' id='word_1_502' title='bbox 2851 3300 3049 3355; x_wconf 91' lang='lat' dir='ltr'><strong>veteris</strong></span> <span class='ocrx_word' id='word_1_503' title='bbox 3078 3309 3423 3356; x_wconf 85' lang='lat' dir='ltr'><strong>exsecutores</strong></span> <span class='ocrx_word' id='word_1_504' title='bbox 3448 3303 3560 3357; x_wconf 53' lang='lat' dir='ltr'><strong>exi.</strong></span> 
     </span>
    </p>
   </div>
   <div class='ocr_carea' id='block_1_72' title="bbox 1973 3390 3561 3461">
    <p class='ocr_par' dir='ltr' id='par_1_72' title="bbox 1973 3390 3561 3461">
     <span class='ocr_line' id='line_1_72' title="bbox 1973 3390 3561 3461; baseline 0.002 -15"><span class='ocrx_word' id='word_1_505' title='bbox 1973 3400 2115 3446; x_wconf 89' lang='lat' dir='ltr'><strong>stere</strong></span> <span class='ocrx_word' id='word_1_506' title='bbox 2137 3390 2501 3457; x_wconf 86' lang='lat' dir='ltr'><strong>studuerunt;</strong></span> <span class='ocrx_word' id='word_1_507' title='bbox 2524 3391 2671 3461; x_wconf 92' lang='lat' dir='ltr'><strong>quod</strong></span> <span class='ocrx_word' id='word_1_508' title='bbox 2697 3408 2804 3447; x_wconf 92' lang='lat' dir='ltr'><strong>non</strong></span> <span class='ocrx_word' id='word_1_509' title='bbox 2828 3392 3009 3447; x_wconf 90' lang='lat' dir='ltr'><strong>solum</strong></span> <span class='ocrx_word' id='word_1_510' title='bbox 3036 3395 3302 3461; x_wconf 86' lang='lat' dir='ltr'><strong>Romano,</strong></span> <span class='ocrx_word' id='word_1_511' title='bbox 3333 3393 3429 3449; x_wconf 91' lang='lat' dir='ltr'><strong>sed</strong></span> <span class='ocrx_word' id='word_1_512' title='bbox 3448 3395 3561 3449; x_wconf 81' lang='lat' dir='ltr'><strong>cui-</strong></span> 
     </span>
    </p>
   </div>
   <div class='ocr_carea' id='block_1_73' title="bbox 1974 3483 3139 3554">
    <p class='ocr_par' dir='ltr' id='par_1_73' title="bbox 1974 3483 3139 3554">
     <span class='ocr_line' id='line_1_73' title="bbox 1974 3483 3139 3554; baseline 0.003 -17"><span class='ocrx_word' id='word_1_513' title='bbox 1974 3484 2103 3539; x_wconf 92' lang='lat' dir='ltr'><strong>libet</strong></span> <span class='ocrx_word' id='word_1_514' title='bbox 2134 3483 2391 3554; x_wconf 86' lang='lat' dir='ltr'><strong>episcopo</strong></span> <span class='ocrx_word' id='word_1_515' title='bbox 2422 3483 2674 3539; x_wconf 89' lang='lat' dir='ltr'><strong>Gelasius</strong></span> <span class='ocrx_word' id='word_1_516' title='bbox 2702 3485 2860 3539; x_wconf 86' lang='lat' dir='ltr'><strong>licere</strong></span> <span class='ocrx_word' id='word_1_517' title='bbox 2889 3494 3139 3541; x_wconf 88' lang='lat' dir='ltr'><strong>testatur.</strong></span> 
     </span>
    </p>
   </div>
   <div class='ocr_carea' id='block_1_74' title="bbox 2043 3596 3561 3663">
    <p class='ocr_par' dir='ltr' id='par_1_74' title="bbox 2043 3596 3561 3663">
     <span class='ocr_line' id='line_1_74' title="bbox 2043 3596 3561 3663; baseline 0.001 -14"><span class='ocrx_word' id='word_1_518' title='bbox 2043 3598 2309 3649; x_wconf 83' lang='lat' dir='ltr'><strong>Hactenus</strong></span> <span class='ocrx_word' id='word_1_519' title='bbox 2358 3597 2595 3662; x_wconf 75' lang='lat' dir='ltr'><strong>antiqua</strong></span> <span class='ocrx_word' id='word_1_520' title='bbox 2641 3596 2985 3649; x_wconf 74' lang='lat' dir='ltr'><strong>membrana.</strong></span> <span class='ocrx_word' id='word_1_521' title='bbox 3042 3599 3167 3663; x_wconf 73' lang='lat' dir='ltr'><strong>Quae</strong></span> <span class='ocrx_word' id='word_1_522' title='bbox 3220 3614 3349 3651; x_wconf 89' lang='lat' dir='ltr'><strong>num</strong></span> <span class='ocrx_word' id='word_1_523' title='bbox 3393 3603 3561 3654; x_wconf 71' lang='lat' dir='ltr'><strong>totam</strong></span> 
     </span>
    </p>
   </div>
   <div class='ocr_carea' id='block_1_75' title="bbox 1971 3666 3561 3736">
    <p class='ocr_par' dir='ltr' id='par_1_75' title="bbox 1971 3666 3561 3736">
     <span class='ocr_line' id='line_1_75' title="bbox 1971 3666 3561 3736; baseline 0.001 -17"><span class='ocrx_word' id='word_1_524' title='bbox 1971 3666 2233 3719; x_wconf 84' lang='lat' dir='ltr'><strong>Bernaldi</strong></span> <span class='ocrx_word' id='word_1_525' title='bbox 2274 3666 2692 3720; x_wconf 63' lang='lat' dir='ltr'><strong>lucubratione»:</strong></span> <span class='ocrx_word' id='word_1_526' title='bbox 2716 3668 2867 3720; x_wconf 83' lang='lat' dir='ltr'><strong>nobis</strong></span> <span class='ocrx_word' id='word_1_527' title='bbox 2899 3669 3202 3731; x_wconf 60' lang='lat' dir='ltr'><strong>exhibeant,</strong></span> <span class='ocrx_word' id='word_1_528' title='bbox 3226 3669 3466 3736; x_wconf 88' lang='lat' dir='ltr'><strong>ambigo,</strong></span> <span class='ocrx_word' id='word_1_529' title='bbox 3498 3669 3561 3721; x_wconf 93' lang='lat' dir='ltr'><strong>ob</strong></span> 
     </span>
    </p>
   </div>
   <div class='ocr_carea' id='block_1_76' title="bbox 1967 3737 3560 3804">
    <p class='ocr_par' dir='ltr' id='par_1_76' title="bbox 1967 3737 3560 3804">
     <span class='ocr_line' id='line_1_76' title="bbox 1967 3737 3560 3804; baseline 0.001 -15"><span class='ocrx_word' id='word_1_530' title='bbox 1967 3740 2124 3804; x_wconf 82' lang='lat' dir='ltr'><strong>ﬁnem</strong></span> <span class='ocrx_word' id='word_1_531' title='bbox 2170 3741 2277 3789; x_wconf 85' lang='lat' dir='ltr'><strong>tam</strong></span> <span class='ocrx_word' id='word_1_532' title='bbox 2305 3737 2608 3804; x_wconf 79' lang='lat' dir='ltr'><strong>abruptum,</strong></span> <span class='ocrx_word' id='word_1_533' title='bbox 2644 3742 2693 3791; x_wconf 85' lang='lat' dir='ltr'><strong>et</strong></span> <span class='ocrx_word' id='word_1_534' title='bbox 2720 3738 2872 3790; x_wconf 88' lang='lat' dir='ltr'><strong>nulla</strong></span> <span class='ocrx_word' id='word_1_535' title='bbox 2906 3739 2987 3791; x_wconf 87' lang='lat' dir='ltr'><strong>vel</strong></span> <span class='ocrx_word' id='word_1_536' title='bbox 3026 3740 3237 3792; x_wconf 79' lang='lat' dir='ltr'><strong>lectoris</strong></span> <span class='ocrx_word' id='word_1_537' title='bbox 3276 3742 3357 3792; x_wconf 74' lang='lat' dir='ltr'><strong>vel</strong></span> <span class='ocrx_word' id='word_1_538' title='bbox 3400 3740 3560 3793; x_wconf 87' lang='lat' dir='ltr'><strong>Gebe-</strong></span> 
     </span>
    </p>
   </div>
   <div class='ocr_carea' id='block_1_77' title="bbox 1968 3808 3559 3877">
    <p class='ocr_par' dir='ltr' id='par_1_77' title="bbox 1968 3808 3559 3877">
     <span class='ocr_line' id='line_1_77' title="bbox 1968 3808 3559 3877; baseline 0.001 -16"><span class='ocrx_word' id='word_1_539' title='bbox 1968 3808 2137 3861; x_wconf 87' lang='lat' dir='ltr'><strong>hardi</strong></span> <span class='ocrx_word' id='word_1_540' title='bbox 2160 3808 2557 3876; x_wconf 73' lang='lat' dir='ltr'><strong>compellatione</strong></span> <span class='ocrx_word' id='word_1_541' title='bbox 2579 3811 2939 3861; x_wconf 87' lang='lat' dir='ltr'><strong>terminatum.</strong></span> <span class='ocrx_word' id='word_1_542' title='bbox 2970 3810 3071 3864; x_wconf 85' lang='lat' dir='ltr'><strong>Cui</strong></span> <span class='ocrx_word' id='word_1_543' title='bbox 3104 3811 3311 3877; x_wconf 82' lang='lat' dir='ltr'><strong>plenius</strong></span> <span class='ocrx_word' id='word_1_544' title='bbox 3335 3816 3383 3863; x_wconf 88' lang='lat' dir='ltr'><strong>et</strong></span> <span class='ocrx_word' id='word_1_545' title='bbox 3421 3813 3559 3863; x_wconf 83' lang='lat' dir='ltr'><strong>inte-</strong></span> 
     </span>
    </p>
   </div>
   <div class='ocr_carea' id='block_1_78' title="bbox 1967 3879 3561 4005">
    <p class='ocr_par' dir='ltr' id='par_1_78' title="bbox 1967 3879 3561 4005">
     <span class='ocr_line' id='line_1_78' title="bbox 1967 3879 3561 4005; baseline 0.001 -72"><span class='ocrx_word' id='word_1_546' title='bbox 1967 3882 2120 4005; x_wconf 51' lang='grc' dir='ltr'><strong>9ἔῗῑῖε</strong></span> <span class='ocrx_word' id='word_1_547' title='bbox 2160 3880 2439 3947; x_wconf 67' lang='lat' dir='ltr'><strong>exemplar</strong></span> <span class='ocrx_word' id='word_1_548' title='bbox 2482 3879 2754 3947; x_wconf 77' lang='lat' dir='ltr'><strong>obtigerit,</strong></span> <span class='ocrx_word' id='word_1_549' title='bbox 2787 3882 2833 3933; x_wconf 80' lang='lat' dir='ltr'><strong>is</strong></span> <span class='ocrx_word' id='word_1_550' title='bbox 2861 3881 3187 3943; x_wconf 75' lang='lat' dir='ltr'><strong>Bernaldum</strong></span> <span class='ocrx_word' id='word_1_551' title='bbox 3215 3883 3561 3949; x_wconf 78' lang='lat' dir='ltr'><strong>integriorem</strong></span> 
     </span>
     <span class='ocr_line' id='line_1_79' title="bbox 1968 3967 2116 4004; baseline -0.007 0"><span class='ocrx_word' id='word_1_552' title='bbox 1968 3967 1994 4004; x_wconf 90' lang='lat' dir='ltr'><strong>e</strong></span> <span class='ocrx_word' id='word_1_553' title='bbox 2035 3967 2069 4003; x_wconf 91' lang='lat' dir='ltr'><strong>a</strong></span> <span class='ocrx_word' id='word_1_554' title='bbox 2105 3992 2116 4003; x_wconf 94' lang='lat'><strong>.</strong></span> 
     </span>
    </p>
   </div>
   <div class='ocr_carea' id='block_1_79' title="bbox 254 4098 3554 4126">
    <p class='ocr_par' dir='ltr' id='par_1_79' title="bbox 254 4098 3554 4126">
     <span class='ocr_line' id='line_1_80' title="bbox 254 4098 3554 4126; baseline -0 -2"><span class='ocrx_word' id='word_1_555' title='bbox 254 4098 3554 4126; x_wconf 51' lang='grc' dir='ltr'>ψ</span> 
     </span>
    </p>
   </div>
   <div class='ocr_carea' id='block_1_80' title="bbox 958 4260 2857 4344">
    <p class='ocr_par' dir='ltr' id='par_1_80' title="bbox 958 4260 2857 4344">
     <span class='ocr_line' id='line_1_81' title="bbox 958 4260 2857 4344; baseline -0.001 -4"><span class='ocrx_word' id='word_1_556' title='bbox 958 4261 1466 4344; x_wconf 89' lang='lat' dir='ltr'><strong>MONITUM</strong></span> <span class='ocrx_word' id='word_1_557' title='bbox 1522 4261 2041 4341; x_wconf 79' lang='lat' dir='ltr'><strong>EDITORIS</strong></span> <span class='ocrx_word' id='word_1_558' title='bbox 2099 4260 2857 4340; x_wconf 70' lang='lat' dir='ltr'><strong>PATROLOGIIE.</strong></span> 
     </span>
    </p>
   </div>
   <div class='ocr_carea' id='block_1_81' title="bbox 329 4428 3550 4530">
    <p class='ocr_par' dir='ltr' id='par_1_81' title="bbox 329 4428 3550 4530">
     <span class='ocr_line' id='line_1_82' title="bbox 329 4428 3550 4530; baseline 0 -22"><span class='ocrx_word' id='word_1_559' title='bbox 329 4454 617 4530; x_wconf 79' lang='lat' dir='ltr'><strong>Opusculis</strong></span> <span class='ocrx_word' id='word_1_560' title='bbox 644 4450 894 4509; x_wconf 88' lang='lat' dir='ltr'><strong>Bernaldi</strong></span> <span class='ocrx_word' id='word_1_561' title='bbox 929 4455 1046 4526; x_wconf 90' lang='lat' dir='ltr'><strong>jam</strong></span> <span class='ocrx_word' id='word_1_562' title='bbox 1075 4471 1141 4511; x_wconf 89' lang='lat' dir='ltr'><strong>ex</strong></span> <span class='ocrx_word' id='word_1_563' title='bbox 1178 4454 1436 4511; x_wconf 88' lang='lat' dir='ltr'><strong>Gretsero</strong></span> <span class='ocrx_word' id='word_1_564' title='bbox 1476 4453 1643 4509; x_wconf 90' lang='lat' dir='ltr'><strong>editis</strong></span> <span class='ocrx_word' id='word_1_565' title='bbox 1664 4454 1950 4526; x_wconf 88' lang='lat' dir='ltr'><strong>jungimus</strong></span> <span class='ocrx_word' id='word_1_566' title='bbox 1980 4453 2079 4509; x_wconf 89' lang='lat' dir='ltr'><strong>alia</strong></span> <span class='ocrx_word' id='word_1_567' title='bbox 2108 4467 2229 4525; x_wconf 90' lang='lat' dir='ltr'><strong>qua</strong></span> <span class='ocrx_word' id='word_1_568' title='bbox 2262 4453 2469 4523; x_wconf 82' lang='lat' dir='ltr'><strong>primus</strong></span> <span class='ocrx_word' id='word_1_569' title='bbox 2500 4454 2555 4508; x_wconf 91' lang='lat' dir='ltr'><strong>in</strong></span> <span class='ocrx_word' id='word_1_570' title='bbox 2591 4428 2771 4509; x_wconf 64' lang='lat' dir='ltr'><strong>lucem</strong></span> <span class='ocrx_word' id='word_1_571' title='bbox 2809 4452 2996 4509; x_wconf 91' lang='lat' dir='ltr'><strong>emisit</strong></span> <span class='ocrx_word' id='word_1_572' title='bbox 3026 4451 3374 4510; x_wconf 90' lang='lat' dir='ltr'><strong>doctissimus</strong></span> <span class='ocrx_word' id='word_1_573' title='bbox 3399 4455 3550 4511; x_wconf 88' lang='lat' dir='ltr'><strong>&#39;Ger—</strong></span> 
     </span>
    </p>
   </div>
   <div class='ocr_carea' id='block_1_82' title="bbox 248 4537 3549 4619">
    <p class='ocr_par' dir='ltr' id='par_1_82' title="bbox 248 4537 3549 4619">
     <span class='ocr_line' id='line_1_83' title="bbox 248 4537 3549 4619; baseline 0 -18"><span class='ocrx_word' id='word_1_574' title='bbox 248 4546 457 4601; x_wconf 89' lang='lat' dir='ltr'><strong>mania</strong></span> <span class='ocrx_word' id='word_1_575' title='bbox 482 4562 648 4602; x_wconf 89' lang='lat' dir='ltr'><strong>sacra</strong></span> <span class='ocrx_word' id='word_1_576' title='bbox 680 4547 877 4602; x_wconf 90' lang='lat' dir='ltr'><strong>editor.</strong></span> <span class='ocrx_word' id='word_1_577' title='bbox 912 4548 1125 4603; x_wconf 90' lang='lat' dir='ltr'><strong>Deinde</strong></span> <span class='ocrx_word' id='word_1_578' title='bbox 1151 4537 1460 4603; x_wconf 70' lang='lat' dir='ltr'><strong>ChFonicon</strong></span> <span class='ocrx_word' id='word_1_579' title='bbox 1493 4547 1768 4614; x_wconf 91' lang='lat' dir='ltr'><strong>Bernaldi,</strong></span> <span class='ocrx_word' id='word_1_580' title='bbox 1808 4547 1861 4602; x_wconf 92' lang='lat' dir='ltr'><strong>in</strong></span> <span class='ocrx_word' id='word_1_581' title='bbox 1891 4563 2001 4619; x_wconf 89' lang='lat' dir='ltr'><strong>quo</strong></span> <span class='ocrx_word' id='word_1_582' title='bbox 2042 4547 2214 4603; x_wconf 90' lang='lat' dir='ltr'><strong>multa</strong></span> <span class='ocrx_word' id='word_1_583' title='bbox 2254 4547 2320 4602; x_wconf 92' lang='lat' dir='ltr'><strong>de</strong></span> <span class='ocrx_word' id='word_1_584' title='bbox 2357 4548 2602 4619; x_wconf 89' lang='lat' dir='ltr'><strong>Gregorii</strong></span> <span class='ocrx_word' id='word_1_585' title='bbox 2629 4548 2730 4602; x_wconf 92' lang='lat' dir='ltr'><strong>VII</strong></span> <span class='ocrx_word' id='word_1_586' title='bbox 2765 4545 2930 4601; x_wconf 89' lang='lat' dir='ltr'><strong>rebus</strong></span> <span class='ocrx_word' id='word_1_587' title='bbox 2966 4548 3160 4619; x_wconf 85' lang='lat' dir='ltr'><strong>gestis,</strong></span> <span class='ocrx_word' id='word_1_588' title='bbox 3196 4546 3549 4618; x_wconf 89' lang='lat' dir='ltr'><strong>subjiciemus</strong></span> 
     </span>
    </p>
   </div>
   <div class='ocr_carea' id='block_1_83' title="bbox 243 4638 3547 4712">
    <p class='ocr_par' dir='ltr' id='par_1_83' title="bbox 243 4638 3547 4712">
     <span class='ocr_line' id='line_1_84' title="bbox 243 4638 3547 4712; baseline 0.001 -19"><span class='ocrx_word' id='word_1_589' title='bbox 243 4640 601 4712; x_wconf 86' lang='lat' dir='ltr'><strong>Tengnagelii</strong></span> <span class='ocrx_word' id='word_1_590' title='bbox 633 4640 885 4712; x_wconf 81' lang='lat' dir='ltr'><strong>Syllogen</strong></span> <span class='ocrx_word' id='word_1_591' title='bbox 922 4641 1000 4695; x_wconf 90' lang='lat' dir='ltr'><strong>sic</strong></span> <span class='ocrx_word' id='word_1_592' title='bbox 1045 4642 1368 4712; x_wconf 89' lang='lat' dir='ltr'><strong>ampliatam</strong></span> <span class='ocrx_word' id='word_1_593' title='bbox 1395 4640 1650 4697; x_wconf 89' lang='lat' dir='ltr'><strong>claudent</strong></span> <span class='ocrx_word' id='word_1_594' title='bbox 1689 4642 1950 4712; x_wconf 89' lang='lat' dir='ltr'><strong>opuscula</strong></span> <span class='ocrx_word' id='word_1_595' title='bbox 1984 4657 2107 4712; x_wconf 88' lang='lat' dir='ltr'><strong>qua</strong></span> <span class='ocrx_word' id='word_1_596' title='bbox 2142 4641 2200 4695; x_wconf 91' lang='lat' dir='ltr'><strong>in</strong></span> <span class='ocrx_word' id='word_1_597' title='bbox 2240 4641 2418 4697; x_wconf 91' lang='lat' dir='ltr'><strong>indice</strong></span> <span class='ocrx_word' id='word_1_598' title='bbox 2461 4638 2782 4697; x_wconf 89' lang='lat' dir='ltr'><strong>Collectioni</strong></span> <span class='ocrx_word' id='word_1_599' title='bbox 2822 4638 3045 4711; x_wconf 72' lang='lat' dir='ltr'><strong>praﬁxo</strong></span> <span class='ocrx_word' id='word_1_600' title='bbox 3085 4639 3454 4696; x_wconf 90' lang='lat' dir='ltr'><strong>inscribuntur</strong></span> <span class='ocrx_word' id='word_1_601' title='bbox 3495 4642 3547 4695; x_wconf 89' lang='lat' dir='ltr'><strong>ul</strong></span> 
     </span>
    </p>
   </div>
   <div class='ocr_carea' id='block_1_84' title="bbox 244 4732 415 4787">
    <p class='ocr_par' dir='ltr' id='par_1_84' title="bbox 244 4732 415 4787">
     <span class='ocr_line' id='line_1_85' title="bbox 244 4732 415 4787; baseline -0.006 0"><span class='ocrx_word' id='word_1_602' title='bbox 244 4732 415 4787; x_wconf 85' lang='lat' dir='ltr'><strong>tima.</strong></span> 
     </span>
    </p>
   </div>
   <div class='ocr_carea' id='block_1_85' title="bbox 800 5060 2994 5143">
    <p class='ocr_par' dir='ltr' id='par_1_85' title="bbox 800 5060 2994 5143">
     <span class='ocr_line' id='line_1_86' title="bbox 800 5060 2994 5143; baseline 0.001 -3"><span class='ocrx_word' id='word_1_603' title='bbox 800 5062 1309 5143; x_wconf 85' lang='lat' dir='ltr'><strong>MONITUM</strong></span> <span class='ocrx_word' id='word_1_604' title='bbox 1368 5062 1897 5141; x_wconf 81' lang='lat' dir='ltr'><strong>EDITORIS</strong></span> <span class='ocrx_word' id='word_1_605' title='bbox 1953 5060 2545 5141; x_wconf 73' lang='lat' dir='ltr'><strong>GERMANIJE</strong></span> <span class='ocrx_word' id='word_1_606' title='bbox 2605 5060 2994 5142; x_wconf 65' lang='lat' dir='ltr'><strong>SACRIE.</strong></span> 
     </span>
    </p>
   </div>
   <div class='ocr_carea' id='block_1_86' title="bbox 1766 5229 2051 5293">
    <p class='ocr_par' dir='ltr' id='par_1_86' title="bbox 1766 5229 2051 5293">
     <span class='ocr_line' id='line_1_87' title="bbox 1766 5229 2051 5293; baseline 0 -12"><span class='ocrx_word' id='word_1_607' title='bbox 1766 5229 1863 5293; x_wconf 86' lang='lat' dir='ltr'><strong>(II,</strong></span> <span class='ocrx_word' id='word_1_608' title='bbox 1905 5230 2051 5293; x_wconf 83' lang='lat'><strong>356.)</strong></span> 
     </span>
    </p>
   </div>
   <div class='ocr_carea' id='block_1_87' title="bbox 328 5535 3542 5618">
    <p class='ocr_par' dir='ltr' id='par_1_87' title="bbox 328 5535 3542 5618">
     <span class='ocr_line' id='line_1_88' title="bbox 328 5535 3542 5618; baseline 0 -25"><span class='ocrx_word' id='word_1_609' title='bbox 328 5540 605 5618; x_wconf 82' lang='lat' dir='ltr'><strong>Hactenus</strong></span> <span class='ocrx_word' id='word_1_610' title='bbox 642 5537 782 5594; x_wconf 91' lang='lat' dir='ltr'><strong>edita</strong></span> <span class='ocrx_word' id='word_1_611' title='bbox 824 5538 1080 5595; x_wconf 89' lang='lat' dir='ltr'><strong>Bernaldi</strong></span> <span class='ocrx_word' id='word_1_612' title='bbox 1119 5538 1668 5618; x_wconf 66' lang='lat' dir='ltr'><strong>oppscrrla_;_his_ja_m</strong></span> <span class='ocrx_word' id='word_1_613' title='bbox 1698 5539 1790 5618; x_wconf 87' lang='lat' dir='ltr'><strong>_illa</strong></span> <span class='ocrx_word' id='word_1_614' title='bbox 1821 5538 2199 5618; x_wconf 89' lang='lat' dir='ltr'><strong>subjungimus</strong></span> <span class='ocrx_word' id='word_1_615' title='bbox 2237 5555 2360 5610; x_wconf 91' lang='lat' dir='ltr'><strong>qua</strong></span> <span class='ocrx_word' id='word_1_616' title='bbox 2398 5540 2670 5618; x_wconf 77' lang='lat' dir='ltr'><strong>publicam</strong></span> <span class='ocrx_word' id='word_1_617' title='bbox 2701 5535 3159 5618; x_wconf 37' lang='lat' dir='ltr'><strong>luce-mnecdum.</strong></span> <span class='ocrx_word' id='word_1_618' title='bbox 3193 5547 3542 5618; x_wconf 77' lang='lat' dir='ltr'><strong>aspexerunt,</strong></span> 
     </span>
    </p>
   </div>
   <div class='ocr_carea' id='block_1_88' title="bbox 248 5607 3548 5680">
    <p class='ocr_par' dir='ltr' id='par_1_88' title="bbox 248 5607 3548 5680">
     <span class='ocr_line' id='line_1_89' title="bbox 248 5607 3548 5680; baseline 0 -17"><span class='ocrx_word' id='word_1_619' title='bbox 248 5624 318 5664; x_wconf 84' lang='lat' dir='ltr'><strong>ex</strong></span> <span class='ocrx_word' id='word_1_620' title='bbox 349 5614 772 5665; x_wconf 81' lang='lat' dir='ltr'><strong>membranaceo</strong></span> <span class='ocrx_word' id='word_1_621' title='bbox 810 5626 933 5667; x_wconf 87' lang='lat' dir='ltr'><strong>sae.</strong></span> <span class='ocrx_word' id='word_1_622' title='bbox 962 5626 1053 5666; x_wconf 81' lang='lat' dir='ltr'><strong>xu</strong></span> <span class='ocrx_word' id='word_1_623' title='bbox 1084 5609 1271 5664; x_wconf 91' lang='lat' dir='ltr'><strong>codice</strong></span> <span class='ocrx_word' id='word_1_624' title='bbox 1296 5610 1387 5680; x_wconf 93' lang='lat' dir='ltr'><strong>qui</strong></span> <span class='ocrx_word' id='word_1_625' title='bbox 1417 5609 1468 5663; x_wconf 91' lang='lat' dir='ltr'><strong>in</strong></span> <span class='ocrx_word' id='word_1_626' title='bbox 1502 5610 1825 5664; x_wconf 79' lang='lat' dir='ltr'><strong>bibliotheca</strong></span> <span class='ocrx_word' id='word_1_627' title='bbox 1853 5607 2043 5665; x_wconf 82' lang='lat' dir='ltr'><strong>nostra</strong></span> <span class='ocrx_word' id='word_1_628' title='bbox 2068 5607 2412 5676; x_wconf 60' lang='lat' dir='ltr'><strong>asservatur,</strong></span> <span class='ocrx_word' id='word_1_629' title='bbox 2434 5611 2777 5680; x_wconf 88' lang='lat' dir='ltr'><strong>deprompta.</strong></span> <span class='ocrx_word' id='word_1_630' title='bbox 2815 5612 2906 5661; x_wconf 89' lang='lat' dir='ltr'><strong>Est</strong></span> <span class='ocrx_word' id='word_1_631' title='bbox 2935 5607 3019 5661; x_wconf 87' lang='lat' dir='ltr'><strong>hic</strong></span> <span class='ocrx_word' id='word_1_632' title='bbox 3061 5608 3106 5661; x_wconf 91' lang='lat' dir='ltr'><strong>is</strong></span> <span class='ocrx_word' id='word_1_633' title='bbox 3149 5607 3269 5678; x_wconf 84' lang='lat' dir='ltr'><strong>ipse</strong></span> <span class='ocrx_word' id='word_1_634' title='bbox 3291 5611 3548 5679; x_wconf 89' lang='lat' dir='ltr'><strong>antiquus</strong></span> 
     </span>
    </p>
   </div>
   <div class='ocr_carea' id='block_1_89' title="bbox 250 5680 3547 5750">
    <p class='ocr_par' dir='ltr' id='par_1_89' title="bbox 250 5680 3547 5750">
     <span class='ocr_line' id='line_1_90' title="bbox 250 5680 3547 5750; baseline 0 -17"><span class='ocrx_word' id='word_1_635' title='bbox 250 5681 429 5735; x_wconf 87' lang='lat' dir='ltr'><strong>codex</strong></span> <span class='ocrx_word' id='word_1_636' title='bbox 464 5698 572 5750; x_wconf 94' lang='lat' dir='ltr'><strong>quo</strong></span> <span class='ocrx_word' id='word_1_637' title='bbox 597 5682 859 5737; x_wconf 87' lang='lat' dir='ltr'><strong>Simlerus</strong></span> <span class='ocrx_word' id='word_1_638' title='bbox 885 5683 935 5736; x_wconf 88' lang='lat' dir='ltr'><strong>in</strong></span> <span class='ocrx_word' id='word_1_639' title='bbox 975 5698 1073 5736; x_wconf 88' lang='lat' dir='ltr'><strong>sua</strong></span> <span class='ocrx_word' id='word_1_640' title='bbox 1104 5681 1460 5743; x_wconf 87' lang='lat' dir='ltr'><strong>Bibliotheca,</strong></span> <span class='ocrx_word' id='word_1_641' title='bbox 1505 5698 1557 5750; x_wconf 88' lang='lat' dir='ltr'><strong>p.</strong></span> <span class='ocrx_word' id='word_1_642' title='bbox 1592 5685 1683 5746; x_wconf 81' lang='lat'><strong>96,</strong></span> <span class='ocrx_word' id='word_1_643' title='bbox 1706 5681 1987 5750; x_wconf 88' lang='lat' dir='ltr'><strong>sequentia</strong></span> <span class='ocrx_word' id='word_1_644' title='bbox 2018 5680 2277 5735; x_wconf 87' lang='lat' dir='ltr'><strong>Bernardi</strong></span> <span class='ocrx_word' id='word_1_645' title='bbox 2330 5697 2424 5735; x_wconf 88' lang='lat' dir='ltr'><strong>seu</strong></span> <span class='ocrx_word' id='word_1_646' title='bbox 2464 5680 2716 5736; x_wconf 88' lang='lat' dir='ltr'><strong>Bernaldi</strong></span> <span class='ocrx_word' id='word_1_647' title='bbox 2746 5694 2910 5748; x_wconf 87' lang='lat' dir='ltr'><strong>opera</strong></span> <span class='ocrx_word' id='word_1_648' title='bbox 2947 5687 3217 5744; x_wconf 88' lang='lat' dir='ltr'><strong>recenset,</strong></span> <span class='ocrx_word' id='word_1_649' title='bbox 3251 5696 3376 5750; x_wconf 89' lang='lat' dir='ltr'><strong>qua</strong></span> <span class='ocrx_word' id='word_1_650' title='bbox 3407 5682 3547 5733; x_wconf 90' lang='lat' dir='ltr'><strong>inter</strong></span> 
     </span>
    </p>
   </div>
   <div class='ocr_carea' id='block_1_90' title="bbox 253 5698 3547 5832">
    <p class='ocr_par' dir='ltr' id='par_1_90' title="bbox 253 5698 3547 5832">
     <span class='ocr_line' id='line_1_91' title="bbox 253 5698 3547 5750; baseline 0 -17"><span class='ocrx_word' id='word_1_651' title='bbox 253 5698 429 5735; x_wconf 86' lang='lat' dir='ltr'><strong>coaex</strong></span> <span class='ocrx_word' id='word_1_652' title='bbox 504 5698 572 5736; x_wconf 93' lang='lat' dir='ltr'><strong>uo</strong></span> <span class='ocrx_word' id='word_1_653' title='bbox 597 5698 859 5737; x_wconf 59' lang='lat' dir='ltr'><strong>numerus</strong></span> <span class='ocrx_word' id='word_1_654' title='bbox 885 5698 935 5736; x_wconf 86' lang='lat' dir='ltr'><strong>III</strong></span> <span class='ocrx_word' id='word_1_655' title='bbox 975 5698 1073 5736; x_wconf 88' lang='lat' dir='ltr'><strong>sua</strong></span> <span class='ocrx_word' id='word_1_656' title='bbox 1106 5698 1460 5743; x_wconf 80' lang='lat' dir='ltr'><strong>munomeca,</strong></span> <span class='ocrx_word' id='word_1_657' title='bbox 1505 5698 1557 5750; x_wconf 88' lang='lat' dir='ltr'><strong>p.</strong></span> <span class='ocrx_word' id='word_1_658' title='bbox 1592 5698 1683 5746; x_wconf 77' lang='lat' dir='ltr'><strong>su,</strong></span> <span class='ocrx_word' id='word_1_659' title='bbox 1706 5698 1987 5750; x_wconf 78' lang='lat' dir='ltr'><strong>sequentia</strong></span> <span class='ocrx_word' id='word_1_660' title='bbox 2018 5698 2277 5735; x_wconf 76' lang='lat' dir='ltr'><strong>uernarui</strong></span> <span class='ocrx_word' id='word_1_661' title='bbox 2330 5698 2424 5735; x_wconf 87' lang='lat' dir='ltr'><strong>seu</strong></span> <span class='ocrx_word' id='word_1_662' title='bbox 2466 5698 2716 5736; x_wconf 72' lang='lat' dir='ltr'><strong>bernalai</strong></span> <span class='ocrx_word' id='word_1_663' title='bbox 2746 5698 2910 5748; x_wconf 86' lang='lat' dir='ltr'><strong>opera</strong></span> <span class='ocrx_word' id='word_1_664' title='bbox 2947 5698 3217 5744; x_wconf 75' lang='lat' dir='ltr'><strong>recenset,</strong></span> <span class='ocrx_word' id='word_1_665' title='bbox 3251 5698 3376 5750; x_wconf 89' lang='lat' dir='ltr'><strong>qua</strong></span> <span class='ocrx_word' id='word_1_666' title='bbox 3407 5698 3547 5733; x_wconf 79' lang='lat' dir='ltr'><strong>inter</strong></span> 
     </span>
     <span class='ocr_line' id='line_1_92' title="bbox 253 5698 3547 5832; baseline -0 -29"><span class='ocrx_word' id='word_1_667' title='bbox 253 5751 437 5820; x_wconf 91' lang='lat' dir='ltr'><strong>primo</strong></span> <span class='ocrx_word' id='word_1_668' title='bbox 464 5698 602 5806; x_wconf 51' lang='lat' dir='ltr'><strong>(loco</strong></span> <span class='ocrx_word' id='word_1_669' title='bbox 643 5760 947 5808; x_wconf 89' lang='lat' dir='ltr'><strong>occurrunt</strong></span> <span class='ocrx_word' id='word_1_670' title='bbox 972 5752 1331 5832; x_wconf 70' lang='lat' dir='ltr'><strong>Apologetica:</strong></span> <span class='ocrx_word' id='word_1_671' title='bbox 1345 5755 1593 5832; x_wconf 67' lang='grc' dir='ltr'><strong>Δνιιεξφηρε</strong></span> <span class='ocrx_word' id='word_1_672' title='bbox 1623 5757 1807 5832; x_wconf 66' lang='lat' dir='ltr'><strong>contra</strong></span> <span class='ocrx_word' id='word_1_673' title='bbox 1839 5752 2312 5832; x_wconf 31' lang='lat' dir='ltr'><strong>schismaticorum-</strong></span> <span class='ocrx_word' id='word_1_674' title='bbox 2336 5754 2653 5832; x_wconf 51' lang='lat' dir='ltr'><strong>obiectiones</strong></span> <span class='ocrx_word' id='word_1_675' title='bbox 2790 5750 3153 5832; x_wconf 58' lang='lat' dir='ltr'><strong>Adalbertum</strong></span> <span class='ocrx_word' id='word_1_676' title='bbox 3190 5754 3547 5832; x_wconf 71' lang='lat' dir='ltr'><strong>Nemetensem</strong></span> 
     </span>
    </p>
   </div>
   <div class='ocr_carea' id='block_1_91' title="bbox 246 5820 3546 5893">
    <p class='ocr_par' dir='ltr' id='par_1_91' title="bbox 246 5820 3546 5893">
     <span class='ocr_line' id='line_1_93' title="bbox 246 5820 3546 5893; baseline 0 -19"><span class='ocrx_word' id='word_1_677' title='bbox 246 5824 639 5891; x_wconf 67' lang='lat' dir='ltr'><strong>praepositum;</strong></span> <span class='ocrx_word' id='word_1_678' title='bbox 671 5826 729 5877; x_wconf 82' lang='lat' dir='ltr'><strong>in</strong></span> <span class='ocrx_word' id='word_1_679' title='bbox 757 5824 953 5892; x_wconf 80' lang='lat' dir='ltr'><strong>quibus</strong></span> <span class='ocrx_word' id='word_1_680' title='bbox 968 5820 1239 5892; x_wconf 72' lang='lat' dir='ltr'><strong>pracipue</strong></span> <span class='ocrx_word' id='word_1_681' title='bbox 1264 5822 1518 5888; x_wconf 78' lang='lat' dir='ltr'><strong>defendit</strong></span> <span class='ocrx_word' id='word_1_682' title='bbox 1550 5824 1695 5891; x_wconf 86' lang='lat' dir='ltr'><strong>quod</strong></span> <span class='ocrx_word' id='word_1_683' title='bbox 1724 5825 1837 5892; x_wconf 85' lang='lat' dir='ltr'><strong>ipse</strong></span> <span class='ocrx_word' id='word_1_684' title='bbox 1860 5827 1914 5877; x_wconf 88' lang='lat' dir='ltr'><strong>et</strong></span> <span class='ocrx_word' id='word_1_685' title='bbox 1940 5824 2041 5877; x_wconf 79' lang='lat' dir='ltr'><strong>alii</strong></span> <span class='ocrx_word' id='word_1_686' title='bbox 2066 5824 2312 5877; x_wconf 88' lang='lat' dir='ltr'><strong>monachi</strong></span> <span class='ocrx_word' id='word_1_687' title='bbox 2333 5820 2587 5879; x_wconf 78' lang='lat' dir='ltr'><strong>S.Blasii</strong></span> <span class='ocrx_word' id='word_1_688' title='bbox 2612 5822 2797 5893; x_wconf 76' lang='lat' dir='ltr'><strong>merito</strong></span> <span class='ocrx_word' id='word_1_689' title='bbox 2823 5821 2892 5873; x_wconf 82' lang='lat' dir='ltr'><strong>ab</strong></span> <span class='ocrx_word' id='word_1_690' title='bbox 2918 5823 3391 5876; x_wconf 65' lang='lat' dir='ltr'><strong>eacommunicatis</strong></span> <span class='ocrx_word' id='word_1_691' title='bbox 3422 5820 3546 5875; x_wconf 88' lang='lat' dir='ltr'><strong>abs-</strong></span> 
     </span>
    </p>
   </div>
  </div>
