4062 6182
496 259 629 316 1219

1396 306 1397 309 η
1495 258 1584 312 ΑΙ)
1621 257 1847 311 OPERA
1886 256 1941 310 S.
1983 253 2303 311 GREGORII
2343 256 2779 310 APPENDICES.

3650 256 3781 308 1220

480 389 710 440 tineam.
741 385 915 453 Hic;si
956 382 1238 453 manifeste
1284 382 1338 436 S.
1370 381 1531 435 Blasii
1563 381 1895 435 monachum
1935 380 2158 445 fatetur,
2204 380 2371 434 tacito
2406 387 2588 453 tamen
2645 378 2941 449 presbyteri
2980 378 3162 443 titulo,
3210 377 3309 432 etsi
3341 384 3460 432 tum
3505 378 3633 431 talis
3672 377 3787 453 jam

490 456 672 519 fuerit,
706 449 905 525 quippe
936 452 1191 525 defuncto
1223 454 1339 525 jam
1393 453 1658 517 Gregorio
1703 455 1803 507 VII
1841 469 1968 525 ann.
2005 458 2141 507 1085
2173 454 2437 525 scribens,
2470 451 2649 525 alhuc
2689 459 2873 504 tamen
2904 458 3028 504 ante
3070 465 3272 505 annum
3316 455 3473 515 1038,
3516 465 3628 525 quo
3655 449 3787 501 obiit

487 520 816 582 Bernard'us'
842 520 1237 594 Corbeieusis,'
1265 524 1331 577 ad
1381 540 1546 594 quem
1584 533 1668 578 est
1718 524 1965 577 Berualdi
2009 524 2237 591 epistola
2281 528 2513 591 (supra),
2553 521 2611 575 in
2654 538 2761 594 qua
2802 531 3135 594 sacramenta
3169 520 3786 575 excommunicatorum

488 597 743 657 admittit,
787 610 909 665 quae
951 596 1035 648 hic
1072 593 1250 648 adhuc
1286 593 1556 649 ﬂuctuans
1585 595 1772 664 rejicit.
1830 599 1947 664 Ipse
1978 595 2151 664 stylus
2176 595 2430 648 eumdem
2464 593 2884 665 praecedentium
2914 593 3301 665 opusculorum
3342 594 3672 665 scriptorem
3702 607 3787 665 ar-

488 669 625 738 guit,
658 667 733 719 uti
775 661 985 738 attento
1018 666 1203 719 lectori
1230 679 1419 735 suapte
1448 661 1680 736 patebit;
1734 661 2054 737 argumenta
2093 680 2313 735 quoque
2353 661 2474 718 tam
2500 664 2585 717 hic
2611 680 2776 733 quam
2814 665 2872 719 in
2897 661 3249 735 sequentibus
3276 662 3559 733 opusculis
3586 661 3790 733 passim

488 737 717 793 adducta
741 737 984 807 idipsum
1012 737 1148 791 satis
1177 738 1450 791 evincunt.

1662 1056 2613 1169 BERNALDI

968 1271 1455 1325 APOLOGETICAS
1503 1268 1836 1323 RATIONES
1883 1268 2153 1322 CONTRA
2209 1267 2797 1322 SCHISMATICORUM
2841 1265 3310 1321 OBJECTIONES.

570 1581 807 1635 Domino
835 1597 899 1636 ac
926 1581 1218 1636 venerabili
1237 1586 1595 1637 ADELBEB’I‘O
1620 1579 1930 1636 Nemetensi
1950 1595 2086 1649 prm-
2118 1584 2197 1643 Ας
2269 1581 2369 1635 III.
2400 1580 2670 1635 Miramur
2722 1588 2907 1635 autem
2964 1579 3031 1635 de
3080 1586 3257 1634 vestra
3305 1576 3596 1648 prudentia
3646 1574 3801 1645 quod

495 1673 673 1742 posito
716 1675 897 1743 (1062)
948 1678 1318 1730 BEBNALDUS
1366 1675 1595 1729 ultimus
1643 1672 1875 1728 fratrum
1928 1672 1995 1727 de
2031 1674 2089 1727 S.

498 1765 701 1820 Blasio.

572 1862 615 1913 ῐ.
640 1860 864 1916 Litterae
894 1869 1109 1928 vestrae,
1135 1877 1271 1932 quas
1297 1861 1365 1915 ad
1396 1865 1452 1915 S.
1481 1861 1721 1915 Blasium
1748 1876 1842 1930 per
1866 1858 2091 1913 fratrem

497 1961 751 2007 nostrum
800 1954 1204 2009 Adelberonem
1244 1954 1537 2020 direxistis,
1586 1970 1700 2008 non
1752 1969 1945 2022 parum
1994 1968 2095 2006 nos

497 2054 693 2102 notare
733 2047 1010 2112 videntur,
1053 2048 1207 2118 quasi
1258 2066 1287 2102 a
1345 2058 1491 2103 recta
1529 2049 1616 2102 via
1673 2047 2093 2113 deviaverimus,

499 2155 710 2209 nosque
757 2140 890 2193 satis
937 2141 1172 2195 ﬁdeliter
1199 2140 1499 2195 admonent
1549 2149 1608 2194 ut
1643 2156 1885 2194 errorem
1929 2139 2097 2193 corri-

498 2247 629 2303 gere
668 2247 781 2285 non
837 2233 1244 2287 erubescamus.
1295 2234 1400 2288 Sed
1447 2250 1548 2287 nos
1594 2249 1941 2304 nequaquam
1994 2231 2096 2286 hoc

496 2324 648 2394 quasi
692 2340 937 2380 errorem
992 2326 1265 2397 corrigere
1322 2326 1747 2395 praesumimus,
1807 2324 1959 2396 quod
2018 2341 2092 2380 ex

502 2417 829 2489 evangelicis
858 2426 912 2471 et
941 2419 1254 2488 apostolicis
1274 2419 1649 2474 sanctionibus
1688 2418 2093 2473 observandum

499 2512 811 2567 didicimus.
844 2514 957 2567 Nos
1000 2513 1145 2567 enim
1192 2513 1296 2568 hoc
1341 2523 1481 2569 esset
1527 2529 1772 2567 errorem
1803 2514 2094 2585 corrigere,

501 2605 597 2659 sed
620 2606 794 2660 multo
821 2606 1179 2676 periculosius
1208 2615 1262 2661 et
1299 2606 1703 2662 destestabilius
1731 2622 1942 2673 errare;
1994 2622 2096 2659 nec

500 2697 567 2752 de
600 2699 943 2767 Gregoriano
973 2701 1322 2754 anathemate
1350 2714 1638 2770 possemus
1679 2698 1927 2765 enodari,
1966 2715 2092 2753 cum

408 2848 419 2851 _
500 2790 558 2845 in
588 2793 682 2845 tali
704 2794 1048 2847 correctione
1080 2795 1247 2847 sacris
1268 2794 1569 2849 canonibus
1592 2794 1967 2847 inveniremur
1996 2793 2093 2847 ad-

502 2885 664 2938 versi.
706 2887 1058 2956 Quapropter
1100 2887 1155 2940 in
1196 2886 1513 2957 huiusmodi
1542 2887 1722 2942 causis
1759 2886 2094 2941 ecclesiasti—

502 2992 594 3031 cas
625 2978 932 3033 sanctiones
970 2979 1276 3034 necessario
1310 2980 1613 3049 sequimur,
1662 2996 1795 3051 quas
1836 2988 1889 3034 et
1923 2979 2093 3044 vobis,

502 3072 606 3125 etsi
655 3069 1005 3128 admonitore
1033 3088 1145 3127 non
1188 3074 1412 3142 egeatis,
1462 3074 1783 3127 summatim
1821 3072 2098 3127 recordari

505 3167 777 3231 volumus,
816 3172 877 3219 ut
920 3174 1076 3219 tanto
1111 3165 1319 3220 facilius
1365 3166 1507 3235 apud
1538 3182 1638 3221 vos
1679 3166 1745 3221 de
1779 3182 1962 3221 errore
2000 3181 2099 3219 ex-

505 3272 824 3327 purgemur,
868 3267 1074 3329 quanto
1101 3259 1288 3313 minus
1313 3274 1343 3313 a
1373 3259 1612 3331 vestigiis
1636 3268 1957 3315 sanctorum
1997 3263 2097 3314 Pa-

505 3358 673 3418 trum,
704 3350 756 3405 in
786 3350 869 3406 his
897 3367 1022 3423 quae
1045 3353 1297 3421 notastis,
1331 3353 1666 3409 exorbitasse
1693 3362 2093 3408 monstramur.

576 3445 646 3497 II.
684 3446 752 3497 Et
781 3444 1015 3513 primum
1043 3446 1269 3517 quidem
1293 3462 1394 3501 nos
1418 3446 1580 3501 nimis
1601 3447 1667 3501 ad
1699 3446 1980 3501 dexteram
2008 3446 2099 3500 de-

504 3535 709 3592 clinare
761 3538 965 3592 notatis
996 3539 1051 3592 in
1096 3540 1419 3611 negligentia
1464 3540 1717 3595 fraterna:
1755 3538 2099 3610 compassio-

504 3628 592 3681 nis
640 3646 653 3681 :
704 3630 849 3683 unde
902 3640 1087 3685 tamen
1127 3632 1289 3685 nobis
1331 3633 1534 3685 conscii
1584 3648 1697 3686 non
1737 3648 1951 3686 sumus.
2009 3633 2101 3686 Est

510 3719 657 3773 enim
699 3722 1040 3777 consuetudo
1070 3734 1259 3778 nostra
1290 3733 1366 3791 ut,
1392 3724 1558 3794 juxta
1606 3725 1976 3797 evangelicam
2009 3725 2101 3780 in-

508 3811 857 3866 stitutionem
888 3829 997 3867 non
1038 3816 1219 3869 minus
1256 3815 1445 3871 oleum
1476 3833 1645 3887 quam
1677 3818 1864 3872 vinum
1896 3817 2097 3872 frater—

507 3903 591 3958 nis
630 3903 1041 3959 inﬁrmitatibus
1088 3906 1348 3961 adhibere
1391 3909 1726 3964 studeamus.
1762 3912 1875 3964 Nec
1912 3911 1968 3964 in
1998 3910 2103 3964 hoc

508 4012 538 4051 a
564 3994 809 4066 quolibet
837 3996 990 4068 quasi
1016 3997 1180 4051 nimis
1211 3998 1583 4055 inhumaniter
1609 4001 1755 4056 velut
1780 4018 1807 4055 a
1839 4010 1987 4056 recta
2017 4002 2101 4056 via

508 4084 653 4140 devii
691 4087 890 4141 merito
920 4085 1260 4152 notabimur,
1301 4088 1346 4142 si
1401 4090 1547 4145 illius
1586 4091 1813 4162 vestigia
1852 4106 1949 4161 pro
1981 4106 2102 4146 mo-

508 4178 637 4234 dulo
686 4188 876 4234 nostro
915 4180 1069 4247 sequi
1118 4181 1366 4250 nitimur,
1419 4184 1510 4255 qui
1563 4184 1743 4255 arguit
1793 4193 1849 4238 et
1878 4185 2105 4257 castigat

2199 1689 2294 1728 vos
2322 1674 2534 1729 nescire
2572 1673 2932 1728 dissimulatis
2965 1688 3064 1727 cur
3108 1679 3378 1726 nostrates
3425 1670 3708 1725 abstinere
3741 1684 3801 1723 se

2198 1767 2455 1823 studeant
2485 1766 2553 1821 ab
2582 1766 3091 1821 excommunicatis.
3138 1764 3398 1836 Nunquid
3438 1765 3586 1818 enim
3632 1762 3801 1817 alicui

2200 1862 2259 1915 in
2299 1861 2469 1915 sacris
2508 1860 2807 1915 canonibus
2836 1859 3051 1915 erudito
3081 1859 3247 1913 latere
3286 1860 3483 1929 poterit
3512 1856 3667 1928 quod
3698 1856 3801 1927 ipsi

2200 1954 2435 2024 apostoli
2465 1953 2807 2024 Romanique
2844 1952 3144 2023 pontiﬁces,
3180 1967 3374 2006 eorum
3406 1951 3463 2004 in
3498 1950 3631 2005 sede
3657 1959 3714 2003 et
3742 1948 3801 2003 in

2203 2055 2470 2117 potestate
2521 2062 2887 2113 successores,
2932 2045 3003 2102 de
3035 2044 3251 2100 vitanda
3291 2044 3805 2100 excommunicato—

2201 2157 2327 2196 rum
2364 2141 2752 2195 communione
2781 2143 3127 2195 statuerunt?
3166 2141 3242 2193 Ex
3276 2139 3474 2208 quibus
3520 2141 3587 2194 Β.
3627 2137 3800 2192 Calli-

2200 2242 2316 2288 stus
2336 2250 2469 2303 papa
2510 2242 2563 2288 et
2588 2244 2814 2305 martyr,
2844 2232 3093 2288 decimus
3130 2234 3396 2303 septimus
3442 2247 3470 2285 a
3501 2233 3568 2285 B.
3607 2234 3801 2293 Petro,

2201 2328 2257 2380 in
2314 2327 2550 2382 decretis
2600 2328 2713 2381 suis
2768 2330 2947 2393 (1063)
3009 2326 3205 2382 modos
3260 2335 3546 2381 enumerat
3601 2325 3808 2395 quibus

2201 2421 2707 2476 excommunicatos
2734 2421 2903 2475 vitare
2929 2421 3211 2487 debemus,
3234 2420 3482 2474 videlicet
3500 2420 3563 2472 in
3584 2420 3807 2475 saluta-

2202 2515 2371 2583 tione,
2419 2514 2472 2568 in
2518 2515 2724 2581 osculo,
2758 2515 2809 2568 in
2842 2514 3083 2569 oratione
3105 2522 3159 2567 et
3186 2516 3240 2567 in
3267 2512 3547 2567 convictu.
3590 2511 3811 2567 Deinde

2199 2606 2487 2662 inferendo
2524 2609 2852 2663 sententiam
2904 2626 2916 2662 :
2973 2610 3302 2677 Quicunque,
3352 2606 3555 2676 inquit,
3609 2608 3668 2658 in
3722 2606 3811 2659 his

2198 2703 2281 2754 vel
2322 2704 2380 2755 in
2414 2702 2543 2755 aliis
2564 2703 2852 2770 prohibitis
2883 2704 3106 2755 scienter
3137 2701 3614 2755 excommunicatz’s
3660 2714 3813 2752 com-

2200 2798 2578 2861 municavertt,
2607 2797 2777 2863 juxta
2804 2796 3162 2864 apostolorum
3194 2796 3591 2847 institutionem
3613 2799 3667 2846 et
3696 2795 3815 2861 ipse

2206 2889 2376 2941 simili
2428 2890 2972 2943 excommunicattmti
3011 2888 3327 2957 subjacebit.
3379 2890 3535 2940 Hanc
3582 2894 3812 2940 senten-

2208 2981 2342 3035 tiam
2358 2982 2411 3035 S.
2436 2980 2702 3036 Fabianus
2716 2997 2852 3052 papa
2874 2989 2927 3035 et
2948 2989 3158 3052 martyr
3179 2980 3232 3035 in
3248 2980 3476 3035 decretis
3486 2980 3607 3033 suis
3624 2980 3667 3049 (1
3680 2985 3814 3043 064)

2209 3072 2691 3127 indetrectabiliter
2730 3072 3132 3128 observandam
3172 3071 3455 3144 judicavit.
3520 3073 3689 3126 Hanc
3725 3087 3812 3127 sa-

2210 3165 2576 3220 cratissimum
2624 3166 2905 3221 Nicaanum
2938 3166 3239 3221 concilium
3286 3174 3460 3220 ratam
3510 3180 3634 3220 esse
3708 3181 3813 3219 vo-

2212 3260 2311 3313 luit
2352 3262 2566 3325 (1065);
2611 3260 2757 3329 quod
2803 3262 2864 3313 B.
2915 3259 3210 3332 Gregorius
3262 3274 3396 3329 papa
3438 3259 3493 3312 in
3539 3258 3813 3329 synodica

2206 3368 2303 3407 sua
2328 3361 2389 3406 ut
2411 3354 2733 3423 Evangelica
2760 3354 3107 3422 comprobat,
3129 3362 3183 3408 et
3200 3367 3395 3407 omnes
3412 3351 3481 3406 ab
3505 3367 3573 3406 eo
3599 3351 3816 3406 dissen-

2211 3445 2413 3499 tientes
2442 3444 2871 3500 anathematizat
2901 3446 3107 3517 (1066).
3150 3449 3306 3501 Hanc
3348 3447 3408 3499 B.
3461 3445 3816 3517 Augustinus

2215 3538 2270 3593 in
2298 3548 2514 3593 tantum
2543 3540 2878 3609 amplexatus
2903 3548 3005 3607 est,
3049 3548 3111 3593 ut
3148 3541 3325 3609 ipsam
3356 3541 3407 3593 in
3433 3540 3667 3593 concilio
3702 3545 3809 3592 217

2213 3632 2594 3702 episcoporum
2647 3638 2825 3699 (1067)
2872 3649 2967 3687 sua
3018 3632 3394 3703 subcriptione
3453 3631 3816 3686 conﬁrmasse

2214 3726 2444 3796 legatur.
2492 3729 2636 3797 Ergo
2682 3735 2736 3780 et
2781 3741 2883 3781 nos
2939 3727 3244 3782 necessario
3287 3725 3813 3781 excommunicatos

2212 3818 2452 3874 devitare
2466 3818 2754 3887 debemus,
2778 3835 2847 3874 ne
2875 3820 3036 3875 simili
3066 3818 3625 3875 excommunicationi
3656 3818 3814 3873 insti-

2215 3912 2429 3967 tutione
2458 3913 2834 3981 apostolorum
2874 3913 3274 3983 subjaceamus.

2286 4007 2376 4059 IV.
2419 4008 2516 4060 Est
2542 4014 2723 4061 autem
2763 4006 3133 4061 indubitanter
3172 4007 3680 4062 excommunicatus
3706 4007 3814 4061 Ra«

2214 4114 2417 4153 vennas
2455 4099 2754 4155 Guibertus
2783 4103 2968 4167 (1068)
3000 4116 3125 4154 cum
3168 4100 3423 4155 omnibus
3461 4101 3573 4154 suis
3613 4098 3815 4153 fauto-

2215 4193 2385 4258 ribus,
2419 4192 2669 4247 videlicet
2699 4195 3012 4263 apostolicae
3040 4193 3183 4249 sedis
3214 4194 3448 4261 invasor,
3492 4202 3547 4248 et
3584 4190 3811 4246 domini

507 4288 643 4342 quos
674 4272 864 4343 diligit,
894 4274 984 4342 qui
1017 4289 1236 4329 omnem
1281 4268 1455 4331 tilium
1489 4276 1730 4350 ﬂagellat
1758 4295 1923 4349 quem
1960 4284 2103 4338 reci-
2145 4317 2190 4380 Ο
2215 4286 2316 4350 sui,
2366 4301 2517 4355 papae
2544 4285 2767 4355 inquam
2790 4287 3066 4357 Gregorii,
3117 4287 3203 4341 cui
3245 4286 3613 4342 obedientiam
3648 4284 3819 4355 jura-

508 4366 588 4435 pit
619 4365 804 4435 (Hebr.
838 4382 954 4434 xu,
978 4372 1049 4433 6).
1083 4365 1618 4439 Nunquanf‘tamen,
1652 4374 1763 4427 Deo
1794 4376 2104 4440 miserante,

508 4458 579 4513 ad
622 4458 770 4513 illam
803 4459 1263 4516 inliumanilatem
1311 4464 1709 4533 perveniemus,
1743 4475 1801 4520 ut
1831 4468 1899 4522 ad
1928 4470 2108 4525 omnia

511 4549 743 4605 fratrum
777 4564 990 4622 peccata
1042 4570 1146 4608 nos
1175 4563 1357 4610 truces
1394 4565 1449 4610 et
1488 4556 1696 4628 rigidos
1721 4559 2102 4629 exhibeamus,

512 4641 662 4696 sicut
692 4652 886 4699 notare
918 4646 1175 4702 videmini
1208 4649 1311 4703 sub
1341 4651 1564 4704 nomine
1590 4652 1643 4704 S.
1674 4653 2021 4725 Hieronymi.

583 4786 766 4869 (1062)
797 4785 1509 4869 Desideratur.Adelhertus
1550 4793 1651 4869 iste
1679 4794 1817 4849 inter
1845 4798 2105 4869 praeposi-

509 4856 1008 4936 tos.$lpi.renses_'in
1039 4859 1205 4936 Gallia
1246 4861 1473 4927 Christ.,
1501 4873 1541 4916 t.
1579 4868 1643 4929 V,
1680 4883 1732 4936 p.
1776 4856 1979 4922 741m;
2009 4886 2103 4923 ve-

510 4929 608 4999 teri
640 4929 873 4993 Spirensi
919 4929 1265 4999 Necrologio,
1317 4947 1385 4986 111
1419 4936 1558 4987 Non.
1596 4929 1838 4992 Januarii
1883 4950 2103 4995 notatur

512 4996 764 5080 Albertus
783 5001 1101 5080 prcepositus
1141 4996 1194 5080 et
1213 5004 1409 5080 frater,
1441 5014 1493 5056 et
1520 5005 1861 5080 Gebehardus
1894 5028 2102 5080 praepo—

511 5069 649 5149 situs
680 5073 730 5149 et
758 5070 964 5149 frater,
1012 5085 1121 5138 quo
1150 5074 1357 5149 fratris
1407 5076 1626 5149 nomine
1657 5089 1842 5149 carent
1881 5069 1968 5149 qui
2001 5069 2101 5136 ibi-

510 5135 641 5191 dem
685 5137 955 5210 habentur
983 5135 1166 5193 caueri
1214 5145 1489 5210 przepositi
1542 5165 1554 5198 :
1603 5148 1745 5202 unde
1792 5135 1926 5204 istos
1964 5135 2100 5209 forte

510 5210 814 5287 monachos
859 5208 1046 5287 fuisse_
1103 5208 1263 5287 haud
1301 5208 1577 5287 immerito
1634 5219 1755 5287 quis
1824 5208 2097 5287 conjiciat.

513 5280 775 5349 Quisquis
805 5290 987 5334 autem
1020 5279 1183 5335 fuerit
1212 5283 1299 5337 hic
1323 5279 1666 5347 Adelbertus:
1704 5279 1973 5346 Bernaldo
2000 5311 2099 5349 no-

510 5358 626 5404 stro
658 5350 987 5427 familiarem
1031 5350 1193 5407 fuisse
1225 5355 1401 5425 arguit
1448 5356 1548 5410 hoc
1573 5358 1911 5427 epistolicum
1960 5365 2100 5420 inter

512 5434 605 5473 eos
630 5423 1051 5498 commerciunu
1076 5423 1387 5498 quanquam
1418 5427 1562 5498 illius
1598 5423 1819 5498 epistola
1845 5432 1931 5487 hic
1954 5452 2099 5491 com-

512 5501 817 5570 memorata
865 5494 1445 5570 intercideritfquam
1494 5494 1763 5556 Adelbero
1814 5505 2097 5561 Blasianus

513 5566 712 5630 pariter
760 5566 1064 5639 monachus
1110 5566 1375 5621 Bernal'do
1413 5570 1685 5639 detulerit,
1735 5574 1985 5631 fortassis
2028 5578 2096 5633 ad

510 5633 880 5718 procurandas
924 5636 1427 5718 liujusﬂmonastcrii
1473 5633 1935 5718 resdomesticas,
1963 5664 2097 5718 qua-

512 5705 605 5830 lsess
624 5705 681 5758 in
722 5713 899 5760 tractu
942 5705 1038 5761 illo
1074 5708 1313 5781 Spirensi
1344 5713 1527 5782 plures
1558 5713 1765 5783 habuit,
1808 5705 1939 5774 illuc
1969 5705 2099 5775 mis-

2220 4379 2315 4440 vit,
2384 4382 2775 4449 supplantator.
2839 4381 2949 4449 Qui
3009 4380 3194 4451 utique
3251 4381 3547 4451 Gregorius
3598 4380 3821 4449 saepius

2222 4470 2479 4526 eumdem
2541 4489 2638 4541 pro
2707 4474 2871 4528 certis
2934 4474 3257 4528 criminibus
3317 4474 3372 4527 in
3422 4472 3655 4543 generali
3726 4489 3824 4544 sy-

2216 4564 2363 4619 nodo
2406 4564 2587 4635 (1069)
2635 4566 3133 4631 anathematizavit,
3169 4567 3335 4622 etiam
3376 4574 3670 4636 antequam
3726 4567 3823 4622 ille

2214 4657 2569 4728 apostolicam
2600 4658 2785 4713 sedem
2826 4660 3125 4728 invasisset,
3154 4659 3287 4715 dum
3328 4660 3503 4715 adhuc
3535 4660 3823 4731 principes

2289 4800 2466 4869 (1063)
2506 4800 2663 4872 Apud
2710 4801 3055 4869 Gratianum,
3088 4819 3139 4858 c.
3185 4803 3685 4858 Emoommunicatos
3724 4808 3821 4868 17,

2214 4887 2359 4926 caus.
2400 4877 2484 4936 11,
2512 4888 2565 4941 q.
2597 4879 2649 4926 3.

2286 4944 2466 5011 (1064)
2497 4944 2660 5009 lbid.,
2698 4959 2745 4998 c.
2778 4946 2925 5000 Sicut
2958 4949 3041 4999 10.

2284 5020 2463 5078 (1065)
2488 5017 2646 5082 Can.,
2676 5021 2730 5069 5.

2284 5091 2465 5150 (1066)
2500 5086 2666 5153 lbid.,
2696 5102 2743 5139 c.
2774 5090 2917 5155 Rogo
2949 5092 3037 5141 25.

2281 5158 2469 5229 (1067)
2498 5156 2710 5211 Scilicet
2742 5157 2794 5209 in
2834 5160 3066 5213 concilio
3092 5158 3503 5229 Cartliaginensi
3536 5161 3636 5225 IV,
3663 5176 3775 5215 can
3794 5201 3808 5213 .

2211 5232 2298 5301 73,
2336 5227 2389 5280 in
2420 5244 2527 5301 quo
2553 5235 2847 5301 prasentes
2875 5238 3028 5301 erant
3069 5236 3132 5284 21
3153 5240 3173 5281 t
3204 5227 3463 5301 episcopi,
3495 5247 3637 5301 quos
3662 5232 3819 5285 inter

2210 5296 2419 5421 primus
2438 5296 2766 5367 ’subscripsit
2805 5296 3249 5370 Carthaginensis'
3278 5296 3565 5371 episcopus
3614 5303 3816 5357 conci-

2230 5384 2263 5421 11
2295 5384 2513 5421 θινῶδες.
2545 5371 2737 5421 tertius
2766 5380 2951 5421 autem
2982 5375 3035 5421 S.
3072 5374 3428 5421 Augustinus.

2230 5369 2265 5421 ii
2295 5384 2513 5437 prmses,
2545 5371 2737 5423 tertius
2766 5380 2953 5426 autem
2982 5369 3035 5426 S.
3070 5374 3428 5439 Augustinus.

2282 5442 2648 5515 0068);leth
2677 5442 2964 5515 Heinricus
2993 5458 3085 5496 rex
3121 5444 3367 5515 abjurato
3398 5444 3669 5513 Gregorio
3699 5443 3814 5497 sub

2209 5511 2437 5563 nomine
2459 5512 2757 5565 Clementis
2780 5515 2857 5566 Ill
2884 5511 3201 5582 antipapani
3221 5511 3603 5569 constituit—in
3642 5516 3810 5568 Brixi.

2210 5582 2365 5633 nensi
2415 5582 2771 5637 conciliabulo
2810 5600 2939 5639 ann.
2984 5592 3143 5639 1080.
3204 5586 3326 5640 Vid.
3384 5585 3694 5640 Bernoldus
3748 5586 3809 5637 in

2136 5681 2183 5744 ι)
2210 5651 2477 5744 Ch/rpnntico
2492 5653 2667 5744 Iad‘h.
2698 5668 2748 5744 a.

2281 5724 2461 5794 (1069)
2492 5727 2767 5793 Romana,
2796 5726 3057 5781 nimirum
3087 5742 3215 5782 ann.
3249 5732 3409 5782 1078.
