4002 6168
186 242 301 342 laet
352 250 369 259 ί

1070 268 1357 343 APPEND.
1394 280 1485 339 Ill.
1525 312 1595 324 —
1632 272 2050 339 MONUMENTA
2086 268 2554 385 censorium.

3323 276 3458 341 4222

180 417 363 467 vestrae
395 409 597 480 partis,
628 417 688 465 ut
716 417 937 474 nostrae,
970 407 1150 464 eidem
1182 409 1484 480 apostolico
1515 407 1757 465 debitam
1786 411 1839 473 Α
1866 418 2198 481 quamquam
2251 426 2373 465 cum
2427 411 2701 465 sententia
2746 410 2939 464 ordine
2968 411 3268 480 judiciario
3318 428 3457 481 pro-

182 501 538 561 obedientiam
566 505 935 558 communiter
963 500 1356 558 exbibuissent.
1397 505 1514 558 Nec
1546 500 1615 558 de
1661 502 1756 557 illo

180 597 508 653 anathemate
552 611 796 668 unquam
837 596 988 652 exire
1023 596 1256 662 curavit,
1288 596 1385 652 sed
1416 596 1494 652 ita
1522 597 1754 651 anathe-

180 691 465 748 matizatus
509 697 677 761 atque
714 688 967 761 perjurus
997 689 1184 746 sedem
1229 689 1441 746 domini
1488 689 1571 745 sui
1602 689 1756 744 inva-

180 785 330 853 dere,
375 792 430 839 et
475 790 640 854 caput
686 783 939 838 omnium
987 782 1588 839 excommunicatorum
1638 781 1758 838 ﬁeri

180 876 533 950 praesumpsit.
582 878 747 931 Hunc
777 892 907 949 ergo
948 884 1005 932 et
1032 892 1230 932 omnes
1275 876 1392 950 ejus
1441 874 1756 948 complices,

175 971 316 1043 juxta
344 977 545 1026 statuta
574 970 803 1025 Patrum
837 979 1180 1036 sanctorum,
1219 969 1525 1026 necessario
1552 968 1758 1025 devita-

179 1079 315 1133 mus,
337 1064 489 1137 quia,
502 1062 660 1136 juxta
682 1064 745 1117 B.
771 1062 1053 1119 Gelasium
1079 1065 1255 1134 (epist.
1277 1070 1363 1132 13,
1388 1062 1568 1120 Labb.
1596 1072 1634 1118 t.
1664 1064 1756 1131 IV,

180 1173 292 1231 pag.
336 1161 509 1226 1200),
543 1171 740 1213 omnes
763 1156 1077 1228 complices,
1105 1165 1423 1225 sectatores,
1456 1157 1764 1213 communi-

182 1260 386 1307 catores
409 1250 684 1308 damnata
707 1250 879 1306 semel
906 1250 1193 1321 pravitatis
1214 1251 1328 1322 pari
1359 1259 1507 1307 sorte
1539 1265 1763 1306 censen-

182 1351 283 1412 tur,
312 1359 412 1400 nec
451 1352 632 1416 potest
678 1343 998 1416 perversitas
1044 1342 1270 1400 refutari
1312 1344 1583 1416 complice
1633 1360 1761 1417 per-

180 1437 444 1494 versitatis
471 1436 734 1493 admissa.

249 1533 313 1586 V.
360 1528 502 1586 Illud
545 1538 763 1598 autem,
813 1529 963 1601 quod
996 1533 1150 1586 Isaac
1195 1530 1506 1587 Palaestinis
1558 1538 1612 1587 et
1646 1533 1764 1586 Do-

185 1625 391 1681 minum
418 1631 668 1680 nostrum
709 1623 1012 1695 publicanis
1034 1624 1477 1680 communicasse
1505 1624 1763 1693 scribitis,

181 1732 517 1791 nequaquam
564 1717 668 1773 boc
711 1717 1012 1789 approbare
1058 1717 1260 1788 poterit
1307 1727 1368 1774 ut
1417 1726 1475 1773 et
1525 1733 1630 1773 nos
1669 1734 1764 1773 ex-

182 1812 590 1869 communicatis
632 1813 1049 1869 communicare
1090 1811 1423 1880 debeamus,
1474 1828 1600 1868 cum
1644 1828 1765 1868 eos-

181 1906 300 1963 dem
317 1905 639 1963 Palazstinos
664 1905 778 1961 sive
794 1904 1133 1977 publicanos,
1153 1906 1255 1962 etsi
1277 1906 1630 1973 criminosos,
1642 1922 1767 1961 nus-

178 2015 340 2072 quam
412 2007 606 2056 tamen
680 1998 1174 2056 anathematizatos
1249 1997 1417 2055 fuisse
1495 1999 1760 2070 legamus.

182 2096 381 2165 Nempe
408 2093 560 2159 mali,
609 2092 855 2165 quandiu
883 2108 998 2147 non
1026 2091 1236 2148 fuerint
1278 2092 1762 2159 excommunicati,

178 2187 388 2243 nullum
417 2185 676 2242 exteriori
700 2186 1092 2242 communione
1112 2185 1496 2254 maculabunt;
1519 2185 1667 2257 quod
1687 2186 1767 2241 in-

179 2279 485 2336 dubitanter
510 2277 736 2347 facient,
769 2286 1060 2350 postquam
1087 2277 1419 2334 seutentiam
1449 2293 1767 2334 excommu-

175 2366 463 2429 nicationis
497 2389 597 2443 pro
627 2371 740 2429 suis
764 2371 1084 2428 criminibus
1105 2371 1444 2444 judicialiter
1467 2372 1759 2443 excipient.

178 2469 290 2524 Nec
312 2481 416 2522 nos
440 2466 652 2538 utique,
678 2473 743 2520 ut
763 2464 985 2531 notatis,
1009 2466 1223 2536 penitus
1250 2465 1633 2533 abhorremus,
1665 2481 1764 2535 pro

179 2574 413 2631 quorum
440 2558 821 2624 conversione,
862 2558 906 2613 si
937 2566 1176 2628 oportet,
1209 2558 1379 2614 etiam
1420 2557 1597 2629 aliqua
1630 2557 1765 2613 dura

180 2653 284 2724 pati
313 2668 423 2707 non
462 2651 799 2724 fugeremus,
830 2651 920 2706 illa
949 2658 1138 2706 tamen
1180 2650 1235 2705 in
1267 2651 1467 2721 quibus
1489 2666 1519 2705 a
1548 2652 1767 2706 statutis

177 2754 493 2802 sanctorum
511 2746 735 2800 Patrum
758 2759 868 2799 non
888 2743 1249 2800 deviaremus.
1273 2743 1381 2800 Sed
1400 2751 1455 2799 et
1469 2741 1596 2810 hoc,
1619 2742 1767 2815 quod

179 2838 405 2911 quidam
436 2837 591 2911 apud,
612 2853 716 2894 nos
734 2845 979 2910 peccant,
1002 2853 1113 2893 non
1138 2837 1533 2909 approbamus;
1555 2837 1689 2903 imo,
1710 2838 1768 2892 in

179 2940 444 3004 quantum
493 2944 814 3003 possumus,
864 2945 960 2986 eos
1012 2930 1082 2986 ad
1127 2929 1494 3001 paenitentiam
1543 2929 1769 2985 invitare

177 3027 496 3098 satagimus,
528 3040 666 3097 quos
693 3039 1042 3096 nequaquam
1066 3032 1127 3079 ut
1146 3024 1648 3080 excommunicatos
1677 3023 1768 3079 de-

179 3119 349 3175 vitarc
369 3119 651 3210 jubemur,
699 3118 944 3191 quandiu
984 3119 1040 3173 in
1081 3117 1346 3174 catholica
1391 3118 1599 3173 unitate
1625 3117 1768 3173 deti-
1795 3146 1841 3210 α

175 3204 401 3269 nentur.
417 3215 530 3270 Nec
556 3211 917 3268 christianum
937 3226 1057 3267 esse
1077 3211 1315 3267 dicimus
1335 3211 1483 3281 quod
1508 3218 1764 3282 peccant:

178 3306 303 3379 plus
324 3315 516 3362 tamen
553 3305 621 3362 de
657 3319 850 3361 eorum
887 3305 1061 3361 salute
1102 3320 1411 3376 speramus,
1450 3320 1614 3377 quam
1655 3304 1697 3360 si
1741 3319 1772 3358 a

177 3413 410 3472 corpore
439 3397 642 3456 Christi
669 3413 764 3454 eos
788 3396 1125 3454 omnimodis
1158 3406 1436 3469 separatos
1462 3412 1581 3453 esse
1607 3398 1775 3453 scire-

178 3509 326 3549 mus.
351 3494 490 3548 Nam
509 3501 563 3547 et
581 3490 828 3547 membra
845 3490 1247 3563 quantumlibet
1269 3491 1505 3558 inﬁrma,
1524 3489 1773 3562 quandiu

178 3587 241 3642 in
269 3601 499 3656 corpore
545 3583 773 3652 fuerint,
815 3582 1032 3640 facilius
1058 3584 1236 3640 curari
1266 3591 1574 3655 sperantur,
1606 3598 1772 3655 quam

175 3680 224 3736 si
247 3679 389 3735 bene
417 3693 546 3734 sana
578 3677 795 3750 penitus
823 3694 852 3733 a
877 3693 1107 3748 corpore
1133 3677 1591 3746 praescindantur.

252 3775 348 3827 VI.
378 3771 592 3827 Scimus
611 3786 740 3827 sane
758 3779 978 3827 sanctos
1003 3773 1193 3827 Patres
1212 3770 1315 3826 sub
1339 3769 1775 3826 excommunica-

174 3865 331 3922 tione
349 3865 522 3921 multa
544 3863 911 3936 prohibuisse,
932 3880 997 3921 ex
1013 3864 1215 3935 quibus
1237 3867 1292 3921 S.
1313 3863 1610 3935 Gregorius
1641 3878 1775 3934 papa

173 3961 350 4016 etiam
377 3958 562 4014 omnia
597 3957 766 4013 sacris
800 3957 1098 4015 canonibus
1133 3955 1356 4013 adversa
1385 3955 1686 4028 prohibuit.
1719 3956 1777 4010 Si

175 4052 308 4123 quis
337 4059 525 4106 tamen
550 4047 723 4106 modo
744 4048 950 4122 aliquid
980 4057 1180 4104 contra
1208 4064 1442 4105 canones
1468 4049 1644 4121 egerit
1665 4064 1777 4103 non

174 4145 373 4201 statim
402 4144 559 4199 illum
606 4158 705 4215 pro
738 4142 1212 4199 excommunicato
1250 4141 1579 4206 vitabimus,
1620 4151 1776 4195 ante-

172 4250 355 4310 quam
402 4237 456 4292 in
500 4236 653 4291 illum
682 4236 1011 4292 sententiam
1059 4234 1644 4291 excommunicationis
1682 4249 1778 4289 or-

170 4332 313 4388 dine
334 4329 624 4405 judiciario
643 4331 909 4402 prolatam
928 4329 1238 4385 audiamus.
1263 4327 1426 4386 Unde
1446 4328 1639 4384 beatus
1661 4333 1777 4384 Au-

171 4425 441 4499 gustinus
477 4424 533 4479 in
563 4424 704 4481 libro
743 4427 825 4479 De
856 4423 1174 4495 poenitentia
1204 4424 1391 4489 (Serm.
1425 4427 1552 4489 351,
1597 4438 1653 4476 n.
1688 4427 1777 4486 10,

1864 507 2078 572 fertur.

1934 601 2056 654 VII.
2087 601 2153 655 In
2173 597 2365 669 primis
2390 597 2611 669 quidem
2640 596 2972 653 admonendi
2994 605 3125 653 sunt
3147 598 3453 665 criminosi,
3480 642 3485 647 .

1865 700 1927 748 ut
1939 692 2257 763 resipiscant
2281 711 2292 747 :
2317 690 2535 761 deinde,
2566 692 2613 746 si
2638 691 2950 762 resipiscere
2978 691 3277 748 noluerint.
3304 693 3460 763 juxta

1866 785 2157 841 cauonicas
2196 786 2500 841 sanctiones
2527 784 3043 841 excommunicandi
3063 826 3078 852 ,
3109 792 3165 840 et
3192 794 3329 841 tunc
3359 785 3460 841 de-

1865 894 2019 934 mum
2042 879 2109 935 ab
2133 878 2391 934 omnibus
2415 894 2515 949 pro
2537 878 3031 934 excommunicatis
3050 877 3347 934 devitandi.
3372 879 3460 934 Sic

1868 980 1923 1028 et
1948 988 2050 1027 nos
2083 970 2357 1043 quoslibet
2392 972 2684 1043 sacrilegos
2715 972 2969 1039 vitamus,
3013 980 3306 1044 postquam
3338 972 3458 1028 illos

1868 1082 1897 1121 a
1921 1065 2160 1138 praelatis
2178 1065 2289 1121 suis
2309 1066 2571 1122 canonice
2583 1066 3086 1121 excommunicatos
3099 1064 3459 1121 audierimus.

1869 1161 1949 1215 Ita
1978 1167 2034 1215 et
2058 1158 2389 1216 Guibertum
2416 1158 2861 1225 hazresiarcham,
2900 1166 2955 1214 et
2986 1174 3182 1214 omnes
3212 1158 3458 1215 fautores

1870 1253 2010 1325 ejus,
2055 1260 2180 1324 post
2220 1252 2550 1308 sententiam
2590 1250 2913 1307 venerabilis
2957 1265 3113 1323 papae
3145 1251 3396 1324 Gregorii
3435 1256 3458 1307 Ι

1873 1347 1994 1414 (lib.
2022 1362 2109 1412 vr,
2134 1350 2294 1417 epist.
2324 1351 2413 1409 27)
2439 1346 2748 1402 necessario
2772 1346 3097 1413 devitamus,
3120 1362 3260 1418 quos
3276 1355 3463 1402 tamen

1870 1440 2022 1496 nullo
2053 1440 2220 1496 modo
2246 1456 2344 1511 pro
2371 1440 2858 1496 excommunicatis
2891 1440 3218 1507 vitaremus,
3246 1439 3291 1494 si
3318 1456 3461 1495 non-

1873 1530 2007 1590 dum
2028 1533 2086 1589 in
2115 1533 2238 1589 illos
2262 1533 2551 1605 specialem
2573 1534 2809 1604 aliquam
2835 1533 3465 1589 excommunicationem

1874 1626 2255 1699 depromptam
2286 1642 2764 1699 cognosceremus.
2786 1626 3103 1683 Criminosis
3127 1627 3348 1698 quippe,
3368 1624 3465 1681 sed

1871 1720 2120 1776 nondum
2173 1720 2676 1789 excommunicatis,
2728 1721 2875 1777 licite
2922 1720 3399 1776 communicamus
3435 1740 3461 1778 ς

1872 1830 1972 1869 nec
2000 1813 2107 1869 hoc
2136 1814 2320 1885 utique
2349 1813 2499 1885 quasi
2541 1815 2664 1869 loco
2698 1822 2890 1869 nostro
2929 1817 3113 1884 (1070)
3137 1822 3193 1869 et
3218 1813 3465 1885 religioni

1874 1908 2253 1979 praecavenda,
2284 1916 2344 1963 ut
2370 1907 2629 1975 scribitis,
2665 1906 2920 1973 facimus;
2964 1907 3060 1963 sed
3104 1908 3287 1978 potius
3329 1906 3456 1963 ideo

1875 2002 2004 2073 quia
2049 2001 2183 2057 nihil
2213 2017 2315 2057 nos
2351 2002 2407 2056 in
2452 2000 2558 2057 hoc
2586 2009 2778 2057 contra
2807 2001 3130 2056 canonicam
3159 2001 3461 2057 auctorita-

1873 2102 1985 2151 tem
2012 2111 2170 2168 agere
2194 2094 2583 2167 cognoscimus
2625 2112 2638 2149 :
2672 2094 2819 2165 quod
2850 2095 3036 2165 procul
3066 2095 3236 2151 dubio
3266 2096 3355 2150 ille
3384 2094 3467 2151 fa-

1873 2189 1947 2245 cit
1982 2188 2297 2260 quicunque
2338 2187 2503 2243 malis
2556 2187 2923 2243 ecclesiastico
2952 2203 3108 2243 more
3137 2203 3462 2244 excommu-

1874 2281 2069 2337 nicatis
2097 2280 2508 2337 communicare
2536 2280 2970 2352 praesumpserit.

1946 2376 2093 2430 VIII.
2129 2374 2367 2430 Multum
2395 2389 2614 2445 quoque
2643 2373 2913 2429 miramur
2936 2373 3004 2430 de
3024 2381 3195 2429 vestra
3226 2373 3466 2445 pruden-

1872 2468 1967 2534 tia,
1997 2466 2144 2539 quod
2174 2483 2327 2539 reges
2365 2466 2744 2522 ecclesiasticae
2772 2467 3028 2538 potestati
3053 2466 3373 2523 subtrahere
3415 2467 3470 2522 in

1874 2568 2090 2615 tantum
2128 2558 2420 2614 conamini.
2466 2558 2727 2630 Nunquid
2775 2560 3051 2615 Dominus
3092 2570 3279 2615 noster
3306 2562 3468 2616 Jesus

1872 2652 2118 2709 Christus
2158 2650 2358 2723 aliquid
2385 2651 2611 2724 excepit,
2652 2667 2781 2706 cum
2808 2653 2871 2706 B.
2923 2654 3085 2708 Petro
3115 2655 3469 2723 concesserit,

1872 2747 1987 2802 imo
2027 2754 2231 2801 sanctae
2264 2744 2519 2800 Ecclesiae
2558 2744 2612 2798 in
2657 2759 2887 2815 persona
2920 2745 3084 2811 Petri,
3111 2745 3269 2817 juxta
3315 2746 3463 2818 quod

1876 2842 1938 2895 Β.
1973 2840 2315 2911 Augustinus
2343 2837 2671 2917 exponitnut
2701 2836 2757 2890 in
2784 2837 2928 2892 cmlo
2959 2837 3191 2908 ligatum
3214 2838 3296 2893 vel
3324 2840 3471 2893 solu-

1872 2941 1991 2988 tum
2021 2933 2274 2987 existeret
2302 2929 2663 3002 quodcunque
2711 2929 2827 2999 ipsa
2856 2929 2913 2984 in
2960 2937 3108 2985 terra
3142 2929 3358 3002 ligasset
3386 2930 3469 2986 vel

1874 3026 2164 3081 solvisset?
2189 3022 2407 3093 (Matth.
2436 3038 2561 3087 xvr,
2592 3023 2698 3093 19.)
2724 3023 2876 3093 Quis,
2896 3022 3150 3095 inquam,
3180 3039 3238 3079 se
3266 3023 3334 3080 de
3355 3032 3472 3080 tam

1877 3118 2165 3175 universali
2207 3125 2476 3190 potestate
2518 3117 2720 3189 poterit
2748 3116 3118 3188 emancipare,
3173 3117 3279 3172 nisi
3334 3116 3473 3173 forte

1878 3212 1969 3268 ille
1996 3212 2091 3283 qui
2127 3213 2309 3283 potius
2348 3211 2449 3266 sub
2490 3210 2777 3282 tyrannide
2812 3209 3017 3265 diaboli
3049 3210 3258 3280 perire,
3301 3226 3471 3282 quam

1880 3305 1981 3360 sub
2005 3304 2156 3360 suavi
2181 3304 2316 3375 jugo
2338 3303 2562 3359 Domini
2586 3319 2811 3375 regnare
2833 3303 3128 3375 delegerit?
3156 3304 3256 3359 Cui
3287 3311 3474 3360 tamen

1883 3398 1986 3453 hoc
2028 3397 2096 3453 ad
2126 3386 2382 3452 miseram
2412 3396 2721 3451 libertatem
2764 3412 2879 3451 non
2908 3395 3172 3469 proderit,
3215 3397 3339 3469 quia
3370 3397 3471 3453 sub

1881 3490 2237 3547 ecclesiastica
2273 3497 2560 3560 potestate,
2583 3490 2684 3545 etsi
2711 3506 2823 3544 non
2844 3489 2913 3545 ad
2932 3489 3182 3559 salutem,
3215 3490 3285 3545 ad
3314 3489 3470 3546 dam-

1880 3585 2164 3641 nationem
2195 3599 2413 3655 semper
2442 3582 2703 3639 manebit.
2733 3586 2880 3656 Ergo
2901 3599 2999 3638 nec
3028 3582 3384 3654 imperatores
3408 3583 3477 3639 de

1880 3676 1983 3733 hac
2018 3684 2284 3748 potestate
2319 3684 2615 3747 potuerunt
2640 3692 2697 3732 se
2735 3676 3114 3747 emancipare,
3147 3679 3211 3731 B.
3258 3676 3476 3733 Gelasio

1880 3789 2021 3845 papa
2046 3771 2394 3828 Anastasium
2420 3771 2806 3843 imperatorem
2833 3772 2906 3828 ita
2937 3777 3270 3844 protgstante
3300 3775 3469 3844 (epist.

1883 3872 1938 3933 8,
1963 3865 2136 3921 Labb.
2168 3873 2211 3920 t.
2244 3865 2333 3931 IV,
2363 3880 2485 3936 pag.
2518 3864 2673 3937 1182)
2699 3883 2712 3920 :
2741 3870 2854 3922 Duo
2878 3871 3024 3931 sunt,
3056 3868 3349 3935 imperator
3368 3868 3480 3920 Λιι-
3576 3848 3585 3851 Α

1884 3963 2055 4029 guste,
2078 3959 2271 4029 quibus
2286 3960 2671 4029 principaliter
2684 3958 2774 4013 hic
2799 3959 3030 4014 mundus
3047 3962 3271 4028 regitur,
3299 3963 3479 4014 aucto—

1881 4056 2019 4107 ritas
2048 4058 2260 4107 sacrata
2280 4054 2623 4121 pontiﬁcum,
2649 4056 2702 4105 et
2738 4054 2938 4120 regalis
2958 4058 3231 4122 potestas;
3272 4054 3329 4106 in
3358 4056 3482 4122 qui-

1888 4147 1981 4200 bus
1999 4150 2151 4199 tanto
2166 4144 2385 4213 gravius
2402 4150 2479 4199 est
2487 4145 2707 4215 pondus
2722 4145 3291 4214 sacerdotum,quanto
3312 4148 3475 4199 etiam

1882 4254 1982 4308 pro
2003 4240 2137 4307 ipsis
2160 4237 2379 4305 regibus
2418 4238 2697 4291 hominum
2724 4239 2781 4291 in
2810 4232 3001 4291 divino
3036 4238 3315 4292 reddituri
3340 4241 3474 4292 sunt

1886 4332 2132 4386 creamine
2180 4330 2463 4383 rationem.
2510 4331 2665 4385 Nosti
2708 4332 2866 4392 enim,
2919 4330 3002 4399 ﬁli
3046 4331 3474 4393 clementissime,

1886 4427 2153 4493 quantum
2172 4420 2291 4477 licet
2308 4420 2606 4491 prasideas
2630 4422 2863 4476 humano
2886 4424 3077 4490 generi
3092 4422 3385 4490 dignitate,
3406 4428 3483 4477 ta-

170 4527 219 4574 t.
261 4519 329 4575 V.
364 4519 527 4589 Opp.)
560 4533 576 4571 :
610 4518 736 4581 Nos,
765 4516 964 4588 inquit,
995 4533 1030 4570 a
1061 4517 1426 4571 communione
1448 4531 1778 4586 quemquam
1808 4521 1857 4584 ι)
1889 4533 2009 4573 men
2035 4515 2358 4586 praesulibus
2395 4515 2704 4569 divinarum
2742 4529 2922 4567 rerum
2948 4515 3167 4569 devotus
3195 4515 3328 4569 colla
3363 4516 3480 4570 subo

166 4612 465 4681 prohibere
490 4626 595 4665 non
631 4624 934 4680 possumus,
964 4611 1076 4664 nisi
1102 4614 1203 4663 aut
1228 4613 1413 4679 sponte
1447 4610 1775 4677 confessum,

172 4709 283 4759 aut
312 4706 376 4760 in
416 4705 604 4774 aliquo
632 4704 741 4758 sive
780 4701 1031 4758 saeculari
1054 4703 1164 4757 sive
1193 4702 1539 4759 ecclesiastico
1566 4701 1778 4771 judicio

167 4799 531 4852 nominatum
575 4800 737 4865 atque
786 4798 1100 4851 convictum.
1144 4798 1229 4850 De
1260 4811 1365 4867 qua
1404 4794 1779 4850 nominatione

173 4891 487 4962 Apostolus
544 4908 559 4945 :
601 4890 663 4946 Si
717 4892 839 4960 quis
889 4890 1067 4957 frater
1114 4890 1429 4944 nominatur
1478 4890 1781 4955 fornicator

172 4986 235 5050 (Ι
259 4986 392 5041 Cor.
428 4990 506 5052 v),
538 4990 593 5047 et
618 4982 849 5055 reliqua,
878 4998 996 5037 cum
1026 4982 1339 5053 hujusmodi
1372 4997 1466 5036 nec
1493 4982 1665 5036 cibum
1694 4996 1780 5036 su-

166 5079 336 5132 mite.
365 5075 527 5146 Quod
545 5076 739 5131 beatus
751 5073 1092 5147 Augustinus
1114 5074 1290 5144 (serm.
1305 5074 1509 5142 cit.)ita
1527 5073 1775 5145 exponit:

166 5172 616 5230 Nominationem
645 5184 763 5225 eam
790 5157 1025 5237 intelligi
1040 5168 1208 5222 voluit
1236 5167 1553 5239 Apostolus,
1575 5182 1696 5237 qua:
1722 5169 1783 5221 in

254 5332 447 5396 (1070)
484 5330 538 5386 S.
567 5327 733 5385 Blasii
762 5326 973 5384 scilicet
992 5325 1360 5399 (monasterio,
1390 5325 1542 5399 quod
1562 5325 1654 5399 _ab
1683 5340 1786 5382 eo-

165 5399 316 5457 dem
348 5401 582 5456 Henrico
610 5403 680 5455 IV
707 5408 838 5455 ante
858 5398 1166 5465 anathema,
1187 5415 1320 5457 ann.
1354 5396 1516 5465 1665,
1546 5396 1784 5469 diploma

164 5470 453 5539 obtinuit,
481 5487 591 5543 quo
618 5473 910 5543 conﬁrmat
934 5470 1204 5543 terminos
1232 5485 1333 5543 suo
1356 5469 1692 5543 monasterio
1712 5469 1781 5524 ab

163 5546 399 5625 Qttqne
425 5540 555 5625 imp.
580 5542 795 5625 aliaque
811 5543 961 5625 bona
985 5540 1160 5596 eidem
1190 5541 1411 5625 tradita.
1439 5542 1632 5595 Postea
1655 5555 1782 5596 vero

158 5613 326 5671 nihil
354 5611 591 5685 amplius
609 5611 882 5685 debabita
908 5628 1034 5667 cum
1055 5628 1124 5685 eo
1145 5620 1239 5668 aut
1259 5611 1516 5685 antipapa
1539 5627 1785 5685 commu-

158 5686 359 5742 nione
381 5681 652 5751 occurrit,
682 5684 798 5741 imo
827 5684 1163 5739 contrarium
1196 5697 1261 5737 ex
1291 5681 1403 5752 ipsa
1428 5682 1530 5738 hac
1557 5681 1781 5754 epistola

160 5757 386 5813 elucet.
436 5755 498 5811 Id
544 5763 732 5810 tamen
775 5768 1123 5827 nequaquam
1152 5753 1609 5827 ingratitudinem
1654 5769 1785 5827 erga

158 5827 335 5884 hunc
358 5828 651 5894 Caesarem,
681 5840 847 5897 quem
864 5823 1054 5883 adhuc
1076 5823 1309 5898 publicis
1329 5825 1587 5895 appensis
1615 5823 1789 5896 pictu-

1883 4613 2074 4674 mittis,
2094 4616 2258 4680 atque
2278 4609 2346 4663 ab
2367 4610 2439 4664 eis
2460 4624 2648 4663 causas
2674 4611 2779 4662 tua:
2798 4607 2991 4663 salutis
3015 4613 3307 4678 exspectas.
3343 4611 3481 4665 Hinc

1884 4712 1935 4764 te
1948 4708 2061 4762 illis
2079 4706 2244 4761 subdi
2266 4705 2455 4759 debere
2480 4705 2746 4772 cognoscis
2774 4703 3047 4771 religionis
3071 4702 3262 4759 ordine
3279 4708 3482 4775 potius,

1886 4815 2049 4869 quam
2084 4812 2314 4869 praeesse
2343 4816 2360 4847 :
2391 4798 2534 4851 inter
2560 4796 2669 4850 hac
2696 4812 2764 4850 ea:
2792 4796 3007 4851 illorum
3046 4802 3097 4851 te
3121 4798 3356 4867 pendere
3386 4798 3484 4867 ju-

1888 4894 2048 4959 dicio,
2073 4907 2180 4946 non
2210 4890 2327 4944 illos
2355 4890 2487 4944 velle
2514 4890 2589 4944 ad
2619 4894 2767 4945 tuam
2790 4890 2967 4959 redigi
2987 4892 3334 4949 voluntatem.

1961 4986 2067 5040 IX.
2097 4984 2212 5038 Hac
2239 4981 2409 5055 igitur
2437 4990 2701 5053 potestate
2731 4984 2794 5038 B.
2822 4984 3176 5041 Innocentius
3206 5002 3343 5057 papa
3371 4990 3477 5041 Ar-

1887 5077 2101 5134 cadium
2132 5077 2512 5147 imperatorem
2535 5077 3041 5134 excommunicasse
3060 5079 3258 5149 legitur
3273 5083 3393 5143 (107
3407 5084 3481 5145 1),

1891 5171 2019 5245 quia
2054 5169 2328 5227 consensit
2354 5177 2415 5224 ut
2443 5170 2506 5225 S.
2545 5172 2782 5226 Joannes
2818 5170 3250 5244 Chrysostomus
3290 5185 3321 5224 a
3349 5169 3478 5224 sede

1892 5326 1967 5383 ris
1986 5341 2081 5382 ceu
2107 5323 2509 5397 benefactorem
2531 5339 2695 5397 suum
2715 5324 2853 5397 grati
2880 5320 3201 5393 proﬁtentur
3225 5320 3481 5392 Blasiani,

1891 5398 1986 5454 sed
2031 5411 2302 5473 canonum
2342 5394 2741 5473 observantiam
2773 5394 3046 5472 subsequo
3086 5399 3341 5473 tempore
3384 5410 3483 5451 ne-

1886 5467 2177 5524 cessariam
2232 5466 2489 5522 ostendit.
2542 5469 2786 5523 Fuerunt
2848 5478 2978 5533 ergo
3025 5463 3229 5518 inimici
3280 5482 3486 5535 causae,

1889 5554 2049 5595 amici
2082 5552 2349 5607 personae.

1966 5603 2141 5679 (107⁷1)
2169 5609 2242 5691 _l.d_
2267 5608 2489 5691 quidem
2522 5606 2722 5691 factum
2753 5603 2957 5691 dicitur
2980 5603 3313 5691 inepistglis
3348 5608 3485 5679 ejus-

1891 5680 2019 5738 dem
2058 5675 2421 5752 pontiﬁcis‘ad
2454 5677 2744 5752 Arcadium
2775 5675 3078 5752 etArcadii
3105 5677 3173 5731 ad
3212 5675 3483 5735 Innocen-

1893 5747 2073 5818 tium,’
2097 5749 2499 5834 quasnrel'erunt
2532 5748 2816 5834 Glxcasnet
2843 5747 3203 5834 Nicephorus.
3235 5754 3486 5834 ’ἀι-γεω

1901 5816 2211 5896 suppOsitas
2233 5822 2352 5880 illas
2375 5834 2492 5876 esse
2515 5816 2705 5874 contra
2730 5816 3029 5876 Baronium
3056 5816 3301 5874 ostendit
3329 5823 3492 5882 Nam.
