4062 6182
527 244 660 297 1223

1529 241 1621 295 AD
1659 241 1886 295 OPERA
1923 240 1977 294 S.
2020 238 2342 293 GREGORII
2378 237 2808 293 APPENDICES.
3197 243 3250 281 ο-

3673 235 3803 288 1224

524 384 622 424 sua
655 369 965 440 pelleretur.
995 369 1131 421 ltem
1167 369 1232 420 Β.
1278 364 1536 419 Nicolaus
1561 380 1701 435 papa
1729 368 1749 418 Ι
1785 364 2109 419 Lotharium
2137 365 2191 427 Α
2220 363 2482 436 quaelibet
2509 359 2840 416 monasteria
2863 359 2985 415 sua:
3013 358 3264 430 potestati
3302 357 3569 413 vindicare
3610 357 3809 421 valeat,

524 480 735 535 regem,
766 479 794 516 a
815 477 924 533 quo
947 459 1299 531 Lotharingia
1318 459 1761 527 cognominatur,
1785 473 2107 513 excommu-

523 557 739 622 nicavit,
765 571 831 609 eo
861 552 1008 624 quod
1038 553 1315 623 propriam
1345 567 1569 606 uxorem
1593 567 1688 621 pro
1718 551 1953 621 quadam
1984 567 2111 605 con-

524 649 716 704 cubina
745 646 1109 718 repudiaverit
1137 646 1336 716 (1072).
1372 643 1479 700 Sed
1515 653 1570 699 et
1591 643 1870 699 inferioris
1902 643 2110 699 ordinis

521 740 756 812 episcopi
799 740 1162 810 imperatores
1189 747 1244 794 et
1286 753 1444 809 reges
1482 738 1983 792 excommunicasse
2031 736 2111 790 le—

521 841 755 905 guntur;
809 841 1028 887 sanctus
1092 832 1240 886 enim
1300 830 1625 885 Ambrosius
1678 829 2112 884 Mediolanensis

519 926 805 996 episcopus
822 926 1086 996 majorem
1108 923 1481 978 Theodosium
1498 923 1887 993 imperatorem
1906 938 2114 976 excom-

520 1019 850 1084 municasse,
876 1027 930 1071 et
954 1025 1077 1089 post
1107 1015 1537 1070 satisfactionem
1567 1015 1950 1070 reconciliasse
1981 1013 2111 1083 legi-

521 1120 630 1168 tur.
664 1115 800 1167 ltem
828 1113 880 1166 S.
914 1112 1226 1166 Germanus
1267 1110 1604 1164 Parisiorum
1635 1109 1922 1179 episcopus
1952 1107 2112 1162 Heri-

521 1205 740 1260 bertum
788 1204 968 1274 (1073)
1020 1219 1204 1274 regem
1232 1205 1572 1258 Francorum
1613 1200 1832 1256 libidini
1863 1200 2110 1256 deditum

521 1296 1282 1367 excommunicavit,quietita
1296 1297 1804 1350 excommunicatus
1816 1294 1964 1349 diem
1977 1295 2114 1349 clau-

523 1391 595 1445 sit
622 1399 954 1445 extremum.
987 1389 1332 1445 Generaliter
1365 1389 1529 1443 etiam
1562 1391 1624 1442 B.
1661 1387 1934 1444 Adrianus
1977 1403 2110 1458 papa

525 1490 708 1550 (1074)
765 1499 960 1538 omnes
1020 1498 1177 1553 reges
1215 1481 1742 1547 excommunicavit,
1803 1482 2110 1550 quicunque

523 1577 837 1648 apostolica:
856 1577 999 1632 sedis
1029 1583 1233 1630 statuta
1255 1575 1455 1629 violare
1483 1574 1946 1645 prmsumpserint.
1980 1576 2111 1629 San-

520 1677 640 1725 ctus
667 1686 887 1742 quoque
908 1669 1210 1740 Gregorius
1231 1685 1368 1739 papa
1399 1667 1641 1723 decrevit
1663 1671 1846 1735 (1075)
1869 1677 1928 1722 ut
1956 1682 2113 1738 reges

2219 467 2280 512 ut
2308 472 2419 512 non
2446 457 2702 527 episcopo
2733 454 2981 517 civitatis,
3002 452 3099 508 sed
3127 451 3437 522 apostolica
3461 450 3578 506 sedi
3607 451 3814 520 specia-

2223 551 2343 606 liter
2379 549 2694 620 subjaceant
2737 546 2941 615 (1077).
2990 548 3101 602 Nec
3129 545 3410 600 miremini
3450 543 3494 598 si
3521 543 3811 598 monachis

2221 643 2390 699 nostri
2419 642 2682 713 temporis
2711 641 2958 696 ofﬁcium
2994 637 3399 710 pradicationis
3427 653 3541 692 non
3583 637 3814 691 omnino

2222 735 2621 802 intercluditur,
2648 743 2710 789 ut
2745 733 2998 804 antiquis,
3027 732 3095 788 de
3133 731 3330 803 quibus
3366 727 3818 786 Chalcedonense

2222 830 2516 885 concilium
2547 836 2598 883 et
2621 829 2674 884 S.
2712 829 2823 884 Leo
2849 842 2986 898 papa
3017 826 3383 896 scripserunt;
3427 839 3562 878 nam
3617 823 3698 877 illi
3728 838 3819 876 ec-

2222 923 2546 978 clesiasticos
2576 921 2793 976 ordines
2840 936 2953 974 non
3003 918 3331 982 habuerunt,
3375 925 3439 972 ut
3481 932 3550 971 ex
3598 916 3822 970 statutis

2223 1014 2471 1088 ejusdem
2507 1014 2723 1070 concilii
2754 1014 3067 1082 conjectare
3099 1026 3408 1082 possumus.
3459 1013 3524 1064 In
3552 1009 3643 1064 his
3671 1009 3818 1064 enim

2222 1109 2582 1180 adaaquantur
2605 1108 2773 1170 laicis,
2794 1122 2921 1162 cum
2946 1121 3043 1177 pro
3064 1113 3381 1176 contemptu
3403 1118 3688 1158 canonum
3709 1119 3822 1156 non

2222 1202 2584 1275 degradentur
2630 1209 2691 1255 ut
2744 1199 2956 1267 clerici,
3016 1199 3112 1254 sed
3159 1197 3714 1255 excommunicentur
3761 1204 3822 1250 ut

2223 1297 2340 1351 laici
2373 1316 2385 1350 :
2425 1295 2573 1365 quod
2602 1295 2790 1364 utique
2826 1309 2938 1348 non
2969 1292 3122 1347 ﬁeret
3161 1293 3208 1346 si
3237 1291 3640 1346 ecclesiasticos
3666 1288 3817 1344 ordi-

2221 1405 2320 1444 nes
2363 1389 2651 1452 haberent;
2694 1404 2824 1442 nam
2864 1401 3104 1442 canones
3133 1385 3462 1456 praecipiunt
3489 1392 3554 1436 ut
3578 1382 3820 1437 ordinati

2221 1499 2318 1553 pro
2359 1482 2530 1553 culpis
2558 1481 2671 1536 suis
2704 1478 3093 1551 degradentur,
3125 1494 3236 1533 non
3269 1487 3452 1532 autem
3480 1492 3818 1532 excommu-

2219 1577 2487 1630 nicentur.
2512 1574 2768 1630 Moderni
2788 1575 2974 1628 autem
2998 1571 3392 1627 monachicum
3415 1570 3821 1625 ecclesiasticos

2221 1669 2445 1724 ordines
2474 1667 2731 1734 habeant,
2773 1666 2896 1737 quis
2924 1665 3156 1720 iuﬁciari
3204 1672 3385 1735 potest
3412 1664 3544 1735 quin
3587 1678 3820 1718 eorum-

521 1780 550 1818 a
571 1764 685 1818 suis
710 1762 1072 1834 dignitatibus
1099 1762 1376 1826 caderent,
1403 1772 1452 1815 et
1476 1762 1890 1832 participatione
1919 1776 2113 1829 corpo-
2143 1742 2194 1806 B
2221 1763 2349 1818 dem
2393 1761 2662 1834 graduum
2695 1760 2896 1827 ofﬁcia,
2926 1776 3052 1814 cum
3075 1759 3391 1830 jubeantur,
3424 1773 3685 1812 exercere
3727 1773 3819 1811 va-

521 1857 597 1911 ris
625 1866 678 1911 et
707 1857 986 1928 sanguinis
1010 1856 1237 1910 Domini
1263 1864 1528 1921 carerent,
1555 1855 1602 1909 si
1632 1854 1775 1910 sedis
1803 1855 2111 1925 apostolica:

517 1951 732 2007 decreta
758 1958 1110 2005 contemnere
1131 1956 1522 2019 praesumerent
1547 1949 1752 2016 (1076).

592 2047 667 2099 De
694 2044 798 2098 hac
817 2058 944 2114 ergo
966 2042 1324 2112 praerogativa
1346 2041 1730 2095 ecclesiastica:
1756 2039 2040 2110 potestatis
2064 2039 2111 2093 si

519 2135 665 2190 aliud
699 2135 1100 2191 documentum
1148 2150 1257 2188 non
1301 2133 1650 2196 haberemus,
1681 2132 1828 2187 istud
1856 2131 2112 2187 sufﬁcere

517 2229 675 2284 nobis
703 2227 924 2283 deberet
965 2225 1113 2296 quod
1157 2234 1274 2280 tam
1317 2234 1537 2280 sanctos
1573 2225 1719 2280 viros
1760 2225 1906 2280 illam
1949 2240 2112 2295 super

517 2337 672 2392 reges
691 2330 745 2375 et
766 2321 1126 2390 imperatores
1143 2319 1452 2374 exercuisse
1483 2318 1713 2389 legimus
1747 2337 1760 2372 :
1786 2317 1936 2389 quod
1960 2317 2110 2372 nullo

521 2414 690 2469 modo
721 2412 976 2475 facerent,
1009 2412 1057 2466 si
1081 2427 1196 2465 non
1225 2411 1330 2466 hoc
1353 2427 1412 2466 se
1449 2411 1712 2466 canonice
1738 2426 1896 2482 posse
1929 2409 2111 2466 facere

519 2514 933 2578 cognoscerent.
969 2503 1115 2574 Quid
1155 2512 1339 2559 autem
1369 2504 1568 2558 mirum
1599 2503 1747 2574 quod
1777 2513 1964 2559 sancta
2003 2507 2110 2558 Ec-

519 2599 680 2655 clesia
709 2599 996 2655 saculares
1037 2597 1331 2668 principes,
1365 2605 1554 2666 utpote
1582 2597 1831 2652 membra
1864 2613 1983 2664 sua,
2019 2597 2107 2667 ju-

519 2692 696 2747 dicare
718 2699 918 2763 potest,
954 2706 1098 2761 quae,
1115 2689 1272 2760 juxta
1299 2691 1648 2760 Apostolum,
1681 2691 1848 2744 etiam
1873 2689 2105 2761 angelos

519 2783 896 2840 indubitanter
931 2783 1242 2854 judicatura
1273 2787 1390 2837 est?
1438 2785 1690 2845 Nescitis,
1722 2783 1937 2854 inquit,
1981 2799 2110 2852 quo-

519 2881 671 2932 niam
703 2877 917 2947 angelos
927 2878 1338 2950 judicabimus?
1357 2883 1563 2946 quanto
1584 2881 1757 2947 magis
1785 2878 2110 2931 saecularia?

521 2974 562 3035 (ι
596 2970 714 3023 Cor.
742 2972 852 3038 γι.)
884 2973 1235 3040 Nequaquam
1263 2984 1577 3040 ergoreges
1613 2969 1720 3022 sive
1750 2969 2108 3040 imperatores

2223 1856 2389 1921 leant,
2420 1855 2726 1926 praesertim
2751 1869 2878 1909 cum
2917 1853 2968 1908 in
3013 1853 3359 1924 perceptione
3386 1849 3820 1906 consecrationis

2221 1949 2356 2004 nihil
2386 1948 2589 2004 distent
2618 1964 2647 2001 a
2681 1947 2930 2002 clericis?
2960 1952 3068 2001 Aut
3096 1962 3224 2018 ergo
3251 1945 3659 2000 ecclesiasticos
3691 1960 3818 2014 gra-

2223 2042 2325 2096 dus
2350 2042 2453 2096 illis
2495 2041 2708 2112 penitus
2745 2040 3007 2102 adimitis.
3041 2048 3136 2094 aut
3163 2038 3710 2094 administrationem
3735 2053 3822 2090 eo-

2221 2134 2475 2190 rumdem
2488 2133 2751 2206 graduum
2763 2133 2837 2188 eis
2855 2132 3216 2188 intercludere
3237 2148 3347 2186 non
3364 2131 3589 2202 potestis
3609 2135 3815 2195 (1078).

2221 2228 2467 2282 Nimium
2500 2227 2665 2281 etiam
2697 2242 2794 2297 pro
2818 2226 3074 2298 episcopo
3096 2233 3277 2280 vestro
3307 2230 3492 2292 (1079)
3527 2224 3744 2288 zelatis,
3775 2222 3821 2276 si

2223 2321 2342 2392 plus
2369 2319 2470 2374 sibi
2498 2335 2663 2390 quam
2685 2320 2993 2390 apostolicae
3023 2319 3139 2374 sedi
3165 2316 3543 2374 obediendum
3585 2316 3819 2388 putatis,

2223 2414 2312 2468 cui
2359 2421 2412 2467 et
2458 2427 2553 2466 vos
2596 2412 2901 2467 necessario
2934 2411 3051 2482 plus
3104 2427 3273 2482 quam
3305 2411 3527 2482 proprio
3559 2410 3822 2479 episcopo

2222 2505 2507 2572 obedietis,
2528 2505 2571 2560 si
2588 2505 2740 2576 juxta
2766 2507 2818 2559 S.
2842 2505 3171 2576 Gregorium
3191 2504 3268 2560 rei
3294 2503 3614 2575 apostolica;
3637 2510 3825 2557 aucto-

2220 2599 2395 2654 ritatis
2423 2615 2538 2654 esse
2567 2615 2676 2653 non
2704 2598 2886 2654 vultis.

2287 2695 2387 2748 Χῐ.
2439 2696 2587 2760 Hoc,
2638 2692 2787 2762 quod
2835 2691 3134 2760 Apostolus
3184 2690 3449 2762 quosdam
3501 2690 3826 2744 novissimis

2220 2785 2562 2857 temporibus
2593 2801 2621 2839 a
2654 2785 2757 2840 ﬁde
2783 2785 3118 2840 discessuros
3151 2784 3310 2854 (Tim.
3342 2798 3425 2848 ιν,
3457 2786 3508 2850 1)
3545 2783 3822 2854 pradicit,

2218 2896 2330 2934 non
2355 2879 2623 2949 aliquibus
2652 2878 2971 2944 Catholicis,
3013 2877 3110 2933 sed
3139 2877 3473 2949 quibuslibet
3507 2892 3824 2932 excommu-

2203 2973 2410 3027 nicatis
2447 2973 2846 3042 competentius
2893 2971 3271 3037 ascriberetis,
3322 2970 3412 3041 qui
3465 2969 3823 3025 attendentes

518 3062 880 3117 ecclesiastico
898 3063 1106 3132 judicio
1135 3060 1413 3130 subjacere
1431 3061 1848 3131 denegabimus,
1882 3062 1925 3115 si
1953 3076 2108 3115 evan-
2135 3083 2182 3148 ο
2217 3065 2500 3136 spiritibus
2530 3065 2734 3120 erroris
2763 3073 2817 3118 et
2843 3064 3112 3119 doctrinis
3143 3063 3544 3119 dmmoniorum
3573 3080 3604 3118 a
3634 3063 3824 3118 catho-

518 3155 702 3227 gelicis
747 3165 804 3210 et
835 3154 1142 3226 apostolicis
1170 3153 1550 3208 sanctionibus
1595 3153 1812 3209 credere
1839 3162 1893 3209 et
1921 3169 2106 3208 assen-

519 3249 623 3303 tire
671 3249 1031 3303 voluerimus.

589 3343 664 3397 X.
701 3342 949 3396 Nimium
985 3350 1172 3396 autem
1217 3340 1277 3395 in
1311 3340 1491 3396 verbis
1522 3340 1783 3396 excedere
1823 3340 2104 3406 videmini,

515 3451 642 3490 cum
672 3436 957 3507 religiosos
981 3434 1285 3489 confratres
1305 3442 1520 3490 nostros
1546 3433 1756 3489 Judaeis
1786 3449 2108 3504 comparare

517 3529 826 3599 conemini;
860 3530 953 3600 qui
986 3529 1217 3584 minime
1247 3545 1374 3582 cum
1405 3529 1608 3584 Judaais
1646 3537 1706 3583 ut
1745 3528 1995 3585 Christus
2023 3530 2104 3584 in-

514 3623 817 3679 terﬁciatur
855 3625 1120 3689 clamant,
1145 3622 1239 3678 sed
1267 3630 1330 3676 ut
1359 3621 1494 3676 ﬁdes
1521 3623 1640 3692 ejus
1663 3624 1716 3676 in
1746 3623 2005 3679 cordibus
2035 3624 2105 3676 ﬁ-

515 3715 722 3770 delium
749 3715 1058 3782 roboretur,
1091 3724 1145 3770 et
1170 3731 1200 3769 a
1230 3714 1480 3784 contagio
1521 3714 1886 3770 anathematis
1923 3715 2108 3771 defen-

517 3806 680 3861 datur
721 3815 1000 3876 exoptant.
1054 3810 1121 3860 Et
1150 3823 1249 3862 nos
1292 3807 1480 3877 utique
1505 3818 1763 3862 sanctum
1803 3808 2105 3864 Chalcedo—

512 3914 685 3954 nense
714 3899 1008 3953 concilium
1038 3914 1378 3965 veneramur,
1405 3898 1555 3970 quod
1581 3908 1762 3954 tamen
1792 3902 2105 3972 apostolica

513 3991 761 4063 dignitati
789 3992 868 4048 vel
899 3990 1208 4047 auctoritati
1252 3991 1400 4046 nullo
1445 3991 1612 4047 modo
1643 3994 1943 4063 praescribit
1973 3995 2103 4066 quin

516 4202 583 4258 lis
610 4201 943 4267 Alexander,
984 4201 1122 4256 Hist.
1158 4199 1350 4256 eccles.
1376 4215 1500 4257 sae.
1536 4216 1626 4268 IV,
1653 4216 1770 4271 cap.
1814 4208 1868 4262 2,
1912 4211 2016 4258 art.
2051 4211 2100 4260 1.

517 4273 655 4329 Vide
680 4273 828 4336 Pagii
859 4277 1014 4328 Brev.
1046 4275 1212 4327 Rom.
1246 4271 1434 4342 pontif.
1465 4281 1603 4326 tom.
1637 4275 1680 4338 1,
1714 4289 1764 4342 ρ.
1802 4280 1920 4329 137.

589 4344 771 4417 (1072)
789 4345 923 4399 Vide
942 4344 1227 4414 epistolam
1256 4343 1456 4417 Nicolai
1478 4347 1496 4397 l
1522 4344 1590 4417 ad
1615 4344 1869 4417 Cerolum
1895 4362 2101 4417 regem,

514 4416 693 4471 Labb.
721 4426 834 4471 tom
864 4418 1018 4480 Vlll,
1047 4432 1098 4486 p.
1128 4421 1254 4480 502,
1280 4415 1370 4468 ubi
1394 4414 1637 4482 pontifex
1660 4414 1984 4470 Lothariuni
2004 4433 2102 4472 ceu

514 4488 1048 4542 excommunicatum
1082 4501 1112 4540 a
1139 4502 1196 4540 se
1218 4486 1400 4539 haberi
1431 4494 1685 4540 testatur.
1712 4488 1986 4542 Caeterum
2017 4505 2100 4542 ea-

517 4559 640 4611 dem
671 4558 781 4612 fere
808 4559 1051 4628 exempla
1084 4557 1226 4612 hanc
1263 4557 1317 4610 in
1348 4572 1463 4615 rem
1485 4557 1549 4628 in
1589 4556 1864 4612 Chronico
1902 4574 2001 4612 suo
2032 4559 2099 4612 ad
2135 4524 2186 4585 Ὁ

515 4643 644 4680 ann.
686 4631 814 4681 1077
849 4626 1069 4684 adducit
1095 4629 1238 4682 idem
1262 4626 1568 4681 Bernoldus
1591 4628 1818 4682 auctior.

577 4699 767 4776 (1073)
792 4702 897 4752 Seu
931 4700 1333 4776 Qharibertum,
1361 4698 1507 4770 apud
1536 4699 1865 4770 Gregorium
1897 4701 2102 4754 Turon.

519 4768 664 4821 Hist.
699 4769 920 4833 Franc.,
951 4771 1039 4824 lib.
1072 4785 1158 4826 ιν.
1191 4786 1239 4824 c.
1270 4775 1357 4824 26.

547 4839 769 4919 .(1074)
802 4841 974 4919 Capit.
1021 4841 1410 4919 80._Labb.,_t.
1443 4843 1536 4910 Vl,
1583 4858 1702 4914 pag.
1751 4847 1921 4911 1838;
1968 4842 2114 4898 Gra-.

521 4916 678 4972 tian.,
713 4925 865 4963 caus.
892 4917 982 4973 25,
1012 4926 1067 4977 q.
1106 4916 1154 4977 1,
1185 4927 1305 4964 can.
1343 4917 1426 4965 11.

521 4926 678 4972 uan.,
713 4926 865 4963 caus.
892 4926 982 4973 25,
1056 4954 1067 4964 .
1106 4926 1154 4977 1,
1185 4927 1305 4964 can.
1343 4926 1426 4965 ιι.

519 5051 528 5060 _
587 4981 774 5060 (1075)
803 4983 884 5060 Ita
910 4926 1216 5060 quidemS.
1247 4982 1564 5060 Gregorius,
1606 4985 1766 5060 epist.
1803 4992 1903 5060 38,
1939 4984 1972 5038 Ι.
2008 4999 2104 5060 xtl

515 5051 573 5104 in
601 5051 901 5121 privilegio,
926 5049 1076 5121 quod
1103 5051 1283 5104 abbati
1309 5049 1997 5110 SfMedardi'concesSisse
2026 5055 2106 5110 di-

517 5121 694 5188 citur;
726 5121 794 5176 de
824 5137 932 5190 quo
964 5130 1149 5175 tamen
1181 5121 1479 5194 haecinotat
1509 5122 1764 5178 Labbeus
1807 5133 1843 5179 t.
1879 5129 1950 5186 V,
1983 5142 2104 5194 pag.

525 5198 659 5247 1582
693 5210 706 5246 :
738 5194 1085 5260 Priwilegium
1119 5193 1270 5245 istud
1297 5193 1666 5260 improbarunt
1691 5212 1758 5247 ea:
1794 5192 2106 5250 orthodbwis

517 5265 668 5320 card.
712 5267 1012 5326 Perronius,
1055 5263 1405 5323 Sirmundus,
1436 5266 1730 5327 Launoius,
1762 5265 1969 5334 aliique
1999 5270 2108 5320 viri

511 5336 848 5404 pereruditi;
881 5353 947 5390 ea:
986 5334 1323 5404 heterodoajis
1349 5334 1673 5400 Blondellus,
1714 5346 1816 5390 etc.
1848 5336 2009 5392 Unde
2051 5339 2106 5392 in

517 5403 660 5459 nova
704 5406 939 5462 editione
985 5407 1038 5463 in
1067 5403 1421 5477 appendicem
1461 5405 1701 5476 rejicitur
1740 5409 1906 5478 Opp.,
1946 5417 1988 5463 t.
2033 5411 2104 5476 II,

516 5491 641 5546 pag.
688 5482 840 5532 1284.

593 5551 770 5610 (1076)
801 5547 904 5601 His
932 5547 1210 5600 enimvero
1248 5553 1302 5600 et
1339 5545 1616 5602 similibus
1655 5549 1988 5610 argumentis
2019 5559 2102 5605 at-

517 5633 624 5741 que
648 5618 906 5686 exemplis
926 5617 1255 5688 Gregorium
1279 5619 1376 5672 Vll
1400 5616 1624 5687 ejusque
1645 5616 1958 5674 defensores
1971 5637 2104 5683 usos

545 5689 685 5741 uisse
721 5687 1114 5741 comperimus.
1148 5705 1275 5741 cum
1307 5694 1491 5741 tamen
1531 5690 1618 5741 alii
1658 5706 1771 5741 rem
1804 5690 1942 5741 hanc
1967 5691 2096 5741 faci-

545 5687 685 5742 uisse
721 5687 1114 5756 comperimus,
1148 5705 1275 5743 cum
1307 5694 1491 5743 tamen
1531 5690 1618 5742 alii
1658 5706 1771 5744 rem
1804 5690 1942 5745 hanc
1967 5691 2096 5746 facic

519 5774 730 5831 nusque
768 5767 898 5814 tunc
927 5758 996 5813 ab
1027 5773 1090 5813 eo
1121 5768 1352 5830 gestum,
1398 5767 1454 5816 et
1481 5759 1784 5817 inauditam
1819 5760 2102 5833 hucusque

2219 3160 2317 3213 lica
2357 3159 2570 3213 unitate
2599 3157 2655 3211 in
2689 3173 2887 3232 manus
2925 3159 3142 3213 Satanae
3182 3157 3566 3212 discesserunt.
3603 3160 3821 3212 Horum

2216 3252 2504 3308 crudelitas
2546 3251 2878 3322 jamdudum
2929 3251 3190 3316 excrevit,
3244 3260 3305 3306 ut
3343 3260 3525 3306 sancta
3573 3251 3820 3306 Ecclesia

2215 3354 2405 3401 contra
2441 3361 2633 3400 eorum
2663 3344 3069 3400 infestationem
3099 3345 3423 3400 militaribus
3465 3345 3685 3399 auxiliis
3713 3359 3814 3399 sae-

2215 3439 2438 3510 pissime
2467 3439 2697 3509 eguerit,
2736 3454 2837 3493 nec
2873 3438 2988 3492 sine
3011 3438 3283 3509 sanguinis
3321 3436 3593 3493 effusione
3622 3436 3694 3492 de
3722 3453 3816 3491 eo-

2214 3548 2336 3587 rum
2366 3531 2658 3604 tyrannide
2689 3532 2904 3586 liberari
2944 3531 3198 3601 potuerit.
3241 3531 3507 3586 Militares
3534 3546 3689 3601 ergo,
3722 3530 3818 3600 qui

2214 3641 2277 3680 ea
2306 3626 2627 3680 necessitate
2652 3625 2884 3695 aliquem
2909 3625 3445 3680 excommunicatum
3482 3623 3816 3684 occiderint,

2212 3719 2476 3789 compulsi
2513 3727 2661 3784 sunt,
2692 3726 2745 3772 et
2770 3717 2872 3772 hoc
2896 3733 3008 3772 non
3040 3727 3154 3772 tam
3185 3734 3282 3790 pro
3319 3733 3377 3772 se
3405 3733 3569 3788 quam
3600 3733 3706 3787 pro
3735 3733 3818 3770 ec-

2213 3812 2510 3866 clesiastica
2550 3810 2867 3866 defensione
2896 3810 3172 3878 fecerunt;
3199 3819 3254 3866 et
3280 3811 3433 3866 nullo
3464 3809 3629 3865 modo
3657 3810 3819 3865 dam-

2213 3905 2493 3960 nationem
2527 3903 2684 3975 primi
2712 3903 3016 3960 fratricidaa
3046 3905 3180 3962 Cain
3210 3905 3266 3959 in
3310 3904 3414 3959 hoc
3441 3903 3818 3974 promeruisse

2210 3997 2486 4066 videntur,
2511 3997 2599 4069 qui
2617 3997 2774 4069 juxta
2793 3998 3068 4053 Joannem
3102 4018 3114 4054 :
3144 4002 3236 4054 Ex
3260 3999 3490 4066 maligno
3509 4002 3622 4051 erat
3645 4003 3700 4049 et
3727 4013 3819 4050 oc-

2213 4206 2358 4276 regis
2391 4205 2790 4275 depositionem
2827 4207 3178 4262 clamitarent
3203 4206 3528 4269 adversarii,
3562 4211 3728 4276 atque
3777 4221 3814 4258 a

2213 4275 2417 4348 Spiritu
2453 4278 2731 4348 Evangelii
2753 4285 2805 4332 et
2823 4287 3137 4333 sanctorum
3168 4281 3414 4342 Patrum,
3447 4276 3515 4332 ad
3548 4290 3688 4348 quos
3717 4275 3821 4330 hic

2212 4347 2558 4419 provocatur,
2589 4347 2814 4417 prorsus
2843 4348 3079 4404 alienam
3112 4370 3124 4402 :
3149 4350 3216 4419 de.
3245 4365 3353 4418 quo
3373 4348 3488 4419 jam
3516 4347 3577 4402 in
3598 4347 3817 4402 Obser—

2211 4418 2522 4474 Vationibus
2542 4420 2776 4488 praeviis,
2803 4424 2834 4487 ς
2864 4427 2953 4484 24,
2977 4435 3152 4490 seqq.,
3178 4418 3407 4474 dictum.

2289 4491 2471 4557 (1077)
2500 4492 2622 4543 Jam
2654 4492 2707 4544 in
2730 4491 2963 4545 concilio
2989 4489 3424 4545 Arelatensiann.
3459 4495 3579 4545 455.
3605 4489 3821 4552 (Labb.

2221 4570 2258 4615 t.
2289 4561 2382 4624 IV,
2410 4577 2461 4629 p.
2496 4565 2650 4626 1024)
2681 4561 2748 4615 de.
2771 4562 3103 4616 monasterio
3125 4561 3408 4616 Lerinensi
3428 4569 3699 4615 statutum
3736 4572 3827 4616 est

2215 4641 2296 4694 ut,
2329 4631 2569 4701 exceptis
2602 4632 3053 4698 ordinationibus,
3082 4635 3251 4687 omnis
3278 4633 3422 4686 illius
3451 4633 3590 4685 Iaica
3619 4635 3828 4687 multi-

2215 4703 2345 4757 tudo
2365 4702 2440 4755 ad
2462 4719 2647 4756 curam
2671 4704 2879 4757 abbatis
2897 4707 3187 4772 pertineat,
3209 4720 3377 4773 neque
3400 4720 3467 4756 ea:
3487 4719 3545 4757 ca
3564 4704 3674 4756 sibi
3706 4708 3829 4773 epi-

2213 4790 2399 4844 scopus
2423 4775 2723 4843 quidquam
2746 4775 2998 4837 vindicet,
3032 4781 3129 4829 aut
3155 4776 3408 4843 aliquem,
3431 4791 3498 4828 ea-
3530 4775 3633 4827 illa.
3655 4776 3830 4844 cleri-

2214 4831 2334 4899 cum
2361 4831 2688 4905 faderef-nisi
2705 4846 2896 4900 abbate
2911 4831 3140 4914 petente,
3165 4831 3477 4915 prdsumat.
3502 4847 3614 4899 Hoc
3637 4831 3826 4908 en‘fm,

2215 4916 2420 4970 addunt
2444 4919 2651 4979 Patres,
2670 4921 2720 4970 et
2749 4919 2975 4970 rationis
3005 4922 3054 4971 et
3083 4917 3360 4985 religionis
3380 4917 3598 4985 plenum
3621 4925 3734 4978 est,
3763 4925 3832 4971 ut

2217 4989 2394 5041 clerici
2415 4988 2486 5039 ad
2510 4988 2909 5040 ordinationem
2929 4989 3164 5058 episcopi
3183 4987 3369 5042 debita
3390 4988 3726 5054 subjectione
3745 5007 3830 5042 re-

2215 5061 2478 5128 spiciant;
2510 5059 2648 5112 Iaica
2676 5073 2798 5111 vero
2833 5062 3004 5112 omnis
3025 5061 3336 5113 monasterii
3363 5062 3715 5125 congregatio
3749 5061 3830 5114 ad

2216 5130 2384 5182 solam
2403 5145 2464 5181 ac
2481 5130 2701 5182 liberam
2722 5129 2936 5182 abbatis
2955 5131 3184 5199 proprii,
3207 5145 3360 5197 quem
3379 5130 3489 5182 sibi
3506 5131 3629 5198 ipsa
3648 5131 3832 5198 elege-

2215 5202 2312 5261 rit,
2357 5200 2742 5254 ordinationem
2781 5200 3281 5269 dispositio-nemque
3307 5201 3600 5269 pertineat.
3649 5201 3827 5256 Haud

2213 5270 2486 5350 quaquam
2537 5270 2699 5350 igitur
2719 5269 2932 5350 .Isidori
2976 5270 3291 5350 Mercatoris
3332 5286 3541 5325 merces
3581 5281 3718 5350 sunt
3751 5273 3828 5327 ab

2214 5339 2350 5410 ipsis
2387 5339 2471 5421 his
2497 5339 2985 5421 episcopisagnitai
3011 5351 3065 5396 et
3082 5349 3310 5421 zstatutaa
3340 5341 3826 5421 monasteriorum

2214 5411 2585 5479 exemptiones
2614 5411 2724 5466 suis
2754 5411 3020 5466 limitibus
3049 5411 3498 5481 circumscriptae.

2252 5551 2263 5563 .
2287 5481 2612 5620 (ιοέεέονίά.
2642 5481 2709 5537 de
2733 5481 2839 5538 hoc
2863 5491 3186 5554 argumento
3215 5484 3648 5538 Observationes
3674 5499 3825 5554 pra-

2252 5568 2335 5616 lae,
2512 5595 2522 5604 .

2216 5568 2335 5616 vtae,
2374 5568 2403 5616 δ
2433 5568 2522 5606 δυ.

2285 5625 2465 5692 (1079)
2512 5626 2868 5696 Huzmannus
2896 5625 3277 5682 schismaticus
3323 5624 3621 5696 Spirensis,
3666 5639 3820 5680 anno

2221 5699 2355 5749 1085
2395 5710 2425 5749 a
2451 5693 2619 5749 sacris
2643 5695 2910 5751 exclusus.
