4062 6182
238 271 366 326 1225

1136 266 1429 325 ΑΡΡΕΝΙ).
1464 269 1555 326 Ill.
1594 296 1667 312 —
1699 269 2119 328 MONUMENTA
2156 270 2616 327 GREGORIANA.

3380 276 3517 331 i226

235 395 361 451 cidit
373 380 613 463 fratrem
630 407 791 450 suum
809 411 829 449 ε
860 394 911 449 et
918 395 1145 464 propter
1160 395 1295 463 quid
1310 395 1500 451 occidit
1517 399 1674 453 eum?
1687 398 1819 467 quia
1843 401 1902 466 Α
1928 412 2070 468 papa
2092 394 2272 469 (epist.
2297 401 2387 467 22,
2416 413 2476 452 n.
2509 400 2581 463 3)
2614 415 2626 451 :
2654 397 2783 464 Qui,
2799 395 2998 468 inquit,
3030 397 3277 454 honorem
3308 399 3515 463 amisit,

233 506 393 561 opera
408 489 520 561 ejus
540 490 787 558 maligna
810 490 986 556 erant,
997 489 1202 556 fratris
1224 493 1402 544 autem
1411 489 1567 559 justa
1593 492 1641 556 (Ι
1662 493 1817 547 Joan.

235 586 355 656 tu);
389 582 590 655 quippe
620 597 720 654 pro
743 580 950 637 invidia
973 580 1179 638 occidit
1193 597 1338 639 eum.
1374 582 1473 639 Isti
1502 592 1692 639 autem
1718 600 1823 642 nec

234 675 488 735 inimicos
511 674 765 733 occidere
787 675 1004 745 vellent,
1028 677 1072 733 si
1103 676 1209 733 alio
1236 676 1403 735 modo
1428 686 1678 734 sanctam
1702 694 1822 735 ma-

233 780 375 829 trem
394 771 702 828 Ecclesiam
722 779 915 827 contra
944 771 1229 843 improbos
1257 770 1553 829 defendere
1580 780 1823 844 possent.

235 869 303 923 Et
327 866 384 920 in
408 864 515 921 hoc
563 865 682 937 ipso
706 864 933 937 negotio
974 865 1144 921 etiam
1184 865 1432 937 proprias
1468 866 1686 923 animas
1724 882 1824 937 pro

235 958 499 1016 fratribus
528 966 760 1031 ponunt,
787 974 924 1032 quos
952 975 1049 1030 per
1073 961 1678 1017 excommunicatorum
1705 960 1821 1016 vio-

236 1054 465 1111 lentiam
478 1053 534 1108 in
554 1052 743 1109 anima
768 1060 824 1109 et
842 1053 900 1109 in
914 1068 1144 1126 corpore
1158 1053 1448 1125 periclitari
1467 1054 1824 1126 perspiciunt.

236 1150 598 1221 Nequaquam
642 1162 773 1220 ergo
816 1162 912 1203 eos
939 1146 1335 1204 nefandissimo
1363 1146 1661 1205 fratricida:
1690 1148 1826 1205 Cain

237 1240 700 1313 comparabimus,
728 1241 773 1296 si
790 1241 936 1312 juste
955 1240 1204 1313 judicare
1225 1241 1577 1298 voluerimus.
1607 1243 1824 1299 Scimus

238 1334 485 1409 quidem,
503 1333 933 1391 homicidiumin
954 1336 1010 1391 S.
1033 1336 1314 1406 Scriptura
1328 1335 1710 1407 prohibitum;
1732 1335 1828 1393 sed

240 1430 346 1486 hoc
374 1428 607 1485 minime
635 1428 708 1484 ita
739 1428 1040 1500 intelligere
1082 1428 1373 1497 debemus,
1400 1439 1462 1486 ut
1488 1430 1730 1486 Pbineen
1774 1437 1831 1486 et

242 1523 410 1578 Eliam
464 1532 521 1579 et
546 1522 748 1578 zelotes
768 1564 783 1591 ,
830 1523 1074 1594 aliosque
1099 1532 1321 1579 sanctos
1350 1527 1536 1580 Patres
1559 1567 1574 1593 ,
1595 1525 1685 1596 qui
1708 1524 1827 1580 zelo

238 1616 340 1671 Dei
362 1617 564 1672 multos
584 1616 923 1685 occiderunt,
943 1616 1285 1673 damnationi
1302 1616 1710 1675 homicidarum
1732 1617 1829 1673 ob-

238 1710 432 1765 noxios
476 1724 591 1766 esse
613 1709 950 1783 judicemus.
981 1712 1279 1782 Nunquam
1311 1710 1456 1767 enim
1480 1711 1540 1766 in
1567 1727 1633 1767 eo
1654 1711 1831 1767 delin-

1929 491 2178 546 honorem
2211 490 2339 546 dare
2357 507 2461 546 non
2490 494 2679 559 potest.
2700 492 2769 546 Et
2796 497 2922 562 post
2958 506 3171 562 pauca:
3196 494 3520 548 Damnatio-

1929 599 2053 639 nem
2094 600 2219 654 ergo
2256 601 2418 655 quam
2458 584 2663 649 habuit,
2686 600 2787 655 per
2819 600 3052 655 pravam
3079 600 3270 640 manus
3298 589 3519 656 imposi-

1932 680 2126 733 tionem
2154 678 2323 733 dedit.
2345 680 2486 733 Item
2512 678 2568 735 S.
2598 680 2711 735 Leo
2739 693 2875 750 papa
2898 678 3075 734 Leoni
3099 682 3350 751 Augusto
3373 680 3513 735 scri-

1932 770 2065 827 bens
2087 770 2155 828 de
2181 770 2420 843 quodam
2432 771 2721 829 Timotheo
2751 772 2959 844 (1080‘)
2990 773 3251 829 damnato
3293 771 3518 844 ejusque

1933 864 2277 936 sequacibus,
2318 865 2501 921 omnia
2514 854 2871 922 sacramenta
2897 882 2957 923 se
2994 882 3190 922 eorum
3237 866 3515 936 sacrilegis

1933 958 2190 1015 manibus
2235 958 2564 1015 subtraxisse
2592 967 2842 1016 testatur.
2875 960 2931 1016 Si
2962 960 3124 1015 beato
3154 976 3377 1032 quoque
3399 963 3520 1015 Au-

1933 1053 2149 1125 gustino
2204 1053 2423 1110 credere
2458 1052 2735 1121 volumus,
2765 1069 2955 1109 omnes
3002 1053 3287 1110 haereticos
3329 1061 3387 1110 et
3427 1070 3523 1109 ex-

1933 1146 2369 1203 communicatos
2403 1155 2555 1202 extra
2588 1146 2890 1202 Ecclesiam
2918 1162 3036 1203 esse
3062 1164 3174 1202 non
3202 1145 3524 1203 dubitamus

1934 1240 2181 1312 quamvis
2208 1249 2264 1296 et
2296 1238 2480 1297 adhuc
2506 1239 2652 1297 infra
2677 1256 2866 1297 aream
2891 1257 3020 1298 cum
3068 1240 3350 1299 frumento
3377 1241 3521 1297 mul-

1934 1342 2051 1390 tam
2079 1335 2296 1407 paleam
2325 1335 2624 1391 toleremus
2651 1340 2808 1402 (1081
2816 1344 2857 1404 ).

2005 1430 2168 1485 XIII.
2224 1430 2449 1485 Frustra
2502 1428 2796 1485 dominum
2860 1436 3111 1485 nostrum
3168 1427 3275 1501 piae
3313 1444 3523 1485 memo-

1936 1523 2030 1580 riae
2092 1527 2273 1591 (1082)
2325 1523 2657 1595 Gregorium
2708 1539 2908 1595 papam
2976 1523 3281 1580 arundineo
3331 1523 3528 1580 baculo

1936 1617 2289 1689 comparatis,
2328 1632 2493 1690 quem
2522 1632 2694 1689 usque
2721 1616 2791 1673 ad
2838 1618 3007 1673 ﬁnem
3032 1618 3155 1673 vitae
3180 1619 3239 1673 in
3265 1632 3363 1673 sua
3399 1633 3529 1673 sen-

1937 1711 2105 1767 tentia
2158 1711 2411 1767 stabilem
2461 1718 2517 1767 et
2565 1711 2921 1767 inﬂexibilem
2949 1712 3252 1782 perstitisse
3287 1712 3527 1767 multum

240 1804 445 1876 quitur,
473 1803 564 1859 ubi
598 1807 716 1860 Deo
746 1804 826 1859 vel
858 1819 953 1876 per
979 1820 1038 1861 se
1060 1804 1143 1861 vel
1174 1818 1270 1876 per
1294 1804 1473 1878 legem
1498 1805 1833 1877 praecipienti
1866 1791 1915 1854 Β
1942 1805 2192 1861 doluistis
2226 1825 2238 1860 :
2268 1804 2360 1879 qui
2387 1821 2505 1861 non
2532 1820 2723 1862 omnes
2769 1806 3092 1877 provincias,
3136 1821 3271 1877 quas
3300 1821 3525 1862 enume-

240 1898 554 1969 specialiter
581 1897 858 1953 obeditur.

312 1994 516 2048 Beatus
545 2005 762 2064 quoque
804 1992 1150 2063 Augustinus
1179 1992 1238 2048 in
1268 1992 1409 2049 libro
1437 1992 1617 2064 primo
1642 1995 1726 2048 De
1752 1991 1833 2048 ci-

244 2085 410 2141 vitate
458 2085 563 2141 Dei
609 2090 749 2156 (cap.
781 2087 871 2155 26)
924 2088 1146 2150 :Miles,
1204 2086 1398 2157 inquit,
1442 2102 1563 2142 cum
1591 2087 1836 2142 obediens

238 2182 511 2250 potestati,
532 2180 630 2234 sub
662 2196 778 2249 qua
817 2181 1057 2251 legitime
1087 2182 1412 2237 constitutus
1446 2185 1541 2250 est,
1565 2181 1835 2235 hominem

244 2275 461 2339 occidit,
494 2275 653 2328 nulla
702 2276 941 2329 civitatis
970 2290 1081 2329 sua:
1114 2276 1221 2344 lege
1268 2274 1544 2330 homicidii
1579 2291 1701 2329 reus
1738 2278 1832 2330 est.

247 2368 357 2422 Nec
386 2382 492 2423 nos
545 2368 736 2438 utique
767 2382 981 2435 omnes,
1037 2367 1128 2440 qui
1157 2369 1668 2424 excommunicatos
1695 2366 1840 2424 occi-

243 2460 445 2531 derint,
476 2460 815 2518 omnimodis
836 2477 1224 2535 expurgamus,
1257 2461 1356 2518 sed
1382 2478 1485 2519 nec
1511 2469 1631 2518 tam
1677 2461 1836 2528 dure,

246 2564 308 2612 ut
348 2555 675 2611 vestratibus
721 2556 985 2628 placeret,
1028 2571 1123 2613 eos
1161 2554 1522 2627 judicamus:
1573 2564 1631 2611 et
1680 2553 1836 2621 illud,

246 2648 485 2723 primum
534 2648 783 2722 quidem,
825 2649 953 2722 quia
1002 2649 1109 2707 tale
1139 2665 1278 2721 opus
1308 2650 1396 2705 vix
1425 2658 1522 2706 aut
1548 2664 1840 2721 nunquam

241 2743 362 2799 sine
390 2743 551 2815 culpa
579 2742 892 2815 perﬁcitur;
946 2742 1053 2799 hoc
1094 2751 1279 2798 autem
1337 2742 1663 2809 secundum,
1717 2741 1844 2814 quia

244 2852 344 2893 eos
389 2836 506 2893 zelo
532 2836 637 2893 Dei
667 2835 867 2892 ductos
897 2836 1006 2892 hoc
1035 2852 1193 2909 agere
1222 2852 1323 2908 pro
1352 2836 1716 2893 ecclesiastica
1745 2849 1842 2891 ne-

247 2929 505 2987 cessitate
530 2929 915 3003 cognoscimus
941 2932 1169 2996 (I079‘).

323 3026 407 3080 De
440 3024 825 3096 pmdicatione
852 3023 1256 3081 monachorum
1292 3023 1441 3095 quod
1467 3023 1666 3080 iterum
1689 3030 1845 3080 nota-

246 3117 344 3185 tis,
374 3126 426 3173 et
456 3118 614 3174 nobis
638 3119 840 3191 placet,
873 3126 938 3173 ut
960 3133 1070 3173 non
1102 3116 1207 3173 nisi
1248 3116 1478 3174 ordinati
1518 3116 1841 3189 pradicent,

1940 1899 2093 1968 ratis,
2122 1900 2177 1954 in
2205 1899 2479 1972 integrum
2526 1899 3032 1968 anathematizavit,
3078 1899 3174 1956 sed
3202 1899 3530 1956 Guibertum

1940 2002 1995 2049 et
2042 2009 2235 2049 omnes
2277 1994 2396 2065 ejus
2425 1994 2745 2065 complices,
2792 1993 2847 2049 in
2896 2008 3220 2065 quacunque
3258 1992 3535 2066 provincia

1942 2085 2159 2143 fuerint.
2205 2089 2320 2143 Nec
2348 2095 2539 2142 tamen
2569 2102 2775 2158 paucos
2819 2092 2970 2143 extra
3022 2087 3164 2143 hanc
3205 2103 3531 2144 excommu-

1940 2179 2273 2236 nicationem
2320 2179 2657 2236 remansisse
2702 2178 2915 2248 dicatis,
2955 2196 3083 2235 cum
3129 2181 3265 2235 tanti
3316 2181 3372 2235 in
3418 2180 3536 2236 solo

1942 2273 2246 2330 Teutonico
2278 2289 2446 2345 regno
2464 2273 2853 2342 remanserint,
2875 2280 2937 2329 ut
2956 2272 3304 2329 multitudini
3322 2288 3539 2329 excom-

1942 2368 2357 2425 municatorum
2379 2366 2681 2440 saepissime
2700 2366 2926 2423 viriliter
2940 2368 3267 2437 restiterint,
3286 2374 3346 2424 et
3363 2367 3540 2425 adhuc

1943 2458 2198 2514 resistere
2226 2457 2458 2530 possint.

2017 2554 2169 2607 XIV.
2189 2554 2303 2607 Nos
2314 2550 2384 2606 ad
2399 2550 2720 2622 perjurium,
2744 2550 3042 2619 utnotatis,
3072 2550 3335 2608 dominus
3348 2559 3537 2608 noster

1948 2644 2246 2716 Gregorius
2274 2659 2409 2715 papa
2432 2660 2550 2699 non
2577 2643 2817 2714 impulit,
2847 2642 2997 2700 seda
3012 2644 3330 2715 juramento
3360 2646 3543 2717 subje-

1949 2739 2154 2794 ctionis
2205 2735 2401 2793 eadem
2436 2737 2761 2792 auctoritate
2808 2736 3041 2792 absolvit
3082 2738 3292 2809 (1083),
3348 2753 3455 2809 qua
3484 2747 3540 2793 et

1952 2832 2205 2905 praelatos
2233 2845 2429 2888 eorum
2454 2829 2730 2901 deponere
2748 2836 2803 2883 et
2828 2830 3310 2885 excommunicare
3334 2831 3535 2901 potuit.

1952 2928 2041 2984 Sic
2068 2924 2498 2982 sacratissimum
2526 2922 2867 2996 Ephesinum
2890 2922 3185 2979 concilium
3215 2923 3539 2980 auctoritate

1952 3022 2010 3078 S.
2070 3018 2346 3077 Coelestini
2398 3033 2554 3090 papa:
2600 3025 2994 3090 congregatum
3050 3024 3105 3072 et
3152 3016 3541 3073 conﬁrmatum

1954 3114 2228 3187 subjectos
2258 3113 2507 3171 Nestorii
2535 3127 2598 3168 ex
2635 3119 2905 3184 potestate
2931 3110 3104 3182 ipsius
3134 3110 3427 3167 absolvisse
3462 3112 3535 3167 le-

249 3182 659 3284 catholicoque-
685 3182 950 3267 obediant
994 3210 1236 3283 prmsuli,
1290 3211 1395 3277 nisi
1428 3210 1498 3267 ab
1518 3182 1842 3281 apostolica
1882 3182 1930 3247 (δ
1955 3182 2123 3282 gitur.
2169 3209 2259 3264 Sic
2315 3182 2759 3265 Chalcedonense
2801 3204 3093 3261 concilium
3139 3203 3544 3261 Alexandrinos

247 3305 385 3362 sede
409 3303 613 3361 fuerint
639 3304 990 3377 emancipati.

324 3400 461 3456 XII.
485 3398 625 3471 Quid
647 3407 835 3456 autem
851 3398 1152 3471 miramini,
1171 3398 1215 3455 si
1234 3406 1578 3456 sacramenta
1594 3396 1848 3455 Ecclesiae

249 3494 403 3566 apud
444 3492 946 3550 excommunicatos
996 3508 1114 3551 esse
1156 3501 1429 3565 negantur
1458 3498 1661 3564 (1080),
1720 3508 1850 3548 cum

250 3591 320 3644 B.
365 3588 710 3660 Augustinus
737 3589 1001 3654 (sermone
1032 3593 1155 3656 181,
1206 3590 1281 3642 De
1310 3592 1564 3657 tempore,
1590 3602 1708 3659 cap.
1760 3588 1848 3650 21)

250 3682 444 3737 locum
474 3680 582 3737 veri
613 3679 866 3737 sacriﬁcii
895 3687 1047 3736 extra
1075 3679 1377 3736 Ecclesiam
1422 3696 1533 3735 non
1565 3695 1683 3737 esse
1729 3695 1852 3751 pro-

248 3777 526 3832 testetur?
555 3776 693 3829 Item
722 3775 778 3829 S.
820 3772 1119 3845 Gregorius
1143 3772 1211 3829 de
1235 3774 1647 3829 consecratione
1674 3775 1849 3829 Maxi-

250 3869 334 3924 mi
359 3868 774 3940 praesumptoris
792 3866 1040 3924 scribens
1071 3868 1183 3937 (lib.
1212 3882 1315 3938 III,
1335 3870 1495 3938 epist.
1517 3873 1645 3935 20):
1680 3869 1853 3935 Quam

248 3978 398 4030 rem,
416 3962 612 4034 inquit,
653 3963 796 4017 nullo
822 3962 976 4016 modo
998 3976 1285 4032 possumus
1304 3963 1481 4017 dicere
1500 3962 1853 4017 consecratio-

250 4071 404 4123 nem,
434 4057 563 4125 quia
615 4054 681 4109 ab
719 4057 1190 4110 excommunicatis
1235 4056 1504 4110 celebrata
1555 4059 1653 4110 est.
1705 4056 1849 4110 Item

252 4147 628 4223 praedecessor
653 4148 773 4219 ejus
797 4164 934 4220 papa
961 4147 1548 4219 Pelagius(GnA'rtAN.
1573 4163 1734 4204 causa
1759 4153 1849 4215 24,

249 4259 319 4316 q.
356 4250 405 4307 1,
431 4257 481 4297 c.
514 4246 601 4308 33)
631 4259 646 4297 :
676 4245 853 4299 Extra
880 4243 1192 4309 Ecclesium,
1225 4242 1422 4313 inquit,
1446 4257 1552 4297 non
1576 4258 1853 4297 consecra-

254 4342 378 4400 tur,
405 4336 499 4392 sed
536 4340 848 4392 exsecratur
896 4330 1195 4408 episcopus.
1217 4338 1357 4393 Item
1383 4339 1449 4391 Β.
1494 4335 1853 4393 Innocentius

340 4623 556 4696 (1079*)
581 4622 666 4696 Ex
692 4631 812 4696 toto
843 4629 1102 4696 contextu
1137 4623 1313 4696 liquet
1338 4622 1859 4696 Bernaldogtantum

261 4694 340 4752 de
386 4694 702 4751 homicidiis
750 4695 807 4750 in
854 4694 995 4751 bello
1026 4703 1082 4753 et
1118 4694 1218 4767 pro
1272 4694 1859 4767 legitimadefensione

267 4766 507 4839 patratis
536 4782 851 4824 sermonem
880 4782 1023 4839 esse;
1080 4765 1234 4823 secus
1280 4765 1427 4822 enim
1470 4765 1607 4823 falsa
1635 4768 1859 4822 omnino

268 4838 422 4895 esset
449 4839 569 4895 haec
589 4839 707 4911 ejus
729 4838 971 4911 assertio.

349 4916 535 4977 (1080)
559 4908 898 4967 sententiam
920 4924 1075 4981 suam
1094 4916 1280 4981 postea
1309 4908 1623 4965 retractavit
1644 4908 1865 4981 Bernal-

266 4982 403 5049 dus,
448 4982 530 5053 uti
582 4982 638 5036 in
666 4980 1136 5038 observationibus
1185 4980 1400 5053 praeviis
1448 4983 1569 5049 521
1605 4980 1861 5053 vidimus.

266 5051 609 5125 igiturghaec
638 5053 867 5125 epistola
895 5062 1026 5125 ante
1064 5051 1272 5108 annum
1330 5058 1469 5109 1088
1515 5052 1714 5122 scripta
1744 5051 1862 5119 fuit,

267 5123 393 5195 quo
424 5123 564 5179 obiit
584 5123 917 5191 Bernardus,
962 5123 1033 5179 ad
1075 5139 1239 5195 quem
1264 5132 1346 5179 est
1387 5138 1548 5193 supra
1579 5139 1766 5193 opusc.
1813 5126 1863 5178 II

262 5194 446 5251 relata
477 5195 731 5250 Bernaldi
757 5195 1009 5267 epistola,
1054 5194 1113 5267 in
1137 5211 1246 5267 qua
1274 5195 1613 5267 contrarium
1636 5202 1862 5267 (tuetur.

350 5269 560 5333 (1080')
611 5264 805 5322 Eluro
852 5266 1059 5321 scilicet
1103 5264 1314 5323 in‘truso
1355 5264 1745 5334 Alexandrino,
1771 5264 1866 5336 qui

262 5338 596 5408 Proterium
681 5344 1083 5394 antecessorem
1123 5353 1312 5408 suum
1383 5338 1640 5408 sacrilege
1691 5336 1868 5392 necari

264 5407 428 5465 fecit.
448 5407 572 5465 Vid.
592 5409 749 5480 epist.
774 5414 842 5463 25
868 5411 925 5465 S.
957 5407 1201 5480 Leonis;
1230 5409 1429 5479 Labb.,
1460 5418 1500 5465 t.
1530 5407 1626 5477 IV,
1653 5423 1710 5479 p.
1740 5415 1868 5463 904.

356 5484 538 5545 (1081)
568 5478 703 5552 Hinc
743 5478 1083 5547 eadem’fere
1130 5488 1258 5535 sunt
1284 5489 1636 5552 argumenta,
1672 5480 1871 5552 quibus

264 5565 451 5621 Supra
512 5551 666 5624 epist.
714 5556 769 5619 2,
807 5551 913 5608 col.
969 5556 1130 5622 1143,
1161 5551 1468 5610 Bernardus
1512 5551 1871 5609 Hildesiensis

272 5637 423 5678 usus
452 5630 553 5679 est.

358 5694 540 5766 (1082)
601 5692 799 5766 Liquet
844 5708 912 5766 ex
959 5692 1391 5766 his,gepistolam
1420 5693 1581 5750 istam
1609 5694 1870 5766 scriptam

261 5764 554 5837 essepost
580 5764 799 5823 obitum
837 5764 1094 5837 Gregorii
1122 5764 1246 5835 VII,
1270 5780 1397 5822 ann.
1434 5768 1591 5835 l085,
1624 5764 1735 5837 quo
1755 5764 1872 5837 jam

260 5836 578 5910 presbyter
606 5846 723 5894 erat
744 5836 1069 5894 Bernaldus.

578 5930 805 5985 PATROL.
844 5927 1107 5985 CXLVIII.

1887 4541 1942 4606 D

1954 3302 2316 3373 emancipavit
2335 3300 2404 3357 de
2431 3300 2771 3373 subjectione
2800 3298 3050 3356 Dioscori
3081 3297 3427 3371 patriarchae.
3456 3298 3546 3354 Sic

1956 3411 2173 3467 semper
2198 3403 2382 3451 sancta
2410 3402 2591 3451 mater
2613 3392 2851 3450 Ecclesia
2870 3393 3012 3450 ﬁlios
3040 3409 3171 3450 suos
3195 3392 3262 3450 de
3290 3394 3548 3450 manibus

1954 3491 2336 3563 depositorum
2386 3496 2441 3545 et
2473 3489 3082 3545 excommunicatorum
3138 3487 3356 3560 absque
3384 3489 3541 3543 omni

1959 3594 2088 3642 nota
2150 3582 2373 3657 perjurii
2434 3583 2781 3654 emancipare
2830 3582 3131 3651 consuevit,
3204 3581 3419 3639 etiamsi
3462 3582 3543 3638 eis

1959 3677 2357 3751 subiectionem
2378 3676 2698 3749 juramento
2728 3676 3105 3748 promiserint.

2035 3774 2093 3829 Β.
2134 3770 2478 3845 Augustinus
2511 3769 2755 3826 scribens
2791 3769 2860 3825 ad
2892 3768 3235 3825 Bonifacium
3272 3767 3547 3825 severitati

1963 3882 2239 3924 canonum
2259 3865 2317 3921 in
2337 3865 2443 3922 hoc
2468 3863 2673 3937 aliquid
2701 3861 3096 3919 detrahendum
3120 3877 3240 3918 esse
3259 3862 3546 3934 judicavit,

1966 3967 2029 4016 ut
2045 3960 2225 4016 clerici
2244 3959 2660 4016 Donatistarum
2684 3973 2815 4012 cum
2839 3955 3195 4013 ordinibusin
3223 3954 3547 4012 catholicam

1965 4054 2361 4125 reciperentur,
2387 4068 2503 4108 non
2530 4052 2721 4123 utique
2775 4051 2833 4105 in
2870 4049 2997 4116 hoc,
3027 4057 3090 4105 ut
3113 4050 3379 4105 sententia
3421 4065 3555 4125 ana:

1967 4146 2227 4203 thematis
2258 4147 2314 4202 in
2350 4144 2685 4217 quibuslibet
2728 4142 3211 4200 anathematizatis
3237 4141 3389 4197 nihili
3416 4158 3558 4213 pen-

1965 4241 2207 4299 deretur.
2241 4239 2525 4294 Aurelium
2565 4236 3050 4308 Carthaginensem
3093 4236 3405 4307 episcopum
3434 4237 3553 4292 aB.

1964 4331 2252 4392 Bonifacio
2270 4339 2325 4388 et
2336 4331 2631 4388 Caelestino
2650 4329 2995 4401 pontiﬁcibus
3011 4329 3555 4387 excommunicatum

2041 4620 2220 4693 (1083)
2263 4618 2524 4689 Spectant
2539 4616 2668 4693 haec
2695 4613 2763 4693 ad
2787 4615 3052 4693 Ot_tp_nem
3081 4614 3557 4693 Constantiensem

1969 4685 2321 4765 episcopum,-
2338 4704 2506 4762 quem
2529 4686 2824 4759 Gregorius
2853 4688 2964 4765 VII.
2998 4685 3216 4741 statutis
3229 4687 3562 4765 synodiRo-

1967 4757 2172 4819 manm'
2198 4757 2559 4817 reluctantem
2605 4757 3076 4813 a'communione
3129 4757 3355 4813 exclusit
3414 4774 3559 4813 anno

1973 4839 2131 4900 1075,
2177 4832 2436 4903 cleroque
2456 4828 2739 4903 acpopulo
2764 4829 3165 4903 constantiensi
3194 4828 3561 4903 demandavit,

1969 4924 2038 4963 ne
2067 4899 2243 4961 eidem
2282 4899 2454 4974 porro,
2494 4899 2776 4974 obedient,
2803 4899 2945 4956 datis
2974 4900 3169 4974 ad_eos
3183 4900 3402 4974 litteris,
3429 4916 3563 4974 quas

1972 4980 2030 5033 in
2059 4971 2317 5046 Registrb
2345 4972 2580 5046 omissas
2608 4972 2831 5046 exhibet
2853 4974 3016 5046 Ilugo
3046 4971 3479 5046 Flaviniacensis
3507 4971 3562 5046 in

1971 5042 2270 5109 Chronico,
2311 5053 2367 5100 et
2392 5045 2593 5100 Paulus
2618 5042 3024 5099 Bernriedensis
3050 5042 3107 5097 in
3156 5044 3279 5099 Vita
3309 5043 3564 5115 Gregorii

1972 5122 2093 5187 Vll,
2123 5116 2267 5189 apud
2296 5116 2831 5189 Gretserumr(0pp.,
2858 5123 2900 5170 t.
2934 5117 3026 5181 VI,
3048 5132 3100 5185 p.
3141 5120 3284 5189 I35),
3305 5115 3564 5189 ubi_inte_r

1974 5186 2087 5248 alia
2104 5186 2222 5269 hmc
2240 5188 2568 5269 prescribit:
2601 5188 2663 5243 Si
2682 5189 2970 5269 praeceptis
3001 5188 3310 5269 apostolicis
3334 5186 3563 5269 voluerit

1975 5280 2083 5320 esse
2105 5256 2409 5320 contrarius
2434 5267 2611 5315 vester
2629 5256 2934 5330 episcopus,
2957 5258 3196 5330 ab‘omni
3212 5257 3362 5308 illius
3391 5256 3566 5330 subje-

1975 5339 2160 5391 ctionis
2180 5336 2317 5404 jugo
2367 5336 2431 5389 B.
2473 5332 2624 5388 Petri
2648 5326 2971 5404 auctoritate
2994 5328 3313 5404 absoluimus
3356 5326 3569 5404 uniuerf

1977 5422 2083 5473 sos,
2115 5396 2316 5460 ut'cum
2341 5404 2669 5459 sacramenti
2700 5402 3023 5469 obligatione
3051 5396 3370 5473 quilibet_ei
3394 5398 3571 5465 fuerit

1979 5467 2290 5538 obstrictus,
2335 5475 2583 5544 quandiu
2612 5475 2714 5528 Deo
2761 5467 3109 5544 ovhnipotenti
3134 5471 3185 5544 et
3212 5467 3336 5544 sedi
3365 5473 3575 5544 aposto-

1981 5550 2098 5603 lica:
2120 5548 2329 5601 rebellis
2342 5540 2646 5607 exstiterit,
2676 5544 2831 5598 nulla
2858 5543 2909 5594 ei
2930 5540 3204 5609 ﬁdelitatis
3248 5541 3577 5595 exhibitione

1980 5623 2076 5690 ﬁat
2090 5618 2367 5672 obnoxius.
2390 5620 2629 5690 Causam
2652 5612 2932 5690 praemittit
2959 5627 2978 5665 :
2993 5610 3289 5690 Indignum
3316 5617 3395 5667 est
3405 5614 3573 5690 enim,

1980 5682 2043 5745 ut
2067 5692 2161 5760 qui
2204 5692 2461 5757 magistro
2489 5682 2750 5741 detrectat
2778 5682 3006 5752 subesse,
3033 5686 3289 5753 magister
3309 5684 3578 5739 auditori-

1985 5763 2080 5819 bus
2113 5761 2349 5833 postulet
2375 5772 2629 5831 praesse.

3163 5916 3230 5970 39
