4062 6182
532 255 670 309 i227

1534 248 1627 304 AD
1662 247 1886 302 OPERA
1925 246 1980 302 S.
2020 238 2344 301 GREGORH
2374 242 2808 303 APPENDICES.

3685 245 3707 299 i
3716 244 3816 300 228

530 378 767 450 legimus
795 382 996 446 (1084),
1029 391 1141 433 non
1168 376 1226 431 8.
1258 373 1553 431 Aurelium
1583 376 1789 443 (1085),
1818 366 1974 445 cujus
1999 387 2118 428 cor-
2145 372 2200 438 Α
2224 366 2574 442 promiserit:
2606 373 2672 425 In
2690 371 2888 425 semine
2899 372 2998 424 tuo
3012 366 3387 424 benedicentur
3405 382 3589 424 omnes
3605 371 3816 438 gentes?

532 488 637 544 pus
663 473 962 543 Hirsaugiaa
990 470 1245 531 fovemus
1268 489 1284 538 ;
1305 468 1406 525 iste
1429 469 1578 527 enim
1603 475 1843 535 sanctus,
1866 468 1925 522 in
1948 482 2122 539 quan-

533 571 653 619 tum
678 579 744 618 ex
774 561 1062 618 Chronicis
1104 560 1363 635 colligere
1388 560 1691 631 potuimus,
1718 567 1846 617 ante
1868 566 2122 629 tempora

534 659 739 714 horum
761 655 1190 728 apostolicorum
1243 653 1497 726 migravit
1523 652 1595 709 ad
1643 651 1969 708 Dominum.
2007 653 2123 706 Nec

533 766 781 822 unquam
802 750 879 805 ita
916 752 1035 805 Deo
1059 755 1335 807 annuente
1360 763 1393 802 a
1419 747 1642 803 veritate
1667 745 2036 812 deviabimus,
2062 751 2126 799 ut

533 844 775 916 aliquem
790 844 952 899 simul
973 852 1030 900 et
1058 851 1315 899 sanctum
1342 849 1398 898 et
1415 839 1956 897 excommunicatum
1988 838 2125 895 dica-

533 953 680 995 mus.
710 941 854 997 Nam
877 938 1036 1010 juxta
1055 938 1114 991 B.
1145 936 1518 1008 Augustinum
1536 933 1607 990 ab
1620 933 1862 990 Ecclesia
1886 933 2123 1004 separati

534 1048 883 1105 nequaquam
931 1032 1133 1104 sancti,
1174 1030 1271 1088 sed
1299 1039 1507 1088 mterno
1548 1027 1807 1086 incendio
1830 1027 2127 1084 creduntur

442 1114 451 1123 κ
538 1126 912 1199 mancipandi.

603 1224 733 1277 XV.
771 1221 827 1276 Si
877 1219 1091 1292 egregio
1134 1217 1349 1274 doctori
1405 1225 1461 1274 et
1501 1216 1823 1274 ﬁdelissimo
1872 1215 2122 1287 martyri,

534 1316 695 1370 beato
745 1313 969 1384 inquam
1014 1314 1311 1386 Cypriane,
1374 1311 1600 1371 credere
1644 1311 1921 1378 volumus,
1980 1308 2123 1379 apud

523 1381 869 1465 \Guibertum
914 1416 967 1463 et
1012 1381 1129 1479 ejus
1151 1406 1449 1479 complices
1492 1405 1789 1461 Ecclesiam
1816 1403 2125 1459 nullatenus

534 1517 655 1559 esse
718 1501 1027 1557 credemus.
1084 1504 1203 1572 Ipse
1275 1501 1428 1556 enim
1468 1499 1716 1556 scribens
1760 1502 1846 1555 De
1912 1497 2125 1553 civitate

533 1596 619 1663 [ιη
640 1595 873 1666 unitate]
894 1595 1150 1651 Ecclesiae
1160 1594 1228 1650 ad
1244 1598 1507 1666 Magnum
1526 1593 1901 1666 presbyterum
1915 1596 2126 1657 (1086):

534 1692 791 1755 Ecclesia,
831 1690 1030 1761 inquit,
1066 1706 1178 1744 una
1204 1695 1300 1757 est,
1328 1705 1449 1760 quia
1467 1689 1619 1744 intus
1640 1693 1695 1743 et
1725 1689 1863 1755 foris
1886 1702 1994 1742 esse
2017 1701 2124 1741 non

533 1788 725 1854 potest.
753 1786 814 1840 Si
839 1787 979 1839 enim
1003 1785 1153 1855 apud
1181 1786 1539 1841 Nouatianum
1588 1786 1694 1838 sive
1720 1784 1990 1841 Novatum
2022 1787 2121 1845 est,

535 1879 687 1949 apud
720 1879 1015 1934 Cornelium
1049 1895 1153 1933 non
1199 1880 1328 1946 fuit.
1377 1879 1439 1935 Si
1467 1894 1591 1933 uero
1626 1879 1777 1948 apud
1824 1878 2127 1933 Cornelium

535 1974 674 2040 fuit,
707 1975 805 2043 qui
832 1975 1070 2029 Fabiano
1093 1975 1339 2043 episcopo
1365 1974 1608 2041 legitima
1636 1972 1978 2029 ordinatione
2004 1986 2126 2024 suc-

533 2071 714 2134 cessit,
735 2070 1075 2125 Novatianus
1097 2070 1156 2121 in
1168 2067 1409 2122 Ecclesia
1459 2081 1567 2121 non
1594 2070 1691 2120 est.
1714 2068 1793 2120 Ac
1808 2064 1853 2120 si
1881 2064 2121 2119 diceret:

534 2161 590 2217 Si
615 2159 764 2231 apud
809 2160 1140 2231 Gregorium
1185 2175 1382 2230 papam
1436 2159 1679 2214 Ecclesia
1717 2157 1844 2224 fuit,
1876 2157 2023 2230 quod
2074 2164 2131 2212 et

538 2254 641 2324 ipsi
683 2253 961 2309 Guiberto
1018 2253 1289 2319 constitit,
1342 2251 1488 2323 apud
1520 2252 1853 2308 Guibertum
1884 2266 1993 2306 non
2022 2242 2149 2318 est,

533 2362 643 2402 nec
689 2345 807 2417 ejus
846 2346 1161 2417 complices.
1198 2346 1407 2401 Eodem
1453 2346 1604 2404 enim
1655 2345 1847 2413 modo,
1900 2353 2126 2416 excepto

535 2439 683 2512 quod
738 2455 853 2495 non
883 2440 997 2496 sine
1027 2439 1263 2511 perjurio
1309 2440 1605 2496 Guibertus
1655 2439 1939 2511 Gregorio,
1987 2439 2128 2495 sicut

533 2536 779 2589 Novatus
834 2529 1090 2589 Cornelio
1118 2533 1421 2590 adulterina
1459 2533 1903 2606 supplantatione
1932 2533 2124 2589 subre-

533 2628 830 2699 psit.'_Nam
858 2627 928 2683 de
955 2629 1168 2683 Novato
1187 2644 1299 2684 non
1320 2627 1570 2700 legimus,
1592 2626 1741 2700 quod
1753 2627 2125 2684 obedientiam

534 2722 592 2777 S.
646 2721 909 2778 Cornelio
976 2737 1223 2793 unquam
1266 2722 1552 2794 juraverit,
1619 2720 1770 2794 quod
1816 2721 2125 2778 Guibertus

534 2815 810 2889 Gregorio
836 2831 991 2888 papm
1020 2816 1172 2872 fecit.
1199 2818 1272 2871 Et
1296 2822 1357 2871 ut
1392 2815 1462 2872 de
1498 2815 1726 2871 domino
1753 2824 1942 2871 nostro
1982 2816 2124 2872 Gre-

531 2910 688 2980 gorio
714 2909 983 2979 dicamus,
1009 2908 1161 2982 quod
1202 2909 1270 2965 de
1298 2911 1353 2966 S.
1385 2909 1642 2966 Cornelio
1671 2897 1885 2980 scripsit
1915 2912 1983 2964 B.
2012 2910 2118 2981 Cy-
2159 2928 2169 2940 ε

534 3004 763 3075 prianus
814 3006 918 3074 (ep.
959 3004 1047 3075 55)
1081 3023 1094 3058 :
1138 3005 1334 3059 Factus
1377 3009 1463 3058 est
1510 3005 1787 3074 episcopus
1814 3004 1880 3058 de
1930 3005 2028 3058 Dei
2061 3008 2125 3058 et

534 3098 737 3153 Christi
758 3097 871 3167 ejus
889 3092 1125 3167 judicio,
1165 3098 1231 3153 de
1255 3099 1566 3154 clericorum
1609 3100 1848 3152 omnium
1882 3099 2122 3152 testimo-
2158 3128 2204 3197 ς

531 3196 648 3255 nio,
680 3192 747 3246 de
768 3192 961 3262 plebis,
993 3208 1116 3262 quae
1145 3196 1272 3247 tunc
1291 3193 1497 3260 adfuit,
1520 3193 1821 3261 suffragio,
1874 3191 1939 3246 de
1956 3206 2125 3246 sacer-

533 3286 723 3341 dotum
774 3289 1122 3359 antiquorum
1180 3290 1232 3340 et
1281 3287 1534 3343 bonorum
1583 3288 1822 3341 viromm
1887 3286 2122 3355 collegio,

531 3396 688 3435 nemo
739 3385 864 3435 ante
892 3381 1047 3434 illum
1097 3381 1281 3447 factus
1317 3383 1469 3448 esset,
1522 3395 1640 3434 cum
1696 3382 1843 3434 locus
1883 3381 2043 3435 Petri
2075 3382 2126 3434 et

534 3475 737 3542 gradus
763 3475 1109 3530 sacerdotalis
1139 3474 1404 3529 cathedra:
1428 3478 1660 3529 vacaret.
1710 3475 1824 3541 Quo
1849 3477 2121 3543 occupato,

531 3574 583 3622 et
630 3568 727 3623 Dei
774 3570 1049 3624 uoluntate
1071 3573 1233 3637 atque
1279 3572 1517 3622 omnium
1545 3558 1796 3623 consensu
1852 3569 2121 3635 ordinato,

531 3664 776 3730 quisquis
795 3662 919 3731 jam
974 3663 1248 3731 episcopus
1289 3663 1519 3717 voluerit
1545 3664 1682 3729 ﬁeri,
1723 3663 1863 3729 foris
1911 3650 2007 3731 fiat
2031 3677 2124 3716 ue-

533 3752 670 3807 cesse
712 3756 810 3820 est,
851 3769 947 3809 nec
1000 3755 1196 3809 habeat
1241 3752 1651 3809 ecclesiasticam
1704 3746 2119 3822 Ordinationem,

534 3849 632 3917 qui
656 3847 903 3902 Ecclesiae
930 3863 1037 3902 non
1066 3852 1211 3903 tenet
1228 3840 1547 3915 unitatem;
1562 3840 1833 3919 profanus
1870 3854 1967 3917 est,
1995 3851 2125 3903 alie-

574 3955 642 3994 us
665 3944 764 4007 est,
794 3941 935 4006 foris
962 3945 1063 3995 est.
1088 3944 1158 3995 Et
1186 3956 1306 3995 cum
1325 3945 1448 4012 post
1468 3944 1711 4011 primum
1730 3943 1994 3997 secundus
2017 3956 2125 3997 esse

532 4049 639 4089 non
676 4035 872 4105 possit,
914 4035 1161 4103 quisquis
1182 4038 1304 4104 post
1341 4037 1610 4107 primum,
1661 4036 1762 4105 qui
1786 4036 1928 4090 solus
1974 4036 2125 4091 debet

535 4142 663 4197 esse,
725 4130 906 4196 factus
945 4132 1044 4196 est,
1090 4144 1197 4183 non
1232 4128 1354 4198 jam
1409 4114 1675 4186 secundus
1711 4131 1823 4194 ille,
1866 4130 1959 4185 sed
2001 4131 2123 4185 nul-

532 4224 622 4277 lus
652 4226 747 4277 est.

604 4317 765 4371 XVI.
798 4315 1105 4372 Seutentias
1128 4323 1312 4373 autem
1331 4315 1402 4373 de
1437 4316 1842 4374 universalitate
1863 4306 2123 4375 Ecclesiae

532 4424 882 4483 nequaquam
956 4410 1033 4465 ita
1089 4409 1389 4482 intelligere
1461 4410 1748 4479 debemus,
1798 4420 1857 4466 ut
1926 4428 2122 4469 omnes

2230 465 2377 531 (Gen.
2413 468 2598 531 χχιι.)
2625 464 2731 520 Sed
2758 471 2815 520 et
2843 454 3116 535 quoslibet
3137 461 3426 519 bareticos
3456 462 3573 518 sive
3598 477 3819 518 excom-

2231 559 2547 615 municatos
2578 551 2737 630 juxta
2784 542 3203 613 attestationem'
3255 556 3349 613 SS.
3406 558 3639 611 Patrum
3690 555 3823 612 foris

2232 668 2351 709 esse
2379 668 2491 708 non
2517 650 2891 708 dubitabimus
2922 660 2941 708 ξ
2968 649 3169 723 quibus
3208 648 3397 722 procul
3448 649 3617 706 dubio
3656 649 3821 707 satius

2230 755 2406 817 esset,
2462 761 2747 818 nunquam
2794 744 3097 803 Ecclesium
3130 744 3392 812 intrasse,
3453 759 3623 816 quam
3665 743 3821 815 juxta

2235 841 2587 913 Evangelium
2615 839 2785 911 duplo
2809 838 2983 895 factos
3004 853 3124 894 esse
3152 838 3296 894 ﬁlios
3317 836 3583 911 gehennae
3599 839 3819 905 (Matth.

2233 934 2433 1005 xxm).
2490 937 2613 1005 Ipse
2669 948 2884 1005 quoque
2934 932 2989 988 S.
3048 932 3390 1003 Augustinus
3443 931 3825 988 schismaticos

2231 1037 2383 1084 extra
2413 1028 2711 1085 Eoclesiam
2748 1042 2867 1084 esse
2889 1040 3269 1098 saepenumero
3314 1010 3569 1094 asseruit,
3595 1025 3728 1081 licet
3756 1023 3825 1081 de

2229 1122 2634 1179 universalitate
2649 1120 2907 1177 Ecclesiae
2921 1135 3197 1192 nusquam
3209 1119 3557 1175 dubitaverit.
3575 1122 3674 1175 Est
3695 1134 3825 1191 ergo

2233 1216 2309 1272 ita
2366 1215 2826 1288 intelligendum,
2864 1223 3114 1271 sanctam
3172 1213 3475 1270 Eeclesiam
3536 1228 3660 1269 esse
3723 1228 3827 1287 per

2232 1325 2425 1368 omnes
2447 1319 2640 1382 gentes
2665 1308 2921 1365 diffusam
2958 1309 3015 1363 in
3030 1308 3297 1364 membris
3323 1309 3467 1377 suis;
3496 1324 3612 1387 non
3636 1309 3827 1381 utique

2234 1404 2289 1460 in
2322 1405 2449 1471 illis,
2497 1405 2595 1476 qui
2633 1404 2719 1459 vel
2742 1418 3030 1474 nunquam
3059 1404 3109 1459 ei
3169 1386 3501 1473 incorporati
3531 1409 3683 1471 sunt,
3738 1403 3831 1458 vel

2233 1498 2325 1571 qui
2354 1506 2476 1570 post
2500 1499 2999 1569 incorporationem
3027 1512 3183 1552 suam
3210 1496 3581 1553 ecclesiastico
3612 1496 3827 1569 judicio

2234 1591 2304 1648 ab
2328 1608 2389 1648 ea
2413 1590 2788 1648 dismembrati
2817 1598 2968 1647 sunt.

2308 1688 2485 1741 XVII.
2518 1687 2878 1758 Nequaquam
2918 1700 3050 1742 vero
3100 1699 3438 1756 perversum,
3485 1680 3585 1740 sed
3625 1697 3827 1740 sanum

2237 1779 2394 1836 nobis
2432 1779 2645 1836 videtur
2667 1794 2787 1836 esse
2815 1778 3126 1849 consilium,
3172 1785 3235 1833 ut
3269 1776 3532 1843 monachi
3565 1792 3680 1833 non
3705 1786 3821 1833 tam

2234 1874 2589 1931 saecularibus
2609 1872 2891 1943 obediant,
2907 1888 3144 1945 quorum
3164 1872 3643 1929 conversationem
3670 1872 3828 1928 abre—

2234 1968 2647 2037 nuntiavemnt,
2708 1983 2875 2040 quam
2915 1968 3026 2023 suis
3054 1966 3361 2034 abbatibus,
3430 1966 3632 2037 quibus
3698 1965 3828 2022 obe~

2232 2063 2496 2120 dientiam
2552 2062 2941 2134 promiserunt.
2977 2065 3207 2133 Hocque
3247 2074 3442 2117 omnes
3492 2060 3825 2133 generaliter

2233 2164 2348 2213 tam
2363 2156 2673 2229 spirituales
2684 2173 2849 2230 quam
2868 2157 3156 2213 saeculares
3171 2155 3486 2212 ﬁrmissime
3499 2155 3820 2228 attendant,

2234 2259 2295 2306 ut
2318 2251 2449 2306 nulli
2476 2266 2725 2322 unquam
2744 2260 2934 2308 contra
2962 2255 3141 2308 Deum
3175 2258 3232 2307 et
3254 2250 3613 2323 apostolicam
3642 2258 3833 2305 aucto-

2233 2345 2455 2401 ritatem
2500 2345 2801 2402 obediant:
2848 2347 3066 2417 Oportet
3095 2345 3243 2401 enim
3269 2346 3397 2416 plus
3451 2344 3678 2400 obedire
3724 2348 3830 2401 Deo

2233 2456 2397 2510 quam
2418 2442 2723 2496 hominibus
2772 2442 2915 2508 (Act.
2970 2445 3052 2508 v).
3094 2440 3264 2495 Unde
3306 2446 3831 2511 quantumcumque

2234 2534 2590 2606 imperatoria
2646 2534 2907 2606 majestas
2970 2533 3183 2591 excelsa
3246 2531 3513 2599 videatur,
3567 2548 3689 2589 non
3749 2540 3835 2589 est

2232 2635 2420 2686 tamen
2437 2644 2677 2702 aequum,
2708 2635 2974 2685 utcontra
2998 2631 3180 2685 Deum
3210 2627 3259 2684 ei
3299 2626 3610 2683 obediatur.

2302 2726 2509 2780 XVIII.
2538 2726 2653 2780 Nec
2673 2721 3053 2795 indignemini,
3083 2722 3331 2777 sisancta
3356 2720 3602 2777 Ecclesia
3625 2735 3833 2777 eorum

2232 2804 2604 2889 eleemosynas
2620 2832 2733 2873 non
2760 2816 2975 2887 recipit,
2995 2831 3135 2887 quos
3156 2823 3397 2871 externa:
3415 2815 3839 2871 communionis

2230 2927 2347 2967 esse
2412 2912 2780 2983 perspexerit;
2824 2926 2954 2966 nam
3008 2918 3064 2965 et
3112 2910 3281 2965 sancti
3331 2925 3573 2966 canones
3628 2909 3836 2981 praeci-

2230 3005 2409 3077 piunt,
2457 3014 2521 3060 ut
2569 3004 2874 3084 oblationes
2922 3004 3304 3060 dissidentium
3357 3002 3593 3059 fratrum
3635 3018 3745 3059 nec
3776 3004 3837 3059 in

2232 3099 2493 3169 sacrario,
2536 3115 2638 3155 nec
2692 3099 2752 3154 iu
2797 3097 3186 3171 gazophylacio
3226 3097 3588 3169 recipiantur;
3644 3097 3748 3154 sed
3780 3104 3839 3153 et

2234 3192 2365 3263 ipsa:
2436 3193 2800 3264 eleemosynas
2854 3191 3233 3249 ecclesiasticis
3300 3191 3642 3248 orationibus
3699 3199 3838 3247 sunt

2234 3285 2735 3357 recompensandae.
2765 3289 3112 3363 QuaprOpter
3136 3294 3320 3342 sancta
3358 3285 3600 3341 Ecclesia
3629 3300 3833 3342 eorum

2233 3381 2605 3453 eleemosynas
2632 3380 2943 3436 necessario
2974 3380 3204 3451 devitat,
3237 3378 3521 3452 quibusin
3562 3379 3827 3434 ecclesia-

2232 3478 2382 3534 sticis
2392 3476 2731 3533 orationibus
2747 3491 2858 3530 non
2875 3474 3265 3531 communicat.
3284 3476 3417 3531 Haec
3426 3480 3619 3529 autem
3639 3475 3831 3529 omnia

2234 3570 2563 3627 testimoniis
2594 3572 2692 3626 SS.
2725 3572 2949 3624 Patrum
2984 3569 3148 3625 latius
3176 3568 3477 3643 approbare
3516 3582 3833 3639 possemus,

2234 3664 2329 3721 sed
2379 3663 2686 3737 prudentia:
2726 3671 2922 3719 vestrae
2963 3663 3131 3718 nimis
3173 3678 3365 3734 graves
3396 3676 3510 3717 esse
3541 3662 3833 3729 timemus,

2234 3773 2398 3831 quam
2441 3773 2538 3830 per
2581 3773 2639 3814 se
2683 3756 2952 3829 ecpiosius
2994 3766 3049 3813 et
3098 3756 3409 3829 diligentius
3461 3756 3580 3812 bzec
3631 3756 3824 3812 omnia

2235 3851 2566 3924 investigare
2596 3866 2755 3922 posse
2778 3867 2891 3906 non
2927 3849 3264 3907 dubitamus.

2304 3947 2470 4001 XIX.
2501 3947 2566 3999 In
2607 3944 2695 3999 his
2733 3959 2861 4017 ergo
2893 3952 2947 4001 et
2984 3945 3039 3999 in
3068 3944 3190 4000 aliis
3229 3941 3549 4016 hujusmodi
3584 3943 3683 3999 SS.
3730 3945 3838 3999 Pa.

2234 4045 2381 4095 trum
2412 4038 2697 4096 sententiis
2721 4054 2819 4109 pro
2850 4036 3077 4095 modulo
3115 4046 3306 4095 nostro
3336 4053 3508 4110 usque
3549 4037 3609 4091 in
3646 4036 3831 4092 ﬁnem

2234 4144 2577 4205 perseverare
2617 4132 2890 4204 cupimus,
2939 4147 3041 4187 nec
3064 4131 3149 4201 fde
3190 4130 3298 4187 ﬁde
3336 4146 3549 4199 eorum,
3592 4130 3704 4185 imo
3754 4130 3831 4186 de

2231 4227 2338 4285 ﬁde
2380 4227 2579 4284 Christi
2606 4226 2723 4298 ipso
2770 4226 3073 4299 opitulante
3115 4241 3361 4299 unquam
3411 4224 3829 4291 erubescamus,

2232 4324 2326 4396 qui
2373 4324 2428 4379 in
2481 4323 2776 4394 Evangelio
2820 4323 2987 4379 se'de
3034 4323 3126 4379 illo
3164 4322 3509 4380 erubiturum
3546 4318 3830 4392 praedixit,

2232 4418 2548 4489 quicunque
2569 4417 2750 4489 ipsum
2781 4417 3009 4490 ejusque
3037 4431 3324 4473 sermones
3352 4431 3539 4472 coram
3577 4414 3837 4470 homini-

533 4512 723 4573 gentes
776 4503 829 4557 in
868 4503 1108 4559 Ecclesia
1160 4519 1276 4559 esse
1331 4502 1601 4559 dicamus.
1649 4504 1914 4576 Nunquid
1973 4507 2122 4561 enim
2148 4523 2201 4586 Β
2232 4510 2333 4567 bus
2362 4510 2661 4567 erubuerit.
2703 4510 2803 4567 His
2842 4526 3058 4583 quoque
3084 4510 3374 4567 sententiis
3415 4517 3472 4565 et
3497 4524 3595 4564 vos
3628 4522 3839 4564 assen-

534 4596 730 4666 aliquis
758 4595 1094 4652 Christianus
1120 4612 1365 4671 paganos
1391 4596 1503 4653 sive
1543 4596 1767 4653 Iudaeos
1804 4597 1859 4653 in
1893 4599 2119 4656 ecclesia

535 4703 651 4744 esse
683 4689 1053 4760 contenderit,
1095 4690 1350 4763 quamvis
1391 4690 1506 4762 ipse
1555 4691 1827 4749 Dominus
1880 4692 2123 4750 Abrahae

604 4890 792 4973 (10842
814 4886 1064 4973 Ubinam
1095 4886 1203 4946 hoc
1232 4889 1423 4973 legerit
1452 4890 1790 4973 pernaldus,
1814 4892 2118 4973 incomper-

531 4967 660 5036 tum
695 4957 862 5014 nobis
891 4968 1202 5036 est,_neque
1230 4957 1392 5036 enim,
1419 4962 1532 5036 sive
1556 4964 1616 5036 in
1641 4957 1963 5036 Augustino,
2003 4957 2117 5021 sive

530 5031 597 5105 in
649 5030 1201 5105 horumpontiﬁcum
1242 5042 1338 5089 aut
1365 5030 1877 5105 Carthaginensium
1922 5030 2120 5091 litteris

530 5101 752 5178 aliquqd
783 5101 943 5178 hujus
975 5102 1423 5178 factivestigium
1453 5101 1692 5178 reperire
1723 5115 1822 5161 est.
1854 5107 2113 5163 Credide-

526 5175 658 5250 rim,
689 5174 1021 5250 Bernaldum
1050 5175 1218 5232 fuisse
1245 5174 1537 5250 deceptum
1568 5193 1632 5232 ex
1659 5177 2017 5250 homonymia
2040 5180 2117 5234 al-

528 5245 694 5302 terius
712 5246 941 5312 Aurelii,
961 5246 1029 5302 de
1045 5264 1155 5317 quo
1179 5264 1242 5305 ex
1266 5245 1445 5304 libello
1472 5247 1772 5317 Marcellini
1799 5254 1853 5303 et
1870 5245 2115 5306 Faustini

525 5317 1008 5374 chismaticorum
1048 5316 1164 5375 haec
1193 5319 1263 5373 ad
1278 5350 1293 5387 η,
1314 5336 1442 5373 ann.
1476 5325 1571 5374 371
1606 5316 1776 5373 refert
1806 5321 2069 5376 Baronius
2098 5340 2114 5376 :

525 5390 808 5459 Aurelium
838 5392 1123 5458 quemdam
1152 5393 1473 5459 episcopum,
1497 5406 1564 5443 ea:
1590 5406 1646 5443 eo
1674 5391 1818 5458 quod
1845 5407 1962 5446 cum
1989 5394 2117 5449 Gre-

526 5462 676 5527 gorio
732 5456 1075 5516 Eliberitano
1127 5456 1383 5531 episcopo
1424 5456 1882 5526 communicasset,
1936 5466 2116 5521 Roma

518 5546 709 5600 pientis
739 5532 949 5608 dedisse
972 5531 1149 5603 :quod
1165 5531 1284 5605 jam
1308 5538 1435 5585 ante
1452 5532 1664 5604 Aurelii.
1680 5533 2116 5608 Carthaginensis

524 5611 776 5675 tempora
806 5601 1032 5675 factum:

598 5672 782 5745 (1⁷085)
806 5673 989 5745 Multa
1019 5672 1087 5729 de
1119 5672 1223 5745 hoc
1245 5673 1301 5728 S.
1333 5672 1551 5731 Aurelio
1581 5676 1909 5734 Ariarathiae
1924 5677 1982 5733 in
2010 5680 2114 5732 Ar-

522 5743 711 5826 gnepia
741 5743 952 5826 minore
980 5744 1478 5826 seu_C_appadqciae
1512 5749 2114 5826 episcopo_memqrant

521 5814 574 5871 le
598 5815 774 5885 Quien
797 5815 1021 5884 (Oriens
1038 5814 1258 5888 Christi,
1286 5825 1329 5875 t.
1348 5820 1391 5889 Ι,
1421 5835 1475 5891 p.
1510 5814 1656 5890 4'52),
1685 5814 1742 5878 et
1766 5819 2111 5878 Bollandiani

2228 4605 2334 4660 tire
2361 4610 2630 4676 optamus,
2666 4607 2952 4678 Deumque
2980 4604 3128 4677 pacis
3157 4612 3211 4660 et
3238 4603 3440 4671 solatii,
3467 4609 3528 4657 ut
3548 4601 3640 4657 det
3662 4602 3843 4659 vobis

2233 4697 2475 4771 idipsum
2512 4714 2705 4775 sapere
2754 4699 3065 4769 nobiscum,
3099 4698 3212 4757 imo
3250 4713 3381 4767 cum
3417 4697 3513 4757 SS.
3544 4694 3841 4769 Patribus,

2228 4894 2299 4975 ad
2328 4894 2474 4975 d_i_e_m
2498 4894 2793 4975 κριθῇ-(ι.
2825 4896 2921 4975 vi,
2939 4893 3179 4975 p_._4l_)_in
3201 4892 3844 4975 commentariopraviq

2232 4968 2299 5041 ad
2356 4969 2541 5041 Vitam
2570 4971 2640 5041 S.
2660 4966 2913 5041 Dionysii
2942 4965 3383 5041 ‘Medio‘lanensis
3411 4965 3693 5041 antistitis,
3737 4968 3843 5037 qui

2226 5038 2353 5095 illuc
2405 5040 2459 5094 in
2489 5039 2742 5094 exsilium
2795 5036 2994 5094 missus
3042 5037 3197 5094 obiit.
3229 5036 3406 5109 Hujus
3431 5037 3562 5109 dein
3622 5036 3847 5109 corpus

2227 5111 2525 5183 petentes.
2559 5109 2859 5183 Ambrosio
2890 5109 3284 5183 ipsei‘lurelius
3319 5107 3705 5183 Mediolanum
3741 5107 3845 5166 lat-

2225 5180 2366 5246 tulit,
2409 5182 2503 5239 ubi
2542 5182 2706 5237 etiam
2733 5180 2884 5252 iuxta
2914 5180 3292 5237 ‘Trithemium
3335 5180 3841 5252 Aumﬂirsaugq

2225 5262 2267 5309 t.
2287 5256 2343 5333 _I_,
2378 5270 2431 5333 ρ.
2466 5260 2519 5319 7)
2552 5250 2918 5333 mortu‘usist
2945 5254 3088 5333 circa
3118 5267 3209 5333 an.
3234 5254 3343 5333 _383
3378 5270 3390 5305 :
3422 5250 3586 5333 cujus
3627 5261 3839 5333 pqstea

2226 5322 2469 5396 reliquias
2497 5341 2528 5397 a
2558 5325 2797 5397 Notingo
2811 5324 3142 5397 Yercellensi
3163 5323 3423 5397 episcopo
3440 5322 3843 5397 Himaugignsi

2224 5392 2560 5449 monasterio
2590 5392 2770 5451 allata:
2809 5395 2922 5451 sint
2950 5394 3052 5450 sub
3080 5392 3367 5466 Ludovico
3394 5393 3492 5449 Pio
3524 5392 3676 5466 imp;
3698 5392 3839 5450 Ser-

2226 5481 2455 5536 monem
2492 5482 2620 5523 vero
2652 5469 2708 5523 8.
2754 5466 3031 5527 Ambrosii
3082 5466 3140 5522 in
3165 5465 3313 5520 illius
3343 5463 3627 5536 exsequiis
3662 5463 3834 5525 habi-

2222 5544 2342 5611 tum
2369 5535 2530 5611 cujus
2558 5537 2771 5594 initium
2809 5538 2980 5595 refert
3001 5537 3358 5604 Trithemius,
3389 5537 3446 5591 in
3484 5535 3602 5608 ejus
3638 5538 3835 5611 operi-

2223 5606 2325 5663 bus
2352 5606 2747 5666 desideramus.

2292 5682 2469 5757 (i08_6)
2510 5682 2575 5757 ln_
2616 5682 2853 5757 aditique
2880 5678 3181 5757 Oxoniensi
3202 5687 3285 5745 est
3311 5678 3547 5757 epistola
3572 5682 3674 5755 69,
3703 5679 3831 5741 lin:

2220 5749 2382 5807 titulo
2410 5750 2694 5824 inscripta,
2730 5754 2931 5825 Magno
2949 5754 3011 5824 ﬁl
3028 5757 3099 5808 io.
