4062 6182
501 323 632 379 i231
686 376 693 385 κ

1503 318 1594 372 ΑΙ)
1632 316 1858 373 OPERA
1892 316 1949 374 S.
1989 316 2313 375 GREGORII
2345 316 2779 373 APPENDICES.
2830 308 2871 371 ’,

3554 280 3559 287 ’
3648 321 3783 375 4232

500 454 648 516 rent,
687 453 742 503 et
774 443 1052 516 apostolos
1089 456 1283 499 secum
1325 440 1586 499 seducere
1627 443 1843 512 vellent,
1874 450 2076 515 nequa-
2110 448 2165 513 Α
2191 451 2292 513 est,
2324 443 2665 500 omnimodis
2709 440 3093 500 resistendum.
3126 440 3291 501 Unde
3317 441 3375 498 in
3418 442 3787 501 sacratissima

501 557 669 615 quam
694 537 924 611 apostoli
969 542 1309 608 exspectasse
1357 537 1633 609 leguntur,
1694 545 1754 593 ut
1806 538 2088 613 Dominus

501 650 595 691 eos
609 634 675 690 de
691 632 1096 689 Pharisaeorum
1115 630 1427 688 obedientia
1438 631 1738 703 specialiter
1750 631 2083 700 absolveret;

500 728 614 783 imo
647 726 836 782 statim
851 725 931 782 eis
954 724 1171 783 obedire
1200 734 1523 797 spreverunt
1551 725 1798 781 dicentes
1826 746 1838 781 :
1865 725 2088 782 Obed-ire

496 822 671 891 magis
706 824 914 892 oportet
946 824 1053 878 Deo
1098 836 1268 890 quam
1294 820 1597 875 hominibus
1639 820 1780 886 (Act.
1814 822 1892 884 v).
1925 818 2088 875 Unde

499 917 563 970 B.
597 916 880 986 apostolus
905 917 1100 971 Petrus
1124 914 1185 968 in
1204 912 1556 969 ordinatione
1588 914 1644 969 S.
1673 913 1968 969 Clementis
1997 912 2091 968 ﬁr-

499 1008 753 1066 missime
782 1008 1082 1065 decrevisse
1107 1006 1323 1079 legitur,
1342 1015 1401 1062 ut
1425 1006 1533 1075 ille,
1565 1007 1649 1062 cui
1687 1006 2089 1063 ecclesiasticus

498 1111 686 1176 pastor
731 1104 968 1160 sentitur
1013 1116 1269 1169 aversus,
1317 1100 1387 1156 ab
1426 1100 1740 1156 hominibus
1789 1100 2083 1157 devitetur.

500 1200 613 1253 Nec
663 1197 732 1254 ad
773 1195 881 1252 hoc
937 1194 1351 1267 exsequendum
1414 1193 1636 1265 aliquod
1680 1193 1910 1265 speciale
1959 1209 2091 1265 prae-

497 1299 722 1362 ceptum
751 1306 783 1346 a
809 1290 1032 1362 praelato
1050 1297 1412 1361 exspectetur,
1459 1288 1554 1343 sed
1581 1288 1768 1344 statim
1820 1304 1877 1344 se
1899 1288 1968 1342 ab
1996 1288 2087 1343 illo

496 1392 762 1453 avertant,
793 1383 878 1439 cui
898 1382 1322 1439 ecclesiasticum
1350 1389 1624 1453 pastorem
1651 1381 1942 1438 adversum
1972 1397 2090 1453 per-

497 1478 719 1550 cipiant.
768 1478 937 1546 Nulli,
993 1478 1239 1549 inquam,
1296 1484 1486 1532 contra
1528 1478 1708 1531 Deum
1764 1482 1819 1530 et
1882 1483 2085 1531 statuta

499 1574 595 1630 SS.
640 1576 867 1629 Patrum
898 1579 982 1627 est
1011 1571 1381 1627 obediendum
1406 1589 1419 1626 :
1450 1569 1568 1626 imo
1596 1570 1818 1642 praelato
1844 1585 1965 1639 suo,
1993 1568 2087 1642 qui

496 1682 596 1739 pro
650 1665 1017 1723 inobedientia
1072 1682 1105 1722 a
1153 1665 1435 1738 superiore
1476 1671 1744 1736 potestate
1794 1662 2088 1720 damnatus

571 1826 747 1898 (1088)
795 1824 1213 1898 Apologeticum
1257 1824 1346 1879 hic
1390 1823 1624 1880 citatum
1672 1821 2089 1898 eumdemhesse

497 1894 655 1971 puto,
683 1894 1173 1971 quem—Gre'tserus
1199 1902 1260 1963 (t.
1294 1899 1383 1971 VI,
1416 1899 1582 1967 0pp.,
1614 1912 1665 1966 p.
1702 1901 1790 1960 29)
1819 1894 2089 1971 ediditin;

494 1966 578 2026 ter
610 1966 1199 2042 opusculagBernaldi,
1250 1968 1407 2039 cujus
1454 1966 1639 2023 tamen
1690 1983 1897 2022 nomen
1938 1966 2089 2022 haud

490 2039 736 2124 praefert,
776 2058 838 2096 ac
877 2040 959 2124 _in‘
980 2040 1144 2124 simili
1176 2039 1285 2121 fere
1324 2047 1658 2124 argumento
1689 2046 1936 2124 versatur
1963 2054 2091 2093 cum

495 2110 588 2167 illo
617 2128 783 2184 supra
809 2111 913 2167 col.
942 2118 1078 2184 1105
1106 2112 1197 2184 qui
1228 2118 1374 2165 certe
1397 2110 1651 2184 Bernaldi
1681 2111 1943 2184 est._Curr_i
1963 2124 2092 2164 vero

493 2199 560 2239 ex
593 2180 881 2252 Hirsaugia
912 2180 1376 2247 allatus—dicatur,
1410 2180 1555 2235 haud
1592 2180 1868 2252 immerito
1888 2182 2096 2243 (Patro-
2184 2183 2370 2249 THirs.,
2406 2188 2452 2235 t.
2490 2184 2535 2244 Ι,
2566 2187 2623 2250 p.
2656 2185 2781 2243 266)
2819 2180 3090 2249 narratur,
3118 2182 3260 2237 inter

491 2256 646 2323 logia:
657 2264 791 2309 tom.
803 2251 1055 2318 CXLIII)
1067 2252 1133 2308 ad
1150 2252 1460 2323 Chronicon
1474 2251 1929 2323 Petersbusanum
1942 2252 1976 2319 l.
1994 2267 2089 2323 ιιι,

490 2322 555 2381 ιιέ
574 2331 607 2381 2
628 2325 1108 2396 suspicatisumus,
1125 2325 1278 2379 illum
1299 2322 1442 2378 forte
1465 2339 1494 2377 a
1517 2322 1801 2396 Bernardo
1818 2322 2087 2396 monacho

491 2404 546 2452 et
568 2394 917 2465 scholastico,
948 2396 1042 2468 qui
1069 2412 1135 2451 ex
1165 2396 1259 2450 illo
1279 2394 1619 2450 monasterio
1735 2394 2087 2466 Hirsaugiam

2198 538 2489 595 universali
2521 538 2734 611 synodo
2780 536 3052 608 Ephesina
3091 545 3146 593 et
3169 536 3243 593 illi
3291 536 3531 593 multum
3582 536 3789 594 laudati

2195 640 2343 699 sunt,
2374 631 2465 705 qui
2493 631 2715 704 proprio
2746 646 2941 688 eorum
2977 630 3255 704 episcopo,
3299 629 3355 689 id
3392 639 3476 688 est
3508 634 3790 699 Nestorio,

2195 724 2422 783 viriliter
2444 726 2825 783 restituerunt.
3018 730 3021 731 ⁷

2267 915 2332 967 In
2354 913 2463 968 ﬁne
2479 911 2800 985 apologetici
2820 912 3024 983 (1088),
3040 927 3203 984 quem
3224 911 3485 969 dominus
3508 913 3789 970 Heroldus

2196 1006 2475 1078 quondam
2486 1006 2554 1062 de
2571 1006 2861 1079 Hirsaugia
2879 1006 3079 1074 attulit,
3093 1021 3261 1078 quem
3283 1015 3339 1062 et
3355 1006 3621 1064 dominus
3638 1011 3790 1064 Hen-

2193 1099 2360 1168 ricus,
2409 1107 2471 1155 ut
2510 1099 2726 1171 opinor,
2756 1101 2840 1154 hic
2894 1098 3208 1171 descripsit;
3239 1100 3293 1156 in
3346 1100 3477 1170 ﬁne,
3535 1102 3790 1173 inquam,

2194 1192 2348 1249 istius
2374 1194 2699 1266 apologetici
2729 1192 2833 1249 hoc
2860 1192 3189 1250 authenticis
3212 1193 3518 1251 rationibus
3542 1195 3791 1253 declara-

2195 1295 2307 1355 tur,
2334 1287 2482 1359 quod
2510 1302 2614 1342 nec
2658 1287 2879 1359 proprio
2910 1287 3190 1359 episcopo,
3217 1289 3384 1344 etiam
3432 1288 3715 1346 catholico
3742 1298 3797 1347 et

2192 1380 2466 1454 religioso,
2479 1388 2671 1436 contra
2688 1380 2977 1437 dominum
3000 1398 3197 1454 papam
3214 1381 3437 1439 obedire
3463 1382 3793 1442 debeamus.

2198 1478 2352 1531 Deus
2378 1482 2564 1532 autem
2592 1475 2737 1547 pacis
2764 1485 2820 1532 et
2843 1475 3020 1532 solatii
3050 1475 3119 1532 de
3166 1476 3320 1533 vobis
3340 1476 3576 1548 idipsum
3600 1493 3794 1550 sapere

2195 1572 2365 1636 (Rom.
2387 1572 2494 1636 xv)
2524 1569 2835 1640 nobiscum,
2875 1579 2937 1625 ut
2963 1568 3249 1627 abundetis
3277 1570 3333 1627 in
3377 1586 3472 1644 spe
3497 1579 3555 1628 et
3585 1571 3795 1629 virtute

2196 1663 2430 1734 Spiritus
2449 1662 2624 1718 sancti
2642 1663 2823 1732 (Ibid.,
2854 1665 3015 1733 xm).

2197 1829 2563 1891 concesserat,
2593 1822 2763 1879 fuisse
2791 1824 3181 1895 compositum,
3194 1832 3251 1879 et
3278 1823 3470 1881 exinde
3500 1824 3652 1881 circa
3700 1841 3788 1883 an.

2200 1901 2338 1951 1085
2367 1911 2462 1966 per
2490 1895 2797 1950 Heroldum
2831 1894 2940 1951 sive
2967 1896 3025 1949 in
3055 1894 3419 1952 Scafhuseuse
3456 1897 3573 1952 sive
3590 1898 3655 1952 in
3693 1901 3796 1953 Pe-

2198 1967 2579 2040 tershusanum
2633 1966 3242 2040 cmnobiumgallatum,
3298 1967 3588 2040 utrobique
3642 1970 3791 2025 enim

2200 2053 2358 2111 novae
2383 2054 2448 2093 ex
2477 2037 2768 2111 Hirsaugia
2797 2037 3031 2094 coloniae
3081 2039 3273 2111 eodem
3330 2037 3516 2094 ferme
3543 2047 3795 2111 tempore

2201 2109 2555 2175 advenerant,
2603 2117 2663 2164 ut
2694 2109 2749 2163 ⁷ι.
2778 2124 2827 2164 c.
2872 2118 2927 2164 et
2969 2109 3113 2181 apud
3140 2110 3509 2166 Trithemium
3558 2109 3795 2179 (Annal.

3324 2198 3423 2237 uos
3452 2183 3624 2237 etiam
3658 2187 3794 2239 Ηειιο

2201 2198 2370 2249 1121's.,
2406 2198 2452 2235 ι.
2490 2198 2535 2244 ι,
2566 2198 2623 2250 p.
2656 2198 2781 2243 κω)
2819 2198 3090 2249 narratur,
3118 2198 3260 2237 inter
3285 2198 3423 2307 quos
3452 2198 3624 2237 etiam
3658 2198 3794 2239 Hen-

2195 2254 2339 2306 ricus
2395 2255 2622 2321 scriptor
2674 2261 3002 2325 recensetur,
3052 2253 3159 2325 qui
3194 2269 3297 2325 apo
3320 2254 3597 2325 ogeticum
3651 2254 3798 2311 hunc

2196 2330 2492 2396 tractatum
2522 2331 2742 2396 mortuo
2778 2324 2895 2396 jam
2938 2324 3201 2396 Gregorio
3233 2326 3330 2379 VII
3366 2324 3671 2381 exaratum
3714 2329 3796 2381 hic

2196 2410 2290 2449 seu
2318 2394 2373 2449 in
2420 2394 2506 2449 his
2556 2394 2800 2466 partibus
2846 2394 3193 2467 descripsisse
3252 2396 3455 2452 dicitur
3496 2398 3795 2454 Bernaldo.

492 2519 2292 2548 π

1652 2651 2608 2774 BEBNALDI

624 2871 726 2927 DE
745 2871 1087 2929 VITANDIS
1101 2872 1781 2941 EXCOMMUNICATIS,
1801 2876 2220 2946 EORUMQUE
2241 2875 3023 2945 COMMUNICATORIBUS,
3050 2876 3151 2931 AD
3163 2874 3648 2934 RECCHONEM.

2005 3016 2287 3036 *α

1924 3136 2305 3198 MONITUM.

550 3263 864 3341 Clericusne
885 3281 957 3321 an
986 3263 1351 3341 laicus-fuerit
1376 3266 1469 3341 hic
1493 3266 1736 3335 Reccbo,
1770 3267 1839 3325 ad
1866 3284 2031 3341 quem
2059 3268 2279 3341 directae
2316 3276 2447 3326 sunt
2475 3267 2564 3325 hae
2602 3267 2871 3340 epistolae,
2912 3268 3317 3341 incompertum
3358 3274 3461 3324 est.
3505 3267 3571 3324 Id
3603 3269 3791 3325 solum

477 3335 766 3408 evincitur,
797 3336 951 3393 illum
979 3353 1008 3392 a
1035 3337 1280 3408 partibus
1319 3339 1793 3395 schismaticorum
1822 3335 2053 3407 stetisse,
2094 3356 2126 3397 a

2204 3340 2364 3396 uibus
2408 3357 2535 3397 eum
2585 3349 2830 3397 avertere
2856 3341 3031 3397 solitis
3059 3341 3175 3397 suis
3219 3341 3563 3412 argumentis
3587 3340 3792 3397 nititur

477 3407 799 3464 Bernaldus.
822 3409 950 3465 Vid.
967 3407 1127 3482 supra
1156 3411 1261 3466 col.
1289 3416 1447 3467 1181.
1476 3409 1629 3467 Unde
1654 3427 1846 3468 rursus
1873 3411 2020 3468 idem
2046 3407 2339 3483 utrobique
2358 3421 2549 3470 auctor
2574 3420 2817 3485 apparet.

1937 3555 2319 3572 ψ

959 3668 1308 3724 EPISTOLA
1335 3672 1590 3725 PRIMA.

1006 3775 1104 3817 ,ΑΒ
1125 3775 1501 3819 BBCCHONBM
1516 3804 1531 3821 .

546 3850 796 3907 Domino
816 3867 881 3907 ac
912 3853 1203 3908 venerabili
1214 3853 1333 3910 viro
1343 3858 1692 3925 Rnccnom,
1706 3859 2072 3916 Bnnmnnus

471 3941 589 3998 solo
614 3942 840 3999 nomine
863 3945 1164 4017 presbyter,
1192 3961 1306 4001 non
1332 3949 1601 4005 moribus.
1746 3958 1749 3963 '

544 4037 594 4092 Ι.
613 4036 757 4092 Cum
782 4053 959 4109 nuper
985 4037 1149 4095 simul
1180 4053 1450 4109 essemus,
1470 4043 1733 4099 nonnulla
1756 4043 1824 4100 de
1840 4044 2071 4101 vitandis

471 4131 1081 4189 excommunicatorum
1123 4135 1682 4192 communicatoribus
1725 4137 1797 4193 ad
1833 4138 2069 4195 invicem

471 4223 954 4294 contulimus;sed
994 4227 1122 4298 quia
1149 4235 1285 4283 tunc
1321 4236 1431 4287 tum
1472 4230 1736 4287 voluntati
1754 4230 2069 4289 satisfacere

468 4334 585 4375 non
622 4319 927 4390 potuimus,
958 4321 1163 4391 placuit
1197 4330 1262 4377 ut
1293 4323 1376 4378 vel
1406 4323 1696 4381 scribendo
1722 4325 1825 4381 tibi
1853 4325 2069 4383 satisfa-

464 4428 739 4482 ceremus,
769 4414 917 4486 quod
937 4415 1303 4487 colloquendo
1325 4432 1438 4472 non
1460 4418 1635 4473 licuit.

540 4507 605 4562 Β.
640 4506 894 4565 Callistus
938 4523 1074 4581 papa
1128 4517 1184 4564 et
1233 4518 1464 4582 martyr,
1507 4510 1591 4565 vir
1633 4511 1980 4583 apostolicus,
2006 4514 2064 4569 in

469 4599 584 4654 suis
611 4599 977 4658 decretalibus
993 4601 1243 4674 epistolis
1264 4604 1437 4674 (epist.
1471 4609 1528 4671 2,
1558 4619 1608 4660 c.
1641 4607 2062 4678 2;LABB.,t.I,

466 4708 520 4764 p.
573 4698 700 4759 614)
752 4702 992 4766 quatuor
1070 4712 1159 4753 res
1217 4705 1527 4766 enumerat,
1606 4698 1665 4753 in
1706 4698 1902 4770 quibus
1968 4717 2060 4756 ex-

461 4787 946 4843 communicatum
976 4789 1151 4844 vitare
1204 4789 1543 4847 debeamus:
1578 4790 1829 4849 videlicet
1854 4793 1912 4849 in
1965 4808 2061 4851 sa-

462 4878 756 4949 lutatione,
818 4880 877 4935 in
954 4883 1162 4949 osculo,
1234 4882 1292 4938 in
1347 4885 1616 4956 oratione,
1662 4887 1723 4942 in
1785 4888 2053 4945 convictu.

462 4970 677 5028 Deinde
744 4974 1081 5031 sententiam
1154 4973 1226 5032 de
1287 4979 1762 5038 communicatore
1842 4997 2058 5039 excom-

2106 3676 2153 3737 B
2183 3670 2440 3728 discernit
2471 3691 2484 3727 :
2516 3672 2704 3728 Omnes
2741 3672 3040 3741 complices,
3085 3676 3384 3738 sectatores,
3426 3674 3785 3726 communiat.

2180 3770 2317 3821 tores
2359 3766 2630 3821 damnata:
2657 3766 2816 3821 semel
2824 3768 3120 3836 pravitatis
3146 3768 3276 3835 pari
3299 3770 3445 3820 sorte
3483 3770 3782 3821 meum.

2178 3859 2436 3929 Quamvis
2473 3859 2623 3914 enim
2670 3868 2817 3915 extra
2842 3858 3151 3915 Ecclesiam
3197 3859 3333 3914 alius
3379 3858 3489 3914 alio
3518 3857 3782 3914 tolerabi-

2178 3951 2284 4006 lius
2315 3960 2519 4022 peccet,
2578 3953 2637 4007 in
2691 3952 2795 4008 hoc
2822 3960 3011 4008 tamen
3060 3968 3214 4023 pares
3261 3959 3604 4023 reputantur,
3648 3951 3781 4023 quia

2176 4044 2360 4101 nullus
2386 4061 2581 4103 eorum
2622 4046 2679 4103 in
2709 4044 3035 4102 catholicam
3069 4046 3393 4101 societatem
3434 4044 3780 4118 recipiendus

2175 4148 2277 4202 est,
2300 4139 2412 4194 nisi
2441 4139 2709 4196 catholico
2750 4154 2908 4195 more
2946 4138 3345 4196 reconcilietur.

2246 4234 2326 4289 II.
2389 4233 2543 4290 Idem
2589 4234 2647 4287 in
2682 4232 3036 4305 sequentibus
3091 4232 3162 4288 ad
3186 4232 3412 4289 eosdem
3438 4230 3504 4287 de
3528 4230 3774 4287 vitandis

2170 4326 2738 4383 communicatoribus
2756 4326 3355 4382 excommunicatorum
3375 4327 3609 4389 (loc.cit.)
3637 4342 3654 4379 :

2243 4420 2414 4483 Nihil,
2432 4420 2622 4490 inquit,
2638 4421 2789 4476 nobis
2807 4436 3079 4476 commune
3092 4436 3211 4474 cum
3223 4419 3526 4474 hominibus
3538 4434 3776 4474 munu-

2169 4516 2456 4568 nicationis
2479 4518 2734 4570 externa.
2764 4515 2918 4572 Idem
2936 4514 2990 4569 in
3002 4513 3356 4586 sequentibus
3384 4531 3398 4567 :
3430 4512 3568 4578 Quid
3572 4513 3771 4581 juvat,

2169 4608 2220 4662 si
2246 4609 2365 4676 quis
2387 4609 2556 4664 alicui
2573 4609 2891 4664 evidentiam
2908 4610 3159 4663 haeretica
3184 4622 3297 4662 non
3328 4608 3700 4675 communicet,
3722 4612 3775 4661 et

2160 4703 2237 4757 iis
2254 4705 2429 4757 tamen
2447 4705 2809 4758 communione
2821 4704 3110 4773 jungatur,
3130 4703 3228 4771 qui
3248 4702 3318 4755 ab
3333 4700 3487 4755 illius
3510 4716 3617 4755 non
3634 4705 3775 4755 sunt

2168 4797 2533 4853 communione
2566 4796 2767 4852 diversi
2787 4800 2814 4851 ?
2841 4795 3005 4851 Unde
3025 4804 3082 4850 et
3108 4794 3270 4849 multi
3298 4793 3537 4865 religiosi
3562 4809 3631 4848 ex
3653 4795 3775 4849 Ro-

2169 4890 2350 4945 manis
2377 4905 2437 4947 sc
2467 4906 2499 4947 a
2523 4888 2914 4946 communione
2941 4888 3218 4944 Anastasii
3245 4901 3402 4959 papae
3421 4886 3772 4943 subtraxisse

2168 4982 2444 5055 leguntur,
2469 5000 2534 5040 eo
2557 4983 2703 5055 quod
2728 4983 2843 5055 ipse
2887 4980 3109 5038 cuidam
3146 4981 3375 5037 diacono
3402 4979 3773 5036 Thessaloni-

461 5066 726 5122 municati
782 5067 1120 5141 subjungens
1152 5087 1167 5125 :
1206 5072 1537 5143 Quicunque,
1620 5074 1821 5146 inquit,
1868 5077 1930 5130 in
1972 5076 2056 5132 his
2088 5048 2133 5113 C
2161 5048 2308 5134 censi
2329 5048 2837 5146 communicaverit,
2868 5076 2961 5148 qui
2982 5075 3103 5147 jam
3153 5074 3359 5131 Acacio
3386 5073 3773 5130 communica-

458 5160 545 5214 uel
571 5162 626 5214 in
657 5160 786 5216 aliis
808 5162 1106 5231 prohibitis
1132 5165 1354 5220 scienter
1377 5169 1863 5222 excommunicatis
1905 5184 2052 5223 com-
2159 5170 2269 5237 vit;
2294 5171 2371 5227 sic
2398 5171 2550 5227 enim
2588 5174 2878 5226 Romanus
2918 5167 3257 5225 Pontiﬁcalis
3282 5175 3515 5223 testatur
3544 5168 3763 5235 (1089).

455 5257 835 5324 municaverit,
853 5256 1027 5325 juxta
1046 5258 1437 5313 institutionem
1464 5260 1829 5329 apostolorum
1855 5264 1905 5316 et
1939 5264 2053 5332 ipse

453 5350 624 5402 simili
638 5352 1174 5405 excommunicationi
1186 5351 1467 5420 subjaceat
1483 5352 1722 5424 ;.quippe
1751 5361 1812 5409 ut
1834 5368 2050 5413 excom-

452 5441 717 5497 municati
748 5442 1186 5500 communicator
1231 5443 1503 5500 devitetur
1532 5459 1685 5517 aeque
1714 5455 1776 5503 ut
1814 5424 2052 5507 'excom-

449 5534 783 5592 municatus.
825 5537 973 5592 Hinc
996 5538 1061 5592 Β.
1087 5537 1345 5593 Gelasius
1368 5553 1511 5610 papa
1536 5539 1778 5597 scribens
1806 5543 2047 5600 orienta-

2231 5266 2327 5318 ΙΙΙ.
2351 5266 2464 5322 Nec
2492 5263 2708 5319 mireris
2734 5261 3263 5319 communicatorem
3282 5260 3765 5317 excommunicati

2156 5372 2309 5428 atque
2338 5365 2402 5414 ut
2427 5356 2960 5414 excommunicatum
2989 5354 3243 5421 devitari,
3268 5370 3396 5410 cum
3423 5354 3531 5409 sub
3558 5354 3763 5410 eadem

2158 5450 2447 5519 sententia,
2510 5459 2572 5506 ut
2598 5449 2921 5522 praedictum
2962 5458 3064 5517 est,
3117 5456 3371 5505 teneatur
3427 5448 3757 5504 obstrictus.

2157 5544 2303 5600 Hinc
2337 5544 2510 5613 idem,
2557 5544 2650 5616 qui
2696 5560 2882 5617 supra,
2921 5543 3213 5600 Anastasio
3262 5542 3593 5613 imperatori
3622 5541 3761 5597 scii-

445 5626 594 5685 libus
629 5629 894 5700 episcopis
932 5632 1107 5699 (epist.
1150 5636 1247 5698 15;
1276 5632 1489 5701 Luam,
1514 5641 1556 5689 t.
1585 5635 1681 5702 IV,
1712 5650 1833 5708 pag.
1885 5642 2043 5705 1218)
2152 5636 2547 5705 bens(GnLAs.
2576 5639 2947 5710 ep.8;LAnn.
2974 5638 3014 5693 ι.
3041 5652 3110 5707 c.,
3136 5652 3257 5709 pag.
3291 5640 3451 5702 1184)
3476 5637 3759 5709 :Nonpo-

443 5720 513 5778 de
548 5716 765 5779 'Acacio
794 5722 1264 5782 communicatore
1301 5728 1932 5800 excommunicatorum,
1962 5730 2037 5788 ita

2152 5735 2271 5802 test,
2301 5731 2502 5805 inquit,
2530 5732 2759 5804 quilibet
2772 5731 3157 5804 peruersitatis
3174 5731 3636 5789 commum'catore
3654 5741 3750 5785 at-

515 5871 700 5943 (1089)
734 5872 870 5929 Hec
900 5869 1033 5930 falsa
1064 5887 1181 5932 esse
1207 5874 1553 5937 demonstrat
1579 5880 1797 5953 Pagius,
1828 5880 1885 5938 in
1910 5882 2038 5939 Vita
2064 5886 2341 5943 Anastasii
2360 5889 2434 5942 II.
