4002 6168
217 331 239 384 1
251 328 357 385 233

1068 368 1079 375 .
1118 328 1407 385 APPEND.
1451 332 1537 386 ill.
1577 360 1649 374 —
1685 332 2103 390 MONUMENTA
2141 330 2602 389 GREGORIANA.

3372 338 3506 394 1234
3606 292 3607 299 γ

213 456 390 526 scepto
414 468 518 508 non
540 446 760 524 pariter
781 466 1064 523 pet-versus
1082 455 1325 524 probari,
1347 473 1444 513 nec
1456 462 1633 528 potest
1651 462 1805 528 refu-
1832 463 1888 528 Α
1920 475 2032 516 non
2073 458 2360 531 expetisse.
2414 460 2530 514 Nec
2566 456 2676 514 hoc
2717 454 2839 515 sine
2865 456 3063 514 intimo
3109 459 3289 517 cordis
3315 460 3509 520 dolore

213 551 330 604 tari
348 548 677 618 perversitas
694 544 946 618 complice
965 542 1343 619 perversitatis
1365 552 1620 608 admisso.
1648 554 1810 625 Legi-

216 644 313 698 bus
341 645 479 697 certe
506 643 697 696 vestris
724 643 1011 697 criminum
1040 646 1250 715 conscii,
1277 651 1702 717 susceptoresque
1723 651 1811 703 la-

215 737 604 793 trocinantium
632 738 764 805 pari
790 736 1129 806 judiciorum
1164 754 1323 809 pana
1374 745 1804 813 constriguntur,

213 847 307 887 nec
332 846 530 900 expers
556 831 797 885 criminis
837 833 1157 901 wstimatur,
1182 835 1288 903 qui
1313 835 1435 889 licet
1462 837 1576 905 ipse
1602 853 1706 891 non
1729 840 1811 905 fe-

212 927 368 992 cerit,
383 926 634 993 facientis
643 928 823 979 tamen
837 926 1275 992 familiaritatem
1292 920 1581 1000 foedusque
1590 934 1803 1001 recepit.

212 1018 364 1075 Sicut
394 1018 558 1089 igitur
596 1018 1036 1075 communicator
1064 1018 1202 1076 furis
1230 1020 1423 1077 eadem
1452 1022 1807 1081 damnatione

211 1128 343 1170 cum
365 1111 485 1169 fure
529 1112 817 1180 multatur,
847 1112 1202 1170 nihilominus
1244 1117 1688 1173 communicator
1716 1134 1806 1175 ex-

210 1205 600 1263 communicati
641 1221 771 1261 cum
820 1205 1019 1262 eodem
1068 1207 1261 1275 eadem
1308 1209 1461 1267 lance
1488 1209 1804 1268 damnatur.

210 1304 312 1357 Est
334 1308 522 1357 autem
546 1299 825 1356 damnatio
848 1301 1312 1359 excommunicati
1328 1344 1342 1371 ,
1376 1303 1526 1376 quod
1549 1319 1582 1359 a
1609 1306 1727 1362 Deo
1752 1314 1807 1362 et

209 1385 477 1451 membris
514 1393 630 1466 ejus
670 1403 1059 1466 sequestratur.
1106 1398 1190 1451 Tu
1220 1397 1336 1467 ipse
1380 1405 1614 1455 contexe
1656 1398 1805 1470 quod

208 1489 455 1561 sequitur
482 1510 495 1545 :
516 1503 720 1560 nempe
740 1491 835 1544 SS.
862 1491 1047 1545 Patres
1069 1491 1564 1548 communicatores
1588 1508 1805 1549 excom-

209 1581 618 1638 municatorum
663 1596 819 1654 aeque
856 1590 919 1638 ut
945 1583 1449 1640 excommunicatos
1494 1584 1618 1643 ideo
1653 1586 1805 1643 devi-

209 1676 314 1732 tari
344 1676 653 1745 voluerunt,
683 1676 812 1749 quia
842 1675 1267 1750 eosdem,quasi
1287 1678 1378 1750 qui
1402 1678 1617 1751 seipsos
1649 1680 1804 1738 dam-

205 1778 494 1837 naverunt,
536 1769 866 1826 habuerunt.

1920 554 2289 621 considerent,
2320 553 2544 626 quantis
2587 546 2795 608 offendi
2827 556 3009 608 Deum
3028 553 3338 625 praebeant,
3368 573 3507 629 quos

1919 648 1999 704 vel
2030 664 2126 705 sua
2156 649 2548 704 communione
2569 648 2996 714 commaculant,
3024 650 3107 703 vel
3134 665 3234 705 suo
3258 653 3507 724 exemplo

1918 741 2216 807 docent,‘ut
2231 742 2693 815 excommunicati
2700 758 2864 797 onem
2878 742 3120 799 incidere
3130 759 3243 799 non
3251 744 3505 803 timeant.

1917 835 2202 906 Accipient
2230 852 2359 907 ergo
2384 851 2582 892 sanum
2611 836 2907 892 consilium
2935 845 2990 891 et
3017 836 3086 893 ad
3116 838 3508 895 reconciliatio-
3586 884 3599 899 .,

1916 944 2048 985 nem
2068 928 2345 997 festinent,
2365 945 2430 983 ne
2458 928 2793 1001 quandoque
2816 946 2946 986 cum
2970 931 3171 988 Acacio
3192 948 3510 989 excommu-

1916 1022 2257 1078 nicationem
2285 1030 2554 1094 cogantur
2580 1021 2733 1077 inviti
2777 1023 2913 1094 pati,
2944 1039 3053 1095 qua
3075 1024 3409 1096 jamdudum
3446 1042 3508 1083 se

1914 1131 2012 1173 sua
2032 1125 2230 1187 sponte
2248 1131 2360 1171 non
2379 1116 2686 1172 timuerunt
2712 1116 2976 1188 obligare.
2998 1118 3164 1175 Plura
3184 1119 3288 1175 tibi
3314 1120 3383 1177 de
3404 1120 3509 1176 hac

1914 1225 1975 1266 re
2002 1210 2243 1266 scribere
2272 1225 2512 1282 possem,
2547 1210 2590 1265 si
2620 1208 2969 1281 epistolarem
2993 1212 3317 1269 brevitatem
3341 1230 3508 1271 exce-

1912 1303 2044 1360 dere
2070 1320 2183 1360 non
2209 1304 2488 1361 timerem.
2520 1304 2626 1360 Sed
2669 1311 2726 1360 et
2769 1304 2997 1375 sapienti
3042 1314 3129 1362 sat
3169 1306 3380 1364 dictum
3426 1308 3502 1363 vi-

1913 1397 2098 1455 detur.

2470 1491 2832 1548 EPISTOLA
2871 1493 2943 1547 Il.

2517 1603 2601 1645 AD
2636 1604 2917 1647 EUMDBM.

1912 1698 1988 1750 De
2014 1694 2189 1750 osculo
2212 1695 2787 1749 excommunicatorum
2813 1691 3058 1755 vitando,
3086 1696 3137 1748 et
3162 1692 3227 1748 de
3251 1692 3508 1751 Guiberto

2299 1766 2520 1835 ejusque
2553 1766 3102 1821 comm‘unicatoribus.

282 1867 375 1922 ιν.
408 1864 554 1920 Hinc
578 1866 643 1919 B.
674 1864 925 1921 Gelasius
949 1864 1020 1921 ad
1045 1864 1337 1937 praedictos
1361 1867 1647 1941 episcopos
1672 1869 1805 1926 scri-
1831 1840 1880 1904 Β
1982 1870 2225 1926 Domino
2246 1885 2312 1925 ac
2327 1869 2621 1925 venerabili
2641 1870 2755 1925 viro
2774 1872 3107 1926 Raccnom
3136 1870 3506 1926 BBBNALDUS

207 1958 429 2016 bensde
448 1957 640 2014 eodem
656 1958 858 2014 Acacio
880 1958 1012 2028 (loc.
1036 1962 1129 2016 cit.
1153 1977 1274 2033 pag.
1300 1967 1435 2018 1223
1450 1966 1498 2029 ):
1528 1964 1689 2032 Quid,
1717 1964 1802 2020 in-

206 2053 355 2125 quit,
386 2057 688 2125 queruntur
727 2052 987 2108 Acacium
1012 2070 1047 2107 α
1074 2055 1227 2109 nobis
1255 2056 1425 2123 fuisse
1460 2057 1799 2123 damnatum,

201 2163 326 2203 cum
354 2152 565 2217 recepta
602 2150 961 2203 communione
983 2149 1133 2203 Petri
1156 2164 1211 2203 se
1239 2149 1491 2204 doceatur
1518 2153 1629 2220 ipse
1655 2153 1805 2206 dam-

200 2245 401 2297 nasse?
426 2239 591 2298 Unde
620 2248 675 2296 et
714 2243 777 2296 B.
805 2240 953 2297 Felix
988 2257 1143 2313 papa,
1168 2242 1261 2313 qui
1295 2244 1555 2299 Acacium
1583 2244 1804 2300 anathe-

204 2336 508 2404 matizavit,
530 2335 587 2390 in
603 2334 792 2391 eadem
812 2335 1085 2391 sententia
1110 2335 1393 2407 signanter
1409 2338 1592 2409 posuit
1618 2342 1797 2409 (epist.

201 2435 263 2496 6,
291 2429 330 2484 l.
362 2444 434 2498 c.,
468 2446 522 2499 p.
556 2434 723 2496 1704)
752 2449 764 2484 :
798 2431 965 2493 Habe,
987 2428 1183 2500 inquit,
1209 2445 1330 2486 cum
1349 2431 1454 2500 his,
1482 2447 1616 2501 quos
1643 2434 1803 2488 liben-

199 2529 288 2580 ter
314 2524 669 2595 amplecteris,
694 2526 1025 2595 portionem;
1052 2522 1109 2579 id
1152 2532 1236 2579 est
1268 2540 1397 2581 cum
1426 2528 1800 2582 excommuni-

199 2617 373 2686 catis;
402 2633 468 2674 ac
494 2617 539 2673 si
563 2616 772 2674 diceret
798 2634 813 2673 :
841 2620 971 2674 Non
1000 2625 1120 2675 tam
1144 2633 1345 2674 novam
1372 2620 1803 2676 excommunica-

199 2713 418 2769 tionem
436 2727 599 2783 super
617 2719 671 2768 te
690 2711 946 2784 facimus,
973 2727 1137 2784 quam
1153 2718 1397 2768 veterem
1446 2728 1551 2785 qua
1577 2721 1630 2769 te
1651 2729 1801 2770 com-

197 2805 539 2863 municando
553 2806 1045 2863 excommunicatis
1056 2804 1355 2875 innodasti,
1373 2805 1797 2864 conﬁrmamus.

197 2900 351 2953 Nam
390 2911 521 2952 cum
564 2897 750 2952 omnis
774 2895 1284 2953 excommunicatus
1311 2904 1464 2953 extra
1496 2898 1799 2955 Ecclesiam

192 2990 298 3057 sit,
338 2989 625 3062 nullusque
652 2990 813 3046 simul
862 2990 1011 3046 intra
1056 2998 1112 3046 et
1158 2998 1308 3046 extra
1338 3006 1457 3047 esse
1486 2993 1680 3064 possit,
1710 2992 1800 3049 ille

193 3082 576 3167 indubitanter
616 3099 675 3139 se
711 3098 742 3138 a
770 3083 1034 3140 catholica
1064 3084 1274 3140 unitate
1302 3093 1539 3158 separat,
1570 3086 1799 3157 quicun-

1912 1964 2194 2037 presbyter
2218 1963 2496 2036 indignus.

1983 2062 2029 2113 Ι.
2053 2058 2289 2112 Multum
2319 2057 2492 2112 miror
2518 2072 2617 2112 cur
2638 2064 2859 2113 tantum
2891 2056 2950 2111 in
2984 2056 3337 2113 rescribendo
3360 2056 3509 2113 labo—

1909 2151 2136 2217 raveris,
2166 2165 2291 2205 cum
2320 2165 2662 2222 nequaquam
2691 2150 3051 2205 assertionem
3081 2159 3233 2205 tuam
3263 2149 3333 2205 de
3357 2166 3511 2206 com-

1913 2245 2174 2300 munione
2203 2244 2804 2301 excommunicatorum
2825 2241 3235 2314 approbaveris.
3266 2243 3513 2300 Nullate-

1910 2354 2015 2395 nus
2038 2338 2188 2395 enim
2214 2338 2715 2394 communicatores
2743 2338 3353 2393 excommunicatorum
3375 2337 3508 2394 reci-

1911 2432 2142 2505 piendos
2163 2431 2278 2488 fore
2304 2431 2572 2503 probasti,
2597 2432 2709 2486 imo
2731 2446 2825 2486 eos
2844 2429 2947 2487 sub
2962 2431 3275 2502 apostolicae
3291 2447 3510 2487 excom-

1911 2526 2302 2581 municationis
2322 2525 2654 2596 obligatione
2683 2524 2942 2580 dimisisti
2969 2542 2985 2580 :
3018 2524 3161 2581 unde
3188 2533 3244 2581 et
3270 2540 3372 2597 ego
3399 2525 3509 2582 tuis

1909 2621 2123 2692 scriptis
2152 2635 2250 2691 per
2287 2620 2472 2675 omnia
2502 2617 2837 2689 respondere
2864 2634 2981 2674 non
3018 2619 3387 2677 necessarium
3420 2618 3512 2692 ju-

1908 2713 2108 2770 dicavi.
2453 2762 2457 2767 .
2486 2782 2490 2785 _

1984 2808 2055 2862 ΙΙ.
2088 2809 2173 2861 De
2202 2805 2388 2861 osculo
2425 2804 3036 2861 excommunicatorum
3078 2802 3305 2861 vitando
3350 2803 3510 2861 facile

1907 2917 2011 2958 nos
2035 2894 2321 2957 excusatos
2341 2906 2519 2971 putas,
2549 2914 2615 2953 eo
2639 2897 2789 2970 quod
2822 2898 2880 2953 in
2907 2897 3245 2969 quibusdam
3272 2898 3509 2955 decretis

1908 3003 1962 3050 te
1990 2992 2129 3052 illud
2162 3009 2273 3049 non
2309 2991 2579 3048 invenisse
2600 2991 2855 3058 testaris;
2881 3006 2947 3047 ac
2973 2990 3018 3047 si
3049 2990 3349 3061 apostolica
3393 2999 3508 3048 sta-

1906 3097 2023 3144 tuta
2044 3103 2203 3145 suam
2228 3087 2600 3160 integritatem
2615 3085 2863 3143 obtinere
2886 3101 2998 3141 non
3024 3083 3265 3152 valeant,
3291 3084 3507 3142 etiamsi

194 3193 310 3251 que
339 3193 402 3235 se
427 3177 495 3233 ab
527 3178 1130 3234 excommunicatorum
1156 3179 1547 3236 communione
1573 3195 1685 3235 non
1710 3196 1793 3235 se-
1825 3199 1869 3262 ε
1905 3200 1967 3239 ea
2009 3182 2237 3254 quilibet
2283 3178 2585 3237 mendosus
2627 3179 2766 3236 liber
2809 3179 2997 3235 minus
3038 3179 3252 3250 integre
3281 3176 3502 3235 habeat.

195 3280 468 3345 questrat.
488 3274 620 3328 Jure
639 3288 768 3345 ergo
784 3288 815 3328 a
839 3271 1134 3329 Catholicis
1157 3272 1470 3330 devitantur
1493 3282 1554 3329 ut
1577 3290 1796 3330 excom-

194 3366 491 3434 municati,
523 3366 615 3438 qui
657 3366 727 3421 ab
763 3367 1365 3423 excommunicatorum
1408 3367 1797 3424 communione

192 3475 319 3516 non
346 3468 477 3518 sunt
520 3461 863 3533 sequestrati.
916 3462 1034 3517 Hoc
1060 3470 1245 3517 autem
1274 3462 1685 3534 diligentissime
1714 3471 1795 3519 at-

188 3554 415 3621 tendas,
442 3554 591 3627 quod
617 3557 679 3611 B.
712 3554 963 3613 Gelasius
1001 3555 1162 3611 nobis
1192 3556 1511 3627 praescribit,
1538 3573 1635 3612 cur
1663 3572 1795 3628 apo-

190 3649 397 3708 stolica
431 3649 586 3707 sedes
610 3649 877 3707 Acacium
906 3649 1438 3706 communicatorem
1475 3649 1620 3706 Petri
1648 3649 1794 3706 refu-

186 3745 400 3801 taverit
430 3748 535 3814 (ep.
577 3748 663 3813 13,
693 3743 727 3799 l.
766 3732 843 3810 c.,
873 3759 925 3815 p.
964 3747 1133 3810 1201)
1173 3745 1387 3811 :Beati,
1420 3743 1616 3815 inquit,
1642 3745 1798 3799 Petri

188 3837 371 3906 sedes,
390 3854 456 3894 ne
470 3852 572 3908 per
588 3836 848 3893 Acacium
865 3838 927 3892 in
948 3839 1103 3892 Petri
1137 3840 1460 3893 consortium
1489 3837 1792 3907 duceretur,

187 3936 378 4005 ipsum
422 3948 630 4003 quoque
676 3948 711 3986 a
758 3946 864 3985 sua
914 3934 1275 3987 communione
1318 3932 1605 3987 submovit.
1642 3932 1794 3988 Idem

185 4025 491 4083 Anastasio
518 4024 835 4096 imperatori
865 4028 1049 4095 (epist.
1081 4032 1115 4081 8
1144 4027 1295 4093 cit.):
1326 4026 1619 4096 Postquam
1656 4028 1796 4082 Aca-

184 4123 313 4177 cius
351 4121 730 4175 communionis
761 4126 996 4176 externae
1023 4121 1202 4186 factus
1231 4123 1327 4181 est,
1361 4134 1467 4173 non
1488 4122 1669 4189 potuit
1692 4121 1801 4174 nisi

183 4233 223 4271 a
260 4214 522 4270 catholica
565 4218 615 4269 et
639 4214 928 4283 apostolica
973 4227 1102 4267 moa:
1149 4213 1394 4267 societate
1430 4212 1683 4281 praecidi,
1728 4228 1796 4267 ne

177 4323 295 4381 per
322 4322 461 4374 eum,
492 4310 543 4363 si
567 4308 652 4362 vel
672 4308 960 4378 paululum
998 4320 1338 4369 cessaremus,
1368 4320 1460 4360 nos
1491 4296 1697 4375 quoque
1717 4308 1798 4360 vi-

187 4403 451 4459 deremur
475 4401 705 4456 subiisse
746 4402 999 4473 contagia
1025 4401 1373 4470 perﬁdorum.

272 4497 339 4551 V.
369 4494 605 4550 Videsne
651 4486 815 4566 quam
845 4492 1151 4548 necessario
1182 4492 1497 4565 hujusmodi
1542 4484 1795 4550 commu-

183 4588 471 4644 nicatores
498 4586 825 4654 devitemus,
858 4600 927 4641 ne
957 4601 1052 4656 per
1086 4601 1282 4641 eorum
1310 4587 1652 4643 consortium
1671 4602 1794 4643 con-
1823 4620 1872 4681 ι)

187 4681 347 4755 tagia
386 4680 724 4753 perﬁdorum
752 4678 983 4735 subiisse
1005 4678 1339 4751 judicemur.
1367 4682 1509 4736 Nam
1544 4681 1702 4752 juxta
1724 4682 1787 4735 B.

183 4774 500 4839 Gelasium,
528 4774 677 4847 quod
705 4781 759 4829 et
780 4789 944 4845 supra
972 4773 1150 4845 pesui,
1180 4788 1297 4827 non
1342 4782 1523 4845 potest
1565 4775 1796 4846 quilibet

182 4868 569 4942 perversitatis
611 4867 1083 4924 communicatore
1133 4874 1384 4938 suscepto
1432 4883 1542 4922 non
1599 4868 1799 4937 pariter

179 4977 486 5036 perversus
528 4961 765 5033 probari,
812 4976 917 5017 nec
972 4966 1152 5032 potest
1202 4958 1422 5015 refutari
1470 4961 1798 5033 perversitas

180 5056 465 5127 complice
494 5054 863 5128 perversitatis
891 5053 1155 5111 admisso.
1200 5054 1433 5110 Cessent
1459 5069 1589 5125 ergo
1614 5054 1801 5127 hujus-

185 5147 358 5206 modi
388 5149 895 5205 communicatores
922 5148 1300 5204 ecclesiastica:
1334 5146 1708 5205 communioni
1740 5164 1800 5205 se

180 5242 585 5315 imprudenter
614 5236 900 5314 ingerere,
952 5257 1020 5297 ne
1068 5241 1399 5298 catholicam
1428 5242 1799 5299 sinceritatem

177 5352 294 5394 sua
327 5336 728 5392 communione
749 5337 909 5408 juxta
940 5334 1198 5391 eumdem
1242 5335 1525 5393 Gelasium
1560 5351 1805 5392 comma-

179 5432 404 5489 culent.
439 5433 581 5487 Nam
616 5430 804 5503 procul
832 5430 999 5486 dubio
1025 5430 1197 5486 levius
1218 5430 1364 5502 apud
1398 5433 1577 5486 Deum
1594 5429 1806 5504 judica-

176 5535 293 5583 tur
323 5524 566 5597 qualibet
593 5524 922 5581 necessitate
958 5522 1261 5597 quemlibet
1284 5525 1802 5581 excommunicatio-

177 5634 333 5677 nem
372 5618 649 5689 incidisse,
685 5634 855 5691 quam
896 5626 1024 5691 post
1064 5618 1279 5690 lapsum
1307 5619 1803 5675 reconciliationem

280 5762 463 5825 (1090)
511 5757 759 5828 Idipsum
800 5757 1142 5831 autogaphus
1193 5756 1467 5831 Bernoldi
1525 5756 1694 5814 codex
1750 5757 1805 5813 in

179 5831 529 5888 Hermanno
556 5827 913 5901 (Patrologice
937 5827 1077 5901 tom.
1111 5830 1372 5901 CXLIII)
1400 5827 1472 5885 ad
1495 5844 1628 5901 ann.
1661 5834 1800 5901 91,6,

182 5904 261 5959 in
304 5901 535 5960 concilio
561 5899 927 5960 Altheimensi
973 5899 1181 5959 factum
1212 5900 1426 5969 scribit,
1470 5900 1620 5973 quod
1667 5900 1793 5958 alibi

1905 3280 2048 3332 Nam
2076 3278 2132 3332 in
2161 3275 2627 3332 emendatioribus
2655 3283 2711 3331 et
2732 3274 2991 3347 plenariis
3029 3273 3435 3346 exemplaribus
3461 3275 3506 3330 si

1903 3369 2206 3444 quaesieris,
2252 3369 2436 3440 ipsum
2486 3369 2736 3424 osculum
2791 3369 2852 3424 in
2898 3367 3135 3424 decretis
3183 3369 3242 3424 S.
3293 3366 3499 3424 Callisti

1906 3480 2080 3536 papae,
2104 3472 2167 3519 ut
2193 3478 2292 3536 ego
2319 3462 2535 3533 scripsi,
2563 3461 2763 3534 poteris
2786 3461 3034 3517 invenire
3060 3461 3306 3530 (Guar,
3334 3476 3383 3517 c.
3415 3478 3501 3517 ea:-

1905 3559 2338 3613 communicator.
2372 3563 2459 3625 l7,
2489 3571 2637 3612 caus.
2672 3561 2761 3621 11,
2790 3571 2842 3611 a.
2874 3561 2927 3610 3.
2955 3554 3081 3612 Vid.
3106 3554 3267 3625 epist.
3300 3559 3503 3626 praec.)

1906 3656 2180 3709 Praeterea
2208 3666 2312 3707 nec
2352 3649 2471 3706 laici
2500 3650 2762 3721 ignorant
2788 3648 2915 3717 hoc,
2941 3647 3090 3721 quod
3115 3649 3503 3704 excommuni-

1904 3754 2055 3801 catos
2083 3744 2315 3801 osculari
2344 3759 2456 3799 non
2483 3742 2736 3799 debeant.
2768 3741 2928 3814 Quod
2958 3741 3004 3797 si
3031 3740 3278 3811 fecerint,
3298 3743 3504 3815 absque

1905 3838 2057 3895 omni
2106 3836 2546 3893 contradictione
2604 3852 2700 3907 per
2743 3835 3251 3892 reconciliationem
3292 3835 3504 3892 absolvi

1903 3931 2183 3998 festinant,
2212 3946 2316 3988 nec
2356 3946 2413 3988 se
2440 3929 2546 3988 nisi
2572 3946 2669 4002 per
2696 3928 3210 3987 reconciliationem
3237 3929 3506 4001 recipien-

1903 4025 2005 4084 dos
2025 4026 2303 4100 judicent.

1975 4123 2073 4176 III.
2101 4122 2222 4176 Hoc
2242 4119 2428 4192 utique
2454 4121 2781 4174 roboratum
2810 4126 2894 4173 est
2925 4132 3199 4173 consensu
3230 4115 3505 4173 universa-

1905 4214 1970 4270 lis
2007 4213 2259 4270 Ecclesiae
2294 4231 2308 4267 :
2354 4210 2504 4268 unde
2535 4222 2592 4268 et
2630 4227 2737 4267 nos
2764 4209 2899 4266 illud
2935 4211 3097 4283 juxta
3126 4209 3502 4282 Augustinum

1904 4320 2092 4362 secure
2121 4314 2178 4361 et
2208 4304 2476 4360 veraciter
2493 4318 2794 4375 possumus
2819 4318 3079 4359 asserere.
3108 4301 3259 4358 Idem
3283 4315 3501 4373 quoque

1906 4399 2189 4454 verissime
2218 4404 2455 4453 testatur
2480 4396 2625 4469 quod
2656 4395 2787 4451 nihil
2813 4395 3028 4450 ﬁrmius
3068 4395 3138 4450 sit
3164 4393 3468 4449 tenendum
3486 4435 3501 4462 ,

1904 4508 2071 4564 quam
2100 4491 2234 4547 illud
2262 4492 2321 4546 in
2356 4506 2467 4563 quo
2495 4490 2695 4545 veritas
2726 4486 3113 4544 consuetudini
3140 4485 3496 4558 suffragatur.

1903 4586 2009 4643 Sed
2039 4594 2092 4643 et
2118 4588 2355 4643 Joannes
2384 4600 2523 4656 papa
2547 4586 2604 4639 Χ
2625 4586 2846 4650 (1090),
2868 4580 2967 4645 vir,
3000 4580 3247 4651 inquam,
3276 4587 3498 4652 aposto-

1904 4681 2060 4749 licus,
2092 4680 2303 4753 judicio
2350 4677 2675 4735 universalis
2720 4672 2919 4748 synodi
2964 4673 3226 4742 decrevit,
3275 4682 3340 4729 ut
3383 4674 3500 4746 qui-

1906 4789 2124 4847 cunque
2151 4773 2412 4843 deinceps
2444 4772 2709 4837 banuum,
2758 4767 2827 4825 ab
2855 4766 3117 4841 episcopis
3154 4767 3504 4840 impositum,

1907 4876 1963 4923 et
1982 4868 2221 4923 maxime
2248 4866 2305 4920 in
2324 4864 2725 4921 communione
2751 4861 3362 4920 excommunicatorum
3384 4877 3507 4917 cor-

1909 4960 2168 5033 rupisset,
2197 4964 2268 5014 40
2299 4958 2417 5014 dies
2460 4958 2519 5014 in
2564 4973 2705 5030 pane
2741 4966 2796 5014 et
2836 4973 2978 5030 aqua
3023 4971 3179 5013 more
3208 4954 3507 5013 homicida-

1909 5070 2035 5111 rum
2066 5053 2377 5125 paeniteret.

1981 5150 2077 5206 1V.
2108 5150 2191 5203 De
2210 5149 2585 5204 sententia‘B.
2607 5145 2813 5204 Gelasii
2842 5161 3017 5219 papae,
3046 5158 3170 5217 quae
3196 5142 3334 5199 dicit
3356 5141 3505 5210 (vid.

1908 5245 2059 5314 epist.
2088 5244 2296 5314 praes.)
2332 5261 2349 5297 :
2379 5243 2533 5301 Nihil
2560 5243 2712 5297 nobis
2741 5255 3014 5300 commune
3047 5253 3171 5294 cum
3200 5236 3508 5290 hominibus

1911 5340 2294 5395 communionis
2342 5341 2596 5405 emternte,
2639 5336 2947 5393 necessario
2993 5329 3260 5401 colligitur
3302 5335 3363 5383 ut
3390 5335 3507 5383 tam

1914 5424 2448 5489 communicatorem
2476 5428 2729 5487 Guiberti
2758 5442 2921 5500 quam
2942 5416 3125 5495 ipsum
3152 5419 3392 5477 devitarc
3417 5420 3511 5477 de-

1911 5526 2160 5593 beamus,
2192 5533 2248 5579 et
2275 5524 2380 5581 hoc
2408 5524 2645 5581 maxime
2684 5523 2741 5577 in
2767 5520 2875 5577 illis
2900 5516 3083 5584 rebus,
3114 5528 3247 5587 quas
3288 5516 3382 5573 SS.
3411 5518 3510 5573 Pa-

1910 5627 2023 5675 tres
2053 5617 2395 5690 prohibuisse
2431 5616 2806 5688 cognovimus.
2837 5614 2953 5668 Nec
2976 5625 3078 5683 ego
3120 5608 3256 5667 mihi
3285 5625 3509 5682 arrogo,

1912 5755 2058 5813 haud
2083 5754 2304 5828 legitur.
2328 5753 2492 5812 Unde
2518 5767 2727 5811 novum
2756 5766 2859 5825 pro
2882 5747 3142 5808 Bernoldi
3166 5754 3222 5805 et
3250 5745 3512 5804 Bernaldi

1920 5827 2209 5887 identitate
2235 5832 2647 5904 argumentum.
