4062 6182
248 311 385 368 1237
1151 312 1440 381 ΑΡΡΕΝΒγδ
1482 315 1567 371 Ill.
1611 340 1677 356 --
1715 315 1830 373 MOI

1930 316 2131 375 ίΕΝΤΑ
2168 316 2623 375 GREGORIANA.
3212 296 3215 307 '
3398 322 3537 380 ηδε

239 452 362 494 can.
411 438 470 506 6)
523 435 736 493 irritam
787 435 1197 495 ordinationem
1237 439 1529 513 cujuslibet
1548 439 1833 514 judicave-
1866 446 1917 510 Α
1945 442 2263 516 acquiritur,
2290 458 2325 500 a
2349 445 2414 499 B.
2455 442 2677 502 Gelasio
2705 441 2763 499 in
2801 441 3042 502 decretis
3068 442 3181 502 suis
3212 446 3417 515 (1092),
3444 462 3535 505 ca-

242 538 395 602 runt,
431 531 523 604 qui
545 531 616 589 ad
640 539 853 588 certum
880 531 1068 588 locum
1095 532 1389 591 ordinatus
1417 549 1531 591 non
1561 535 1835 594 invenire-
1944 538 2115 609 pitulo
2146 543 2236 607 24,
2281 538 2657 595 Simoniacum
2685 552 2805 594 esse
2842 537 3137 610 judicatur,
3171 555 3411 611 quorum
3456 550 3539 597 ta-

238 633 361 693 tur;
386 642 584 697 nempe
624 627 797 695 locus,
848 626 932 681 cui
961 626 1212 699 minister
1249 637 1366 685 erat
1406 631 1835 702 consecrandus,
1943 647 2067 688 men
2088 632 2271 688 nullus
2300 648 2397 704 per
2420 648 2618 689 manus
2653 632 3061 704 impositionem
3089 633 3399 703 ordinatur,
3432 651 3536 691 nec

236 718 294 775 in
324 719 514 791 primis
540 719 1026 791 pronuntiabatur.
1055 720 1255 794 Sicque
1284 722 1563 780 ordinatio
1593 724 1833 780 ministri
1940 724 2089 795 ipsis,
2128 733 2190 780 ut
2212 724 2329 781 aliis
2373 741 2571 781 manus
2610 726 2917 797 imponant,
2949 726 3296 783 conceditur.
3322 727 3378 783 Si
3406 744 3533 801 ergo

239 814 309 872 ad
346 812 695 887 designatum
728 813 912 869 locum
946 814 1266 872 solemniter
1294 817 1688 891 celebrabatur,
1722 820 1834 875 sic—
1940 826 2159 890 emptor
2187 818 2543 875 ecclesiastici
2572 817 2761 889 ofﬁcii,
2786 819 2935 893 quod
2962 837 3059 893 per
3082 837 3281 880 manus
3309 821 3537 894 imposi-

236 914 301 967 ut
324 908 503 966 adhuc
530 908 588 963 in
627 907 970 964 ordinatione
997 909 1378 983 episcoporum
1425 912 1540 968 sive
1570 912 1832 969 abbatum
1939 911 2153 967 tionem
2194 928 2307 967 non
2366 910 2669 983 acquiritur
2702 929 2803 969 nec
2843 923 3149 985 exercetur,
3179 915 3528 973 Simoniacus

235 1003 444 1076 ubique
468 1002 810 1059 observatur.
843 1002 983 1060 Cum
1040 1004 1156 1076 ipsa
1186 1004 1533 1063 ordinatione
1580 1006 1835 1063 minister
1940 1020 2059 1062 esse
2066 1004 2373 1077 judicatur;
2397 1013 2602 1078 quanto
2625 1006 2800 1079 magis
2828 1016 3046 1079 emptor
3060 1008 3347 1079 pastoralis
3366 1025 3532 1078 curae,

235 1098 684 1158 incardinabatur
720 1098 997 1167 Ecclesiae,
1043 1115 1146 1155 nec
1214 1099 1354 1156 alius
1419 1102 1467 1157 ei
1522 1103 1831 1171 ecclesiam,
1940 1098 1996 1155 in
2022 1106 2455 1170 qua'totmanus
2482 1098 2866 1171 impositiones
2893 1097 3352 1173 frequentantur?

235 1187 379 1252 alius
406 1191 895 1289 consecrationem,
916 1193 1010 1250 sed
1050 1193 1194 1249 idem
1220 1195 1334 1289 ipse
1363 1196 1596 1289 contulit
1616 1205 1831 1252 utrum-
2010 1217 2076 1272 ν,
2109 1219 2308 1272 Beatus
2335 1231 2553 1289 quoque
2610 1216 2913 1273 Αιθχδηάθι.
2947 1230 3086 1289 papa
3117 1220 3141 1273 ι
3185 1217 3246 1274 in
3295 1219 3531 1276 decretis

210 1305 364 1385 ,αυξτ
402 1285 971 1385 ει-θοάθωεεωροτθς
1020 1288 1835 1385 nectimusdeputabatur
1940 1310 2052 1367 suis
2079 1313 2291 1379 (Las.
2315 1285 2366 1365 ιζ
2380 1313 2426 1380 1,
2453 1285 2509 1383 ί).
2543 1313 2670 1379 553)
2702 1285 3083 1367 Simoniacum
3104 1326 3222 1368 esse
3242 1312 3531 1385 judicavit,

235 1381 535 1487 ςξδξηδῖίφς
592 1398 761 1487 (indm
807 1398 921 1487 ιξξπι
949 1381 1286 1487 Ρτωξθάθτθῐ
1343 1383 1449 1439 Ῑοοί
1497 1383 1826 1487 «Signa-tif-
1941 1404 2037 1477 qui
2067 1412 2354 1476 corruptus
2395 1381 2574 1475 pretio
2605 1404 2890 1477 pmnitenti
2915 1405 3061 1477 apud
3090 1381 3406 1477 episcopum
3435 1406 3533 1463 ob-

234 1477 402 1534 Unde
448 1484 503 1533 et
558 1475 702 1546 apud
754 1475 1011 1549 antiquos
1064 1479 1250 1533 Patres
1295 1492 1406 1533 non
1438 1487 1553 1534 tam
1584 1479 1830 1550 specialis

1940 1475 2071 1567 stat,
2109 1497 2195 1555 vel
2245 1497 2466 1571 adjuvat
2506 1496 2577 1555 ad
2605 1475 3139 1555 reconciliationem.
3159 1499 3212 1556 Si
3262 1475 3391 1572 ergo
3439 1500 3531 1557 ille

234 1571 532 1679 ρι’(ξδίξήῖίο
556 1568 903 1679 ίξσῖθ-[θὲίξξπ
919 1571 985 1627 de
1001 1571 1281 1679 emptio.“
1298 1572 1834 1679 Εοοιθείδτυῐηρξίυεξδ
1940 1592 2286 1651 Simoniacus
2301 1568 2426 1665 iure
2445 1589 2668 1661 dicitur,
2702 1593 2793 1665 qui
2833 1594 3008 1666 pretio
3038 1568 3414 1665 corruptus'ef
3413 1594 3529 1651 ﬁcit

234 1666 292 1722 in
316 1664 447 1738 ipsis
490 1664 938 1723 ordinationibus
965 1664 1413 1736 comprehensas,
1454 1675 1510 1722 et
1538 1664 1669 1723 cum
1698 1667 1828 1739 ipsis

1938 1695 2000 1741 ut
2021 1686 2107 1741 alii
2135 1686 2204 1742 ab
2240 1685 2493 1758 episcopo
2523 1702 2719 1742 manus
2749 1686 3089 1758 imponatur,
3122 1695 3328 1759 quanto
3355 1689 3534 1761 magis

237 1776 338 1832 per
380 1759 637 1833 pecunias
675 1759 912 1817 obtineri
941 1759 1238 1832 prohibitas
1276 1768 1566 1817 noverunt.
1600 1764 1670 1817 Et
1698 1777 1827 1818 cum

1939 1780 2053 1848 ille,
2076 1780 2170 1853 qui
2208 1778 2315 1836 sibi
2333 1779 2432 1851 ipsi
2454 1780 2565 1835 tale
2587 1779 2828 1836 officium
2852 1781 3029 1853 pretio
3068 1780 3302 1852 acquirit
3323 1788 3383 1837 ut
3405 1759 3534 1838 sub-

239 1864 457 1926 emptas
484 1854 858 1911 ordinationes
881 1854 1221 1911 Simoniacas
1240 1862 1574 1928 reputarent,
1598 1856 1830 1929 emptio-

1940 1823 2053 1848 ...η
2077 1823 2170 1853 η...
2208 1823 2315 1836 ν.-.
2333 1823 2432 1851 Ὗ...
2460 1823 2564 1835 ,μω
2587 1823 2828 1836 ν...ν......
2852 1823 3028 1853 ,μων
3068 1823 3302 1852 .....,......
3326 1823 3383 1837 υ..
3405 1823 3530 1838 υμυη

1940 1874 2067 1930 ditis
2093 1889 2290 1930 manus
2310 1874 2595 1946 imponere
2620 1874 2825 1946 possit?
2847 1878 3042 1931 Petrus
3060 1874 3392 1932 Albauensis
3419 1875 3533 1946 epi-

235 1967 338 2011 nes
371 1950 721 2008 ecclesiarum
752 1951 939 2024 procul
968 1950 1137 2009 dubio
1166 1966 1279 2008 non
1314 1959 1668 2025 exceperunt,
1716 1951 1827 2009 imo

1937 1984 2137 2039 scapus
2167 1971 2373 2038 (1093),
2400 1967 2482 2023 vir
2507 1968 2661 2025 mirae
2690 1968 2996 2024 sanctitatis
3025 1974 3081 2025 et
3113 1968 3268 2037 ﬁdei,
3302 1972 3529 2025 Petrum

238 2063 345 2103 nec
365 2045 606 2118 excipere
626 2051 943 2118 potuerunt.

1940 2062 2264 2133 Papiensem
2302 2061 2513 2133 judicio
2539 2062 2679 2133 ignis
2717 2061 3087 2118 Simoniacum
3116 2077 3232 2118 esse
3260 2062 3529 2135 probavit,

309 2143 402 2198 IV.
456 2142 753 2211 Postquam
799 2146 985 2194 autem
1013 2137 1417 2195 commendatio
1466 2136 1723 2194 Ecclesiae
1752 2136 1822 2192 ab

1939 2171 2004 2211 eo
2035 2155 2183 2228 quod
2208 2155 2582 2211 investituram
2612 2163 2826 2211 tantum
2872 2155 3216 2226 episcopatus
3244 2171 3341 2226 per
3364 2171 3532 2226 pecu-

237 2238 353 2308 ipsa
384 2234 802 2291 consecratione
830 2234 1119 2290 ίηῖθῐιῖυω
1144 2232 1311 2304 εωρίῖ
1340 2232 1583 2304 separari
1613 2240 1672 2287 ιη
1701 2239 1827 2304 [’05t
1938 2249 2129 2304 niama
2159 2247 2295 2304 laico
2315 2249 2600 2319 acceperit.
2624 2248 2862 2320 Majores
2892 2248 3065 2305 nostri
3086 2248 3333 2320 synodali
3350 2253 3532 2317 (1094)

236 2330 475 2388 multum
535 2336 756 2402 tempus
804 2328 1078 2386 Ecclesiae
1122 2327 1464 2400 acquirerent
1491 2322 1825 2399 jamdudum

1932 2342 2141 2416 judicio
2162 2358 2262 2414 pro
2308 2342 2623 2399 Simoniaca
2680 2342 2875 2399 haeresi
2919 2341 3210 2413 deputasse
3273 2343 3532 2415 leguntur

237 2424 568 2494 consecrati,
599 2420 967 2482 necessarium
998 2419 1171 2494 (fuit),
1198 2429 1260 2477 ut
1294 2429 1349 2476 et
1365 2419 1585 2492 speciali
1624 2426 1829 2475 statuto
1939 2441 2111 2506 (caus,
2139 2442 2192 2504 ι,
2218 2453 2274 2508 q,
2303 2442 2354 2503 ι,
2375 2452 2424 2492 c,
2452 2441 2571 2504 105)
2594 2437 2640 2491 si
2670 2436 2788 2508 quis
2811 2435 3102 2507 pecuniam
3123 2435 3530 2508 progchrigma-

238 2517 627 2592 prohiberetur
654 2517 860 2590 emptio
890 2514 1280 2581 Ecclesiarum,
1314 2513 1459 2570 sicut
1492 2521 1548 2568 et
1584 2512 1829 2585 ipsarum

1937 2540 2016 2599 te,
2047 2531 2131 2586 vel
2156 2530 2455 2601 baptismo,
2472 2530 2563 2586 vel
2584 2530 2980 2586 communione
2992 2528 3151 2585 daret
3166 2529 3251 2586 vel
3271 2529 3532 2602 exigeret.

241 2613 749 2682 consecrationum,
788 2626 893 2667 nec
931 2625 1104 2667 unum
1143 2609 1349 2679 minus,
1398 2622 1565 2680 quam
1593 2606 1829 2663 alterum
1938 2626 1996 2683 Si
2036 2624 2206 2696 igitur
2232 2622 2350 2681 hac
2385 2622 2576 2679 omnia
2614 2622 2927 2680 δίωοηίαοθ
2951 2638 3071 2680 esse
3100 2638 3217 2679 non
3239 2638 3530 2695 negamus,

234 2705 592 2764 damnaretur
610 2714 673 2761 ut
691 2705 1086 2763 Simoniacum.
1114 2702 1223 2760 Sed
1260 2700 1698 2757 consecrationes
1735 2714 1832 2771 per
1938 2718 2132 2776 itidem
2170 2717 2239 2774 de
2262 2716 2538 2789 emptione
2564 2715 2932 2774 Ecclesiamm
2954 2716 3202 2788 judicam
3237 2732 3339 2773 cur
3368 2717 3532 2773 dubi.

233 2801 475 2873 pretium
501 2809 754 2872 acceptas
783 2799 883 2857 tibi
910 2805 1123 2855 constat
1146 2811 1264 2853 esse
1283 2793 1663 2862 Simoniacas;
1696 2791 1830 2848 mihi
1941 2813 2165 2869 tamus;

234 2904 425 2952 autem
446 2894 810 2952 nihilominus
830 2893 898 2949 de
912 2888 1479 2955 commendatione,id
1489 2897 1591 2955 est,
1610 2886 1679 2943 de
1698 2902 1829 2942 cura

231 2990 549 3046 animarum
577 2988 769 3045 itidem
795 2987 1030 3056 videtur,
1057 2987 1100 3043 si
1141 3002 1239 3058 per
1284 2983 1571 3057 pecuniam
1614 2980 1834 3037 obtine-

229 3092 345 3140 tur.
376 3087 517 3140 Nam
544 3082 737 3139 Simon
765 3084 983 3154 Magus,
1013 3089 1076 3136 ut
1116 3079 1310 3152 legitur
1338 3079 1399 3133 in
1432 3076 1662 3133 Actibus
1690 3089 1826 3147 apo-

226 3176 529 3246 stolorum,
551 3193 649 3249 per
675 3160 1238 3248 pecuniam'obtinere
1262 3171 1452 3239 voluit,
1478 3186 1593 3226 non
1620 3178 1680 3225 ut
1700 3184 1827 3241 apo-

232 3270 363 3328 stoli
391 3286 587 3328 manus
614 3270 663 3327 ei
705 3270 1073 3342 imponerent,
1111 3267 1207 3325 sed
1237 3276 1298 3323 ut
1317 3266 1431 3338 ipse
1460 3264 1580 3320 aliis
1630 3277 1831 3319 manus

226 3366 521 3438 imponere
548 3372 735 3439 posset
757 3366 898 3431 (Act.
938 3369 1099 3428 vm).
1128 3362 1228 3417 Cui
1259 3368 1443 3415 autem
1458 3358 1700 3414 Ecclesia
1720 3357 1833 3413 sive

228 3476 371 3517 cura
414 3459 729 3517 animarum
772 3457 1161 3524 committitur,
1185 3454 1362 3511 eidem
1383 3454 1554 3511 etiam
1594 3458 1835 3525 potestas

228 3569 435 3609 manus
464 3552 778 3626 imponendi
821 3566 981 3621 super
1026 3548 1469 3616 catechumenos,
1512 3559 1832 3617 energume-

225 3663 339 3705 nos
354 3647 468 3705 sive
479 3648 731 3703 inﬁrmos
745 3644 848 3703 sibi
865 3645 970 3701 sibi
989 3643 1318 3701 commissos
1338 3641 1676 3698 conceditur.
1699 3638 1833 3712 Quis

227 3758 368 3815 ergo
392 3742 498 3798 hoc
525 3741 905 3799 Simoniacum
933 3754 1049 3795 esse
1076 3736 1319 3810 negabit,
1346 3736 1393 3792 si
1424 3734 1543 3808 quis
1571 3734 1677 3790 tale
1713 3731 1832 3789 ofﬁ—

226 3836 412 3904 cium,
443 3850 539 3907 per
565 3835 862 3907 pecuniam
896 3832 1239 3889 obtinuerit?
1269 3833 1536 3887 Praeterea
1582 3827 1829 3884 ofﬁcium

225 3929 470 4000 ostiarii,
523 3928 750 3997 notarii,
795 3928 906 3984 sive
951 3926 1277 3993 defensoris,
1307 3924 1352 3982 si
1400 3939 1495 3997 per
1537 3922 1830 3994 pecuniam

2013 2929 2109 2985 Vl.
2146 2928 2282 2984 Haec
2308 2926 2430 2995 tibi,
2460 2924 2632 2982 frater
2678 2924 3021 2991 charissime,
3054 2924 3121 2980 ad
3142 2918 3414 2997 'prmsens,
3467 2934 3530 2982 ut

1939 3022 2113 3095 potui,
2150 3020 2283 3077 satis
2324 3019 2643 3076 festinanter
2677 3016 2892 3092 collegi.
2940 3020 3022 3074 Tu
3043 3026 3231 3074 autem
3260 3018 3391 3090 quid
3432 3018 3533 3075 tibi

1935 3116 2004 3174 de
2025 3116 2108 3173 his
2132 3115 2391 3172 omnibus
2415 3114 2687 3181 videatur,
2710 3113 2847 3170 mihi
2885 3113 3194 3184 rescribas;
3226 3112 3323 3169 sed
3350 3121 3407 3168 et
3444 3120 3530 3181 tu,

1859 3216 1903 3280 C
1937 3211 1980 3267 si
2033 3209 2167 3283 quid
2190 3209 2331 3265 forte
2357 3209 2425 3264 de
2474 3207 2735 3280 prmdicta
2765 3208 3050 3280 questione
3074 3206 3275 3263 certius
3303 3207 3529 3262 invene-

1939 3305 2035 3373 ris,
2066 3319 2277 3359 mecum
2305 3302 2718 3358 communicare
2762 3316 2877 3357 non
2918 3301 3180 3373 graveris.
3222 3300 3529 3356 Dominum

1945 3401 2249 3454 Metensem
2272 3396 2585 3468 episcopum
2610 3402 2769 3451 tuum
2790 3396 2995 3467 (1095),
3022 3396 3135 3450 imo
3159 3404 3435 3461 nostrum,
3467 3409 3534 3449 ex

1941 3506 2063 3547 mea
2092 3494 2246 3563 parte
2279 3488 2561 3546 humiliter
2584 3489 2776 3559 saluta,
2812 3490 3101 3561 ipsumque
3127 3497 3192 3545 ut
3219 3488 3288 3544 de
3308 3488 3409 3544 hac
3436 3496 3533 3543 tua

1941 3585 2268 3658 quaestione,
2329 3584 2374 3640 si
2414 3583 2519 3639 ista
2559 3598 2673 3639 non
2702 3581 3004 3652 sufﬁciunt,
3060 3583 3285 3655 cogitet,
3339 3581 3531 3637 invita.

1939 3679 2354 3752 Omnipotentis
2387 3678 2491 3734 Dei
2522 3676 2898 3733 misericordia
2946 3691 3164 3747 semper
3194 3691 3294 3732 vos
3326 3675 3534 3733 incolu-

1939 3789 2078 3842 mes,
2107 3774 2393 3844 nostrique
2431 3786 2708 3829 memores
2758 3771 2813 3827 in
2841 3785 2941 3827 suo
2970 3778 3158 3828 sancto
3185 3770 3407 3826 servitio
3439 3785 3533 3826 cu-

1936 3867 2164 3939 stodiat,
2193 3866 2404 3925 domini
2431 3874 2488 3924 et
2516 3868 2706 3923 Patres
2732 3864 2790 3922 in
2818 3863 3035 3922 Christo
3060 3863 3451 3921 amantissimi.

309 4090 494 4159 (1092)
520 4091 583 4145 In
616 4101 829 4145 canone
859 4086 1067 4144 Gelasii
1101 4099 1252 4141 caus.
1291 4090 1341 4151 t,
1373 4096 1425 4155 q.
1458 4089 1509 4151 1,
1540 4098 1588 4139 c.
1618 4088 1651 4138 6
1675 4081 1828 4138 nulla
1938 4097 2003 4159 ex
2022 4080 2278 4159 codicum
2296 4083 2623 4159 nostrorum
2663 4076 2790 4134 ﬁde.
2814 4076 3098 4159 IIfactusjs
3149 4075 3410 4159 deinceps
3431 4075 3530 4130 Al-

220 4148 628 4227 ostiarii,'etc.,
648 4161 713 4216 ﬁt
751 4160 989 4216 mentio.
1329 4148 1337 4151 “
1387 4148 1408 4155 ”
1497 4148 1505 4151 ⁷
1609 4228 1628 4230 _
1938 4152 2200 4230 banensis
2222 4150 2533 4230 e_pi_s_copus.
2553 4153 2785 4230 _De._quo
2810 4148 3212 4230 idem_adann.
3240 4154 3398 4230 1079.

307 4220 492 4301 (1093)
544 4220 641 4287 Est
668 4232 759 4287 hic
800 4230 893 4286 ille
928 4233 1139 4297 Petrus,
1161 4299 1169 4301 _
1191 4234 1559 4301 cognomento
1581 4228 1829 4301 _lgneus,
1932 4274 1938 4279 .
2010 4228 2190 4301 (1094)
2229 4220 2566 4301 Tijburiensi
2587 4220 2813 4301 scilicet,
2838 4220 2988 4301 quod
3020 4221 3369 4301 Hermannus
3389 4220 3532 4301 gon-

227 4289 420 4363 Vallisi
443 4289 742 4363 Umbrosae
784 4313 919 4359 tunc
958 4289 1296 4361 monachus“,
1327 4297 1395 4354 de
1424 4313 1534 4367 quo
1581 4289 1830 4351 Mabillol
1938 4304 2149 4351 tractus
2177 4293 2236 4347 in
2280 4292 2554 4367 Chronico
2584 4299 2639 4367 et
2676 4289 2872 4367 Pagius
2899 4292 2969 4347 ad
3010 4307 3135 4346 ann.
3174 4295 3312 4346 1035
3340 4289 3534 4360 refert,

224 4361 362 4434 nius
387 4376 443 4432 in
465 4361 590 4431 Vita
622 4376 678 4431 S.
703 4374 931 4431 Joannis
955 4371 1228 4428 Gualberti
1254 4374 1397 4439 (Act.
1421 4361 1515 4427 SS.
1557 4371 1689 4426 Scec.
1730 4369 1829 4436 VI,
1939 4366 2096 4437 cujus
2126 4374 2308 4439 tamen
2351 4362 2567 4419 decreta
2606 4361 3027 4439 interciderunt.

276 4431 482 4531 :u,p.
514 4448 927 4531 2830et_A“1mc-z'l.
960 4431 1353 4531 μετιοᾴητξίν,
1389 4458 1441 4512 p.
1482 4447 1564 4531 ιι).
1594 4431 1825 4531 Facturi}
1858 4495 1907 4531 ῃ
2002 4431 2196 4506 ’(1095)
2228 4436 2614 4501 Hermannum
2642 4431 2912 4488 videlicet.
2946 4431 3071 4487 Vid.
3105 4432 3163 4486 in
3187 4433 3423 4488 monito.

273 4495 1404 4578 saeuas;gratissiiitoms'cmos:
1430 4495 1653 4569 ad’ann.
1689 4517 1821 4567 1067
1857 4495 1907 4558 D
1951 4570 1959 4577 ,

1998 4677 2115 4687 ~—

1427 4810 2381 4937 BERNALDI

500 5032 645 5088 PRO
678 5028 1097 5087 GEBHARDO
1157 5025 1499 5081 EPISCOPO
1534 5019 2101 5079 CONSTANTIENSI
2158 5018 2517 5075 ECCLESUE
2556 5016 2628 5071 ΙΝ
2667 5017 2926 5073 LOCUM
2964 5016 3279 5073 OTTONIS

911 5116 1443 5173 EXAUCTORATI
1482 5110 1880 5208 PREFIECTO
1915 5108 2264 5167 EPISTOLA
2302 5106 2852 5165 APOLOGETICA.

1590 5255 1745 5322 (Post
1762 5266 1973 5308 annum
2011 5254 2195 5317 1088.)

1706 5520 2089 5587 MONITUM.

307 5674 434 5756 J‘am
457 5687 623 5756 supra
653 5672 1010 5744 produximus
1031 5670 1361 5753 decretalem
1390 5669 1638 5740 Gregorii
1669 5671 1768 5725 VII
1811 5666 2096 5796 epistolam
2134 5663 2204 5721 ad
2232 5666 2496 5748 ottonem
2541 5662 3016 5745 Constantiensem
3058 5656 3382 5733 episcopum
3386 5672 3534 5785 ﬂipso

307 5744 566 5796 mniendls
588 5748 858 5796 Romamn
885 5742 1085 5796 svnodi
1108 5741 1344 5796 decretis
1368 5758 1382 5795 :
1405 5743 1605 5796 auibus
1621 5756 1751 5796 cum
1774 5755 1833 5795 re
1860 5745 2160 5796 racaretur.
2192 5746 2390 5793 acriter
2410 5750 2653 5796 primum
2678 5736 3020 5796 objurgatus.
3041 5741 3228 5796 postea
3257 5732 3325 5789 ab
3349 5747 3382 5786 ο
3451 5744 3534 5784 cro

213 5732 566 5817 reeipiendis
588 5732 858 5828 Romanis
883 5742 1089 5828 synodi
1108 5741 1344 5828 decretis
1368 5758 1382 5795 :
1405 5732 1605 5824 quibus
1621 5756 1751 5828 cum
1774 5732 2181 5828 refragaretur,L
2192 5735 2390 5828 acriter
2410 5738 2653 5828 primum
2678 5734 3020 5817 obiurgatus,
3041 5741 3235 5828 postea
3257 5732 3537 5828 abjogcio

222 5802 545 5888 suspensus
571 5824 674 5888 est,
724 5802 1011 5873 interdicta
1040 5814 1165 5888 ejus
1195 5802 1520 5888 dicacesa'nis
1556 5810 1862 5888 praestanda
1909 5802 2099 5888 cidem
2119 5802 2446 5888 obedientia,
2486 5815 2564 5888 ut‘
2586 5802 3128 5888 su_pe_rius'opusculo
3159 5807 3235 5888 Y1
3277 5802 3530 5888 vidimus.

235 5872 468 5947 Ultimo
493 5872 716 5946 tandem
753 5896 937 5959 aperte
954 5872 1502 5959 jam'schismaticum
1523 5872 1865 5939 anathemate
1894 5881 2147 5954 perculit,
2177 5888 2235 5938 et
2259 5872 2609 5938 exauctorato
2632 5872 2990 5936 Gebhardum
3022 5876 3140 5948 ejus
3172 5876 3287 5931 loco
3327 5872 3543 5945 episco-
