4062 6182
506 286 645 343 1239

1507 278 1599 333 ΑΙ)
1636 275 1864 334 OPERA
1901 273 1963 331 S.
1998 270 2317 330 GBEGORII
2352 267 2791 328 APPENDICES.

3658 273 3801 328 1240

507 427 638 483 pum
661 406 956 475 constituit,
989 403 1070 483 uti
1087 404 1155 460 ad
1182 402 1350 483 ﬁnem
1391 402 1517 483 anni
1541 407 1679 483 108:1
1701 408 1889 483 narrat
1916 397 2220 483 berpoldus
2255 397 2309 453 in
2328 394 2615 483 Chronico.
2648 394 2937 483 Displicuit
2957 394 3148 483 multis
3173 394 3292 483 haec
3314 393 3614 483 ordinatio,
3635 413 3803 483 quam

507 467 696 540 contra
739 467 955 536 eorum'
976 476 1405 533 obtrectationes
1448 474 1555 531 hac
1580 474 1801 547 epistola
1850 469 2255 529 defendendam
2300 469 2539 542 suscepit
2564 467 2883 537 Bernaldus,
2904 468 3049 525 unde
3069 467 3502 527 Constantiensis

506 556 615 612 lata
644 552 942 623 plurimum
967 549 1329 605 illustrantur.

578 727 1062 789 Reverendissimo
1086 725 1378 794 sacerdoti,
1427 741 1492 781 ac
1538 723 1898 782 dilectissimo
1944 722 2096 777 Patri
2124 726 2180 789 Α
2279 722 2379 776 Ill.
2404 722 2546 792 Ergo
2576 734 2693 775 non
2712 725 2903 775 contra
2927 732 3189 789 canones,
3219 717 3312 776 sed
3338 720 3494 792 juxta
3516 720 3813 777 canonica

512 829 585 882 Β.
628 827 808 891 (1096)
840 825 905 877 Β.
937 821 1055 877 solo
1102 820 1334 875 nomine
1366 818 1651 893 presbyter
1690 834 1805 874 non
1832 816 2101 885 moribus,

512 936 626 976 sua:
657 917 1049 989 qualiscunque
1078 913 1347 970 orationis
1375 910 1783 969 certitudinem.

584 1016 626 1068 ι.
654 1010 876 1070 Jamdiu
915 1016 1020 1080 est,
1069 1011 1231 1064 Pater
1259 1006 1657 1075 amantissime,
1700 1021 1765 1061 ex
1818 1019 1927 1076 quo
1965 1002 2102 1058 mihi

517 1104 902 1179 conquerenda
940 1102 1167 1159 retulisti
1206 1100 1616 1158 oblocutionem
1645 1098 2013 1171 quorumdam
2038 1097 2106 1154 de

517 1199 860 1257 ordinatione
896 1196 1102 1252 domini
1141 1196 1313 1251 nostri
1334 1192 1769 1250 Constantiensis
1835 1191 2104 1263 episcOpi,

517 1309 717 1364 meque
742 1292 843 1347 tibi
869 1290 1137 1347 rationem
1174 1297 1366 1345 contra
1403 1302 1594 1343 eorum
1626 1284 1998 1358 objectionem
2023 1299 2111 1339 re-

521 1384 808 1443 scribendo
849 1382 1194 1455 suppeditare
1234 1381 1460 1454 rogasti.
1502 1379 1611 1436 Sed
1652 1378 1779 1452 quia
1834 1386 1967 1433 tunc
2008 1393 2109 1449 pro

519 1489 771 1553 tempore
796 1478 1013 1535 brevius
1046 1475 1296 1548 respondi
1332 1480 1521 1543 (1097)
1546 1488 1713 1547 quam
1732 1488 1819 1528 res
1842 1473 2103 1544 exigeret,

522 1570 723 1625 iterum
750 1568 870 1635 tibi,
899 1567 1011 1622 imo
1043 1582 1140 1638 per
1165 1573 1221 1622 te
1248 1564 1359 1621 illis
1384 1563 1457 1620 de
1480 1562 1673 1620 eadem
1703 1576 1869 1618 causa
1895 1560 2110 1633 plenius

522 1661 835 1719 satisfacere
876 1676 989 1717 non
1035 1660 1198 1733 piget.

594 1758 667 1812 II.
714 1758 779 1810 In
817 1754 1005 1827 primis
1045 1754 1213 1826 igitur
1255 1753 1402 1821 volo,
1458 1757 1521 1808 ut
1554 1750 1627 1807 illi
1671 1748 1844 1806 nostri
1892 1748 2112 1804 oblocu-

521 1859 672 1907 tores
709 1865 934 1906 causam
963 1847 1251 1920 diligenter
1297 1846 1642 1918 investigent,
1681 1852 1737 1900 et
1778 1843 2113 1898 intellectam

519 1944 675 2017 juxta
722 1950 924 1999 statuta
963 1943 1054 2000 SS.
1106 1943 1331 1997 Patrum
1374 1939 1610 1995 ﬁdeliter
1656 1937 1974 1993 examinare
2001 1943 2117 1991 stu-

522 2037 694 2094 deant
757 2057 773 2093 :
840 2045 898 2092 et
941 2044 1074 2091 tunc
1138 2033 1389 2100 demum,
1429 2034 1472 2089 si
1541 2030 1677 2105 quid
1721 2030 1776 2085 in
1844 2045 1916 2085 ea
1952 2029 2119 2086 sacris

2216 814 2528 871 sanctiones
2564 821 2753 869 noster
2781 813 3090 885 episcopus,
3132 814 3332 869 Ottone
3358 814 3639 886 deposito,
3683 815 3811 869 licet

2216 907 2396 965 adhuc
2422 908 2566 977 vivo,
2596 905 2965 964 substituitur.
2998 909 3175 978 Quam
3207 907 3466 964 canonice
3508 916 3701 966 autem
3733 907 3813 964 vel

2217 1018 2319 1075 pro
2368 1001 2564 1073 quibus
2592 1001 2770 1058 causis
2834 1002 2965 1058 Otto
3019 1009 3342 1074 perpetuam
3386 1000 3813 1058 damnationem

2220 1095 2470 1164 subierit,
2517 1102 2581 1151 ut
2603 1103 2658 1151 et
2684 1103 2874 1151 noster
2902 1095 3191 1167 episcopus
3231 1095 3494 1151 canonice
3520 1094 3566 1150 ei
3625 1110 3818 1151 succe-

2219 1189 2347 1245 dere
2374 1190 2633 1261 potuerit,
2665 1188 2875 1261 plenius
2900 1197 2955 1244 et
2990 1204 3088 1260 per
3107 1187 3353 1245 ordinem
3376 1188 3625 1260 digerere
3652 1188 3815 1255 libet,

2220 1291 2493 1357 quatenus
2543 1282 2650 1338 illis
2691 1282 2894 1339 nostris
2944 1281 3356 1338 oblocutoribus
3380 1282 3527 1338 nulla
3553 1282 3822 1353 deinceps

2217 1376 2485 1434 dubitatio
2517 1376 2777 1449 subrepat
2802 1376 2884 1432 vel
2915 1376 2983 1434 de
3010 1375 3151 1431 illius
3179 1375 3553 1433 irretractabili
3581 1375 3822 1433 damna-

2218 1471 2390 1538 tione,
2422 1470 2502 1526 vel
2536 1470 2604 1528 de
2633 1470 2791 1525 istius
2815 1469 3079 1525 canonica
3108 1468 3523 1542 subrogatione.

2292 1566 2387 1622 IV.
2428 1566 2591 1619 Anno
2624 1562 2929 1620 Dominicaa
2976 1563 3375 1619 lncarnationis
3435 1567 3572 1619 1076
3603 1568 3818 1632 (1100),

2224 1644 2415 1714 iudict.
2467 1672 2573 1726 xv,
2610 1658 2668 1713 in
2718 1657 2899 1728 prima
2950 1655 3295 1713 heddomada
3340 1656 3815 1728 Quadragesimae,

2226 1746 2525 1818 Gregorius
2549 1762 2684 1817 papa
2697 1746 2795 1800 VII
2812 1744 3051 1818 generali
3067 1746 3278 1818 synodo
3301 1749 3496 1802 Romae
3513 1747 3567 1800 in
3591 1747 3821 1802 ecclesia

2224 1839 2520 1896 Salvatoris
2548 1838 2863 1910 praesidens,
2892 1840 3159 1894 Ottonem
3192 1840 3673 1897 Constantiensem
3708 1842 3823 1913 epi.

2225 1950 2453 2008 scopum
2476 1932 2719 2008 synodali
2736 1934 2947 2007 judicio
2973 1933 3158 1990 ofﬁcio
3193 1942 3249 1989 et
3275 1935 3673 1995 communione
3702 1938 3817 2010 pri-

2227 2030 2387 2098 vavit,
2421 2044 2487 2084 eo
2512 2027 2660 2101 quod
2692 2029 2806 2099 ipse
2831 2044 2957 2084 cum
2994 2027 3212 2102 reliquis
3237 2027 3599 2085 schismaticis
3627 2038 3821 2086 contra

526 2129 829 2186 canonibus
911 2128 1202 2183 adversum
1256 2126 1649 2198 perspexerint,
1703 2123 1965 2180 canonice
2035 2139 2117 2179 re-
2153 2092 2201 2153 B
2225 2122 2582 2195 apostolicam
2641 2121 2831 2178 sedem
2890 2122 3229 2193 conspirasse
3292 2122 3469 2179 missis
3529 2123 3725 2179 litteris
3770 2133 3827 2181 et

527 2222 890 2296 prehendant,
922 2221 967 2277 si
1010 2219 1237 2292 possint.
1280 2222 1379 2275 Est
1429 2227 1617 2274 autem
1666 2233 1883 2273 summa
1924 2232 2116 2272 eorum

527 2315 794 2386 obloquii,
856 2321 920 2369 ut
962 2312 1219 2381 retulisti,
1276 2311 1426 2385 quod
1482 2310 1737 2368 dominus
1778 2318 1967 2365 noster
2014 2311 2121 2366 Ge-

527 2406 771 2465 bhardus
816 2422 935 2463 esse
962 2422 1075 2463 non
1116 2405 1305 2478 possit,
1351 2420 1418 2461 eo
1466 2403 1615 2476 quod
1650 2404 1979 2460 antecessori
2020 2419 2119 2459 suo

526 2500 716 2559 Ottoni
765 2499 950 2557 adhuc
1016 2499 1139 2554 vivo
1177 2498 1509 2570 subrogatus
1578 2496 1766 2553 fuerit.
1820 2496 1931 2553 Sed
1978 2496 2117 2551 sacri

527 2610 767 2651 canones
794 2592 1109 2666 hujusmodi
1134 2591 1599 2665 subrogationem,
1621 2590 1872 2648 videlicet
1899 2598 1961 2647 ut
1981 2590 2123 2647 alius

529 2687 752 2745 cuilibet
794 2687 1045 2758 deposito
1069 2686 1421 2759 subrogetur,
1448 2685 1748 2757 saepissime
1797 2685 1955 2740 nobis
1984 2700 2122 2756 pra:-

530 2781 793 2850 scribunt,
824 2794 1052 2851 eamque
1079 2779 1379 2852 legitimam
1409 2795 1528 2836 esse
1554 2786 1717 2851 atque
1744 2778 2119 2835 authenticam

530 2876 735 2949 absque
765 2874 920 2930 omni
966 2873 1398 2930 contradictione
1453 2872 1811 2929 constituunt.
1862 2873 1951 2930 Sic
1980 2872 2119 2928 item

528 2977 778 3027 sanctum
809 2966 1477 3037 Constantinopolitanum
1511 2967 1827 3035 concilium,
1868 2982 2024 3036 aeque
2062 2974 2124 3022 ut

530 3063 883 3136 Evangelium
938 3064 999 3116 B.
1052 3060 1320 3132 Gregorio
1378 3068 1667 3116 attestante
1721 3058 2118 3131 venerandum,

529 3156 773 3214 Maximo
828 3154 1439 3225 Constantinopolitano
1488 3152 1817 3224 patriarchae
1873 3153 2124 3224 deposito

533 3253 597 3307 Β.
635 3247 955 3309 Nectarium
983 3247 1319 3320 subrogavit.
1364 3245 1567 3303 Itidem
1597 3254 1848 3303 sanctum
1896 3246 2125 3304 Chalce-

532 3344 779 3401 donense
800 3341 1117 3409 concilium,
1143 3340 1331 3397 itidem
1349 3340 1641 3413 Evangelia
1664 3340 2118 3412 comparandum,

535 3439 803 3494 Dioscoro
830 3434 1197 3493 Alexandrino
1224 3434 1550 3507 patriarcha:
1568 3433 1827 3490 damnato
1852 3436 1908 3491 S.
1938 3436 2125 3490 Prote-

532 3530 952 3600 rium,decrevit
988 3527 1437 3586 substituendum
1467 3533 1666 3594 (1098).
1698 3526 1802 3585 Sic.
1825 3529 1885 3583 Β.
1910 3528 2125 3599 Grego-

532 3624 645 3681 rius
663 3625 719 3679 in
750 3624 1005 3695 Registro
1031 3638 1129 3678 suo
1156 3622 1343 3678 multis
1371 3621 1631 3692 depositis
1667 3622 1804 3677 alios
1828 3622 2126 3694 subrogare

535 3717 812 3789 praecepit.
860 3716 947 3770 Sic
977 3715 1306 3771 Hincmarus
1352 3718 1653 3771 Remorum
1693 3714 2127 3787 archiepiscopus

538 3808 750 3866 Ebboni
781 3808 1027 3879 deposito
1053 3806 1419 3864 substituitur.
1464 3808 1552 3864 Sic
1580 3816 1635 3863 et
1682 3808 1740 3863 in
1768 3817 1959 3864 nostro
1983 3817 2126 3864 tem-

539 3917 671 3974 pore
720 3900 1038 3956 Ruobertus
1088 3901 1546 3985 Babinbergensis
1594 3902 1881 3972 episcopus
1932 3904 2127 3976 (1099)

540 3999 864 4052 Hermanno
897 3993 1157 4049 damnato
1199 3992 1559 4065 subrogatur.

614 4122 791 4186 (1096)
823 4123 909 4175 An
938 4116 1113 4173 littera
1150 4115 1374 4189 initialis
1402 4119 1474 4172 It.
1503 4116 1701 4189 iudicet
1753 4117 2129 4189 Recchonem,

541 4191 614 4247 ad
644 4206 809 4260 quem
839 4199 968 4245 sunt
1002 4188 1380 4261 suprarelata
1408 4188 1667 4245 Bernaldi
1695 4190 1986 4261 _epistolaa,
2019 4202 2135 4248 sta-

540 4271 692 4391 :luere
742 4262 937 4329 nolim,
969 4260 1221 4333 quamvis
1258 4259 1313 4316 id
1338 4276 1465 4317 vero
1510 4259 1816 4317 admodum
1853 4263 2029 4320 simile
2055 4265 2132 4320 vi-

582 4341 754 4389 eatur.

582 4341 754 4389 eatur.

614 4408 801 4487 (109])
824 4403 1078 4487 Peperiit
1100 4402 1775 4487 hocbrevgresponsum.

612 4480 796 4542 (1098)
824 4476 909 4529 Ita
949 4483 1004 4528 et
1034 4475 1319 4546 Evagrius,
1350 4475 1601 4531 Fleurius
1630 4492 1757 4531 vero
1800 4477 1951 4533 Hist.
1970 4478 2116 4533 Eccl.

544 4548 578 4600 l.
616 4562 840 4611 xxvm,
866 4549 1015 4620 535,
1041 4545 1483 4620 subrogationem
1511 4547 1744 4620 Proterii
1767 4557 2000 4620 quatuor
2020 4558 2138 4605 tan-

543 4625 662 4671 tum
692 4617 983 4687 episcopis,
1012 4634 1126 4672 non
1156 4617 1256 4673 toti
1287 4618 1519 4674 concilio
1545 4618 1754 4673 tribuit.

614 4687 808 4811 (10992)
832 4691 1182 4770 Hermannus
1207 4689 1430 4811 guidem
1477 4706 1508 4745 a
1541 4689 1810 4761 Gregorio
1854 4692 1957 4746 VII
2002 4706 2133 4747 ann.

616 4763 685 4811 65
736 4774 770 4811 0
854 4760 1157 4811 Slmomam
1247 4762 1490 4811 enositus
1537 4770 1638 4811 est.
1672 4761 1825 4811 einue
1854 4764 2133 4811 Rnnertns

543 4761 808 4834 10§5_ob
854 4761 1157 4815 Simoniam
1207 4761 1490 4832 depositus
1537 4770 1638 4834 est,
1672 4761 1825 4834 eique
1854 4764 2133 4834 Rupertus

543 4829 902 4906 substitutus,
933 4845 1043 4885 non
1072 4839 1257 4906 tamen
1280 4829 1314 4886 a
1338 4848 1497 4904 papa,
1526 4833 1623 4889 sed
1651 4849 1681 4889 a
1713 4829 1839 4906 rege
1892 4829 2132 4891 Henrico

544 4900 827 4988 obtrusus,
857 4916 996 4972 pene
1019 4903 1321 4988 oznpi'glero
1411 4900 1637 4988 ᾖοθρυνιιρ-1
1677 4900 1945 4988 ingratus,
1973 4914 2034 4988 ut
2063 4906 2133 4963 ad

541 4972 699 5028 illum
730 4988 934 5027 annum
954 4974 1137 5029 scribit
1160 4972 1462 5031 Bernoldus
1480 4972 1538 5030 in
1569 4972 1838 5033 Chronico
1867 4972 2130 5034 auctiore.

612 5048 808 5120 (tl00)_
827 5049 960 5120 Acta
991 5044 1155 5120 hujus
1188 5046 1400 5120 concilii
1423 5048 1744 5120 Romaniin
1769 5048 2133 5120 Quadragesi-

542 5131 637 5171 ma
678 5114 936 5171 celebrati
1008 5114 1127 5173 fuse
1172 5116 1430 5173 describit
1484 5114 1815 5175 Bernoldus'
1833 5114 2048 5175 auctior
2076 5121 2131 5175 in

541 5187 834 5260 Chronico,
883 5186 963 5242 uti
1016 5196 1068 5242 et
1121 5189 1484 5260 praecedentis
1521 5189 1610 5245 die
1665 5193 1733 5246 23
1785 5191 2033 5247 Januarii
2063 5192 2129 5248 ab

540 5259 781 5332 Henrico
808 5273 963 5332 grege
1016 5267 1069 5315 et
1098 5259 1364 5332 episcopis
1410 5260 1771 5317 schismaticis
1797 5262 2130 5319 Wormatiae

542 5328 733 5413 habiti,
767 5329 859 5385 ubi
888 5328 1190 5413 temerarie
1202 5328 1357 5413 .au'su
1386 5332 1717 5413 Gregorium
1734 5348 1772 5413 .a
1804 5332 2127 5413 pontiﬁcatu

538 5398 836 5477 deponere,
863 5400 1023 5477 eique
1053 5400 1429 5477 obedientiam
1453 5398 1619 5477 etiam
1641 5398 1844 5474 scripto
1861 5404 2129 5477 denegare

538 5472 1045 5551 attentarunt._Hos
1069 5473 1213 5551 inter
1241 5482 1295 5551 et
1320 5474 1461 5551 Qttg
1483 5472 1572 5551 hic
1610 5482 1727 5530 erat
1749 5472 1901 5551 papae
1923 5476 1993 5551 o_b
2004 5472 2126 5548 pri-

539 5543 1156 5615 vationemepiscopalis
1179 5545 1267 5601 sui
1295 5543 1462 5601 ofﬁcii
1486 5543 1762 5602 infensusf
1785 5543 1906 5604 Hoc
1928 5547 1998 5604 de
2016 5543 2124 5604 'ex-

536 5612 1046 5695 communicatione
1072 5616 1345 5688 accepisse
1366 5616 1582 5695 videtur
1614 5618 1962 5695 Lambertus,
1986 5622 2125 5695 _dum

538 5682 606 5764 de
632 5682 740 5739 hac
759 5682 895 5764 _ipsa
936 5682 1430 5764 Romana’synodo
1467 5704 1634 5761 agens
1665 5693 1926 5764 Ottonem
1944 5682 1958 5690 ’
1980 5692 2126 5748 inter

536 5754 674 5837 illos
687 5754 878 5837 refert,
910 5756 1005 5827 qui
1018 5757 1147 5837 jam
1173 5754 1393 5837 pwjdem
1412 5775 1463 5837 _a_
1484 5754 1634 5837 papa
1651 5760 1779 5837 sint
1798 5777 2124 5837 excommu-

534 5830 700 5881 nicati
719 5830 1211 5899 ;majoremtamen
1231 5830 1505 5887 Bernaldo
1529 5830 1784 5906 scriptori
1810 5831 2121 5890 domestico

854 4758 1157 4815 Simoniam

2227 2216 2443 2290 propria
2468 2215 2869 2288 subscriptione
2896 2213 3354 2271 manifestaverit.
3383 2218 3445 2271 In
3473 2233 3586 2290 qua
3614 2219 3830 2290 conSpi-

2228 2311 2444 2367 ratione
2474 2309 2620 2366 idem
2657 2310 2770 2381 ipse
2799 2310 2975 2365 multo
3006 2309 3267 2366 audacius
3294 2310 3516 2382 reliquis
3541 2313 3829 2384 conspira-

2229 2405 2440 2461 toribus
2470 2412 2659 2459 contra
2684 2406 3003 2460 Romanum
3036 2403 3353 2476 pontiﬁcem
3371 2404 3649 2473 insanivit,
3680 2422 3831 2462 eum-

2229 2515 2335 2571 que
2365 2497 2511 2571 apud
2534 2498 2855 2554 saecularem
2886 2498 3190 2569 principem
3223 2498 3440 2570 speciali
3474 2502 3834 2556 accusatione

2228 2592 2624 2649 contumaciter
2665 2591 2931 2663 impetere
2960 2593 3329 2663 praesumpsit,
3372 2589 3635 2648 videlicet
3662 2610 3835 2651 accu-

2227 2701 2354 2744 sans
2382 2700 2515 2741 eum
2543 2684 2692 2757 quod
2722 2684 3017 2757 episcopali
3061 2700 3191 2741 eum
3240 2685 3453 2742 honore
3498 2689 3828 2758 privaverit,

2228 2795 2293 2837 eo
2322 2777 2470 2851 quod
2509 2778 2672 2835 laicos
2718 2778 3111 2835 damnatorum
3163 2777 3339 2835 ofﬁcia
3378 2780 3835 2852 presbyterorum

2226 2874 2469 2946 recipere
2500 2872 2582 2929 vel
2608 2872 2683 2928 eis
2712 2871 2934 2929 obedire
2962 2870 3309 2944 prohibuerit
3332 2877 3532 2940 (1101).

2302 2969 2367 3024 V.
2401 2966 2673 3022 Dominus
2696 2977 2881 3022 tamen
2901 2982 3038 3038 papa
3062 2966 3241 3022 multo
3270 2966 3683 3025 misericordius
3702 2985 3836 3026 eum

2231 3061 2484 3118 tractavit
2532 3076 2698 3131 quam
2761 3059 3028 3115 meruerit
3068 3079 3085 3117 :
3136 3075 3265 3116 nam
3313 3061 3485 3117 misso
3526 3064 3837 3121 venerabili

2232 3155 2530 3211 Altmanno
2553 3152 2863 3209 Pataviensi
2885 3153 3140 3226 episcopo
3170 3153 3350 3210 eidem
3387 3154 3443 3210 in
3466 3155 3839 3228 subsequenti

2232 3256 2499 3304 autumno
2524 3246 2668 3319 apud
2687 3249 2916 3304 Ulmam
2949 3252 3132 3315 (1102)
3169 3247 3269 3304 sub
3299 3250 3592 3320 praesentia
3621 3253 3841 3308 multo-

2231 3358 2358 3398 rum
2396 3341 2845 3398 communionem
2870 3340 3047 3397 solam
3070 3340 3273 3414 absque
3313 3341 3502 3399 ofﬁcio
3542 3343 3833 3401 reddidit:

2233 3435 2378 3508 quod
2415 3443 2605 3491 tamen
2652 3434 2741 3491 ille
2785 3443 2976 3491 contra
3022 3444 3358 3507 praeceptum
3412 3435 3622 3493 domini
3670 3454 3834 3510 papae

2234 3546 2405 3602 usque
2432 3528 2503 3585 ad
2527 3529 2695 3585 ﬁnem
2720 3529 2849 3586 vitae
2868 3544 2982 3586 sum
3004 3545 3117 3585 non
3128 3530 3358 3586 cessavit
3378 3546 3665 3601 usurpare.
3685 3535 3835 3588 Nam

2234 3622 2497 3679 dominus
2517 3640 2656 3695 papa
2680 3618 2971 3695 ﬁunquam
2998 3631 3185 3695 postea
3212 3624 3259 3679 ei
3288 3621 3534 3680 ofﬁcium
3560 3624 3835 3693 reddidit,

2235 3717 2377 3773 sicut
2427 3717 2544 3789 ipse
2576 3732 2736 3788 papa
2787 3717 3205 3789 quampluribus
3246 3717 3375 3775 inde
3428 3718 3839 3776 sciscitantibus

2234 3810 2453 3882 saapisse
2526 3810 2716 3867 retulit
2766 3818 2978 3881 postea.
3048 3809 3134 3868 Ad
3184 3811 3303 3868 haec
3369 3809 3516 3867 idem
3574 3813 3701 3868 ato
3755 3813 3836 3869 Si-

2235 3903 2505 3960 moniacis
2532 3911 2585 3959 et
2634 3904 3102 3971 incontinentibus
3147 3904 3483 3977 presbyteris
3521 3913 3722 3964 contra
3750 3923 3838 3980 sy-

2239 3996 2437 4054 nodale
2485 3996 2771 4054 decretum
2819 3997 3033 4054 domini
3103 3998 3409 4070 apostolici,
3472 3999 3588 4056 imo
3630 4009 3835 4057 contra

2240 4121 2415 4193 ﬁdem
2455 4121 2776 4189 tribuimus,
2825 4121 2918 4193 qui
2944 4121 3109 4193 inter
3156 4122 3552 4192 praecedentem
3585 4121 3835 4193 decretis

2240 4194 2352 4266 suis
2388 4192 2713 4266 denegatam
2762 4192 3207 4259 inobedientiam,
3258 4194 3329 4249 ob
3376 4210 3538 4266 quam
3576 4192 3836 4264 privatus

2243 4265 2423 4337 priore
2470 4281 2612 4320 anno
2669 4264 2867 4337 fuerat,
2920 4273 2975 4320 et
3011 4264 3471 4337 conspirationem
3524 4266 3619 4321 hoc
3640 4279 3838 4335 anno,

2239 4335 2388 4464 Emitte
2451 4337 2676 4463 intsuper
2723 4335 3060 4392 anathemati
3117 4335 3395 4409 subjectus
3449 4345 3558 4404 est,
3616 4337 3844 4407 optime

2279 4423 2322 4462 IS
2349 4423 2491 4464 ωεωι
2522 4450 2535 4463 .

2279 4408 2535 4463 ἰεῐίηεωὶῐ.

2315 4424 2634 4547 ῗὶῗξῗῗᾙὶο
2675 4478 2859 4549 aliqua
2915 4478 3327 4549 desiderantur;
3359 4478 3636 4549 ex_citatis
3668 4480 3844 4536 enim

2245 4545 2493 4622 Gregorii
2516 4558 2633 4622 tam
2648 4550 2717 4605 ad
2745 4545 3009 4607 Ottonem
3032 4566 3198 4621 quam
3227 4551 3295 4607 ad
3314 4545 3616 4622 subjectos,
3638 4550 3846 4622 eidem

2246 4620 2491 4694 epistolis
2534 4621 2664 4678 satis
2713 4630 2925 4694 constat
2972 4620 3126 4677 illum
3174 4620 3454 4694 propterea
3509 4620 3695 4694 ofﬁcit)
3736 4638 3848 4678 suo

2244 4692 2409 4749 fuisse
2438 4702 2678 4764 motum,
2714 4694 2861 4765 quod
2891 4693 3105 4749 decreta
3138 4691 3330 4765 synodi
3362 4697 3623 4765 Romana
3644 4691 3727 4765 de
3764 4694 3851 4749 in-

2247 4763 2666 4837 continentibus
2710 4763 3034 4837 presbyteris
3079 4763 3384 4836 eorumque
3436 4763 3628 4820 ofﬁciis
3655 4764 3849 4837 _haud

2246 4835 2572 4907 recipiendis
2625 4834 3045 4907 contempserit;
3092 4834 3315 4892 minime
3360 4851 3488 4891 vero
3528 4834 3679 4907 quod
3722 4836 3851 4907 ipse

2245 4906 2377 4964 Otto
2394 4908 2520 4963 talia
2540 4906 2879 4980 prohibuerit
2922 4926 2934 4980 ς
2960 4922 3084 4978 quae
3101 4907 3239 4964 adeo
3253 4907 3341 4963 hic
3356 4906 3650 4980 supplenda
3674 4906 3846 4963 sunt.

2316 4981 2497 5047 (1102)
2526 4977 2877 5049 Concordant
2922 4977 3040 5035 haec
3072 4994 3199 5034 cum
3248 4979 3353 5034 illis
3377 4977 3501 5049 quae
3526 4977 3667 5049 idem
3698 4980 3850 5034 Ber-

2242 5051 2437 5123 naldus
2466 5051 2680 5123 auctior
2701 5048 2772 5105 ad
2799 5065 2926 5105 ann.
2977 5054 3135 5123 71076,
3168 5066 3331 5123 supra
3372 5047 3423 5123 [ἱ.
3460 5055 3525 5105 37
3564 5047 3747 5104 refert
3776 5050 3852 5108 de

2242 5120 2509 5193 episcOpis
2537 5121 2589 5176 iu
2609 5128 2885 5193 conventu,
2900 5120 3350 5192 Triburiensi'per
3375 5120 3584 5193 legatos
3609 5129 3851 5190 aposto-

2238 5191 2371 5249 licos
2390 5191 2767 5257 reconciliatis,
2785 5191 2889 5264 ubi
2912 5195 3117 5264 pariter
3143 5191 3407 5264 rOttOnem
3437 5191 3849 5249 'Constantien-

2237 5278 2355 5337 sem
2386 5266 2549 5321 Ulma:
2578 5263 2993 5319 reconciliatum
3026 5263 3238 5331 scribit,
3274 5280 3373 5336 pro
3398 5280 3509 5337 quo
3532 5264 3851 5337 _Hansizius

2236 5335 2296 5406 (t.
2334 5337 2377 5389 Ι.
2419 5338 2575 5408 Germ
2612 5337 2790 5403 Sacr.,
2835 5350 2890 5406 p.
2920 5338 3074 5408 r264),
3112 5335 3571 5408 perperam'legit
3618 5336 3849 5390 ultimo.

2235 5408 2446 5479 Revera
2492 5406 2639 5479 enim
2676 5406 3303 5479 Ulmensisprin’cipum
3336 5406 3646 5479 conventus
3696 5421 3847 5477 pm

2235 5477 2395 5533 cessit
2416 5478 2764 5534 Triburiense
2811 5478 3129 5546 concilium,
3172 5476 3251 5533 'ut
3285 5476 3358 5533 ad
3404 5480 3559 5534 illum
3597 5476 3844 5544 annum,

2236 5547 2930 5622 habetSchafnaburgensis
2955 5548 3178 5622 (Concil.
3203 5549 3386 5622 Germ.
3411 5550 3561 5622 LIII.
3593 5565 3647 5620 p.
3679 5554 3841 5615 1803:

2232 5628 2296 5676 ut
2322 5619 2461 5676 adeo
2489 5621 2675 5679 Ulmaa
2703 5618 2836 5678 Οῐῑο
2860 5636 2961 5677 ceu
2986 5621 3213 5677 vicinior
3245 5618 3405 5677 facile
3423 5618 3616 5676 adesse
3640 5628 3842 5691 potue-

2228 5692 2573 5821 ἷέἓᾶῗξερνὶοτ
2588 5692 2798 5750 caeteris
2820 5690 3027 5749 ibidem
3051 5692 3262 5750 absolvi
3289 5708 3320 5749 a
3344 5692 3495 5751 sedis
3516 5690 3844 5765 apostolica

2251 5771 2450 5835 egatis.
