4002 6168
248 274 379 331 1241

1151 270 1440 328 APPEND.
1483 270 1571 327 Ill.
1610 299 1681 314 --
1715 270 2133 329 MONUMENTA
2168 272 2629 331 GREGORIANA.

3400 270 3539 329 1242

241 400 499 456 omnium
536 396 632 454 SS.
684 399 909 454 Patrum
947 396 1163 453 decreta
1204 395 1384 453 favere
1426 410 1538 453 non
1583 397 1832 454 cessavit.
1866 403 1918 467 Α
1949 400 2239 468 875):Qui
2246 405 2445 474 potest,
2471 401 2668 475 inquit,
2693 401 2907 459 obviare
2922 404 2973 458 et
2985 399 3313 472 perturbare
3324 414 3541 471 peruer-

240 491 406 551 Unde
444 499 501 548 et
534 489 792 548 dominus
837 506 976 563 papa
1018 489 1203 548 missis
1245 491 1444 547 litteris
1481 506 1675 547 omnes
1713 492 1831 564 ejus

244 584 522 659 subjectos
568 584 866 656 apostolica
901 585 1231 643 auctoritate
1268 584 1335 641 de
1363 584 1677 642 obedientia
1713 586 1830 658 ejus

243 678 474 737 absolvit
495 678 698 751 (1103).
726 680 899 750 Super
933 678 1054 736 haec
1082 687 1269 735 autem
1300 679 1487 735 omnia
1529 680 1584 735 in
1618 689 1830 752 partem

242 773 754 842 schismaticorum,
796 773 985 829 relicta
1030 773 1279 829 Ecclesia
1318 773 1605 843 catholica,
1635 782 1829 845 sponte

239 883 340 924 sua
363 868 579 940 penitus
606 866 915 941 demigrare
938 883 1053 923 non
1077 867 1279 924 veritus
1306 876 1413 924 est.
1484 876 1487 879 ’

309 963 405 1017 VI.
445 962 579 1017 Haec
612 960 792 1033 itaque
828 961 1043 1033 singula
1085 960 1157 1017 ad
1195 960 1672 1033 irrecuperabilem
1710 960 1828 1033 ejus

238 1055 650 1113 damnationem
680 1056 839 1128 juxta
887 1070 1163 1113 canonum
1195 1056 1539 1112 sanctionem
1574 1053 1829 1112 sufﬁcere

238 1158 483 1222 possent,
553 1150 753 1221 quippe
812 1149 1021 1205 crimen
1075 1149 1513 1221 conspirationis,
1556 1148 1825 1206 interdicti

242 1242 525 1315 usurpatio
572 1241 762 1313 ofﬁcii,
809 1242 1099 1299 assentatio
1130 1243 1570 1299 Simoniacorum
1609 1244 1721 1298 sive
1748 1243 1830 1298 in-

237 1336 642 1394 continentium
669 1335 1133 1409 presbyterorum,
1166 1344 1221 1393 et
1249 1337 1397 1410 quod
1423 1336 1514 1392 his
1537 1338 1714 1410 majus
1748 1337 1829 1392 vi-

238 1430 417 1499 detur,
440 1429 767 1502 demigratio
795 1445 827 1486 a
859 1430 1153 1487 Catholicis
1181 1431 1236 1486 in
1273 1439 1488 1502 partem
1516 1430 1829 1487 schismati-

241 1540 453 1582 corum.
491 1527 635 1580 Nam
677 1524 1024 1580 beatissimus
1064 1540 1203 1596 papa
1232 1524 1501 1581 Fabianus
1538 1534 1593 1580 et
1620 1532 1829 1597 martyr

235 1620 293 1676 in
323 1618 554 1676 decretis
590 1618 702 1675 suis
727 1618 965 1690 capitulo
994 1623 1025 1673 2
1074 1621 1312 1687 (Lam,
1360 1626 1403 1674 t.
1454 1622 1501 1689 Ι,
1534 1635 1653 1691 pag.
1701 1624 1827 1686 644,

232 1716 389 1785 epist.
420 1716 511 1782 11)
541 1712 978 1784 conspiratorem
1006 1713 1265 1769 clericum
1296 1718 1426 1768 ante
1447 1696 1832 1780 (examinatum

1935 508 2039 561 sos,
2073 499 2124 549 et
2148 511 2251 549 non
2281 497 2445 563 facit,
2476 498 2621 551 nihil
2646 498 2802 553 aliud
2829 502 2925 565 est,
2955 511 3119 566 quam
3145 510 3326 551 eorum
3355 497 3539 563 favere

1937 589 2230 657 impietati.
2261 591 2427 645 Juxta
2455 590 2779 662 Apostolum
2802 598 2989 647 autem
3022 588 3288 645 facientes
3315 596 3372 645 et
3398 604 3535 646 con-

1935 682 2237 738 sentientes
2266 699 2367 755 par
2392 698 2556 755 paena
2586 684 2975 757 complectitur
3009 688 3177 750 (Rom.
3204 684 3274 752 ι).

2010 776 2131 830 VII.
2184 780 2245 830 In
2273 792 2338 832 eo
2388 786 2597 845 autem,
2646 778 2795 850 quod
2848 778 2997 835 idem
3056 779 3190 833 Otto
3222 776 3279 832 in
3321 764 3533 847 partem

1935 867 2414 925 schismaticorum
2467 880 2659 943 sponte
2711 871 2996 941 discessit,
3057 872 3300 943 seipsum
3374 872 3535 941 juxta

1935 962 2276 1019 sanctionem
2322 965 2415 1020 SS.
2464 967 2688 1020 Patrum
2738 967 2959 1038 proprio
2991 964 3200 1038 judicio
3230 963 3531 1021 damnavit.

1938 1058 2283 1130 Quapropter
2350 1057 2607 1114 dominus
2654 1075 2791 1132 papa
2840 1059 3137 1132 Gregorius
3179 1058 3236 1113 in
3273 1061 3530 1114 Romana

1936 1150 2148 1223 synodo
2196 1151 2438 1223 synodali
2475 1150 2702 1224 judicio,
2746 1168 2893 1208 anno
2940 1151 3247 1208 Dominicaa
3286 1155 3537 1207 Incarna-

1934 1245 2099 1300 tionis
2166 1251 2330 1310 1080,
2380 1245 2677 1302 indictione
2725 1261 2824 1315 III,
2868 1246 2923 1301 in
2966 1246 3142 1317 prima
3184 1244 3531 1302 heddomada

1938 1337 2426 1411 Quadragesimae,
2494 1339 2814 1411 praedictum
2879 1341 3153 1395 Ottonem
3203 1338 3323 1410 jam
3370 1338 3536 1393 trien-

1934 1432 2027 1487 nio
2064 1438 2241 1499 (1104)
2272 1431 2478 1489 frustra
2512 1434 2904 1505 praemonitum
2947 1442 3004 1490 et
3032 1439 3430 1505 exspectatum,
3472 1440 3533 1487 ut

1934 1525 2297 1598 resipisceret,
2325 1526 2534 1599 absque
2561 1544 2657 1601 spe
2688 1527 3129 1601 recuperationis
3157 1525 3447 1583 damnavit
3482 1534 3536 1581 et

1940 1619 2437 1688 anathematizavit,
2480 1630 2535 1677 et
2578 1622 2873 1680 venerabili
2924 1620 3233 1678 Pataviensi
3275 1619 3528 1691 episcopo

1937 1714 2079 1770 vices
2126 1730 2251 1771 suas
2278 1715 2580 1784 commisit,
2612 1724 2673 1772 ut
2717 1715 2786 1771 ad
2816 1715 3299 1773 Constantiensem
3339 1712 3529 1769 Eccle-

223 1808 493 1879 judicium
506 1806 667 1879 jubet
707 1821 737 1860 a
764 1806 907 1862 clero
938 1806 994 1860 in
1034 1815 1362 1877 perpetuum
1400 1808 1732 1873 submoveri,
1771 1815 1828 1863 et
1860 1800 1908 1862 Β
1936 1808 2073 1863 siam
2128 1809 2427 1880 migraret,
2502 1811 2659 1881 eique
2718 1810 3028 1882 legitimum
3091 1818 3368 1880 pastorem
3440 1822 3525 1862 or-

235 1900 471 1958 infamia
501 1899 698 1956 notari.
721 1904 865 1956 Item
892 1901 947 1955 S.
982 1900 1236 1956 Callistus
1271 1916 1409 1973 papa
1438 1910 1492 1957 et
1519 1910 1747 1973 martyr,
1773 1909 1828 1956 et

236 1993 375 2051 dein
428 1994 647 2067 triginta
708 1995 803 2052 SS.
862 1996 1054 2049 Patres
1100 1993 1559 2051 Chalcedonensis
1610 1994 1826 2050 concilii

234 2094 357 2156 (act.
400 2092 487 2156 15,
508 2103 558 2143 c.
596 2094 650 2156 8,
677 2096 731 2143 et
749 2090 939 2145 ϐυτ.
970 2103 1119 2143 caus.
1153 2094 1237 2157 11,
1290 2103 1337 2144 c.
1372 2092 1482 2155 21),
1518 2096 1573 2144 et
1612 2088 1703 2144 alii
1733 2088 1820 2142 in-

230 2180 622 2251 numerabiles,
677 2182 906 2238 clericos
961 2182 1338 2255 conspirantes
1380 2182 1597 2253 penitus
1654 2181 1819 2253 depo-

228 2284 386 2333 nunt.
417 2274 825 2332 Antiochenum
850 2282 1035 2332 autem
1052 2275 1351 2331 concilium
1373 2275 1644 2332 interdicti
1670 2291 1820 2331 usur-

230 2378 477 2443 patorem
526 2369 692 2426 ofﬁcii
733 2369 973 2442 capitulo
1020 2373 1054 2424 4
1098 2370 1334 2440 (Lana,
1380 2374 1419 2425 t.
1470 2372 1545 2437 ΙΙ,
1594 2386 1651 2441 p.
1694 2375 1817 2435 563)

228 2471 340 2519 tam
382 2463 696 2519 terribiliter
732 2463 978 2528 damnat,
1010 2470 1071 2516 ut
1096 2462 1305 2517 nullam
1340 2478 1494 2533 spem
1527 2464 1576 2518 ei
1612 2463 1821 2519 restitu-

226 2558 397 2615 tionis
452 2556 531 2613 vel
576 2556 756 2613 locum
798 2555 1185 2613 satisfactionis
1231 2554 1490 2627 deinceps
1533 2556 1814 2613 concedat.

229 2657 464 2714 Sanctus
499 2653 635 2709 item
673 2651 972 2725 Gregorius
1020 2651 1077 2706 in
1106 2650 1364 2722 Registro
1404 2666 1526 2718 suo,
1576 2651 1818 2722 capitulo

230 2756 337 2805 240
372 2751 547 2823 partis
589 2749 843 2806 secundae
886 2748 1006 2821 (lib.
1048 2750 1116 2816 V,
1169 2746 1327 2818 epist.
1380 2751 1457 2815 7),
1503 2746 1819 2819 hujusmodi

226 2853 608 2915 usurpatorem
660 2851 924 2916 perpetua
966 2841 1535 2899 excommunicatione
1572 2842 1817 2909 damnat,

224 2938 299 2993 ita
330 2946 393 2994 ut
424 2938 514 2994 vix
560 2937 609 2994 ei
648 2937 909 2993 viaticum
932 2937 994 2992 in
1032 2935 1138 2992 ﬁne
1162 2966 1167 2967 ί
1188 2936 1317 2993 vitaz
1347 2934 1625 2992 concedat.
1667 2934 1819 2991 ldem

226 3047 447 3105 quoque
484 3032 782 3105 Gregorius
810 3038 864 3087 et
893 3030 1214 3102 episcopum
1243 3029 1394 3085 illum
1422 3045 1548 3085 cum
1596 3029 1819 3085 Simone

219 3127 389 3198 Mago
425 3125 734 3198 portionem
772 3123 975 3181 habere
1019 3124 1234 3191 asserit,
1284 3122 1594 3197 quicunque
1630 3131 1819 3179 contra

219 3220 380 3276 illam
424 3219 678 3276 haeresim
715 3234 833 3274 non
878 3218 1232 3276 vehementer
1277 3217 1568 3285 exarserit;
1608 3224 1818 3289 quanto

219 3313 397 3387 magis
420 3313 597 3383 illum,
625 3311 718 3386 qui
746 3311 1002 3370 eamdem
1038 3311 1293 3369 haeresim
1335 3327 1435 3367 suo
1464 3326 1689 3367 assensu
1723 3327 1821 3366 nu-

217 3408 359 3465 trire
398 3423 512 3464 non
554 3406 790 3463 metuit?
835 3406 993 3464 Idem
1034 3421 1255 3478 quoque
1299 3406 1598 3478 Gregorius
1631 3402 1821 3476 procul

217 3502 406 3565 dubio,
438 3500 638 3574 inquit,
658 3503 906 3570 facientis
935 3502 1147 3571 culpam
1170 3501 1345 3564 habet,
1370 3502 1468 3570 qui
1488 3482 1821 3570 quod'potest

218 3596 506 3665 corrigere,
535 3596 759 3664 negligit
802 3594 1097 3650 emendare.
1121 3595 1258 3649 Item
1288 3596 1559 3648 Damasus
1583 3608 1721 3663 papa
1751 3591 1819 3648 ad

216 3688 510 3761 episcopos
538 3688 883 3755 Mauritaniae
918 3688 1104 3760 (epist.
1164 3693 1231 3755 4;
1260 3689 1475 3755 LABB.,
1508 3693 1547 3741 t.
1590 3688 1665 3753 II,
1692 3701 1814 3758 pag.

304 3993 484 4056 (1103)
507 3986 630 4044 Vid.
666 4002 799 4044 mox
824 3994 985 4043 antea
1004 3994 1059 4042 et
1078 4001 1241 4057 supra
1267 3986 1305 4043 Ι.
1344 4001 1395 4042 c.
1432 3984 1594 4042 dicta.
1625 3989 1703 4042 Ex
1724 3986 1827 4041 hac

218 4076 402 4136 porro
436 4059 754 4139 narratione
782 4058 1069 4139 colligitur,
1095 4074 1225 4113 eum
1243 4058 1429 4139 etiam
1468 4066 1590 4138 post
1618 4058 1825 4139 dictam

221 4128 733 4189 reconciliationem
754 4129 825 4186 ad
844 4128 1086 4201 priorem
1108 4128 1379 4201 vomitum
1398 4128 1546 4183 brevi
1573 4128 1820 4193 rediisse;

219 4203 426 4262 saltem
457 4201 805 4258 interdictum
834 4199 1135 4272 episcopale
1162 4199 1409 4272 ofﬁcium
1451 4207 1632 4272 postea
1664 4214 1823 4272 usur-

219 4274 507 4349 pavit,_uti
544 4273 610 4329 de
635 4290 715 4349 eo_
736 4268 988 4349 testatur
1000 4268 1303 4327 Bernoldus
1327 4268 1545 4349 auctior
1566 4270 1630 4349 in
1649 4268 1824 4349 Chro-

216 4342 381 4414 ilico,
398 4346 664 4418 illumque
685 4343 929 4418 Budolfo
948 4344 1160 4418 Caesare
1182 4352 1307 4418 post
1327 4342 1536 4398 Pascha
1557 4342 1825 4397 Constan-

215 4418 367 4475 tiam
394 4415 647 4473 veniente
672 4416 860 4489 fugam
899 4415 1085 4471 iniisse
1111 4415 1328 4489 scribit.

305 4493 486 4556 (1104)
509 4485 954 4559 Computandum
986 4496 1068 4542 est
1111 4486 1219 4542 hoc
1254 4485 1550 4541 triennium
1579 4500 1611 4539 a
1634 4499 1827 4559 recon-

218 4555 502 4617 ciliatione
519 4555 743 4617 Ottonis
761 4560 945 4616 Ulmze
970 4558 1025 4612 in
1046 4566 1313 4613 autumno
1336 4572 1469 4611 ann.
1504 4561 1639 4612 1076
1660 4555 1821 4622 facta,

221 4632 327 4704 qui
358 4634 508 4704 dum,
538 4639 721 4704 postea
757 4645 949 4704 rursus
964 4629 1332 4704 schismaticis
1373 4628 1692 4704 adhaereret,
1727 4643 1824 4682 nec

220 4697 263 4760 εἰ
302 4697 573 4773 prohibito
602 4702 702 4757 sibi
726 4701 909 4757 ofﬁcio
928 4700 1244 4773 abstineret,
1265 4697 1650 4773 tandemann.
1690 4706 1825 4754 1080

219 4768 463 4831 omnino
494 4774 773 4845 depositus
802 4788 1063 4844 novoque
1080 4770 1415 4845 anathemati
1459 4768 1696 4845 illigatus
1721 4779 1821 4845 est.

312 4845 491 4917 (1105)
538 4841 616 4917 Ei:
642 4845 813 4917 (hinc;
842 4841 1036 4916 liquet,
1096 4843 1442 4917 alium_tunc
1467 4841 1825 4917 Constantia?

223 4910 553 4988 episcopum
574 4915 741 4988 fuisse
768 4910 1145 4988 elect’um,gsed
1183 4911 1655 4988 ob_i_nﬁrmi_tatem
1678 4910 1825 4966 haud

220 4984 574 5046 ordinatum.
601 4991 652 5043 Is
669 4986 815 5042 forte
842 4996 979 5055 erat,
1010 4986 1080 5042 de
1097 5000 1206 5056 quo
1235 4984 1494 5039 Chronici
1524 4989 1828 5056 Augustali-

218 5060 313 5117 sis
358 5059 590 5131 scriptor
643 5058 1029 5115 schismaticus
1067 5055 1310 5131 (Freheri
1345 5056 1566 5131 _Sc_ript.
1608 5055 1825 5131 Qeer

220 5141 278 5188 t.
332 5133 380 5198 I,
430 5126 484 5202 p'.
522 5135 649 5198 503)
683 5131 783 5202 ad.
834 5146 959 5185 ann.
1014 5132 1150 5184 1084
1186 5127 1303 5183 haec
1345 5126 1567 5202 ha_bet_:
1608 5127 1828 5202 Yivenie

222 5197 625 5260 adhuc'Ottcne
664 5201 1076 5258 Constantiense
1112 5201 1350 5270 episcopo
1387 5198 1729 5252 Berchtoldus
1756 5197 1828 5270 ml

220 5276 560 5346 episcopium
609 5278 858 5343 coactus,-
896 5273 1034 5346 inde‘
1051 5268 1297 5346 prorsus
1327 5274 1507 5346 mutus
1548 5284 1720 5346 usque
1754 5268 1828 5346 ad

218 5342 453 5404 mortem
474 5347 745 5415 efficitur;
774 5354 830 5400 et
852 5343 1144 5400 Bucelinus
1166 5343 1219 5397 in
1237 5342 1530 5415 catalogo:
1552 5343 1826 5415 Rupertus

223 5434 270 5473 ιι
311 5411 798 5472 σωωτέέωωδω
843 5415 1081 5485 ejusdem
1110 5411 1443 5485 sacellanus}
1486 5412 1827 5485 Berchtoldgus

222 5489 481 5544 Heinrici
505 5489 592 5544 IV
624 5490 755 5543 item
784 5483 1084 5544 sacellanus
1110 5485 1231 5539 sede
1260 5484 1495 5553 dejectus
1511 5502 1526 5551 ;
1559 5488 1607 5538 et
1647 5498 1687 5537 α
1710 5483 1827 5552 ple-

218 5561 414 5630 risque
432 5576 552 5615 cum
571 5565 896 5616 antecessura
914 5561 1150 5630 Ruperto
1166 5558 1225 5609 in
1243 5556 1448 5630 syllabo
1468 5556 1826 5630 episcoporum

303 5625 646 5687 (itermissus.
679 5625 1075 5688 Berchtoldum
1114 5627 1442 5682 canonicum
1476 5627 1527 5680 in
1564 5625 1826 5681 Buochau

257 5702 407 5759 'uisse
434 5702 657 5770 asserit;
697 5702 765 5759 de
793 5702 1070 5758 sacellano
1108 5698 1308 5770 merito
1354 5696 1691 5770 dubitamus,
1727 5711 1829 5770 nec

225 5774 382 5829 enim
438 5767 774 5829 Altmannus
825 5770 1201 5830 Passaviensis
1265 5767 1553 5825 hominem
1629 5767 1828 5825 Caesari

225 5843 562 5903 obstrictum
589 5843 864 5917 elegisset.

1935 1902 2122 1959 dinare
2177 1908 2354 1970 (1105)
2406 1912 2743 1974 procuraret.
2804 1903 2967 1973 Quod
3024 1901 3175 1958 idem
3240 1903 3527 1973 episcopus

1929 2010 2274 2067 summOpere
2326 1996 2664 2067 procuravit;
2732 1997 2830 2052 sed
2888 2004 3198 2068 perpetrata
3255 1995 3528 2051 electione

1927 2087 2218 2145 inﬁrmitas
2262 2089 2495 2145 electum
2545 2089 2846 2159 impedivit,
2906 2104 2977 2144 ne
3022 2089 3235 2159 penitus
3280 2104 3526 2159 unquam

1926 2182 2231 2239 consecrari
2281 2182 2535 2254 potuerit.
2572 2182 2735 2238 Unde
2781 2197 2910 2237 cum
2960 2182 3208 2253 pluribus
3245 2182 3402 2237 annis
3440 2182 3527 2236 illa

1929 2276 2166 2332 Ecclesia
2208 2277 2464 2348 pastorali
2491 2276 2799 2348 provisione
2842 2283 3075 2344 careret,
3125 2274 3345 2331 tandem
3389 2291 3533 2345 prae-

1928 2368 2108 2425 dictus
2160 2385 2295 2442 papa
2350 2370 2652 2442 Gregorius
2705 2384 2735 2424 e
2780 2368 2948 2425 latere
2998 2384 3098 2425 suo
3156 2367 3525 2423 venerabilem

1929 2467 2192 2521 Ottonem
2244 2464 2556 2520 Ostiensem
2608 2464 2947 2536 episcopum,
2994 2464 3116 2519 inon
3167 2462 3347 2519 multo
3403 2470 3528 2534 post

1928 2562 2291 2632 apostolicum
2319 2565 2525 2628 (1106),
2548 2561 2680 2616 illuc
2702 2561 2915 2630 direxit,
2946 2562 3039 2632 qui
3060 2561 3242 2617 eidem
3271 2560 3526 2617 Ecclesiae

1929 2655 2242 2727 legitimum
2293 2662 2567 2727 pastorem
2610 2653 3005 2711 Gebehardum
3060 2656 3323 2711 canonice
3375 2654 3522 2711 ordi-

1927 2750 2085 2823 navit.
2125 2764 2268 2804 anno
2323 2734 2637 2804 Dominicaa
2700 2748 3104 2804 Incarnationis
3164 2752 3325 2815 1084,
3378 2747 3520 2804 indi-

1928 2838 2111 2900 ctione
2140 2857 2254 2911 νη,
2280 2857 2339 2897 x1
2363 2841 2491 2897 Kal.
2518 2841 2760 2897 Januarii
2789 2846 2993 2909 (1107),
3030 2840 3259 2913 ejusque
3308 2839 3524 2896 ordina-

1931 2936 2137 2992 tionem
2166 2935 2223 2990 in
2246 2935 2500 3006 proxima
2538 2933 2782 3007 paschali
2820 2932 3168 2988 hebdomade
3192 2933 3253 2988 in
3280 2933 3526 3004 generali

1929 3029 2162 3086 concilio
2202 3028 2455 3086 Saxoniae
2516 3034 2694 3097 (1108)
2749 3035 2804 3083 et
2854 3026 3151 3100 apostolica
3200 3025 3526 3082 auctoritate

1929 3124 2159 3181 collecto
2189 3123 2432 3198 synodali
2456 3122 2660 3196 judicio
2687 3121 3056 3179 conﬁrmavit.
3097 3123 3221 3177 Non
3250 3120 3402 3177 enim
3427 3120 3527 3177 iste

1928 3221 2220 3292 episcopus
2262 3235 2419 3275 more
2442 3220 2678 3276 aliorum
2707 3233 2807 3290 per
2843 3216 3162 3273 saecularem
3193 3220 3520 3284 potestatem

1928 3322 2119 3370 contra
2166 3329 2403 3369 canones
2457 3313 2699 3380 intravit,
2748 3310 2846 3366 sed
2894 3309 3173 3375 canonice,
3208 3308 3458 3364 videlicet
3494 3323 3526 3364 a

1928 3403 2134 3460 cunctis
2180 3404 2328 3460 clero
2366 3411 2420 3458 et
2467 3401 2670 3473 populo
2711 3399 2951 3474 legaliter
2992 3399 3191 3455 electus
3237 3406 3291 3455 et
3334 3404 3526 3469 postu-

1929 3499 2094 3567 latus,
2126 3505 2183 3554 et
2205 3513 2269 3554 ex
2298 3496 2600 3569 apostolica
2624 3495 2948 3551 auctoritate
2972 3508 3069 3566 per
3095 3493 3355 3563 legatum
3379 3489 3527 3547 sedis

1928 3576 2242 3664 apostolicae
2289 3588 2529 3646 viduatae
2569 3588 2686 3646 sedi
2741 3587 3069 3644 solemniter
3120 3585 3527 3641 inthronizatus

1927 3693 2009 3741 est
2068 3692 2123 3743 et
2174 3690 2530 3763 consecratus
2590 3680 3055 3739 reverendissimis
3121 3678 3390 3752 episcopis
3473 3684 3527 3734 et

2004 3988 2182 4053 (1106)
2212 3987 2398 4041 Exstat
2422 3982 2564 4039 illius
2582 3982 2684 4038 sub
2700 3981 2940 4053 nomine
2964 3978 3180 4053 Urbani
3198 4051 3205 4053 _
3222 3981 3273 4036 II
3302 3978 3527 4053 epistola

1935 4050 2173 4128 (Lena,
2203 4070 2240 4112 t.
2274 4059 2351 4122 Χ,
2400 4072 2455 4127 p.
2478 4060 2620 4128 444)Δ
2644 4052 2715 4109 ad
2757 4052 3163 4128 Guiehardum,
3193 4051 3227 4106 i.
3261 4066 3310 4105 e.
3338 4050 3523 4128 Gebe-

1935 4122 2167 4184 hardum
2209 4122 2496 4183 Constant.
2540 4125 3031 4197 episcopumtqua
3068 4122 3153 4197 id?
3182 4122 3527 4197 apertissime

1934 4200 2289 4255 conﬁrmatur
2326 4214 2456 4253 mox
2503 4192 2970 4267 in’ejus'exordio
3000 4215 3011 4249 :
3049 4195 3186 4260 Quia
3213 4198 3261 4246 te
3302 4192 3527 4261 speciale

1929 4278 2052 4344 post
2101 4274 2272 4324 Deum
2318 4283 2583 4344 manuum
2622 4272 2938 4323 nostrarum
2982 4280 3114 4334 opus
3155 4279 3263 4319 esse
3296 4278 3528 4333 perpen-

1936 4343 2135 4403 dimus,
2189 4346 2290 4396 etc.

2008 4402 2187 4478 (1107)
2217 4408 2640 4467 Ordinationem
2666 4408 2809 4463 hanc
2838 4405 3034 4478 eodem
3062 4403 3230 4478 modo
3259 4402 3526 4478 describit

1933 4485 1991 4539 in
2016 4473 2292 4541 Chronico
2321 4481 2645 4546 Bernoldus,
2687 4478 2781 4549 qui
2822 4477 2986 4532 simul
3020 4492 3149 4549 cum
3197 4473 3525 4549 Gebehardo

1851 4539 1901 4601 Ῑ)
1934 4557 1993 4611 in
2026 4539 2167 4611 i'esto
2190 4556 2246 4610 S.
2276 4553 2506 4609 Thomas
2529 4567 2614 4622 ap.
2634 4539 2819 4622 Tactus
2848 4555 2930 4603 est
2945 4546 3240 4622 presbyter
3259 4545 3525 4622 adﬁnem

1931 4627 2057 4683 anni
2093 4632 2245 4682 1084.
2293 4624 2455 4680 Unde
2502 4616 2666 4678 etiam
2715 4620 2816 4674 ista
2868 4616 3135 4674 ordinatio
3187 4617 3255 4672 ab
3291 4616 3412 4672 aliis
3458 4617 3529 4672 ad

1935 4714 2148 4755 annum
2234 4700 2368 4751 1085
2409 4694 2667 4762 rejicitur.
2725 4694 3017 4760 Perperam
3055 4704 3205 4762 vero
3253 4689 3309 4745 in
3358 4689 3525 4744 Gallia

1933 4770 2138 4826 Christ.
2166 4772 2248 4832 (t.
2276 4769 2341 4832 V,
2366 4782 2419 4836 p.
2445 4760 2573 4832 910)
2594 4760 3224 4836 ascribiturGebehardo
3249 4762 3523 4836 episcopo,

1974 4839 2083 4895 uod
2112 4838 2213 4892 sibi
2243 4832 2494 4892 ordinato
2532 4836 2825 4905 contigisse
2860 4834 3049 4889 scribit
3076 4832 3391 4905 BernOldus
3413 4841 3523 4886 tam

1931 4903 2002 4965 ibi
2031 4924 2195 4981 quam
2228 4909 2281 4963 in
2319 4917 2581 4979 sequente
2608 4903 2749 4981 mox
2790 4913 3047 4981 tractatu,
3076 4904 3225 4981 quod
3257 4903 3526 4981 nimirum

1934 4974 2143 5045 legatus
2172 4995 2299 5035 eum
2346 4974 2664 5045 in'ungendo
2707 4974 3072 5045 sacerdotem,
3092 4974 3270 5031 simul
3302 4990 3367 5031 ex
3398 4989 3529 5045 pon-

1936 4998 1982 5037 Ie
2022 4998 2143 5037 atus
2172 4998 2299 5035 eum
2346 4998 2480 5035 inun
2520 4998 2664 5035 81100
2707 4998 3072 5045 SHCBI‘UOIBH),
3106 4998 3270 5031 suum
3302 4998 3367 5031 ex
3398 4998 3526 5045 puu-

1934 4998 2795 5126 til‘izeisauctoritateﬁicultatem
2822 5048 3162 5126 suscipiendi-
3194 5047 3526 5126 pgnitentes

1934 5123 2163 5196 dederit.
2208 5126 2290 5178 De
2313 5123 2430 5194 ipsa
2454 5123 2554 5177 hac
2583 5122 2840 5196 electione
2869 5117 3527 5196 fusi—u_s_a_git_’_Chronicon

1935 5186 2404 5253 Petershusanum
2437 5195 2779 5262 (Patrologice
2822 5199 2961 5246 tom.
2997 5186 3268 5254 CXLIII),
3307 5203 3338 5240 a
3364 5186 3525 5241 nobis

1933 5269 2139 5325 editum
2170 5268 2206 5322 I.
2232 5282 2302 5336 ιι,
2335 5283 2393 5321 n.
2424 5272 2516 5330 44,
2546 5281 2600 5336 p.
2638 5271 2758 5321 342.

2008 5339 2189 5409 (1108)
2214 5328 2813 5409 In'Quedlinburgensi
2842 5332 3052 5409 scilicet
3078 5342 3204 5409 ann.
3240 5328 3396 5409 1085,
3426 5341 3528 5409 per

1933 5399 2469 5483 eumdemuega'tum
2521 5399 2795 5483 celebrato
2848 5404 3018 5483 (pono.
3077 5401 3284 5483 Gemit?
3332 5405 3374 5452 t.
3426 5399 3525 5483 III,

1933 5496 1983 5551 p.
2041 5487 2184 5548 200),
2212 5469 2323 5537 ἰιιῖῖ
2372 5490 2485 5536 tam
2522 5478 2789 5551 ordinatio
2840 5469 3115 5551 Gebhardi
3153 5469 3275 5551 fuit
3316 5469 3527 5551 conﬁr-

1933 5542 2099 5618 mata,
2125 5542 2287 5625 quam
2307 5567 2512 5625 novum
2541 5548 2833 5625 anathema
2849 5544 3125 5625 vibratum
3151 5542 3211 5598 in
3235 5543 3527 5625 Ottonem,

1932 5624 2023 5696 qui
2051 5614 2115 5677 ut
2140 5614 2216 5678 'in
2258 5624 2455 5696 eodem
2499 5617 2856 5696 Chronico].
2901 5632 2949 5671 c.
3002 5615 3225 5696 legitur,
3266 5614 3522 5696 depulsus

1932 5684 2313 5766 possessionem
2355 5695 2590 5765 ejusdem
2618 5689 2871 5759 ecclesiae,
2902 5705 3022 5759 qua:
3049 5684 3252 5766 dicitur
3282 5684 3529 5766 Colm‘bra

1934 5759 2098 5831 adiit,
2147 5768 2331 5839 ibique
2375 5759 2496 5821 'uno
2561 5777 2700 5838 pene
2744 5778 2885 5819 anno
2946 5761 3299 5819 commoratus
3358 5759 3531 5812 vitam

1938 5840 2141 5911 finivit.
