  <div class='ocr_page' id='page_1' title='image "/cluster/home/n/w/nwhite01/storage/ocr_20150623/148/hvd.32044054760061/628.png"; bbox 0 0 4002 6168; ppageno 0'>
   <div class='ocr_carea' id='block_1_1' title="bbox 199 285 338 343">
    <p class='ocr_par' dir='ltr' id='par_1_1' title="bbox 199 285 338 343">
     <span class='ocr_line' id='line_1_1' title="bbox 199 285 338 343; baseline -0.007 0"><span class='ocrx_word' id='word_1_1' title='bbox 199 285 338 343; x_wconf 67' lang='lat' dir='ltr'><strong>I245</strong></span> 
     </span>
    </p>
   </div>
   <div class='ocr_carea' id='block_1_2' title="bbox 1109 287 2582 352">
    <p class='ocr_par' dir='ltr' id='par_1_2' title="bbox 1109 287 2582 352">
     <span class='ocr_line' id='line_1_2' title="bbox 1109 287 2582 352; baseline 0.003 -7"><span class='ocrx_word' id='word_1_2' title='bbox 1109 287 1396 346; x_wconf 84' lang='lat' dir='ltr'><strong>APPEND.</strong></span> <span class='ocrx_word' id='word_1_3' title='bbox 1436 287 1525 345; x_wconf 82' lang='lat' dir='ltr'><strong>Ill.</strong></span> <span class='ocrx_word' id='word_1_4' title='bbox 1561 314 1634 332; x_wconf 72' lang='grc' dir='ltr'><strong>ει-</strong></span> <span class='ocrx_word' id='word_1_5' title='bbox 1669 287 2090 349; x_wconf 79' lang='lat' dir='ltr'><strong>MONUMENTA</strong></span> <span class='ocrx_word' id='word_1_6' title='bbox 2123 292 2582 352; x_wconf 81' lang='lat' dir='ltr'><strong>GREGORIANA.</strong></span> 
     </span>
    </p>
   </div>
   <div class='ocr_carea' id='block_1_3' title="bbox 3339 302 3498 360">
    <p class='ocr_par' dir='ltr' id='par_1_3' title="bbox 3339 302 3498 360">
     <span class='ocr_line' id='line_1_3' title="bbox 3339 302 3498 360; baseline 0.013 -2"><span class='ocrx_word' id='word_1_7' title='bbox 3339 302 3498 360; x_wconf 69' lang='grc' dir='ltr'><strong>-ηιθ</strong></span> 
     </span>
    </p>
   </div>
   <div class='ocr_carea' id='block_1_4' title="bbox 191 410 3496 506">
    <p class='ocr_par' dir='ltr' id='par_1_4' title="bbox 191 410 3496 506">
     <span class='ocr_line' id='line_1_4' title="bbox 191 410 3496 506; baseline 0.005 -39"><span class='ocrx_word' id='word_1_8' title='bbox 191 413 415 486; x_wconf 76' lang='lat' dir='ltr'><strong>potens,</strong></span> <span class='ocrx_word' id='word_1_9' title='bbox 442 423 540 467; x_wconf 83' lang='lat' dir='ltr'><strong>vos</strong></span> <span class='ocrx_word' id='word_1_10' title='bbox 579 424 799 484; x_wconf 81' lang='lat' dir='ltr'><strong>semper</strong></span> <span class='ocrx_word' id='word_1_11' title='bbox 843 410 1150 506; x_wconf 77' lang='lat' dir='ltr'><strong>incolumes</strong></span> <span class='ocrx_word' id='word_1_12' title='bbox 1189 413 1474 486; x_wconf 77' lang='lat' dir='ltr'><strong>nostrique</strong></span> <span class='ocrx_word' id='word_1_13' title='bbox 1517 429 1796 472; x_wconf 83' lang='lat' dir='ltr'><strong>memores</strong></span> <span class='ocrx_word' id='word_1_14' title='bbox 1824 421 1878 506; x_wconf 70' lang='grc' dir='ltr'><strong>Α</strong></span> <span class='ocrx_word' id='word_1_15' title='bbox 1977 419 2074 474; x_wconf 85' lang='lat' dir='ltr'><strong>1V.</strong></span> <span class='ocrx_word' id='word_1_16' title='bbox 2104 418 2244 476; x_wconf 89' lang='lat' dir='ltr'><strong>Cum</strong></span> <span class='ocrx_word' id='word_1_17' title='bbox 2277 419 2447 494; x_wconf 79' lang='lat' dir='ltr'><strong>igitur</strong></span> <span class='ocrx_word' id='word_1_18' title='bbox 2480 418 2791 495; x_wconf 82' lang='lat' dir='ltr'><strong>presbyteri</strong></span> <span class='ocrx_word' id='word_1_19' title='bbox 2833 427 2890 478; x_wconf 90' lang='lat' dir='ltr'><strong>et</strong></span> <span class='ocrx_word' id='word_1_20' title='bbox 2916 421 3157 497; x_wconf 83' lang='lat' dir='ltr'><strong>episcopi</strong></span> <span class='ocrx_word' id='word_1_21' title='bbox 3187 424 3496 500; x_wconf 86' lang='lat' dir='ltr'><strong>antiquitus</strong></span> 
     </span>
    </p>
   </div>
   <div class='ocr_carea' id='block_1_5' title="bbox 189 504 1795 582">
    <p class='ocr_par' dir='ltr' id='par_1_5' title="bbox 189 504 1795 582">
     <span class='ocr_line' id='line_1_5' title="bbox 189 504 1795 582; baseline 0.002 -20"><span class='ocrx_word' id='word_1_22' title='bbox 189 511 446 579; x_wconf 81' lang='lat' dir='ltr'><strong>protegat</strong></span> <span class='ocrx_word' id='word_1_23' title='bbox 485 511 654 577; x_wconf 90' lang='lat' dir='ltr'><strong>atque</strong></span> <span class='ocrx_word' id='word_1_24' title='bbox 681 504 974 582; x_wconf 84' lang='lat' dir='ltr'><strong>custodiat,</strong></span> <span class='ocrx_word' id='word_1_25' title='bbox 1021 504 1237 566; x_wconf 86' lang='lat' dir='ltr'><strong>domini</strong></span> <span class='ocrx_word' id='word_1_26' title='bbox 1279 507 1486 565; x_wconf 81' lang='lat' dir='ltr'><strong>fratres</strong></span> <span class='ocrx_word' id='word_1_27' title='bbox 1527 517 1581 566; x_wconf 89' lang='lat' dir='ltr'><strong>et</strong></span> <span class='ocrx_word' id='word_1_28' title='bbox 1605 511 1795 567; x_wconf 83' lang='lat' dir='ltr'><strong>Patres</strong></span> 
     </span>
    </p>
   </div>
   <div class='ocr_carea' id='block_1_6' title="bbox 189 597 582 657">
    <p class='ocr_par' dir='ltr' id='par_1_6' title="bbox 189 597 582 657">
     <span class='ocr_line' id='line_1_6' title="bbox 189 597 582 657; baseline 0 -1"><span class='ocrx_word' id='word_1_29' title='bbox 189 597 582 657; x_wconf 84' lang='lat' dir='ltr'><strong>amantissimi.</strong></span> 
     </span>
    </p>
   </div>
   <div class='ocr_carea' id='block_1_7' title="bbox 224 725 1752 802">
    <p class='ocr_par' dir='ltr' id='par_1_7' title="bbox 224 725 1752 802">
     <span class='ocr_line' id='line_1_7' title="bbox 224 725 1752 802; baseline 0.001 -2"><span class='ocrx_word' id='word_1_30' title='bbox 224 725 413 800; x_wconf 68' lang='lat' dir='ltr'><strong>tum</strong></span> <span class='ocrx_word' id='word_1_31' title='bbox 439 757 608 798; x_wconf 71' lang='lat' dir='ltr'><strong>unus</strong></span> <span class='ocrx_word' id='word_1_32' title='bbox 633 753 934 800; x_wconf 71' lang='lat' dir='ltr'><strong>DESCRIPTIO</strong></span> <span class='ocrx_word' id='word_1_33' title='bbox 963 757 1032 800; x_wconf 81' lang='lat' dir='ltr'><strong>ns</strong></span> <span class='ocrx_word' id='word_1_34' title='bbox 1056 757 1500 802; x_wconf 74' lang='lat' dir='ltr'><strong>PRESBYTERORUM</strong></span> <span class='ocrx_word' id='word_1_35' title='bbox 1529 759 1752 802; x_wconf 78' lang='lat' dir='ltr'><strong>omcro.</strong></span> 
     </span>
    </p>
   </div>
   <div class='ocr_carea' id='block_1_8' title="bbox 259 875 1789 956">
    <p class='ocr_par' dir='ltr' id='par_1_8' title="bbox 259 875 1789 956">
     <span class='ocr_line' id='line_1_8' title="bbox 259 875 1789 956; baseline 0.002 -17"><span class='ocrx_word' id='word_1_36' title='bbox 259 883 335 939; x_wconf 87' lang='lat' dir='ltr'><strong>II.</strong></span> <span class='ocrx_word' id='word_1_37' title='bbox 361 878 431 939; x_wconf 85' lang='lat' dir='ltr'><strong>B.</strong></span> <span class='ocrx_word' id='word_1_38' title='bbox 463 875 664 940; x_wconf 85' lang='lat' dir='ltr'><strong>Paulus</strong></span> <span class='ocrx_word' id='word_1_39' title='bbox 691 882 972 956; x_wconf 79' lang='lat' dir='ltr'><strong>apostolus</strong></span> <span class='ocrx_word' id='word_1_40' title='bbox 995 883 1056 940; x_wconf 90' lang='lat' dir='ltr'><strong>in</strong></span> <span class='ocrx_word' id='word_1_41' title='bbox 1084 883 1328 956; x_wconf 81' lang='lat' dir='ltr'><strong>epistolis</strong></span> <span class='ocrx_word' id='word_1_42' title='bbox 1355 885 1472 942; x_wconf 86' lang='lat' dir='ltr'><strong>suis</strong></span> <span class='ocrx_word' id='word_1_43' title='bbox 1497 884 1789 943; x_wconf 77' lang='lat' dir='ltr'><strong>evidentis-</strong></span> 
     </span>
    </p>
   </div>
   <div class='ocr_carea' id='block_1_9' title="bbox 181 975 1791 1052">
    <p class='ocr_par' dir='ltr' id='par_1_9' title="bbox 181 975 1791 1052">
     <span class='ocr_line' id='line_1_9' title="bbox 181 975 1791 1052; baseline 0.001 -18"><span class='ocrx_word' id='word_1_44' title='bbox 181 977 327 1034; x_wconf 88' lang='lat' dir='ltr'><strong>sime</strong></span> <span class='ocrx_word' id='word_1_45' title='bbox 345 975 507 1033; x_wconf 84' lang='lat' dir='ltr'><strong>nobis</strong></span> <span class='ocrx_word' id='word_1_46' title='bbox 534 975 860 1048; x_wconf 74' lang='lat' dir='ltr'><strong>praescribit,</strong></span> <span class='ocrx_word' id='word_1_47' title='bbox 880 975 1032 1050; x_wconf 88' lang='lat' dir='ltr'><strong>quod</strong></span> <span class='ocrx_word' id='word_1_48' title='bbox 1054 977 1198 1051; x_wconf 89' lang='lat' dir='ltr'><strong>apud</strong></span> <span class='ocrx_word' id='word_1_49' title='bbox 1218 978 1480 1052; x_wconf 86' lang='lat' dir='ltr'><strong>antiquos</strong></span> <span class='ocrx_word' id='word_1_50' title='bbox 1506 979 1791 1052; x_wconf 81' lang='lat' dir='ltr'><strong>presbyter</strong></span> 
     </span>
    </p>
   </div>
   <div class='ocr_carea' id='block_1_10' title="bbox 181 1066 1790 1144">
    <p class='ocr_par' dir='ltr' id='par_1_10' title="bbox 181 1066 1790 1144">
     <span class='ocr_line' id='line_1_10' title="bbox 181 1066 1790 1144; baseline 0.001 -17"><span class='ocrx_word' id='word_1_51' title='bbox 181 1079 244 1127; x_wconf 87' lang='lat' dir='ltr'><strong>et</strong></span> <span class='ocrx_word' id='word_1_52' title='bbox 279 1066 570 1144; x_wconf 80' lang='lat' dir='ltr'><strong>episcopus</strong></span> <span class='ocrx_word' id='word_1_53' title='bbox 598 1070 746 1127; x_wconf 83' lang='lat' dir='ltr'><strong>idem</strong></span> <span class='ocrx_word' id='word_1_54' title='bbox 782 1067 1010 1128; x_wconf 85' lang='lat' dir='ltr'><strong>fuerint.</strong></span> <span class='ocrx_word' id='word_1_55' title='bbox 1041 1070 1298 1128; x_wconf 89' lang='lat' dir='ltr'><strong>Scribens</strong></span> <span class='ocrx_word' id='word_1_56' title='bbox 1327 1072 1479 1129; x_wconf 90' lang='lat' dir='ltr'><strong>enim</strong></span> <span class='ocrx_word' id='word_1_57' title='bbox 1505 1072 1576 1129; x_wconf 91' lang='lat' dir='ltr'><strong>ad</strong></span> <span class='ocrx_word' id='word_1_58' title='bbox 1601 1073 1790 1130; x_wconf 85' lang='lat' dir='ltr'><strong>Titum</strong></span> 
     </span>
    </p>
   </div>
   <div class='ocr_carea' id='block_1_11' title="bbox 90 1159 1792 1238">
    <p class='ocr_par' dir='ltr' id='par_1_11' title="bbox 90 1159 1792 1238">
     <span class='ocr_line' id='line_1_11' title="bbox 90 1159 1792 1238; baseline 0 -16"><span class='ocrx_word' id='word_1_59' title='bbox 90 1214 96 1222; x_wconf 96' lang='lat'><strong>.</strong></span> <span class='ocrx_word' id='word_1_60' title='bbox 179 1159 252 1220; x_wconf 91' lang='lat' dir='ltr'><strong>de</strong></span> <span class='ocrx_word' id='word_1_61' title='bbox 294 1162 639 1222; x_wconf 75' lang='lat' dir='ltr'><strong>ordinatione</strong></span> <span class='ocrx_word' id='word_1_62' title='bbox 674 1162 1060 1236; x_wconf 82' lang='lat' dir='ltr'><strong>episcOporum</strong></span> <span class='ocrx_word' id='word_1_63' title='bbox 1092 1164 1359 1238; x_wconf 64' lang='lat' dir='ltr'><strong>praecipit,</strong></span> <span class='ocrx_word' id='word_1_64' title='bbox 1391 1174 1454 1220; x_wconf 90' lang='lat' dir='ltr'><strong>ut</strong></span> <span class='ocrx_word' id='word_1_65' title='bbox 1491 1167 1792 1222; x_wconf 79' lang='lat' dir='ltr'><strong>constituat</strong></span> 
     </span>
    </p>
   </div>
   <div class='ocr_carea' id='block_1_12' title="bbox 179 1257 1790 1332">
    <p class='ocr_par' dir='ltr' id='par_1_12' title="bbox 179 1257 1790 1332">
     <span class='ocr_line' id='line_1_12' title="bbox 179 1257 1790 1332; baseline 0.001 -18"><span class='ocrx_word' id='word_1_66' title='bbox 179 1273 281 1330; x_wconf 91' lang='lat' dir='ltr'><strong>per</strong></span> <span class='ocrx_word' id='word_1_67' title='bbox 306 1257 552 1330; x_wconf 89' lang='lat' dir='ltr'><strong>singulas</strong></span> <span class='ocrx_word' id='word_1_68' title='bbox 579 1257 832 1314; x_wconf 85' lang='lat' dir='ltr'><strong>civitates</strong></span> <span class='ocrx_word' id='word_1_69' title='bbox 863 1257 1242 1332; x_wconf 82' lang='lat' dir='ltr'><strong>presbyteros;</strong></span> <span class='ocrx_word' id='word_1_70' title='bbox 1289 1267 1346 1315; x_wconf 89' lang='lat' dir='ltr'><strong>et</strong></span> <span class='ocrx_word' id='word_1_71' title='bbox 1373 1259 1562 1316; x_wconf 84' lang='lat' dir='ltr'><strong>statim</strong></span> <span class='ocrx_word' id='word_1_72' title='bbox 1603 1261 1790 1331; x_wconf 88' lang='lat' dir='ltr'><strong>quales</strong></span> 
     </span>
    </p>
   </div>
   <div class='ocr_carea' id='block_1_13' title="bbox 179 1350 1790 1425">
    <p class='ocr_par' dir='ltr' id='par_1_13' title="bbox 179 1350 1790 1425">
     <span class='ocr_line' id='line_1_13' title="bbox 179 1350 1790 1425; baseline 0.001 -16"><span class='ocrx_word' id='word_1_73' title='bbox 179 1350 421 1410; x_wconf 89' lang='lat' dir='ltr'><strong>debeant</strong></span> <span class='ocrx_word' id='word_1_74' title='bbox 464 1351 705 1408; x_wconf 88' lang='lat' dir='ltr'><strong>ordinari</strong></span> <span class='ocrx_word' id='word_1_75' title='bbox 764 1351 1040 1410; x_wconf 87' lang='lat' dir='ltr'><strong>subnectit</strong></span> <span class='ocrx_word' id='word_1_76' title='bbox 1083 1352 1272 1409; x_wconf 90' lang='lat' dir='ltr'><strong>dicens</strong></span> <span class='ocrx_word' id='word_1_77' title='bbox 1315 1371 1331 1408; x_wconf 89' lang='lat'><strong>:</strong></span> <span class='ocrx_word' id='word_1_78' title='bbox 1383 1355 1604 1425; x_wconf 82' lang='lat' dir='ltr'><strong>Oportet</strong></span> <span class='ocrx_word' id='word_1_79' title='bbox 1649 1357 1790 1410; x_wconf 88' lang='lat' dir='ltr'><strong>enim</strong></span> 
     </span>
    </p>
   </div>
   <div class='ocr_carea' id='block_1_14' title="bbox 178 1446 1790 1519">
    <p class='ocr_par' dir='ltr' id='par_1_14' title="bbox 178 1446 1790 1519">
     <span class='ocr_line' id='line_1_14' title="bbox 178 1446 1790 1519; baseline 0.002 -18"><span class='ocrx_word' id='word_1_80' title='bbox 178 1449 482 1519; x_wconf 86' lang='lat' dir='ltr'><strong>episcopum</strong></span> <span class='ocrx_word' id='word_1_81' title='bbox 503 1446 1032 1518; x_wconf 83' lang='lat' dir='ltr'><strong>irreprehensibilem</strong></span> <span class='ocrx_word' id='word_1_82' title='bbox 1049 1461 1161 1503; x_wconf 88' lang='lat' dir='ltr'><strong>esse</strong></span> <span class='ocrx_word' id='word_1_83' title='bbox 1182 1449 1312 1514; x_wconf 80' lang='lat' dir='ltr'><strong>(Tit.</strong></span> <span class='ocrx_word' id='word_1_84' title='bbox 1346 1447 1409 1519; x_wconf 90' lang='lat'><strong>1).</strong></span> <span class='ocrx_word' id='word_1_85' title='bbox 1439 1451 1582 1504; x_wconf 90' lang='lat' dir='ltr'><strong>Item</strong></span> <span class='ocrx_word' id='word_1_86' title='bbox 1601 1447 1790 1505; x_wconf 91' lang='lat' dir='ltr'><strong>Timo-</strong></span> 
     </span>
    </p>
   </div>
   <div class='ocr_carea' id='block_1_15' title="bbox 177 1539 1782 1613">
    <p class='ocr_par' dir='ltr' id='par_1_15' title="bbox 177 1539 1782 1613">
     <span class='ocr_line' id='line_1_15' title="bbox 177 1539 1782 1613; baseline 0.002 -18"><span class='ocrx_word' id='word_1_87' title='bbox 177 1539 311 1596; x_wconf 87' lang='lat' dir='ltr'><strong>theo</strong></span> <span class='ocrx_word' id='word_1_88' title='bbox 351 1539 540 1597; x_wconf 79' lang='lat' dir='ltr'><strong>scribit</strong></span> <span class='ocrx_word' id='word_1_89' title='bbox 570 1558 584 1595; x_wconf 88' lang='lat'><strong>:</strong></span> <span class='ocrx_word' id='word_1_90' title='bbox 633 1539 766 1599; x_wconf 87' lang='lat' dir='ltr'><strong>Noli</strong></span> <span class='ocrx_word' id='word_1_91' title='bbox 793 1539 1062 1612; x_wconf 76' lang='lat' dir='ltr'><strong>negligere</strong></span> <span class='ocrx_word' id='word_1_92' title='bbox 1089 1543 1331 1610; x_wconf 75' lang='lat' dir='ltr'><strong>gratiam</strong></span> <span class='ocrx_word' id='word_1_93' title='bbox 1357 1557 1476 1613; x_wconf 69' lang='lat' dir='ltr'><strong>qua:</strong></span> <span class='ocrx_word' id='word_1_94' title='bbox 1501 1544 1560 1596; x_wconf 87' lang='lat' dir='ltr'><strong>in</strong></span> <span class='ocrx_word' id='word_1_95' title='bbox 1604 1546 1655 1598; x_wconf 86' lang='lat' dir='ltr'><strong>te</strong></span> <span class='ocrx_word' id='word_1_96' title='bbox 1682 1546 1782 1607; x_wconf 87' lang='lat' dir='ltr'><strong>est,</strong></span> 
     </span>
    </p>
   </div>
   <div class='ocr_carea' id='block_1_16' title="bbox 177 1634 1784 1707">
    <p class='ocr_par' dir='ltr' id='par_1_16' title="bbox 177 1634 1784 1707">
     <span class='ocr_line' id='line_1_16' title="bbox 177 1634 1784 1707; baseline 0.001 -17"><span class='ocrx_word' id='word_1_97' title='bbox 177 1649 303 1704; x_wconf 67' lang='lat' dir='ltr'><strong>qua:</strong></span> <span class='ocrx_word' id='word_1_98' title='bbox 321 1634 453 1690; x_wconf 84' lang='lat' dir='ltr'><strong>data</strong></span> <span class='ocrx_word' id='word_1_99' title='bbox 479 1637 564 1690; x_wconf 90' lang='lat' dir='ltr'><strong>est-</strong></span> <span class='ocrx_word' id='word_1_100' title='bbox 577 1634 680 1689; x_wconf 88' lang='lat' dir='ltr'><strong>tibi</strong></span> <span class='ocrx_word' id='word_1_101' title='bbox 689 1650 794 1706; x_wconf 84' lang='lat' dir='ltr'><strong>per</strong></span> <span class='ocrx_word' id='word_1_102' title='bbox 809 1635 1154 1706; x_wconf 77' lang='lat' dir='ltr'><strong>prophetiam</strong></span> <span class='ocrx_word' id='word_1_103' title='bbox 1173 1651 1290 1690; x_wconf 88' lang='lat' dir='ltr'><strong>cum</strong></span> <span class='ocrx_word' id='word_1_104' title='bbox 1314 1637 1653 1707; x_wconf 88' lang='lat' dir='ltr'><strong>impositione</strong></span> <span class='ocrx_word' id='word_1_105' title='bbox 1671 1651 1784 1692; x_wconf 87' lang='lat' dir='ltr'><strong>ma-</strong></span> 
     </span>
    </p>
   </div>
   <div class='ocr_carea' id='block_1_17' title="bbox 175 1728 1779 1802">
    <p class='ocr_par' dir='ltr' id='par_1_17' title="bbox 175 1728 1779 1802">
     <span class='ocr_line' id='line_1_17' title="bbox 175 1728 1779 1802; baseline 0.002 -19"><span class='ocrx_word' id='word_1_106' title='bbox 175 1743 353 1784; x_wconf 89' lang='lat' dir='ltr'><strong>nuum</strong></span> <span class='ocrx_word' id='word_1_107' title='bbox 374 1728 705 1799; x_wconf 76' lang='lat' dir='ltr'><strong>presbyterii</strong></span> <span class='ocrx_word' id='word_1_108' title='bbox 731 1731 784 1798; x_wconf 87' lang='lat' dir='ltr'><strong>(I</strong></span> <span class='ocrx_word' id='word_1_109' title='bbox 811 1731 946 1784; x_wconf 88' lang='lat' dir='ltr'><strong>Tim.</strong></span> <span class='ocrx_word' id='word_1_110' title='bbox 973 1731 1084 1796; x_wconf 90' lang='lat' dir='ltr'><strong>1v).</strong></span> <span class='ocrx_word' id='word_1_111' title='bbox 1123 1729 1224 1785; x_wconf 90' lang='lat' dir='ltr'><strong>Cui</strong></span> <span class='ocrx_word' id='word_1_112' title='bbox 1247 1730 1436 1786; x_wconf 82' lang='lat' dir='ltr'><strong>statim</strong></span> <span class='ocrx_word' id='word_1_113' title='bbox 1461 1730 1520 1785; x_wconf 88' lang='lat' dir='ltr'><strong>in</strong></span> <span class='ocrx_word' id='word_1_114' title='bbox 1546 1745 1779 1802; x_wconf 90' lang='lat' dir='ltr'><strong>sequen-</strong></span> 
     </span>
    </p>
   </div>
   <div class='ocr_carea' id='block_1_18' title="bbox 1900 511 3494 595">
    <p class='ocr_par' dir='ltr' id='par_1_18' title="bbox 1900 511 3494 595">
     <span class='ocr_line' id='line_1_18' title="bbox 1900 511 3494 595; baseline 0.008 -27"><span class='ocrx_word' id='word_1_115' title='bbox 1900 511 2048 569; x_wconf 90' lang='lat' dir='ltr'><strong>idem</strong></span> <span class='ocrx_word' id='word_1_116' title='bbox 2087 511 2253 571; x_wconf 85' lang='lat' dir='ltr'><strong>fuisse</strong></span> <span class='ocrx_word' id='word_1_117' title='bbox 2294 515 2565 589; x_wconf 89' lang='lat' dir='ltr'><strong>legantur,</strong></span> <span class='ocrx_word' id='word_1_118' title='bbox 2596 514 2765 573; x_wconf 89' lang='lat' dir='ltr'><strong>etiam</strong></span> <span class='ocrx_word' id='word_1_119' title='bbox 2792 515 3052 575; x_wconf 90' lang='lat' dir='ltr'><strong>eamdem</strong></span> <span class='ocrx_word' id='word_1_120' title='bbox 3091 519 3297 590; x_wconf 83' lang='lat' dir='ltr'><strong>ligandi</strong></span> <span class='ocrx_word' id='word_1_121' title='bbox 3326 530 3494 595; x_wconf 88' lang='lat' dir='ltr'><strong>atque</strong></span> 
     </span>
    </p>
   </div>
   <div class='ocr_carea' id='block_1_19' title="bbox 1900 606 3494 687">
    <p class='ocr_par' dir='ltr' id='par_1_19' title="bbox 1900 606 3494 687">
     <span class='ocr_line' id='line_1_19' title="bbox 1900 606 3494 687; baseline 0.008 -26"><span class='ocrx_word' id='word_1_122' title='bbox 1900 606 2144 664; x_wconf 85' lang='lat' dir='ltr'><strong>solvendi</strong></span> <span class='ocrx_word' id='word_1_123' title='bbox 2174 614 2525 682; x_wconf 88' lang='lat' dir='ltr'><strong>potestatem,</strong></span> <span class='ocrx_word' id='word_1_124' title='bbox 2565 618 2621 666; x_wconf 89' lang='lat' dir='ltr'><strong>et</strong></span> <span class='ocrx_word' id='word_1_125' title='bbox 2660 610 2762 667; x_wconf 90' lang='lat' dir='ltr'><strong>alia</strong></span> <span class='ocrx_word' id='word_1_126' title='bbox 2798 627 2950 668; x_wconf 89' lang='lat' dir='ltr'><strong>nunc</strong></span> <span class='ocrx_word' id='word_1_127' title='bbox 2977 611 3247 685; x_wconf 91' lang='lat' dir='ltr'><strong>episcopis</strong></span> <span class='ocrx_word' id='word_1_128' title='bbox 3286 616 3494 687; x_wconf 89' lang='lat' dir='ltr'><strong>specia-</strong></span> 
     </span>
    </p>
   </div>
   <div class='ocr_carea' id='block_1_20' title="bbox 1901 699 3491 781">
    <p class='ocr_par' dir='ltr' id='par_1_20' title="bbox 1901 699 3491 781">
     <span class='ocr_line' id='line_1_20' title="bbox 1901 699 3491 781; baseline 0.008 -27"><span class='ocrx_word' id='word_1_129' title='bbox 1901 699 1970 755; x_wconf 87' lang='lat' dir='ltr'><strong>lia</strong></span> <span class='ocrx_word' id='word_1_130' title='bbox 1998 700 2256 760; x_wconf 79' lang='lat' dir='ltr'><strong>habuisse</strong></span> <span class='ocrx_word' id='word_1_131' title='bbox 2282 719 2398 781; x_wconf 88' lang='lat' dir='ltr'><strong>non</strong></span> <span class='ocrx_word' id='word_1_132' title='bbox 2419 702 2762 761; x_wconf 88' lang='lat' dir='ltr'><strong>dubitantur.</strong></span> <span class='ocrx_word' id='word_1_133' title='bbox 2807 709 3101 778; x_wconf 87' lang='lat' dir='ltr'><strong>Postquam</strong></span> <span class='ocrx_word' id='word_1_134' title='bbox 3125 715 3329 764; x_wconf 82' lang='lat' dir='ltr'><strong>autem</strong></span> <span class='ocrx_word' id='word_1_135' title='bbox 3365 725 3491 781; x_wconf 92' lang='lat' dir='ltr'><strong>pre-</strong></span> 
     </span>
    </p>
   </div>
   <div class='ocr_carea' id='block_1_21' title="bbox 1898 780 3496 871">
    <p class='ocr_par' dir='ltr' id='par_1_21' title="bbox 1898 780 3496 871">
     <span class='ocr_line' id='line_1_21' title="bbox 1898 780 3496 871; baseline 0.009 -23"><span class='ocrx_word' id='word_1_136' title='bbox 1898 793 2103 866; x_wconf 89' lang='lat' dir='ltr'><strong>sbyteri</strong></span> <span class='ocrx_word' id='word_1_137' title='bbox 2141 795 2210 851; x_wconf 93' lang='lat' dir='ltr'><strong>ab</strong></span> <span class='ocrx_word' id='word_1_138' title='bbox 2253 780 2544 869; x_wconf 78' lang='lat' dir='ltr'><strong>episcopali</strong></span> <span class='ocrx_word' id='word_1_139' title='bbox 2573 799 2893 869; x_wconf 84' lang='lat' dir='ltr'><strong>excellentia</strong></span> <span class='ocrx_word' id='word_1_140' title='bbox 2931 799 3350 871; x_wconf 48' lang='lat' dir='ltr'><strong>cohibitigsunt,</strong></span> <span class='ocrx_word' id='word_1_141' title='bbox 3379 780 3496 862; x_wconf 74' lang='lat' dir='ltr'><strong>cce-</strong></span> 
     </span>
    </p>
   </div>
   <div class='ocr_carea' id='block_1_22' title="bbox 1900 887 3493 968">
    <p class='ocr_par' dir='ltr' id='par_1_22' title="bbox 1900 887 3493 968">
     <span class='ocr_line' id='line_1_22' title="bbox 1900 887 3493 968; baseline 0.008 -27"><span class='ocrx_word' id='word_1_142' title='bbox 1900 887 1979 958; x_wconf 86' lang='lat' dir='ltr'><strong>pit</strong></span> <span class='ocrx_word' id='word_1_143' title='bbox 2007 888 2085 944; x_wconf 90' lang='lat' dir='ltr'><strong>eis</strong></span> <span class='ocrx_word' id='word_1_144' title='bbox 2120 905 2232 945; x_wconf 88' lang='lat' dir='ltr'><strong>non</strong></span> <span class='ocrx_word' id='word_1_145' title='bbox 2261 889 2425 947; x_wconf 88' lang='lat' dir='ltr'><strong>licere</strong></span> <span class='ocrx_word' id='word_1_146' title='bbox 2465 891 2616 964; x_wconf 91' lang='lat' dir='ltr'><strong>quod</strong></span> <span class='ocrx_word' id='word_1_147' title='bbox 2643 893 2818 960; x_wconf 88' lang='lat' dir='ltr'><strong>licuit,</strong></span> <span class='ocrx_word' id='word_1_148' title='bbox 2849 893 3104 952; x_wconf 87' lang='lat' dir='ltr'><strong>videlicet</strong></span> <span class='ocrx_word' id='word_1_149' title='bbox 3139 896 3288 968; x_wconf 92' lang='lat' dir='ltr'><strong>quod</strong></span> <span class='ocrx_word' id='word_1_150' title='bbox 3316 897 3493 954; x_wconf 89' lang='lat' dir='ltr'><strong>eccle-</strong></span> 
     </span>
    </p>
   </div>
   <div class='ocr_carea' id='block_1_23' title="bbox 1896 980 3494 1062">
    <p class='ocr_par' dir='ltr' id='par_1_23' title="bbox 1896 980 3494 1062">
     <span class='ocr_line' id='line_1_23' title="bbox 1896 980 3494 1062; baseline 0.009 -27"><span class='ocrx_word' id='word_1_151' title='bbox 1896 980 2107 1037; x_wconf 84' lang='lat' dir='ltr'><strong>siastica</strong></span> <span class='ocrx_word' id='word_1_152' title='bbox 2151 983 2449 1041; x_wconf 86' lang='lat' dir='ltr'><strong>auctoritas</strong></span> <span class='ocrx_word' id='word_1_153' title='bbox 2507 984 2642 1041; x_wconf 87' lang='lat' dir='ltr'><strong>solis</strong></span> <span class='ocrx_word' id='word_1_154' title='bbox 2683 986 3045 1058; x_wconf 85' lang='lat' dir='ltr'><strong>pontiﬁcibus</strong></span> <span class='ocrx_word' id='word_1_155' title='bbox 3085 990 3494 1062; x_wconf 83' lang='lat' dir='ltr'><strong>exsequendum</strong></span> 
     </span>
    </p>
   </div>
   <div class='ocr_carea' id='block_1_24' title="bbox 1899 1073 3493 1155">
    <p class='ocr_par' dir='ltr' id='par_1_24' title="bbox 1899 1073 3493 1155">
     <span class='ocr_line' id='line_1_24' title="bbox 1899 1073 3493 1155; baseline 0.009 -26"><span class='ocrx_word' id='word_1_156' title='bbox 1899 1073 2191 1148; x_wconf 84' lang='lat' dir='ltr'><strong>delegavit,</strong></span> <span class='ocrx_word' id='word_1_157' title='bbox 2235 1076 2290 1133; x_wconf 91' lang='lat' dir='ltr'><strong>id</strong></span> <span class='ocrx_word' id='word_1_158' title='bbox 2335 1085 2439 1148; x_wconf 92' lang='lat' dir='ltr'><strong>est,</strong></span> <span class='ocrx_word' id='word_1_159' title='bbox 2492 1077 2892 1136; x_wconf 89' lang='lat' dir='ltr'><strong>confectionem</strong></span> <span class='ocrx_word' id='word_1_160' title='bbox 2917 1081 3246 1155; x_wconf 84' lang='lat' dir='ltr'><strong>chrismatis,</strong></span> <span class='ocrx_word' id='word_1_161' title='bbox 3301 1101 3493 1143; x_wconf 89' lang='lat' dir='ltr'><strong>conse-</strong></span> 
     </span>
    </p>
   </div>
   <div class='ocr_carea' id='block_1_25' title="bbox 1897 1168 3490 1248">
    <p class='ocr_par' dir='ltr' id='par_1_25' title="bbox 1897 1168 3490 1248">
     <span class='ocr_line' id='line_1_25' title="bbox 1897 1168 3490 1248; baseline 0.006 -23"><span class='ocrx_word' id='word_1_162' title='bbox 1897 1168 2204 1226; x_wconf 88' lang='lat' dir='ltr'><strong>crationem</strong></span> <span class='ocrx_word' id='word_1_163' title='bbox 2232 1171 2523 1245; x_wconf 77' lang='lat' dir='ltr'><strong>virginum,</strong></span> <span class='ocrx_word' id='word_1_164' title='bbox 2553 1173 3056 1232; x_wconf 86' lang='lat' dir='ltr'><strong>reconciliationem</strong></span> <span class='ocrx_word' id='word_1_165' title='bbox 3083 1177 3490 1248; x_wconf 67' lang='lat' dir='ltr'><strong>paenitentiam,</strong></span> 
     </span>
    </p>
   </div>
   <div class='ocr_carea' id='block_1_26' title="bbox 1899 1263 3493 1340">
    <p class='ocr_par' dir='ltr' id='par_1_26' title="bbox 1899 1263 3493 1340">
     <span class='ocr_line' id='line_1_26' title="bbox 1899 1263 3493 1340; baseline 0.008 -23"><span class='ocrx_word' id='word_1_166' title='bbox 1899 1273 1947 1318; x_wconf 81' lang='lat' dir='ltr'><strong>et</strong></span> <span class='ocrx_word' id='word_1_167' title='bbox 1975 1263 2077 1319; x_wconf 90' lang='lat' dir='ltr'><strong>alia</strong></span> <span class='ocrx_word' id='word_1_168' title='bbox 2105 1263 2440 1337; x_wconf 87' lang='lat' dir='ltr'><strong>hujusmodi,</strong></span> <span class='ocrx_word' id='word_1_169' title='bbox 2473 1282 2597 1339; x_wconf 64' lang='lat' dir='ltr'><strong>quae</strong></span> <span class='ocrx_word' id='word_1_170' title='bbox 2621 1275 2827 1324; x_wconf 88' lang='lat' dir='ltr'><strong>statuta</strong></span> <span class='ocrx_word' id='word_1_171' title='bbox 2859 1271 3102 1340; x_wconf 52' lang='lat' dir='ltr'><strong>Patrumf</strong></span> <span class='ocrx_word' id='word_1_172' title='bbox 3125 1271 3202 1328; x_wconf 88' lang='lat' dir='ltr'><strong>eis</strong></span> <span class='ocrx_word' id='word_1_173' title='bbox 3224 1271 3493 1329; x_wconf 89' lang='lat' dir='ltr'><strong>interclu-</strong></span> 
     </span>
    </p>
   </div>
   <div class='ocr_carea' id='block_1_27' title="bbox 1897 1355 3494 1435">
    <p class='ocr_par' dir='ltr' id='par_1_27' title="bbox 1897 1355 3494 1435">
     <span class='ocr_line' id='line_1_27' title="bbox 1897 1355 3494 1435; baseline 0.006 -25"><span class='ocrx_word' id='word_1_174' title='bbox 1897 1355 2060 1412; x_wconf 91' lang='lat' dir='ltr'><strong>dunt.</strong></span> <span class='ocrx_word' id='word_1_175' title='bbox 2093 1359 2241 1414; x_wconf 88' lang='lat' dir='ltr'><strong>Nam</strong></span> <span class='ocrx_word' id='word_1_176' title='bbox 2270 1357 2696 1431; x_wconf 88' lang='lat' dir='ltr'><strong>Carthaginense</strong></span> <span class='ocrx_word' id='word_1_177' title='bbox 2719 1361 3040 1430; x_wconf 89' lang='lat' dir='ltr'><strong>concilium,</strong></span> <span class='ocrx_word' id='word_1_178' title='bbox 3071 1363 3160 1419; x_wconf 90' lang='lat' dir='ltr'><strong>cui</strong></span> <span class='ocrx_word' id='word_1_179' title='bbox 3188 1366 3254 1418; x_wconf 91' lang='lat' dir='ltr'><strong>B.</strong></span> <span class='ocrx_word' id='word_1_180' title='bbox 3297 1368 3494 1435; x_wconf 77' lang='lat' dir='ltr'><strong>Augu-</strong></span> 
     </span>
    </p>
   </div>
   <div class='ocr_carea' id='block_1_28' title="bbox 1897 1449 3490 1529">
    <p class='ocr_par' dir='ltr' id='par_1_28' title="bbox 1897 1449 3490 1529">
     <span class='ocr_line' id='line_1_28' title="bbox 1897 1449 3490 1529; baseline 0.004 -23"><span class='ocrx_word' id='word_1_181' title='bbox 1897 1450 2078 1507; x_wconf 86' lang='lat' dir='ltr'><strong>stinus</strong></span> <span class='ocrx_word' id='word_1_182' title='bbox 2101 1449 2368 1520; x_wconf 82' lang='lat' dir='ltr'><strong>interfuit,</strong></span> <span class='ocrx_word' id='word_1_183' title='bbox 2397 1453 2636 1524; x_wconf 90' lang='lat' dir='ltr'><strong>capitulo</strong></span> <span class='ocrx_word' id='word_1_184' title='bbox 2661 1460 2695 1510; x_wconf 88' lang='lat'><strong>6</strong></span> <span class='ocrx_word' id='word_1_185' title='bbox 2717 1457 2952 1525; x_wconf 61' lang='lat' dir='ltr'><strong>(Las,</strong></span> <span class='ocrx_word' id='word_1_186' title='bbox 2982 1463 3026 1511; x_wconf 90' lang='lat' dir='ltr'><strong>t.</strong></span> <span class='ocrx_word' id='word_1_187' title='bbox 3059 1459 3134 1526; x_wconf 90' lang='lat' dir='ltr'><strong>ll,</strong></span> <span class='ocrx_word' id='word_1_188' title='bbox 3163 1472 3287 1529; x_wconf 88' lang='lat' dir='ltr'><strong>pag.</strong></span> <span class='ocrx_word' id='word_1_189' title='bbox 3312 1461 3490 1525; x_wconf 84' lang='grc'><strong>1052),</strong></span> 
     </span>
    </p>
   </div>
   <div class='ocr_carea' id='block_1_29' title="bbox 1895 1543 3491 1624">
    <p class='ocr_par' dir='ltr' id='par_1_29' title="bbox 1895 1543 3491 1624">
     <span class='ocr_line' id='line_1_29' title="bbox 1895 1543 3491 1624; baseline 0.006 -25"><span class='ocrx_word' id='word_1_190' title='bbox 1895 1543 2230 1617; x_wconf 85' lang='lat' dir='ltr'><strong>presbyteris</strong></span> <span class='ocrx_word' id='word_1_191' title='bbox 2259 1545 2535 1604; x_wconf 86' lang='lat' dir='ltr'><strong>interdicit</strong></span> <span class='ocrx_word' id='word_1_192' title='bbox 2560 1547 2874 1606; x_wconf 89' lang='lat' dir='ltr'><strong>chrismatis</strong></span> <span class='ocrx_word' id='word_1_193' title='bbox 2911 1549 3330 1619; x_wconf 86' lang='lat' dir='ltr'><strong>confectionem,</strong></span> <span class='ocrx_word' id='word_1_194' title='bbox 3373 1567 3491 1624; x_wconf 74' lang='lat' dir='ltr'><strong>pce-</strong></span> 
     </span>
    </p>
   </div>
   <div class='ocr_carea' id='block_1_30' title="bbox 1889 1636 3491 1716">
    <p class='ocr_par' dir='ltr' id='par_1_30' title="bbox 1889 1636 3491 1716">
     <span class='ocr_line' id='line_1_30' title="bbox 1889 1636 3491 1716; baseline 0.006 -24"><span class='ocrx_word' id='word_1_195' title='bbox 1889 1636 2184 1696; x_wconf 89' lang='lat' dir='ltr'><strong>niteutium</strong></span> <span class='ocrx_word' id='word_1_196' title='bbox 2231 1639 2734 1698; x_wconf 86' lang='lat' dir='ltr'><strong>reconciliationem</strong></span> <span class='ocrx_word' id='word_1_197' title='bbox 2785 1643 3064 1716; x_wconf 78' lang='lat' dir='ltr'><strong>virginum</strong></span> <span class='ocrx_word' id='word_1_198' title='bbox 3117 1646 3491 1702; x_wconf 88' lang='lat' dir='ltr'><strong>consecratio-</strong></span> 
     </span>
    </p>
   </div>
   <div class='ocr_carea' id='block_1_31' title="bbox 1891 1733 3489 1807">
    <p class='ocr_par' dir='ltr' id='par_1_31' title="bbox 1891 1733 3489 1807">
     <span class='ocr_line' id='line_1_31' title="bbox 1891 1733 3489 1807; baseline 0.005 -21"><span class='ocrx_word' id='word_1_199' title='bbox 1891 1747 2042 1788; x_wconf 88' lang='lat' dir='ltr'><strong>nem.</strong></span> <span class='ocrx_word' id='word_1_200' title='bbox 2087 1733 2319 1790; x_wconf 87' lang='lat' dir='ltr'><strong>Sanctus</strong></span> <span class='ocrx_word' id='word_1_201' title='bbox 2365 1750 2584 1807; x_wconf 90' lang='lat' dir='ltr'><strong>quoque</strong></span> <span class='ocrx_word' id='word_1_202' title='bbox 2619 1735 2887 1792; x_wconf 87' lang='lat' dir='ltr'><strong>Eusebius</strong></span> <span class='ocrx_word' id='word_1_203' title='bbox 2920 1736 2976 1793; x_wconf 92' lang='lat' dir='ltr'><strong>in</strong></span> <span class='ocrx_word' id='word_1_204' title='bbox 3010 1737 3246 1795; x_wconf 83' lang='lat' dir='ltr'><strong>decretis</strong></span> <span class='ocrx_word' id='word_1_205' title='bbox 3273 1739 3390 1794; x_wconf 91' lang='lat' dir='ltr'><strong>suis</strong></span> <span class='ocrx_word' id='word_1_206' title='bbox 3418 1744 3489 1794; x_wconf 78' lang='grc'><strong>22</strong></span> 
     </span>
    </p>
   </div>
   <div class='ocr_carea' id='block_1_32' title="bbox 174 1792 3491 1903">
    <p class='ocr_par' dir='ltr' id='par_1_32' title="bbox 174 1792 3491 1903">
     <span class='ocr_line' id='line_1_32' title="bbox 174 1792 3491 1903; baseline 0.004 -26"><span class='ocrx_word' id='word_1_207' title='bbox 174 1820 326 1878; x_wconf 86' lang='lat' dir='ltr'><strong>tibus</strong></span> <span class='ocrx_word' id='word_1_208' title='bbox 342 1792 477 1878; x_wconf 75' lang='lat' dir='ltr'><strong>dicit</strong></span> <span class='ocrx_word' id='word_1_209' title='bbox 499 1840 511 1874; x_wconf 91' lang='lat'>:</span> <span class='ocrx_word' id='word_1_210' title='bbox 531 1792 860 1880; x_wconf 67' lang='lat' dir='ltr'><strong>lieminicito</strong></span> <span class='ocrx_word' id='word_1_211' title='bbox 881 1792 1103 1878; x_wconf 79' lang='lat' dir='ltr'><strong>manum</strong></span> <span class='ocrx_word' id='word_1_212' title='bbox 1118 1825 1502 1894; x_wconf 69' lang='lat' dir='ltr'><strong>imposuerisd</strong></span> <span class='ocrx_word' id='word_1_213' title='bbox 1671 1829 1728 1890; x_wconf 77' lang='grc' dir='ltr'>γ)</span> <span class='ocrx_word' id='word_1_214' title='bbox 1761 1845 1774 1882; x_wconf 83' lang='grc'><strong>;</strong></span> <span class='ocrx_word' id='word_1_215' title='bbox 1807 1792 1856 1856; x_wconf 82' lang='grc' dir='ltr'><strong>Β</strong></span> <span class='ocrx_word' id='word_1_216' title='bbox 1892 1827 2068 1897; x_wconf 86' lang='lat' dir='ltr'><strong>(epist.</strong></span> <span class='ocrx_word' id='word_1_217' title='bbox 2101 1834 2165 1896; x_wconf 87' lang='lat'><strong>3;</strong></span> <span class='ocrx_word' id='word_1_218' title='bbox 2205 1792 2420 1898; x_wconf 51' lang='lat' dir='ltr'><strong>LABB;</strong></span> <span class='ocrx_word' id='word_1_219' title='bbox 2449 1792 2570 1898; x_wconf 42' lang='lat' dir='ltr'><strong>t.‘l,</strong></span> <span class='ocrx_word' id='word_1_220' title='bbox 2618 1846 2738 1903; x_wconf 85' lang='lat' dir='ltr'><strong>pag.</strong></span> <span class='ocrx_word' id='word_1_221' title='bbox 2792 1836 2972 1899; x_wconf 73' lang='lat'><strong>1392),</strong></span> <span class='ocrx_word' id='word_1_222' title='bbox 3017 1792 3491 1890; x_wconf 71' lang='lat' dir='ltr'><strong>conﬁrmationem</strong></span> 
     </span>
    </p>
   </div>
   <div class='ocr_carea' id='block_1_33' title="bbox 172 1914 1779 1991">
    <p class='ocr_par' dir='ltr' id='par_1_33' title="bbox 172 1914 1779 1991">
     <span class='ocr_line' id='line_1_33' title="bbox 172 1914 1779 1991; baseline 0.002 -19"><span class='ocrx_word' id='word_1_223' title='bbox 172 1914 333 1988; x_wconf 88' lang='lat' dir='ltr'><strong>quod</strong></span> <span class='ocrx_word' id='word_1_224' title='bbox 360 1915 577 1988; x_wconf 87' lang='lat' dir='ltr'><strong>proprie</strong></span> <span class='ocrx_word' id='word_1_225' title='bbox 613 1923 698 1972; x_wconf 91' lang='lat' dir='ltr'><strong>est</strong></span> <span class='ocrx_word' id='word_1_226' title='bbox 719 1916 984 1989; x_wconf 88' lang='lat' dir='ltr'><strong>episcopi.</strong></span> <span class='ocrx_word' id='word_1_227' title='bbox 1018 1919 1080 1971; x_wconf 90' lang='lat' dir='ltr'><strong>In</strong></span> <span class='ocrx_word' id='word_1_228' title='bbox 1125 1917 1210 1972; x_wconf 90' lang='lat' dir='ltr'><strong>his</strong></span> <span class='ocrx_word' id='word_1_229' title='bbox 1251 1917 1434 1973; x_wconf 84' lang='lat' dir='ltr'><strong>verbis</strong></span> <span class='ocrx_word' id='word_1_230' title='bbox 1482 1918 1779 1991; x_wconf 74' lang='lat' dir='ltr'><strong>Apostolus</strong></span> 
     </span>
    </p>
   </div>
   <div class='ocr_carea' id='block_1_34' title="bbox 173 2009 1780 2086">
    <p class='ocr_par' dir='ltr' id='par_1_34' title="bbox 173 2009 1780 2086">
     <span class='ocr_line' id='line_1_34' title="bbox 173 2009 1780 2086; baseline 0.002 -21"><span class='ocrx_word' id='word_1_231' title='bbox 173 2009 315 2065; x_wconf 85' lang='lat' dir='ltr'><strong>satis</strong></span> <span class='ocrx_word' id='word_1_232' title='bbox 332 2017 516 2082; x_wconf 90' lang='lat' dir='ltr'><strong>aperte</strong></span> <span class='ocrx_word' id='word_1_233' title='bbox 533 2009 745 2067; x_wconf 89' lang='lat' dir='ltr'><strong>notavit</strong></span> <span class='ocrx_word' id='word_1_234' title='bbox 761 2009 912 2082; x_wconf 88' lang='lat' dir='ltr'><strong>quod</strong></span> <span class='ocrx_word' id='word_1_235' title='bbox 930 2010 1234 2082; x_wconf 88' lang='lat' dir='ltr'><strong>antiquitus</strong></span> <span class='ocrx_word' id='word_1_236' title='bbox 1247 2010 1400 2068; x_wconf 91' lang='lat' dir='ltr'><strong>idem</strong></span> <span class='ocrx_word' id='word_1_237' title='bbox 1419 2011 1703 2086; x_wconf 87' lang='lat' dir='ltr'><strong>presbyter</strong></span> <span class='ocrx_word' id='word_1_238' title='bbox 1722 2019 1780 2068; x_wconf 90' lang='lat' dir='ltr'><strong>et</strong></span> 
     </span>
    </p>
   </div>
   <div class='ocr_carea' id='block_1_35' title="bbox 171 2102 1776 2178">
    <p class='ocr_par' dir='ltr' id='par_1_35' title="bbox 171 2102 1776 2178">
     <span class='ocr_line' id='line_1_35' title="bbox 171 2102 1776 2178; baseline 0.002 -19"><span class='ocrx_word' id='word_1_239' title='bbox 171 2102 465 2176; x_wconf 84' lang='lat' dir='ltr'><strong>episcopus</strong></span> <span class='ocrx_word' id='word_1_240' title='bbox 489 2103 716 2174; x_wconf 84' lang='lat' dir='ltr'><strong>fuerint,</strong></span> <span class='ocrx_word' id='word_1_241' title='bbox 746 2103 905 2178; x_wconf 84' lang='lat' dir='ltr'><strong>juxta</strong></span> <span class='ocrx_word' id='word_1_242' title='bbox 933 2105 1082 2178; x_wconf 92' lang='lat' dir='ltr'><strong>quod</strong></span> <span class='ocrx_word' id='word_1_243' title='bbox 1109 2107 1175 2163; x_wconf 86' lang='grc' dir='ltr'><strong>Β.</strong></span> <span class='ocrx_word' id='word_1_244' title='bbox 1208 2105 1536 2164; x_wconf 83' lang='lat' dir='ltr'><strong>Ambrosius</strong></span> <span class='ocrx_word' id='word_1_245' title='bbox 1559 2113 1614 2162; x_wconf 89' lang='lat' dir='ltr'><strong>et</strong></span> <span class='ocrx_word' id='word_1_246' title='bbox 1638 2106 1776 2162; x_wconf 83' lang='lat' dir='ltr'><strong>Bie-</strong></span> 
     </span>
    </p>
   </div>
   <div class='ocr_carea' id='block_1_36' title="bbox 169 2197 1778 2272">
    <p class='ocr_par' dir='ltr' id='par_1_36' title="bbox 169 2197 1778 2272">
     <span class='ocr_line' id='line_1_36' title="bbox 169 2197 1778 2272; baseline 0.001 -18"><span class='ocrx_word' id='word_1_247' title='bbox 169 2211 443 2271; x_wconf 87' lang='lat' dir='ltr'><strong>ronymus</strong></span> <span class='ocrx_word' id='word_1_248' title='bbox 480 2197 742 2255; x_wconf 89' lang='lat' dir='ltr'><strong>eumdem</strong></span> <span class='ocrx_word' id='word_1_249' title='bbox 777 2198 1108 2272; x_wconf 78' lang='lat' dir='ltr'><strong>Apostolum</strong></span> <span class='ocrx_word' id='word_1_250' title='bbox 1150 2198 1207 2254; x_wconf 90' lang='lat' dir='ltr'><strong>in</strong></span> <span class='ocrx_word' id='word_1_251' title='bbox 1246 2198 1455 2256; x_wconf 89' lang='lat' dir='ltr'><strong>eisdem</strong></span> <span class='ocrx_word' id='word_1_252' title='bbox 1491 2198 1778 2257; x_wconf 88' lang='lat' dir='ltr'><strong>sententiis</strong></span> 
     </span>
    </p>
   </div>
   <div class='ocr_carea' id='block_1_37' title="bbox 169 2294 1774 2369">
    <p class='ocr_par' dir='ltr' id='par_1_37' title="bbox 169 2294 1774 2369">
     <span class='ocr_line' id='line_1_37' title="bbox 169 2294 1774 2369; baseline 0 -17"><span class='ocrx_word' id='word_1_253' title='bbox 169 2295 537 2352; x_wconf 87' lang='lat' dir='ltr'><strong>commentati</strong></span> <span class='ocrx_word' id='word_1_254' title='bbox 564 2303 711 2352; x_wconf 91' lang='lat' dir='ltr'><strong>sunt.</strong></span> <span class='ocrx_word' id='word_1_255' title='bbox 744 2294 900 2353; x_wconf 90' lang='lat' dir='ltr'><strong>Idem</strong></span> <span class='ocrx_word' id='word_1_256' title='bbox 928 2295 985 2352; x_wconf 91' lang='lat' dir='ltr'><strong>in</strong></span> <span class='ocrx_word' id='word_1_257' title='bbox 1007 2295 1254 2368; x_wconf 88' lang='lat' dir='ltr'><strong>Epistola</strong></span> <span class='ocrx_word' id='word_1_258' title='bbox 1273 2294 1346 2352; x_wconf 91' lang='lat' dir='ltr'><strong>ad</strong></span> <span class='ocrx_word' id='word_1_259' title='bbox 1381 2295 1774 2369; x_wconf 90' lang='lat' dir='ltr'><strong>Philippenses,</strong></span> 
     </span>
    </p>
   </div>
   <div class='ocr_carea' id='block_1_38' title="bbox 173 2389 1775 2464">
    <p class='ocr_par' dir='ltr' id='par_1_38' title="bbox 173 2389 1775 2464">
     <span class='ocr_line' id='line_1_38' title="bbox 173 2389 1775 2464; baseline 0 -17"><span class='ocrx_word' id='word_1_260' title='bbox 173 2389 531 2464; x_wconf 83' lang='lat' dir='ltr'><strong>presbyteros</strong></span> <span class='ocrx_word' id='word_1_261' title='bbox 572 2389 677 2446; x_wconf 88' lang='lat' dir='ltr'><strong>sub</strong></span> <span class='ocrx_word' id='word_1_262' title='bbox 715 2389 942 2446; x_wconf 89' lang='lat' dir='ltr'><strong>nomine</strong></span> <span class='ocrx_word' id='word_1_263' title='bbox 986 2389 1372 2463; x_wconf 90' lang='lat' dir='ltr'><strong>episcoporum</strong></span> <span class='ocrx_word' id='word_1_264' title='bbox 1416 2390 1641 2460; x_wconf 84' lang='lat' dir='ltr'><strong>salutat,</strong></span> <span class='ocrx_word' id='word_1_265' title='bbox 1687 2389 1775 2447; x_wconf 91' lang='lat' dir='ltr'><strong>di-</strong></span> 
     </span>
    </p>
   </div>
   <div class='ocr_carea' id='block_1_39' title="bbox 172 2482 1775 2542">
    <p class='ocr_par' dir='ltr' id='par_1_39' title="bbox 172 2482 1775 2542">
     <span class='ocr_line' id='line_1_39' title="bbox 172 2482 1775 2542; baseline -0.001 -1"><span class='ocrx_word' id='word_1_266' title='bbox 172 2498 312 2541; x_wconf 88' lang='lat' dir='ltr'><strong>cens</strong></span> <span class='ocrx_word' id='word_1_267' title='bbox 341 2501 359 2541; x_wconf 88' lang='lat'><strong>:</strong></span> <span class='ocrx_word' id='word_1_268' title='bbox 389 2485 597 2541; x_wconf 84' lang='lat' dir='ltr'><strong>Paulus</strong></span> <span class='ocrx_word' id='word_1_269' title='bbox 642 2489 694 2542; x_wconf 88' lang='lat' dir='ltr'><strong>et</strong></span> <span class='ocrx_word' id='word_1_270' title='bbox 727 2485 1030 2542; x_wconf 73' lang='lat' dir='ltr'><strong>Timotheus</strong></span> <span class='ocrx_word' id='word_1_271' title='bbox 1054 2482 1198 2540; x_wconf 76' lang='lat' dir='ltr'><strong>sei-vi</strong></span> <span class='ocrx_word' id='word_1_272' title='bbox 1225 2485 1433 2541; x_wconf 80' lang='lat' dir='ltr'><strong>Christi</strong></span> <span class='ocrx_word' id='word_1_273' title='bbox 1455 2486 1582 2540; x_wconf 86' lang='lat' dir='ltr'><strong>Jesu</strong></span> <span class='ocrx_word' id='word_1_274' title='bbox 1603 2487 1775 2541; x_wconf 84' lang='lat' dir='ltr'><strong>omni-</strong></span> 
     </span>
    </p>
   </div>
   <div class='ocr_carea' id='block_1_40' title="bbox 174 2580 1777 2652">
    <p class='ocr_par' dir='ltr' id='par_1_40' title="bbox 174 2580 1777 2652">
     <span class='ocr_line' id='line_1_40' title="bbox 174 2580 1777 2652; baseline 0 -16"><span class='ocrx_word' id='word_1_275' title='bbox 174 2580 277 2636; x_wconf 86' lang='lat' dir='ltr'><strong>bus</strong></span> <span class='ocrx_word' id='word_1_276' title='bbox 303 2583 508 2638; x_wconf 77' lang='lat' dir='ltr'><strong>sanctis</strong></span> <span class='ocrx_word' id='word_1_277' title='bbox 534 2583 635 2652; x_wconf 88' lang='lat' dir='ltr'><strong>qui</strong></span> <span class='ocrx_word' id='word_1_278' title='bbox 657 2585 788 2638; x_wconf 87' lang='lat' dir='ltr'><strong>sunt</strong></span> <span class='ocrx_word' id='word_1_279' title='bbox 813 2581 1104 2652; x_wconf 80' lang='lat' dir='ltr'><strong>Philippis,</strong></span> <span class='ocrx_word' id='word_1_280' title='bbox 1137 2596 1258 2636; x_wconf 88' lang='lat' dir='ltr'><strong>cum</strong></span> <span class='ocrx_word' id='word_1_281' title='bbox 1285 2581 1545 2652; x_wconf 84' lang='lat' dir='ltr'><strong>episcopis</strong></span> <span class='ocrx_word' id='word_1_282' title='bbox 1573 2584 1624 2637; x_wconf 90' lang='lat' dir='ltr'><strong>et</strong></span> <span class='ocrx_word' id='word_1_283' title='bbox 1655 2580 1777 2636; x_wconf 87' lang='lat' dir='ltr'><strong>dia-</strong></span> 
     </span>
    </p>
   </div>
   <div class='ocr_carea' id='block_1_41' title="bbox 170 2673 1775 2747">
    <p class='ocr_par' dir='ltr' id='par_1_41' title="bbox 170 2673 1775 2747">
     <span class='ocr_line' id='line_1_41' title="bbox 170 2673 1775 2747; baseline -0.002 -15"><span class='ocrx_word' id='word_1_284' title='bbox 170 2675 395 2732; x_wconf 81' lang='lat' dir='ltr'><strong>conibus</strong></span> <span class='ocrx_word' id='word_1_285' title='bbox 440 2675 698 2747; x_wconf 82' lang='lat' dir='ltr'><strong>(Philipp.</strong></span> <span class='ocrx_word' id='word_1_286' title='bbox 747 2678 811 2743; x_wconf 98' lang='lat'><strong>1).</strong></span> <span class='ocrx_word' id='word_1_287' title='bbox 844 2677 986 2731; x_wconf 82' lang='lat' dir='ltr'><strong>Nam</strong></span> <span class='ocrx_word' id='word_1_288' title='bbox 1020 2674 1180 2746; x_wconf 77' lang='lat' dir='ltr'><strong>juxta</strong></span> <span class='ocrx_word' id='word_1_289' title='bbox 1218 2673 1623 2747; x_wconf 81' lang='lat' dir='ltr'><strong>Hieronymum</strong></span> <span class='ocrx_word' id='word_1_290' title='bbox 1651 2673 1775 2729; x_wconf 89' lang='lat' dir='ltr'><strong>Phi-</strong></span> 
     </span>
    </p>
   </div>
   <div class='ocr_carea' id='block_1_42' title="bbox 170 2767 1777 2842">
    <p class='ocr_par' dir='ltr' id='par_1_42' title="bbox 170 2767 1777 2842">
     <span class='ocr_line' id='line_1_42' title="bbox 170 2767 1777 2842; baseline 0.001 -18"><span class='ocrx_word' id='word_1_291' title='bbox 170 2767 335 2842; x_wconf 78' lang='lat' dir='ltr'><strong>lippis</strong></span> <span class='ocrx_word' id='word_1_292' title='bbox 378 2783 487 2825; x_wconf 85' lang='lat' dir='ltr'><strong>una</strong></span> <span class='ocrx_word' id='word_1_293' title='bbox 531 2776 614 2826; x_wconf 84' lang='lat' dir='ltr'><strong>est</strong></span> <span class='ocrx_word' id='word_1_294' title='bbox 649 2768 848 2825; x_wconf 85' lang='lat' dir='ltr'><strong>civitas</strong></span> <span class='ocrx_word' id='word_1_295' title='bbox 887 2767 1250 2836; x_wconf 59' lang='lat' dir='ltr'><strong>Macedonia),</strong></span> <span class='ocrx_word' id='word_1_296' title='bbox 1296 2783 1422 2841; x_wconf 64' lang='lat' dir='ltr'><strong>quae</strong></span> <span class='ocrx_word' id='word_1_297' title='bbox 1450 2767 1634 2839; x_wconf 88' lang='lat' dir='ltr'><strong>plures</strong></span> <span class='ocrx_word' id='word_1_298' title='bbox 1661 2783 1777 2825; x_wconf 90' lang='lat' dir='ltr'><strong>non</strong></span> 
     </span>
    </p>
   </div>
   <div class='ocr_carea' id='block_1_43' title="bbox 172 2861 1774 2936">
    <p class='ocr_par' dir='ltr' id='par_1_43' title="bbox 172 2861 1774 2936">
     <span class='ocr_line' id='line_1_43' title="bbox 172 2861 1774 2936; baseline 0 -18"><span class='ocrx_word' id='word_1_299' title='bbox 172 2862 355 2936; x_wconf 89' lang='lat' dir='ltr'><strong>potuit</strong></span> <span class='ocrx_word' id='word_1_300' title='bbox 375 2861 579 2919; x_wconf 86' lang='lat' dir='ltr'><strong>habere</strong></span> <span class='ocrx_word' id='word_1_301' title='bbox 606 2862 921 2935; x_wconf 87' lang='lat' dir='ltr'><strong>episcopos.</strong></span> <span class='ocrx_word' id='word_1_302' title='bbox 956 2864 1020 2919; x_wconf 88' lang='lat' dir='ltr'><strong>In</strong></span> <span class='ocrx_word' id='word_1_303' title='bbox 1050 2863 1276 2920; x_wconf 78' lang='lat' dir='ltr'><strong>Actibus</strong></span> <span class='ocrx_word' id='word_1_304' title='bbox 1301 2877 1520 2936; x_wconf 91' lang='lat' dir='ltr'><strong>quoque</strong></span> <span class='ocrx_word' id='word_1_305' title='bbox 1550 2869 1774 2934; x_wconf 85' lang='lat' dir='ltr'><strong>aposto-</strong></span> 
     </span>
    </p>
   </div>
   <div class='ocr_carea' id='block_1_44' title="bbox 172 2956 1774 3031">
    <p class='ocr_par' dir='ltr' id='par_1_44' title="bbox 172 2956 1774 3031">
     <span class='ocr_line' id='line_1_44' title="bbox 172 2956 1774 3031; baseline 0 -17"><span class='ocrx_word' id='word_1_306' title='bbox 172 2959 360 3014; x_wconf 84' lang='lat' dir='ltr'><strong>lorum</strong></span> <span class='ocrx_word' id='word_1_307' title='bbox 399 2957 594 3030; x_wconf 85' lang='lat' dir='ltr'><strong>legitur</strong></span> <span class='ocrx_word' id='word_1_308' title='bbox 631 2957 912 3030; x_wconf 80' lang='lat' dir='ltr'><strong>apostolos</strong></span> <span class='ocrx_word' id='word_1_309' title='bbox 939 2971 1162 3015; x_wconf 88' lang='lat' dir='ltr'><strong>vocasse</strong></span> <span class='ocrx_word' id='word_1_310' title='bbox 1199 2956 1547 3031; x_wconf 86' lang='lat' dir='ltr'><strong>presbyteros</strong></span> <span class='ocrx_word' id='word_1_311' title='bbox 1588 2957 1774 3030; x_wconf 83' lang='lat' dir='ltr'><strong>Ephe-</strong></span> 
     </span>
    </p>
   </div>
   <div class='ocr_carea' id='block_1_45' title="bbox 170 3049 1777 3124">
    <p class='ocr_par' dir='ltr' id='par_1_45' title="bbox 170 3049 1777 3124">
     <span class='ocr_line' id='line_1_45' title="bbox 170 3049 1777 3124; baseline 0.001 -16"><span class='ocrx_word' id='word_1_312' title='bbox 170 3051 406 3119; x_wconf 88' lang='lat' dir='ltr'><strong>siorum,</strong></span> <span class='ocrx_word' id='word_1_313' title='bbox 433 3065 574 3124; x_wconf 84' lang='lat' dir='ltr'><strong>quos</strong></span> <span class='ocrx_word' id='word_1_314' title='bbox 604 3058 664 3109; x_wconf 87' lang='lat' dir='ltr'><strong>et</strong></span> <span class='ocrx_word' id='word_1_315' title='bbox 703 3049 988 3124; x_wconf 88' lang='lat' dir='ltr'><strong>episcopos</strong></span> <span class='ocrx_word' id='word_1_316' title='bbox 1023 3067 1055 3108; x_wconf 91' lang='lat' dir='ltr'><strong>a</strong></span> <span class='ocrx_word' id='word_1_317' title='bbox 1083 3050 1290 3124; x_wconf 82' lang='lat' dir='ltr'><strong>Spiritu</strong></span> <span class='ocrx_word' id='word_1_318' title='bbox 1334 3059 1524 3108; x_wconf 88' lang='lat' dir='ltr'><strong>sancto</strong></span> <span class='ocrx_word' id='word_1_319' title='bbox 1569 3053 1777 3124; x_wconf 86' lang='lat' dir='ltr'><strong>positos</strong></span> 
     </span>
    </p>
   </div>
   <div class='ocr_carea' id='block_1_46' title="bbox 171 3145 1778 3215">
    <p class='ocr_par' dir='ltr' id='par_1_46' title="bbox 171 3145 1778 3215">
     <span class='ocr_line' id='line_1_46' title="bbox 171 3145 1778 3215; baseline 0.001 -12"><span class='ocrx_word' id='word_1_320' title='bbox 171 3161 298 3203; x_wconf 86' lang='lat' dir='ltr'><strong>esse</strong></span> <span class='ocrx_word' id='word_1_321' title='bbox 332 3148 477 3214; x_wconf 82' lang='lat' dir='ltr'><strong>(Act.</strong></span> <span class='ocrx_word' id='word_1_322' title='bbox 526 3149 635 3212; x_wconf 77' lang='lat' dir='ltr'><strong>xx)</strong></span> <span class='ocrx_word' id='word_1_323' title='bbox 677 3161 792 3202; x_wconf 91' lang='lat' dir='ltr'><strong>non</strong></span> <span class='ocrx_word' id='word_1_324' title='bbox 837 3145 1031 3215; x_wconf 86' lang='lat' dir='ltr'><strong>tacuit,</strong></span> <span class='ocrx_word' id='word_1_325' title='bbox 1060 3145 1308 3202; x_wconf 89' lang='lat' dir='ltr'><strong>videlicet</strong></span> <span class='ocrx_word' id='word_1_326' title='bbox 1337 3146 1502 3203; x_wconf 88' lang='lat' dir='ltr'><strong>unius</strong></span> <span class='ocrx_word' id='word_1_327' title='bbox 1541 3146 1778 3205; x_wconf 83' lang='lat' dir='ltr'><strong>civitatis</strong></span> 
     </span>
    </p>
   </div>
   <div class='ocr_carea' id='block_1_47' title="bbox 168 3239 1776 3314">
    <p class='ocr_par' dir='ltr' id='par_1_47' title="bbox 168 3239 1776 3314">
     <span class='ocr_line' id='line_1_47' title="bbox 168 3239 1776 3314; baseline 0.002 -18"><span class='ocrx_word' id='word_1_328' title='bbox 168 3239 522 3314; x_wconf 85' lang='lat' dir='ltr'><strong>presbyteros</strong></span> <span class='ocrx_word' id='word_1_329' title='bbox 566 3254 770 3297; x_wconf 81' lang='lat' dir='ltr'><strong>vocans</strong></span> <span class='ocrx_word' id='word_1_330' title='bbox 807 3239 1114 3311; x_wconf 85' lang='lat' dir='ltr'><strong>episcopos.</strong></span> <span class='ocrx_word' id='word_1_331' title='bbox 1166 3242 1313 3297; x_wconf 88' lang='lat' dir='ltr'><strong>Item</strong></span> <span class='ocrx_word' id='word_1_332' title='bbox 1362 3241 1478 3312; x_wconf 88' lang='lat' dir='ltr'><strong>ipse</strong></span> <span class='ocrx_word' id='word_1_333' title='bbox 1519 3242 1776 3314; x_wconf 87' lang='lat' dir='ltr'><strong>princeps</strong></span> 
     </span>
    </p>
   </div>
   <div class='ocr_carea' id='block_1_48' title="bbox 168 3333 1776 3407">
    <p class='ocr_par' dir='ltr' id='par_1_48' title="bbox 168 3333 1776 3407">
     <span class='ocr_line' id='line_1_48' title="bbox 168 3333 1776 3407; baseline 0.001 -17"><span class='ocrx_word' id='word_1_334' title='bbox 168 3335 550 3406; x_wconf 80' lang='lat' dir='ltr'><strong>apostolorum</strong></span> <span class='ocrx_word' id='word_1_335' title='bbox 575 3337 772 3391; x_wconf 87' lang='lat' dir='ltr'><strong>Petrus</strong></span> <span class='ocrx_word' id='word_1_336' title='bbox 799 3333 860 3390; x_wconf 90' lang='lat' dir='ltr'><strong>in</strong></span> <span class='ocrx_word' id='word_1_337' title='bbox 876 3333 1123 3406; x_wconf 83' lang='lat' dir='ltr'><strong>Epistola</strong></span> <span class='ocrx_word' id='word_1_338' title='bbox 1141 3349 1241 3391; x_wconf 85' lang='lat' dir='ltr'><strong>sua</strong></span> <span class='ocrx_word' id='word_1_339' title='bbox 1271 3353 1284 3390; x_wconf 89' lang='lat'><strong>:</strong></span> <span class='ocrx_word' id='word_1_340' title='bbox 1305 3337 1668 3407; x_wconf 75' lang='lat' dir='ltr'><strong>Presbyteros,</strong></span> <span class='ocrx_word' id='word_1_341' title='bbox 1686 3335 1776 3392; x_wconf 90' lang='lat' dir='ltr'><strong>in-</strong></span> 
     </span>
    </p>
   </div>
   <div class='ocr_carea' id='block_1_49' title="bbox 167 3429 1776 3501">
    <p class='ocr_par' dir='ltr' id='par_1_49' title="bbox 167 3429 1776 3501">
     <span class='ocr_line' id='line_1_49' title="bbox 167 3429 1776 3501; baseline 0.002 -17"><span class='ocrx_word' id='word_1_342' title='bbox 167 3429 316 3501; x_wconf 85' lang='lat' dir='ltr'><strong>quit,</strong></span> <span class='ocrx_word' id='word_1_343' title='bbox 337 3431 394 3484; x_wconf 89' lang='lat' dir='ltr'><strong>in</strong></span> <span class='ocrx_word' id='word_1_344' title='bbox 415 3429 561 3485; x_wconf 77' lang='lat' dir='ltr'><strong>vobis</strong></span> <span class='ocrx_word' id='word_1_345' title='bbox 578 3443 770 3500; x_wconf 80' lang='lat' dir='ltr'><strong>precor</strong></span> <span class='ocrx_word' id='word_1_346' title='bbox 788 3429 1184 3500; x_wconf 83' lang='lat' dir='ltr'><strong>compreis</strong></span> <span class='ocrx_word' id='word_1_347' title='bbox 1210 3435 1266 3486; x_wconf 91' lang='lat' dir='ltr'><strong>et</strong></span> <span class='ocrx_word' id='word_1_348' title='bbox 1293 3433 1441 3486; x_wconf 84' lang='lat' dir='ltr'><strong>testis</strong></span> <span class='ocrx_word' id='word_1_349' title='bbox 1463 3433 1776 3500; x_wconf 83' lang='lat' dir='ltr'><strong>passionum</strong></span> 
     </span>
    </p>
   </div>
   <div class='ocr_carea' id='block_1_50' title="bbox 167 3521 1776 3595">
    <p class='ocr_par' dir='ltr' id='par_1_50' title="bbox 167 3521 1776 3595">
     <span class='ocr_line' id='line_1_50' title="bbox 167 3521 1776 3595; baseline 0.001 -16"><span class='ocrx_word' id='word_1_350' title='bbox 167 3522 381 3579; x_wconf 80' lang='lat' dir='ltr'><strong>Christi</strong></span> <span class='ocrx_word' id='word_1_351' title='bbox 407 3521 458 3595; x_wconf 88' lang='grc' dir='ltr'><strong><em>(Ι</em></strong></span> <span class='ocrx_word' id='word_1_352' title='bbox 493 3526 641 3580; x_wconf 86' lang='lat' dir='ltr'><strong>Petr.</strong></span> <span class='ocrx_word' id='word_1_353' title='bbox 667 3524 749 3592; x_wconf 86' lang='lat' dir='ltr'><strong>v).</strong></span> <span class='ocrx_word' id='word_1_354' title='bbox 779 3523 919 3579; x_wconf 89' lang='lat' dir='ltr'><strong>Item</strong></span> <span class='ocrx_word' id='word_1_355' title='bbox 942 3525 1182 3579; x_wconf 86' lang='lat' dir='ltr'><strong>Joannes</strong></span> <span class='ocrx_word' id='word_1_356' title='bbox 1209 3523 1491 3594; x_wconf 86' lang='lat' dir='ltr'><strong>apostolus</strong></span> <span class='ocrx_word' id='word_1_357' title='bbox 1519 3532 1573 3581; x_wconf 87' lang='lat' dir='ltr'><strong>et</strong></span> <span class='ocrx_word' id='word_1_358' title='bbox 1606 3540 1776 3580; x_wconf 86' lang='lat' dir='ltr'><strong>evan-</strong></span> 
     </span>
    </p>
   </div>
   <div class='ocr_carea' id='block_1_51' title="bbox 165 3615 1776 3691">
    <p class='ocr_par' dir='ltr' id='par_1_51' title="bbox 165 3615 1776 3691">
     <span class='ocr_line' id='line_1_51' title="bbox 165 3615 1776 3691; baseline 0.002 -19"><span class='ocrx_word' id='word_1_359' title='bbox 165 3617 360 3689; x_wconf 83' lang='lat' dir='ltr'><strong>gelista</strong></span> <span class='ocrx_word' id='word_1_360' title='bbox 403 3615 651 3673; x_wconf 87' lang='lat' dir='ltr'><strong>scribens</strong></span> <span class='ocrx_word' id='word_1_361' title='bbox 690 3631 766 3674; x_wconf 84' lang='lat' dir='ltr'><strong>ex</strong></span> <span class='ocrx_word' id='word_1_362' title='bbox 811 3616 899 3672; x_wconf 85' lang='lat' dir='ltr'><strong>sui</strong></span> <span class='ocrx_word' id='word_1_363' title='bbox 946 3631 1178 3689; x_wconf 84' lang='lat' dir='ltr'><strong>persona</strong></span> <span class='ocrx_word' id='word_1_364' title='bbox 1221 3618 1524 3688; x_wconf 80' lang='lat' dir='ltr'><strong>Presbyter,</strong></span> <span class='ocrx_word' id='word_1_365' title='bbox 1570 3619 1776 3691; x_wconf 88' lang='lat' dir='ltr'><strong>inquit,</strong></span> 
     </span>
    </p>
   </div>
   <div class='ocr_carea' id='block_1_52' title="bbox 165 3711 1778 3782">
    <p class='ocr_par' dir='ltr' id='par_1_52' title="bbox 165 3711 1778 3782">
     <span class='ocr_line' id='line_1_52' title="bbox 165 3711 1778 3782; baseline -0.001 -12"><span class='ocrx_word' id='word_1_366' title='bbox 165 3712 391 3782; x_wconf 70' lang='lat' dir='ltr'><strong>Electa,</strong></span> <span class='ocrx_word' id='word_1_367' title='bbox 411 3711 643 3767; x_wconf 78' lang='lat' dir='ltr'><strong>domina:</strong></span> <span class='ocrx_word' id='word_1_368' title='bbox 664 3715 717 3767; x_wconf 91' lang='lat' dir='ltr'><strong>et</strong></span> <span class='ocrx_word' id='word_1_369' title='bbox 734 3712 868 3780; x_wconf 80' lang='lat' dir='ltr'><strong>filiis</strong></span> <span class='ocrx_word' id='word_1_370' title='bbox 887 3711 1002 3781; x_wconf 85' lang='lat' dir='ltr'><strong>ejus</strong></span> <span class='ocrx_word' id='word_1_371' title='bbox 1025 3714 1102 3778; x_wconf 89' lang='lat' dir='ltr'><strong>(II</strong></span> <span class='ocrx_word' id='word_1_372' title='bbox 1118 3713 1286 3767; x_wconf 86' lang='lat' dir='ltr'><strong>Joan.</strong></span> <span class='ocrx_word' id='word_1_373' title='bbox 1316 3714 1379 3781; x_wconf 88' lang='lat'><strong>1).</strong></span> <span class='ocrx_word' id='word_1_374' title='bbox 1414 3711 1566 3767; x_wconf 87' lang='lat' dir='ltr'><strong>Idem</strong></span> <span class='ocrx_word' id='word_1_375' title='bbox 1592 3712 1648 3768; x_wconf 90' lang='lat' dir='ltr'><strong>in</strong></span> <span class='ocrx_word' id='word_1_376' title='bbox 1676 3711 1778 3769; x_wconf 86' lang='lat' dir='ltr'><strong>alia</strong></span> 
     </span>
    </p>
   </div>
   <div class='ocr_carea' id='block_1_53' title="bbox 165 3803 1703 3879">
    <p class='ocr_par' dir='ltr' id='par_1_53' title="bbox 165 3803 1703 3879">
     <span class='ocr_line' id='line_1_53' title="bbox 165 3803 1703 3879; baseline 0.003 -19"><span class='ocrx_word' id='word_1_377' title='bbox 165 3803 419 3878; x_wconf 78' lang='lat' dir='ltr'><strong>Epistola</strong></span> <span class='ocrx_word' id='word_1_378' title='bbox 449 3823 463 3862; x_wconf 91' lang='lat'><strong>:</strong></span> <span class='ocrx_word' id='word_1_379' title='bbox 494 3805 781 3875; x_wconf 77' lang='lat' dir='ltr'><strong>Presbyter</strong></span> <span class='ocrx_word' id='word_1_380' title='bbox 805 3805 944 3862; x_wconf 85' lang='lat' dir='ltr'><strong>Gaio</strong></span> <span class='ocrx_word' id='word_1_381' title='bbox 969 3805 1294 3862; x_wconf 83' lang='lat' dir='ltr'><strong>charissima</strong></span> <span class='ocrx_word' id='word_1_382' title='bbox 1323 3806 1430 3878; x_wconf 86' lang='grc' dir='ltr'><strong>(ΙΙΙ</strong></span> <span class='ocrx_word' id='word_1_383' title='bbox 1451 3810 1602 3864; x_wconf 82' lang='lat' dir='ltr'><strong>Joan.</strong></span> <span class='ocrx_word' id='word_1_384' title='bbox 1635 3807 1703 3879; x_wconf 91' lang='lat'><strong>1).</strong></span> 
     </span>
    </p>
   </div>
   <div class='ocr_carea' id='block_1_54' title="bbox 248 3898 1776 3973">
    <p class='ocr_par' dir='ltr' id='par_1_54' title="bbox 248 3898 1776 3973">
     <span class='ocr_line' id='line_1_54' title="bbox 248 3898 1776 3973; baseline 0.002 -18"><span class='ocrx_word' id='word_1_385' title='bbox 248 3900 349 3956; x_wconf 89' lang='grc' dir='ltr'><strong><em>ΙΙΙ.</em></strong></span> <span class='ocrx_word' id='word_1_386' title='bbox 366 3898 472 3956; x_wconf 84' lang='lat' dir='ltr'><strong>His</strong></span> <span class='ocrx_word' id='word_1_387' title='bbox 491 3898 656 3970; x_wconf 85' lang='lat' dir='ltr'><strong>igitur</strong></span> <span class='ocrx_word' id='word_1_388' title='bbox 679 3899 971 3956; x_wconf 88' lang='lat' dir='ltr'><strong>sententiis</strong></span> <span class='ocrx_word' id='word_1_389' title='bbox 994 3901 1060 3958; x_wconf 88' lang='lat' dir='ltr'><strong>B.</strong></span> <span class='ocrx_word' id='word_1_390' title='bbox 1089 3900 1437 3973; x_wconf 87' lang='lat' dir='ltr'><strong>Hieronymo</strong></span> <span class='ocrx_word' id='word_1_391' title='bbox 1455 3908 1514 3957; x_wconf 92' lang='lat' dir='ltr'><strong>et</strong></span> <span class='ocrx_word' id='word_1_392' title='bbox 1533 3900 1776 3958; x_wconf 79' lang='lat' dir='ltr'><strong>Ambro-</strong></span> 
     </span>
    </p>
   </div>
   <div class='ocr_carea' id='block_1_55' title="bbox 158 3991 1777 4074">
    <p class='ocr_par' dir='ltr' id='par_1_55' title="bbox 158 3991 1777 4074">
     <span class='ocr_line' id='line_1_55' title="bbox 158 3991 1777 4074; baseline 0.001 -24"><span class='ocrx_word' id='word_1_393' title='bbox 158 3993 254 4050; x_wconf 87' lang='lat' dir='ltr'><strong>sio</strong></span> <span class='ocrx_word' id='word_1_394' title='bbox 307 3991 686 4074; x_wconf 68' lang='lat' dir='ltr'><strong>attestantibus</strong></span> <span class='ocrx_word' id='word_1_395' title='bbox 736 3991 1148 4050; x_wconf 84' lang='lat' dir='ltr'><strong>evidentissime</strong></span> <span class='ocrx_word' id='word_1_396' title='bbox 1178 3993 1445 4066; x_wconf 87' lang='lat' dir='ltr'><strong>probatur</strong></span> <span class='ocrx_word' id='word_1_397' title='bbox 1516 3994 1777 4052; x_wconf 89' lang='lat' dir='ltr'><strong>eumdem</strong></span> 
     </span>
    </p>
   </div>
   <div class='ocr_carea' id='block_1_56' title="bbox 160 4084 1778 4160">
    <p class='ocr_par' dir='ltr' id='par_1_56' title="bbox 160 4084 1778 4160">
     <span class='ocr_line' id='line_1_56' title="bbox 160 4084 1778 4160; baseline 0.001 -16"><span class='ocrx_word' id='word_1_398' title='bbox 160 4084 556 4160; x_wconf 82' lang='lat' dir='ltr'><strong>presbyterum</strong></span> <span class='ocrx_word' id='word_1_399' title='bbox 584 4093 640 4143; x_wconf 91' lang='lat' dir='ltr'><strong>et</strong></span> <span class='ocrx_word' id='word_1_400' title='bbox 663 4085 982 4159; x_wconf 90' lang='lat' dir='ltr'><strong>episcopum</strong></span> <span class='ocrx_word' id='word_1_401' title='bbox 1008 4085 1198 4144; x_wconf 87' lang='lat' dir='ltr'><strong>fuisse.</strong></span> <span class='ocrx_word' id='word_1_402' title='bbox 1227 4089 1340 4144; x_wconf 91' lang='lat' dir='ltr'><strong>Cur</strong></span> <span class='ocrx_word' id='word_1_403' title='bbox 1363 4096 1552 4144; x_wconf 88' lang='lat' dir='ltr'><strong>autem</strong></span> <span class='ocrx_word' id='word_1_404' title='bbox 1585 4097 1778 4159; x_wconf 89' lang='lat' dir='ltr'><strong>postea</strong></span> 
     </span>
    </p>
   </div>
   <div class='ocr_carea' id='block_1_57' title="bbox 160 4176 1778 4253">
    <p class='ocr_par' dir='ltr' id='par_1_57' title="bbox 160 4176 1778 4253">
     <span class='ocr_line' id='line_1_57' title="bbox 160 4176 1778 4253; baseline 0.001 -17"><span class='ocrx_word' id='word_1_405' title='bbox 160 4181 317 4239; x_wconf 84' lang='lat' dir='ltr'><strong>inter</strong></span> <span class='ocrx_word' id='word_1_406' title='bbox 335 4194 399 4238; x_wconf 87' lang='lat' dir='ltr'><strong>se</strong></span> <span class='ocrx_word' id='word_1_407' title='bbox 425 4187 482 4236; x_wconf 88' lang='lat' dir='ltr'><strong>et</strong></span> <span class='ocrx_word' id='word_1_408' title='bbox 502 4179 730 4237; x_wconf 89' lang='lat' dir='ltr'><strong>nomine</strong></span> <span class='ocrx_word' id='word_1_409' title='bbox 763 4188 818 4236; x_wconf 88' lang='lat' dir='ltr'><strong>et</strong></span> <span class='ocrx_word' id='word_1_410' title='bbox 843 4176 1030 4238; x_wconf 81' lang='lat' dir='ltr'><strong>ofﬁcio</strong></span> <span class='ocrx_word' id='word_1_411' title='bbox 1059 4178 1372 4253; x_wconf 88' lang='lat' dir='ltr'><strong>discrepare</strong></span> <span class='ocrx_word' id='word_1_412' title='bbox 1399 4182 1673 4253; x_wconf 64' lang='lat' dir='ltr'><strong>eruperint</strong></span> <span class='ocrx_word' id='word_1_413' title='bbox 1703 4182 1778 4238; x_wconf 86' lang='lat' dir='ltr'><strong>ita</strong></span> 
     </span>
    </p>
   </div>
   <div class='ocr_carea' id='block_1_58' title="bbox 163 4273 1780 4348">
    <p class='ocr_par' dir='ltr' id='par_1_58' title="bbox 163 4273 1780 4348">
     <span class='ocr_line' id='line_1_58' title="bbox 163 4273 1780 4348; baseline 0.001 -16"><span class='ocrx_word' id='word_1_414' title='bbox 163 4281 236 4332; x_wconf 88' lang='lat' dir='ltr'><strong>ut</strong></span> <span class='ocrx_word' id='word_1_415' title='bbox 262 4274 416 4332; x_wconf 87' lang='lat' dir='ltr'><strong>inter</strong></span> <span class='ocrx_word' id='word_1_416' title='bbox 469 4273 824 4348; x_wconf 79' lang='lat' dir='ltr'><strong>presbyteros</strong></span> <span class='ocrx_word' id='word_1_417' title='bbox 863 4290 1010 4332; x_wconf 85' lang='lat' dir='ltr'><strong>unus</strong></span> <span class='ocrx_word' id='word_1_418' title='bbox 1053 4273 1360 4347; x_wconf 87' lang='lat' dir='ltr'><strong>specialiter</strong></span> <span class='ocrx_word' id='word_1_419' title='bbox 1403 4291 1615 4333; x_wconf 86' lang='lat' dir='ltr'><strong>nomen</strong></span> <span class='ocrx_word' id='word_1_420' title='bbox 1659 4277 1780 4348; x_wconf 82' lang='lat' dir='ltr'><strong>epi-</strong></span> 
     </span>
    </p>
   </div>
   <div class='ocr_carea' id='block_1_59' title="bbox 157 4367 1776 4441">
    <p class='ocr_par' dir='ltr' id='par_1_59' title="bbox 157 4367 1776 4441">
     <span class='ocr_line' id='line_1_59' title="bbox 157 4367 1776 4441; baseline 0.002 -17"><span class='ocrx_word' id='word_1_421' title='bbox 157 4367 319 4440; x_wconf 86' lang='lat' dir='ltr'><strong>scopi</strong></span> <span class='ocrx_word' id='word_1_422' title='bbox 343 4367 666 4436; x_wconf 85' lang='lat' dir='ltr'><strong>obtinuerit,</strong></span> <span class='ocrx_word' id='word_1_423' title='bbox 708 4367 860 4426; x_wconf 88' lang='lat' dir='ltr'><strong>idem</strong></span> <span class='ocrx_word' id='word_1_424' title='bbox 891 4368 1261 4441; x_wconf 82' lang='lat' dir='ltr'><strong>Hieronymus</strong></span> <span class='ocrx_word' id='word_1_425' title='bbox 1283 4382 1448 4441; x_wconf 88' lang='lat' dir='ltr'><strong>uper</strong></span> <span class='ocrx_word' id='word_1_426' title='bbox 1470 4368 1776 4441; x_wconf 84' lang='lat' dir='ltr'><strong>Epistolam</strong></span> 
     </span>
    </p>
   </div>
   <div class='ocr_carea' id='block_1_60' title="bbox 156 4460 1794 4543">
    <p class='ocr_par' dir='ltr' id='par_1_60' title="bbox 156 4460 1794 4543">
     <span class='ocr_line' id='line_1_60' title="bbox 156 4460 1794 4543; baseline 0.002 -26"><span class='ocrx_word' id='word_1_427' title='bbox 156 4460 239 4518; x_wconf 90' lang='lat' dir='ltr'><strong>ad</strong></span> <span class='ocrx_word' id='word_1_428' title='bbox 267 4462 452 4518; x_wconf 88' lang='lat' dir='ltr'><strong>Titum</strong></span> <span class='ocrx_word' id='word_1_429' title='bbox 479 4462 615 4518; x_wconf 89' lang='lat' dir='ltr'><strong>satis</strong></span> <span class='ocrx_word' id='word_1_430' title='bbox 642 4469 829 4534; x_wconf 83' lang='lat' dir='ltr'><strong>aperte</strong></span> <span class='ocrx_word' id='word_1_431' title='bbox 865 4463 1093 4535; x_wconf 90' lang='lat' dir='ltr'><strong>exponit</strong></span> <span class='ocrx_word' id='word_1_432' title='bbox 1145 4481 1157 4517; x_wconf 95' lang='lat'><strong>:</strong></span> <span class='ocrx_word' id='word_1_433' title='bbox 1209 4467 1521 4534; x_wconf 86' lang='lat' dir='ltr'><strong>Postquam,</strong></span> <span class='ocrx_word' id='word_1_434' title='bbox 1575 4463 1794 4543; x_wconf 50' lang='grc' dir='ltr'><strong>ἱιιίιιιὶῑ,κ</strong></span> 
     </span>
    </p>
   </div>
   <div class='ocr_carea' id='block_1_61' title="bbox 1862 1909 3487 1998">
    <p class='ocr_par' dir='ltr' id='par_1_61' title="bbox 1862 1909 3487 1998">
     <span class='ocr_line' id='line_1_61' title="bbox 1862 1909 3487 1998; baseline 0.005 -22"><span class='ocrx_word' id='word_1_435' title='bbox 1862 1909 2293 1995; x_wconf 70' lang='grc' dir='ltr'><strong>ἠθοριιγιοτιιω</strong></span> <span class='ocrx_word' id='word_1_436' title='bbox 2329 1924 2545 1980; x_wconf 88' lang='lat' dir='ltr'><strong>nonnisi</strong></span> <span class='ocrx_word' id='word_1_437' title='bbox 2575 1924 2645 1980; x_wconf 88' lang='lat' dir='ltr'><strong>ab</strong></span> <span class='ocrx_word' id='word_1_438' title='bbox 2668 1925 2945 1998; x_wconf 89' lang='lat' dir='ltr'><strong>episcopis</strong></span> <span class='ocrx_word' id='word_1_439' title='bbox 2970 1941 3132 1997; x_wconf 86' lang='lat' dir='ltr'><strong>posse</strong></span> <span class='ocrx_word' id='word_1_440' title='bbox 3156 1926 3239 1983; x_wconf 91' lang='lat' dir='ltr'><strong>vel</strong></span> <span class='ocrx_word' id='word_1_441' title='bbox 3281 1926 3487 1984; x_wconf 90' lang='lat' dir='ltr'><strong>debere</strong></span> 
     </span>
    </p>
   </div>
   <div class='ocr_carea' id='block_1_62' title="bbox 1883 2013 3488 2085">
    <p class='ocr_par' dir='ltr' id='par_1_62' title="bbox 1883 2013 3488 2085">
     <span class='ocr_line' id='line_1_62' title="bbox 1883 2013 3488 2085; baseline 0.005 -15"><span class='ocrx_word' id='word_1_442' title='bbox 1883 2013 2003 2072; x_wconf 82' lang='lat' dir='ltr'><strong>ﬁeri</strong></span> <span class='ocrx_word' id='word_1_443' title='bbox 2029 2016 2246 2085; x_wconf 87' lang='lat' dir='ltr'><strong>asserit,</strong></span> <span class='ocrx_word' id='word_1_444' title='bbox 2271 2032 2378 2074; x_wconf 90' lang='lat' dir='ltr'><strong>nec</strong></span> <span class='ocrx_word' id='word_1_445' title='bbox 2406 2017 2552 2074; x_wconf 90' lang='lat' dir='ltr'><strong>inter</strong></span> <span class='ocrx_word' id='word_1_446' title='bbox 2579 2019 2940 2076; x_wconf 85' lang='lat' dir='ltr'><strong>ecclesiastica</strong></span> <span class='ocrx_word' id='word_1_447' title='bbox 2964 2028 3315 2078; x_wconf 82' lang='lat' dir='ltr'><strong>sacramenta</strong></span> <span class='ocrx_word' id='word_1_448' title='bbox 3335 2021 3488 2078; x_wconf 89' lang='lat' dir='ltr'><strong>illam</strong></span> 
     </span>
    </p>
   </div>
   <div class='ocr_carea' id='block_1_63' title="bbox 1883 2111 3094 2185">
    <p class='ocr_par' dir='ltr' id='par_1_63' title="bbox 1883 2111 3094 2185">
     <span class='ocr_line' id='line_1_63' title="bbox 1883 2111 3094 2185; baseline 0.005 -20"><span class='ocrx_word' id='word_1_449' title='bbox 1883 2111 2147 2182; x_wconf 88' lang='lat' dir='ltr'><strong>reputari,</strong></span> <span class='ocrx_word' id='word_1_450' title='bbox 2175 2127 2300 2185; x_wconf 68' lang='lat' dir='ltr'><strong>quae</strong></span> <span class='ocrx_word' id='word_1_451' title='bbox 2322 2112 2392 2168; x_wconf 92' lang='lat' dir='ltr'><strong>ab</strong></span> <span class='ocrx_word' id='word_1_452' title='bbox 2409 2111 2528 2168; x_wconf 90' lang='lat' dir='ltr'><strong>aliis</strong></span> <span class='ocrx_word' id='word_1_453' title='bbox 2554 2122 2884 2185; x_wconf 68' lang='lat' dir='ltr'><strong>praesumpta</strong></span> <span class='ocrx_word' id='word_1_454' title='bbox 2911 2113 3094 2172; x_wconf 85' lang='lat' dir='ltr'><strong>fuerit.</strong></span> 
     </span>
    </p>
   </div>
   <div class='ocr_carea' id='block_1_64' title="bbox 1953 2203 3488 2280">
    <p class='ocr_par' dir='ltr' id='par_1_64' title="bbox 1953 2203 3488 2280">
     <span class='ocr_line' id='line_1_64' title="bbox 1953 2203 3488 2280; baseline 0.004 -20"><span class='ocrx_word' id='word_1_455' title='bbox 1953 2205 2024 2260; x_wconf 87' lang='lat' dir='ltr'><strong>V.</strong></span> <span class='ocrx_word' id='word_1_456' title='bbox 2071 2203 2179 2261; x_wconf 90' lang='lat' dir='ltr'><strong>Sed</strong></span> <span class='ocrx_word' id='word_1_457' title='bbox 2213 2203 2284 2274; x_wconf 74' lang='lat' dir='ltr'><strong>de</strong></span> <span class='ocrx_word' id='word_1_458' title='bbox 2325 2203 2410 2260; x_wconf 89' lang='lat' dir='ltr'><strong>his</strong></span> <span class='ocrx_word' id='word_1_459' title='bbox 2437 2205 2685 2279; x_wconf 76' lang='lat' dir='ltr'><strong>singulis,</strong></span> <span class='ocrx_word' id='word_1_460' title='bbox 2738 2221 2863 2279; x_wconf 70' lang='lat' dir='ltr'><strong>quae</strong></span> <span class='ocrx_word' id='word_1_461' title='bbox 2904 2207 3236 2280; x_wconf 87' lang='lat' dir='ltr'><strong>presbyteris</strong></span> <span class='ocrx_word' id='word_1_462' title='bbox 3262 2225 3377 2266; x_wconf 89' lang='lat' dir='ltr'><strong>non</strong></span> <span class='ocrx_word' id='word_1_463' title='bbox 3424 2210 3488 2266; x_wconf 83' lang='lat' dir='ltr'><strong>li-</strong></span> 
     </span>
    </p>
   </div>
   <div class='ocr_carea' id='block_1_65' title="bbox 1882 2299 3487 2372">
    <p class='ocr_par' dir='ltr' id='par_1_65' title="bbox 1882 2299 3487 2372">
     <span class='ocr_line' id='line_1_65' title="bbox 1882 2299 3487 2372; baseline 0.002 -18"><span class='ocrx_word' id='word_1_464' title='bbox 1882 2311 2006 2354; x_wconf 88' lang='lat' dir='ltr'><strong>cere</strong></span> <span class='ocrx_word' id='word_1_465' title='bbox 2038 2307 2344 2370; x_wconf 68' lang='lat' dir='ltr'><strong>coeperunt,</strong></span> <span class='ocrx_word' id='word_1_466' title='bbox 2369 2306 2661 2371; x_wconf 87' lang='lat' dir='ltr'><strong>postquam</strong></span> <span class='ocrx_word' id='word_1_467' title='bbox 2688 2299 2764 2355; x_wconf 90' lang='lat' dir='ltr'><strong>illi</strong></span> <span class='ocrx_word' id='word_1_468' title='bbox 2795 2299 2867 2357; x_wconf 88' lang='lat' dir='ltr'><strong>ab</strong></span> <span class='ocrx_word' id='word_1_469' title='bbox 2895 2300 3187 2372; x_wconf 90' lang='lat' dir='ltr'><strong>episcopali</strong></span> <span class='ocrx_word' id='word_1_470' title='bbox 3213 2303 3487 2360; x_wconf 82' lang='lat' dir='ltr'><strong>excellen-</strong></span> 
     </span>
    </p>
   </div>
   <div class='ocr_carea' id='block_1_66' title="bbox 1883 2391 3485 2467">
    <p class='ocr_par' dir='ltr' id='par_1_66' title="bbox 1883 2391 3485 2467">
     <span class='ocr_line' id='line_1_66' title="bbox 1883 2391 3485 2467; baseline 0.005 -20"><span class='ocrx_word' id='word_1_471' title='bbox 1883 2391 1960 2448; x_wconf 89' lang='lat' dir='ltr'><strong>tia</strong></span> <span class='ocrx_word' id='word_1_472' title='bbox 2007 2391 2242 2466; x_wconf 88' lang='lat' dir='ltr'><strong>separati</strong></span> <span class='ocrx_word' id='word_1_473' title='bbox 2288 2401 2436 2463; x_wconf 88' lang='lat' dir='ltr'><strong>sunt,</strong></span> <span class='ocrx_word' id='word_1_474' title='bbox 2465 2394 2532 2450; x_wconf 91' lang='lat' dir='ltr'><strong>B.</strong></span> <span class='ocrx_word' id='word_1_475' title='bbox 2562 2396 2839 2451; x_wconf 87' lang='lat' dir='ltr'><strong>Damasus</strong></span> <span class='ocrx_word' id='word_1_476' title='bbox 2865 2409 3004 2466; x_wconf 90' lang='lat' dir='ltr'><strong>papa</strong></span> <span class='ocrx_word' id='word_1_477' title='bbox 3030 2394 3244 2467; x_wconf 86' lang='lat' dir='ltr'><strong>plenius</strong></span> <span class='ocrx_word' id='word_1_478' title='bbox 3289 2396 3350 2452; x_wconf 91' lang='lat' dir='ltr'><strong>in</strong></span> <span class='ocrx_word' id='word_1_479' title='bbox 3387 2395 3485 2454; x_wconf 84' lang='lat' dir='ltr'><strong>de-</strong></span> 
     </span>
    </p>
   </div>
   <div class='ocr_carea' id='block_1_67' title="bbox 1882 2486 3487 2562">
    <p class='ocr_par' dir='ltr' id='par_1_67' title="bbox 1882 2486 3487 2562">
     <span class='ocr_line' id='line_1_67' title="bbox 1882 2486 3487 2562; baseline 0.003 -20"><span class='ocrx_word' id='word_1_480' title='bbox 1882 2486 2048 2550; x_wconf 85' lang='lat' dir='ltr'><strong>cretis</strong></span> <span class='ocrx_word' id='word_1_481' title='bbox 2103 2488 2219 2543; x_wconf 91' lang='lat' dir='ltr'><strong>suis</strong></span> <span class='ocrx_word' id='word_1_482' title='bbox 2281 2486 2552 2558; x_wconf 87' lang='lat' dir='ltr'><strong>edisserit,</strong></span> <span class='ocrx_word' id='word_1_483' title='bbox 2617 2486 2712 2544; x_wconf 90' lang='lat' dir='ltr'><strong>ubi</strong></span> <span class='ocrx_word' id='word_1_484' title='bbox 2778 2503 2974 2545; x_wconf 87' lang='lat' dir='ltr'><strong>vanam</strong></span> <span class='ocrx_word' id='word_1_485' title='bbox 3031 2489 3487 2562; x_wconf 89' lang='lat' dir='ltr'><strong>superstitionem</strong></span> 
     </span>
    </p>
   </div>
   <div class='ocr_carea' id='block_1_68' title="bbox 1882 2579 3481 2658">
    <p class='ocr_par' dir='ltr' id='par_1_68' title="bbox 1882 2579 3481 2658">
     <span class='ocr_line' id='line_1_68' title="bbox 1882 2579 3481 2658; baseline 0.005 -23"><span class='ocrx_word' id='word_1_486' title='bbox 1882 2579 2398 2652; x_wconf 89' lang='lat' dir='ltr'><strong>chorepiscoporum</strong></span> <span class='ocrx_word' id='word_1_487' title='bbox 2424 2580 2753 2638; x_wconf 89' lang='lat' dir='ltr'><strong>authenticis</strong></span> <span class='ocrx_word' id='word_1_488' title='bbox 2788 2582 3093 2640; x_wconf 89' lang='lat' dir='ltr'><strong>rationibus</strong></span> <span class='ocrx_word' id='word_1_489' title='bbox 3119 2585 3481 2658; x_wconf 89' lang='lat' dir='ltr'><strong>compescuit.</strong></span> 
     </span>
    </p>
   </div>
   <div class='ocr_carea' id='block_1_69' title="bbox 1883 2672 3483 2750">
    <p class='ocr_par' dir='ltr' id='par_1_69' title="bbox 1883 2672 3483 2750">
     <span class='ocr_line' id='line_1_69' title="bbox 1883 2672 3483 2750; baseline 0.003 -20"><span class='ocrx_word' id='word_1_490' title='bbox 1883 2675 2028 2730; x_wconf 87' lang='lat' dir='ltr'><strong>Nam</strong></span> <span class='ocrx_word' id='word_1_491' title='bbox 2055 2672 2296 2731; x_wconf 81' lang='lat' dir='ltr'><strong>scribens</strong></span> <span class='ocrx_word' id='word_1_492' title='bbox 2316 2673 2576 2732; x_wconf 87' lang='lat' dir='ltr'><strong>omnibus</strong></span> <span class='ocrx_word' id='word_1_493' title='bbox 2596 2675 2867 2748; x_wconf 87' lang='lat' dir='ltr'><strong>episcopis</strong></span> <span class='ocrx_word' id='word_1_494' title='bbox 2893 2678 3069 2747; x_wconf 86' lang='lat' dir='ltr'><strong>(epist.</strong></span> <span class='ocrx_word' id='word_1_495' title='bbox 3092 2682 3156 2746; x_wconf 86' lang='lat'><strong>5;</strong></span> <span class='ocrx_word' id='word_1_496' title='bbox 3186 2679 3378 2736; x_wconf 63' lang='lat' dir='ltr'><strong>una.</strong></span> <span class='ocrx_word' id='word_1_497' title='bbox 3407 2681 3483 2750; x_wconf 87' lang='lat' dir='ltr'><strong>II,</strong></span> 
     </span>
    </p>
   </div>
   <div class='ocr_carea' id='block_1_70' title="bbox 1884 2767 3484 2841">
    <p class='ocr_par' dir='ltr' id='par_1_70' title="bbox 1884 2767 3484 2841">
     <span class='ocr_line' id='line_1_70' title="bbox 1884 2767 3484 2841; baseline 0.004 -17"><span class='ocrx_word' id='word_1_498' title='bbox 1884 2782 2007 2840; x_wconf 84' lang='lat' dir='ltr'><strong>pag.</strong></span> <span class='ocrx_word' id='word_1_499' title='bbox 2055 2772 2180 2835; x_wconf 85' lang='lat'><strong>876)</strong></span> <span class='ocrx_word' id='word_1_500' title='bbox 2233 2767 2476 2840; x_wconf 86' lang='lat' dir='ltr'><strong>primum</strong></span> <span class='ocrx_word' id='word_1_501' title='bbox 2519 2768 2942 2841; x_wconf 85' lang='lat' dir='ltr'><strong>chorepiscopos</strong></span> <span class='ocrx_word' id='word_1_502' title='bbox 2989 2769 3130 2826; x_wconf 88' lang='lat' dir='ltr'><strong>nihil</strong></span> <span class='ocrx_word' id='word_1_503' title='bbox 3176 2769 3326 2827; x_wconf 91' lang='lat' dir='ltr'><strong>aliud</strong></span> <span class='ocrx_word' id='word_1_504' title='bbox 3365 2787 3484 2830; x_wconf 87' lang='lat' dir='ltr'><strong>esse</strong></span> 
     </span>
    </p>
   </div>
   <div class='ocr_carea' id='block_1_71' title="bbox 1882 2860 3481 2936">
    <p class='ocr_par' dir='ltr' id='par_1_71' title="bbox 1882 2860 3481 2936">
     <span class='ocr_line' id='line_1_71' title="bbox 1882 2860 3481 2936; baseline 0.003 -18"><span class='ocrx_word' id='word_1_505' title='bbox 1882 2877 2052 2934; x_wconf 90' lang='lat' dir='ltr'><strong>quam</strong></span> <span class='ocrx_word' id='word_1_506' title='bbox 2081 2860 2429 2934; x_wconf 88' lang='lat' dir='ltr'><strong>presbyteros</strong></span> <span class='ocrx_word' id='word_1_507' title='bbox 2454 2862 2672 2934; x_wconf 91' lang='lat' dir='ltr'><strong>probat.</strong></span> <span class='ocrx_word' id='word_1_508' title='bbox 2703 2862 2916 2920; x_wconf 90' lang='lat' dir='ltr'><strong>Deinde</strong></span> <span class='ocrx_word' id='word_1_509' title='bbox 2940 2870 3200 2936; x_wconf 86' lang='lat' dir='ltr'><strong>utrosque</strong></span> <span class='ocrx_word' id='word_1_510' title='bbox 3226 2879 3481 2922; x_wconf 89' lang='lat' dir='ltr'><strong>commu-</strong></span> 
     </span>
    </p>
   </div>
   <div class='ocr_carea' id='block_1_72' title="bbox 1883 2955 3476 3028">
    <p class='ocr_par' dir='ltr' id='par_1_72' title="bbox 1883 2955 3476 3028">
     <span class='ocr_line' id='line_1_72' title="bbox 1883 2955 3476 3028; baseline 0.002 -18"><span class='ocrx_word' id='word_1_511' title='bbox 1883 2957 2025 3012; x_wconf 89' lang='lat' dir='ltr'><strong>niter</strong></span> <span class='ocrx_word' id='word_1_512' title='bbox 2065 2955 2132 3012; x_wconf 90' lang='lat' dir='ltr'><strong>ab</strong></span> <span class='ocrx_word' id='word_1_513' title='bbox 2178 2955 2476 3027; x_wconf 88' lang='lat' dir='ltr'><strong>episcopali</strong></span> <span class='ocrx_word' id='word_1_514' title='bbox 2506 2955 2729 3028; x_wconf 86' lang='lat' dir='ltr'><strong>fastigio</strong></span> <span class='ocrx_word' id='word_1_515' title='bbox 2758 2955 2865 3012; x_wconf 92' lang='lat' dir='ltr'><strong>hoc</strong></span> <span class='ocrx_word' id='word_1_516' title='bbox 2888 2955 3060 3012; x_wconf 90' lang='lat' dir='ltr'><strong>modo</strong></span> <span class='ocrx_word' id='word_1_517' title='bbox 3107 2965 3416 3028; x_wconf 89' lang='lat' dir='ltr'><strong>sequestrat</strong></span> <span class='ocrx_word' id='word_1_518' title='bbox 3461 2973 3476 3013; x_wconf 88' lang='lat'><strong>:</strong></span> 
     </span>
    </p>
   </div>
   <div class='ocr_carea' id='block_1_73' title="bbox 1883 3049 3481 3123">
    <p class='ocr_par' dir='ltr' id='par_1_73' title="bbox 1883 3049 3481 3123">
     <span class='ocr_line' id='line_1_73' title="bbox 1883 3049 3481 3123; baseline 0 -16"><span class='ocrx_word' id='word_1_519' title='bbox 1883 3051 2298 3123; x_wconf 87' lang='lat' dir='ltr'><strong>Chorepiscopis,</strong></span> <span class='ocrx_word' id='word_1_520' title='bbox 2328 3050 2530 3122; x_wconf 87' lang='lat' dir='ltr'><strong>inquit,</strong></span> <span class='ocrx_word' id='word_1_521' title='bbox 2553 3066 2661 3106; x_wconf 87' lang='lat' dir='ltr'><strong>non</strong></span> <span class='ocrx_word' id='word_1_522' title='bbox 2685 3051 2811 3107; x_wconf 88' lang='lat' dir='ltr'><strong>licet</strong></span> <span class='ocrx_word' id='word_1_523' title='bbox 2833 3049 3136 3107; x_wconf 81' lang='lat' dir='ltr'><strong>sacerdotes</strong></span> <span class='ocrx_word' id='word_1_524' title='bbox 3154 3066 3481 3117; x_wconf 71' lang='lat' dir='ltr'><strong>consecrare,</strong></span> 
     </span>
    </p>
   </div>
   <div class='ocr_carea' id='block_1_74' title="bbox 1810 3145 3482 3246">
    <p class='ocr_par' dir='ltr' id='par_1_74' title="bbox 1810 3145 3482 3246">
     <span class='ocr_line' id='line_1_74' title="bbox 1810 3145 3482 3246; baseline 0 -45"><span class='ocrx_word' id='word_1_525' title='bbox 1810 3181 1854 3246; x_wconf 65' lang='grc' dir='ltr'><strong>Ο</strong></span> <span class='ocrx_word' id='word_1_526' title='bbox 1884 3160 1976 3201; x_wconf 89' lang='lat' dir='ltr'><strong>nec</strong></span> <span class='ocrx_word' id='word_1_527' title='bbox 2017 3145 2270 3202; x_wconf 80' lang='lat' dir='ltr'><strong>diaconos</strong></span> <span class='ocrx_word' id='word_1_528' title='bbox 2317 3145 2691 3214; x_wconf 85' lang='lat' dir='ltr'><strong>subdiaconos,</strong></span> <span class='ocrx_word' id='word_1_529' title='bbox 2735 3161 2834 3201; x_wconf 89' lang='lat' dir='ltr'><strong>nec</strong></span> <span class='ocrx_word' id='word_1_530' title='bbox 2875 3147 3143 3215; x_wconf 81' lang='lat' dir='ltr'><strong>uirgines;</strong></span> <span class='ocrx_word' id='word_1_531' title='bbox 3176 3161 3270 3201; x_wconf 87' lang='lat' dir='ltr'><strong>nec</strong></span> <span class='ocrx_word' id='word_1_532' title='bbox 3299 3147 3482 3202; x_wconf 87' lang='lat' dir='ltr'><strong>altare</strong></span> 
     </span>
    </p>
   </div>
   <div class='ocr_carea' id='block_1_75' title="bbox 1885 3240 3476 3310">
    <p class='ocr_par' dir='ltr' id='par_1_75' title="bbox 1885 3240 3476 3310">
     <span class='ocr_line' id='line_1_75' title="bbox 1885 3240 3476 3310; baseline -0.001 -15"><span class='ocrx_word' id='word_1_533' title='bbox 1885 3242 2103 3309; x_wconf 81' lang='lat' dir='ltr'><strong>erigere,</strong></span> <span class='ocrx_word' id='word_1_534' title='bbox 2125 3255 2218 3295; x_wconf 87' lang='lat' dir='ltr'><strong>nec</strong></span> <span class='ocrx_word' id='word_1_535' title='bbox 2240 3255 2442 3310; x_wconf 90' lang='lat' dir='ltr'><strong>ungere</strong></span> <span class='ocrx_word' id='word_1_536' title='bbox 2457 3241 2539 3297; x_wconf 76' lang='lat' dir='ltr'><strong>uel</strong></span> <span class='ocrx_word' id='word_1_537' title='bbox 2563 3255 2802 3310; x_wconf 87' lang='lat' dir='ltr'><strong>sacrare,</strong></span> <span class='ocrx_word' id='word_1_538' title='bbox 2829 3255 2922 3295; x_wconf 90' lang='lat' dir='ltr'><strong>nec</strong></span> <span class='ocrx_word' id='word_1_539' title='bbox 2941 3240 3182 3295; x_wconf 83' lang='lat' dir='ltr'><strong>ecclesias</strong></span> <span class='ocrx_word' id='word_1_540' title='bbox 3210 3240 3476 3308; x_wconf 81' lang='lat' dir='ltr'><strong>dedicare,</strong></span> 
     </span>
    </p>
   </div>
   <div class='ocr_carea' id='block_1_76' title="bbox 1882 3334 3475 3405">
    <p class='ocr_par' dir='ltr' id='par_1_76' title="bbox 1882 3334 3475 3405">
     <span class='ocr_line' id='line_1_76' title="bbox 1882 3334 3475 3405; baseline 0 -17"><span class='ocrx_word' id='word_1_541' title='bbox 1882 3348 1976 3388; x_wconf 90' lang='lat' dir='ltr'><strong>nec</strong></span> <span class='ocrx_word' id='word_1_542' title='bbox 2007 3334 2242 3388; x_wconf 77' lang='lat' dir='ltr'><strong>chrisma</strong></span> <span class='ocrx_word' id='word_1_543' title='bbox 2273 3337 2560 3404; x_wconf 55' lang='lat' dir='ltr'><strong>conficere,</strong></span> <span class='ocrx_word' id='word_1_544' title='bbox 2575 3350 2670 3390; x_wconf 89' lang='lat' dir='ltr'><strong>nec</strong></span> <span class='ocrx_word' id='word_1_545' title='bbox 2709 3335 2996 3390; x_wconf 78' lang='lat' dir='ltr'><strong>chrismate</strong></span> <span class='ocrx_word' id='word_1_546' title='bbox 3019 3335 3196 3402; x_wconf 80' lang='lat' dir='ltr'><strong>fontes</strong></span> <span class='ocrx_word' id='word_1_547' title='bbox 3224 3335 3475 3405; x_wconf 81' lang='lat' dir='ltr'><strong>baptiza-</strong></span> 
     </span>
    </p>
   </div>
   <div class='ocr_carea' id='block_1_77' title="bbox 1885 3428 3482 3499">
    <p class='ocr_par' dir='ltr' id='par_1_77' title="bbox 1885 3428 3482 3499">
     <span class='ocr_line' id='line_1_77' title="bbox 1885 3428 3482 3499; baseline 0.001 -17"><span class='ocrx_word' id='word_1_548' title='bbox 1885 3431 2062 3482; x_wconf 88' lang='lat' dir='ltr'><strong>torum</strong></span> <span class='ocrx_word' id='word_1_549' title='bbox 2107 3429 2344 3497; x_wconf 87' lang='lat' dir='ltr'><strong>signare,</strong></span> <span class='ocrx_word' id='word_1_550' title='bbox 2385 3444 2480 3483; x_wconf 85' lang='lat' dir='ltr'><strong>nec</strong></span> <span class='ocrx_word' id='word_1_551' title='bbox 2514 3428 2726 3499; x_wconf 88' lang='lat' dir='ltr'><strong>publice</strong></span> <span class='ocrx_word' id='word_1_552' title='bbox 2751 3429 2968 3498; x_wconf 87' lang='lat' dir='ltr'><strong>quidem</strong></span> <span class='ocrx_word' id='word_1_553' title='bbox 3006 3430 3066 3483; x_wconf 87' lang='lat' dir='ltr'><strong>in</strong></span> <span class='ocrx_word' id='word_1_554' title='bbox 3091 3431 3256 3484; x_wconf 86' lang='lat' dir='ltr'><strong>missa</strong></span> <span class='ocrx_word' id='word_1_555' title='bbox 3302 3443 3482 3499; x_wconf 88' lang='lat' dir='ltr'><strong>quem-</strong></span> 
     </span>
    </p>
   </div>
   <div class='ocr_carea' id='block_1_78' title="bbox 1884 3523 3482 3593">
    <p class='ocr_par' dir='ltr' id='par_1_78' title="bbox 1884 3523 3482 3593">
     <span class='ocr_line' id='line_1_78' title="bbox 1884 3523 3482 3593; baseline 0.002 -18"><span class='ocrx_word' id='word_1_556' title='bbox 1884 3536 2051 3592; x_wconf 84' lang='lat' dir='ltr'><strong>quam</strong></span> <span class='ocrx_word' id='word_1_557' title='bbox 2073 3523 2418 3592; x_wconf 83' lang='lat' dir='ltr'><strong>peenitentem</strong></span> <span class='ocrx_word' id='word_1_558' title='bbox 2445 3523 2791 3578; x_wconf 82' lang='lat' dir='ltr'><strong>reconciliare</strong></span> <span class='ocrx_word' id='word_1_559' title='bbox 2820 3541 2840 3576; x_wconf 91' lang='lat'><strong><em>:</em></strong></span> <span class='ocrx_word' id='word_1_560' title='bbox 2873 3537 2965 3578; x_wconf 87' lang='lat' dir='ltr'><strong>nec</strong></span> <span class='ocrx_word' id='word_1_561' title='bbox 2988 3524 3251 3590; x_wconf 87' lang='lat' dir='ltr'><strong>formatas</strong></span> <span class='ocrx_word' id='word_1_562' title='bbox 3285 3523 3482 3593; x_wconf 81' lang='lat' dir='ltr'><strong>episto-</strong></span> 
     </span>
    </p>
   </div>
   <div class='ocr_carea' id='block_1_79' title="bbox 1885 3616 3478 3687">
    <p class='ocr_par' dir='ltr' id='par_1_79' title="bbox 1885 3616 3478 3687">
     <span class='ocr_line' id='line_1_79' title="bbox 1885 3616 3478 3687; baseline 0.001 -17"><span class='ocrx_word' id='word_1_563' title='bbox 1885 3617 1966 3670; x_wconf 88' lang='lat' dir='ltr'><strong>las</strong></span> <span class='ocrx_word' id='word_1_564' title='bbox 1989 3617 2217 3679; x_wconf 81' lang='lat' dir='ltr'><strong>mittere,</strong></span> <span class='ocrx_word' id='word_1_565' title='bbox 2246 3631 2340 3671; x_wconf 89' lang='lat' dir='ltr'><strong>nec</strong></span> <span class='ocrx_word' id='word_1_566' title='bbox 2361 3617 2625 3687; x_wconf 84' lang='lat' dir='ltr'><strong>populum</strong></span> <span class='ocrx_word' id='word_1_567' title='bbox 2654 3616 2981 3680; x_wconf 84' lang='lat' dir='ltr'><strong>benedicere,</strong></span> <span class='ocrx_word' id='word_1_568' title='bbox 3011 3631 3107 3671; x_wconf 90' lang='lat' dir='ltr'><strong>nec</strong></span> <span class='ocrx_word' id='word_1_569' title='bbox 3133 3620 3256 3672; x_wconf 88' lang='lat' dir='ltr'><strong>ante</strong></span> <span class='ocrx_word' id='word_1_570' title='bbox 3281 3619 3478 3686; x_wconf 86' lang='lat' dir='ltr'><strong>episto-</strong></span> 
     </span>
    </p>
   </div>
   <div class='ocr_carea' id='block_1_80' title="bbox 1877 3710 3480 3781">
    <p class='ocr_par' dir='ltr' id='par_1_80' title="bbox 1877 3710 3480 3781">
     <span class='ocr_line' id='line_1_80' title="bbox 1877 3710 3480 3781; baseline 0.001 -17"><span class='ocrx_word' id='word_1_571' title='bbox 1877 3725 2014 3780; x_wconf 87' lang='lat' dir='ltr'><strong>pum</strong></span> <span class='ocrx_word' id='word_1_572' title='bbox 2041 3711 2102 3766; x_wconf 88' lang='lat' dir='ltr'><strong>in</strong></span> <span class='ocrx_word' id='word_1_573' title='bbox 2131 3710 2444 3781; x_wconf 78' lang='lat' dir='ltr'><strong>baptisteria</strong></span> <span class='ocrx_word' id='word_1_574' title='bbox 2463 3711 2548 3766; x_wconf 76' lang='lat' dir='ltr'><strong>uel</strong></span> <span class='ocrx_word' id='word_1_575' title='bbox 2561 3711 2807 3768; x_wconf 85' lang='lat' dir='ltr'><strong>sacrario</strong></span> <span class='ocrx_word' id='word_1_576' title='bbox 2825 3710 3074 3774; x_wconf 85' lang='lat' dir='ltr'><strong>introire,</strong></span> <span class='ocrx_word' id='word_1_577' title='bbox 3098 3725 3192 3766; x_wconf 89' lang='lat' dir='ltr'><strong>nec</strong></span> <span class='ocrx_word' id='word_1_578' title='bbox 3217 3712 3480 3780; x_wconf 69' lang='lat' dir='ltr'><strong>praesente</strong></span> 
     </span>
    </p>
   </div>
   <div class='ocr_carea' id='block_1_81' title="bbox 1883 3805 3474 3876">
    <p class='ocr_par' dir='ltr' id='par_1_81' title="bbox 1883 3805 3474 3876">
     <span class='ocr_line' id='line_1_81' title="bbox 1883 3805 3474 3876; baseline -0.001 -16"><span class='ocrx_word' id='word_1_579' title='bbox 1883 3807 2119 3876; x_wconf 87' lang='lat' dir='ltr'><strong>episcopo</strong></span> <span class='ocrx_word' id='word_1_580' title='bbox 2146 3807 2421 3873; x_wconf 83' lang='lat' dir='ltr'><strong>infantem</strong></span> <span class='ocrx_word' id='word_1_581' title='bbox 2448 3807 2656 3874; x_wconf 77' lang='lat' dir='ltr'><strong>tingere</strong></span> <span class='ocrx_word' id='word_1_582' title='bbox 2682 3808 2790 3860; x_wconf 82' lang='lat' dir='ltr'><strong>aut</strong></span> <span class='ocrx_word' id='word_1_583' title='bbox 2811 3805 3052 3874; x_wconf 86' lang='lat' dir='ltr'><strong>signare,</strong></span> <span class='ocrx_word' id='word_1_584' title='bbox 3090 3819 3182 3859; x_wconf 87' lang='lat' dir='ltr'><strong>nec</strong></span> <span class='ocrx_word' id='word_1_585' title='bbox 3203 3805 3474 3874; x_wconf 59' lang='lat' dir='ltr'><strong>paeniten-</strong></span> 
     </span>
    </p>
   </div>
   <div class='ocr_carea' id='block_1_82' title="bbox 1885 3898 3536 3972">
    <p class='ocr_par' dir='ltr' id='par_1_82' title="bbox 1885 3898 3536 3972">
     <span class='ocr_line' id='line_1_82' title="bbox 1885 3898 3536 3972; baseline -0.002 -18"><span class='ocrx_word' id='word_1_586' title='bbox 1885 3903 1990 3954; x_wconf 90' lang='lat' dir='ltr'><strong>tem</strong></span> <span class='ocrx_word' id='word_1_587' title='bbox 2017 3900 2134 3955; x_wconf 84' lang='lat' dir='ltr'><strong>sine</strong></span> <span class='ocrx_word' id='word_1_588' title='bbox 2155 3901 2394 3972; x_wconf 80' lang='lat' dir='ltr'><strong>episcopi</strong></span> <span class='ocrx_word' id='word_1_589' title='bbox 2418 3901 2508 3956; x_wconf 70' lang='lat' dir='ltr'><strong>sui</strong></span> <span class='ocrx_word' id='word_1_590' title='bbox 2528 3900 2884 3969; x_wconf 70' lang='lat' dir='ltr'><strong>praeceptione</strong></span> <span class='ocrx_word' id='word_1_591' title='bbox 2909 3898 3267 3966; x_wconf 73' lang='lat' dir='ltr'><strong>reconciliare,</strong></span> <span class='ocrx_word' id='word_1_592' title='bbox 3294 3913 3389 3953; x_wconf 88' lang='lat' dir='ltr'><strong>nec</strong></span> <span class='ocrx_word' id='word_1_593' title='bbox 3420 3913 3480 3953; x_wconf 90' lang='lat' dir='ltr'><strong>eo</strong></span> <span class='ocrx_word' id='word_1_594' title='bbox 3514 3921 3536 3948; x_wconf 63' lang='grc' dir='ltr'><strong>κ</strong></span> 
     </span>
    </p>
   </div>
   <div class='ocr_carea' id='block_1_83' title="bbox 1877 3992 3486 4066">
    <p class='ocr_par' dir='ltr' id='par_1_83' title="bbox 1877 3992 3486 4066">
     <span class='ocr_line' id='line_1_83' title="bbox 1877 3992 3486 4066; baseline -0.002 -16"><span class='ocrx_word' id='word_1_595' title='bbox 1877 3999 2158 4066; x_wconf 66' lang='lat' dir='ltr'><strong>praesente,</strong></span> <span class='ocrx_word' id='word_1_596' title='bbox 2187 3997 2300 4050; x_wconf 85' lang='lat' dir='ltr'><strong>nisi</strong></span> <span class='ocrx_word' id='word_1_597' title='bbox 2314 3993 2558 4064; x_wconf 85' lang='lat' dir='ltr'><strong>jubente,</strong></span> <span class='ocrx_word' id='word_1_598' title='bbox 2585 3997 2982 4049; x_wconf 77' lang='lat' dir='ltr'><strong>sacramentum</strong></span> <span class='ocrx_word' id='word_1_599' title='bbox 3007 3992 3241 4062; x_wconf 82' lang='lat' dir='ltr'><strong>corporis</strong></span> <span class='ocrx_word' id='word_1_600' title='bbox 3276 3995 3328 4048; x_wconf 89' lang='lat' dir='ltr'><strong>et</strong></span> <span class='ocrx_word' id='word_1_601' title='bbox 3358 4005 3486 4046; x_wconf 88' lang='lat' dir='ltr'><strong>san-</strong></span> 
     </span>
    </p>
   </div>
   <div class='ocr_carea' id='block_1_84' title="bbox 1885 4085 3482 4159">
    <p class='ocr_par' dir='ltr' id='par_1_84' title="bbox 1885 4085 3482 4159">
     <span class='ocr_line' id='line_1_84' title="bbox 1885 4085 3482 4159; baseline -0.004 -14"><span class='ocrx_word' id='word_1_602' title='bbox 1885 4092 2064 4159; x_wconf 85' lang='lat' dir='ltr'><strong>guinis</strong></span> <span class='ocrx_word' id='word_1_603' title='bbox 2095 4089 2302 4145; x_wconf 82' lang='lat' dir='ltr'><strong>Christi</strong></span> <span class='ocrx_word' id='word_1_604' title='bbox 2325 4091 2593 4159; x_wconf 71' lang='lat' dir='ltr'><strong>conﬁcerc,</strong></span> <span class='ocrx_word' id='word_1_605' title='bbox 2614 4103 2710 4143; x_wconf 89' lang='lat' dir='ltr'><strong>nec</strong></span> <span class='ocrx_word' id='word_1_606' title='bbox 2734 4103 2794 4143; x_wconf 91' lang='lat' dir='ltr'><strong>eo</strong></span> <span class='ocrx_word' id='word_1_607' title='bbox 2828 4100 3008 4144; x_wconf 87' lang='lat' dir='ltr'><strong>coram</strong></span> <span class='ocrx_word' id='word_1_608' title='bbox 3024 4087 3202 4157; x_wconf 87' lang='lat' dir='ltr'><strong>posito</strong></span> <span class='ocrx_word' id='word_1_609' title='bbox 3217 4085 3482 4156; x_wconf 81' lang='lat' dir='ltr'><strong>populum</strong></span> 
     </span>
    </p>
   </div>
   <div class='ocr_carea' id='block_1_85' title="bbox 1885 4180 3480 4252">
    <p class='ocr_par' dir='ltr' id='par_1_85' title="bbox 1885 4180 3480 4252">
     <span class='ocr_line' id='line_1_85' title="bbox 1885 4180 3480 4252; baseline -0.003 -13"><span class='ocrx_word' id='word_1_610' title='bbox 1885 4184 2071 4239; x_wconf 88' lang='lat' dir='ltr'><strong>docere</strong></span> <span class='ocrx_word' id='word_1_611' title='bbox 2101 4183 2185 4238; x_wconf 76' lang='lat' dir='ltr'><strong>uel</strong></span> <span class='ocrx_word' id='word_1_612' title='bbox 2209 4184 2470 4251; x_wconf 85' lang='lat' dir='ltr'><strong>salutare,</strong></span> <span class='ocrx_word' id='word_1_613' title='bbox 2488 4198 2580 4237; x_wconf 87' lang='lat' dir='ltr'><strong>nec</strong></span> <span class='ocrx_word' id='word_1_614' title='bbox 2595 4183 2806 4252; x_wconf 85' lang='lat' dir='ltr'><strong>plebem</strong></span> <span class='ocrx_word' id='word_1_615' title='bbox 2827 4182 3128 4237; x_wconf 70' lang='lat' dir='ltr'><strong>exhortari.</strong></span> <span class='ocrx_word' id='word_1_616' title='bbox 3151 4180 3280 4246; x_wconf 67' lang='lat' dir='ltr'><strong>Quae</strong></span> <span class='ocrx_word' id='word_1_617' title='bbox 3298 4180 3480 4234; x_wconf 87' lang='lat' dir='ltr'><strong>omnia</strong></span> 
     </span>
    </p>
   </div>
   <div class='ocr_carea' id='block_1_86' title="bbox 1884 4273 3480 4346">
    <p class='ocr_par' dir='ltr' id='par_1_86' title="bbox 1884 4273 3480 4346">
     <span class='ocr_line' id='line_1_86' title="bbox 1884 4273 3480 4346; baseline -0.003 -14"><span class='ocrx_word' id='word_1_618' title='bbox 1884 4277 2010 4332; x_wconf 88' lang='lat' dir='ltr'><strong>solis</strong></span> <span class='ocrx_word' id='word_1_619' title='bbox 2018 4274 2367 4346; x_wconf 77' lang='lat' dir='ltr'><strong>pontiﬁcibus</strong></span> <span class='ocrx_word' id='word_1_620' title='bbox 2389 4277 2658 4344; x_wconf 84' lang='lat' dir='ltr'><strong>pertinere</strong></span> <span class='ocrx_word' id='word_1_621' title='bbox 2673 4279 2783 4330; x_wconf 91' lang='lat' dir='ltr'><strong>tam</strong></span> <span class='ocrx_word' id='word_1_622' title='bbox 2811 4290 2882 4330; x_wconf 78' lang='lat' dir='ltr'><strong>ea:</strong></span> <span class='ocrx_word' id='word_1_623' title='bbox 2901 4273 3291 4345; x_wconf 81' lang='lat' dir='ltr'><strong>superioribus,</strong></span> <span class='ocrx_word' id='word_1_624' title='bbox 3313 4287 3480 4343; x_wconf 88' lang='lat' dir='ltr'><strong>quam</strong></span> 
     </span>
    </p>
   </div>
   <div class='ocr_carea' id='block_1_87' title="bbox 1885 4365 3473 4438">
    <p class='ocr_par' dir='ltr' id='par_1_87' title="bbox 1885 4365 3473 4438">
     <span class='ocr_line' id='line_1_87' title="bbox 1885 4365 3473 4438; baseline -0.002 -14"><span class='ocrx_word' id='word_1_625' title='bbox 1885 4385 1952 4424; x_wconf 77' lang='lat' dir='ltr'><strong>ea:</strong></span> <span class='ocrx_word' id='word_1_626' title='bbox 1974 4369 2101 4424; x_wconf 87' lang='lat' dir='ltr'><strong>aliis</strong></span> <span class='ocrx_word' id='word_1_627' title='bbox 2125 4371 2354 4424; x_wconf 86' lang='lat' dir='ltr'><strong>Patrum</strong></span> <span class='ocrx_word' id='word_1_628' title='bbox 2382 4369 2601 4423; x_wconf 83' lang='lat' dir='ltr'><strong>statutis</strong></span> <span class='ocrx_word' id='word_1_629' title='bbox 2630 4372 2794 4438; x_wconf 88' lang='lat' dir='ltr'><strong>atque</strong></span> <span class='ocrx_word' id='word_1_630' title='bbox 2821 4370 2988 4424; x_wconf 83' lang='lat' dir='ltr'><strong>sacris</strong></span> <span class='ocrx_word' id='word_1_631' title='bbox 3027 4367 3321 4424; x_wconf 77' lang='lat' dir='ltr'><strong>canonibus</strong></span> <span class='ocrx_word' id='word_1_632' title='bbox 3345 4365 3473 4422; x_wconf 89' lang='lat' dir='ltr'><strong>edo-</strong></span> 
     </span>
    </p>
   </div>
   <div class='ocr_carea' id='block_1_88' title="bbox 1885 4460 3484 4531">
    <p class='ocr_par' dir='ltr' id='par_1_88' title="bbox 1885 4460 3484 4531">
     <span class='ocr_line' id='line_1_88' title="bbox 1885 4460 3484 4531; baseline -0.003 -13"><span class='ocrx_word' id='word_1_633' title='bbox 1885 4464 1960 4518; x_wconf 87' lang='lat' dir='ltr'><strong>cti</strong></span> <span class='ocrx_word' id='word_1_634' title='bbox 1987 4464 2138 4519; x_wconf 86' lang='lat' dir='ltr'><strong>estis.</strong></span> <span class='ocrx_word' id='word_1_635' title='bbox 2171 4501 2184 4514; x_wconf 93' lang='lat'><strong>.</strong></span> <span class='ocrx_word' id='word_1_636' title='bbox 2215 4501 2229 4514; x_wconf 95' lang='lat'><strong>.</strong></span> <span class='ocrx_word' id='word_1_637' title='bbox 2282 4462 2549 4518; x_wconf 85' lang='lat' dir='ltr'><strong>Similiter</strong></span> <span class='ocrx_word' id='word_1_638' title='bbox 2575 4465 2626 4516; x_wconf 89' lang='lat' dir='ltr'><strong>et</strong></span> <span class='ocrx_word' id='word_1_639' title='bbox 2649 4461 2715 4516; x_wconf 89' lang='lat' dir='ltr'><strong>de</strong></span> <span class='ocrx_word' id='word_1_640' title='bbox 2737 4462 3068 4531; x_wconf 85' lang='lat' dir='ltr'><strong>presbyteris</strong></span> <span class='ocrx_word' id='word_1_641' title='bbox 3104 4461 3215 4516; x_wconf 66' lang='lat' dir='ltr'><strong>hac</strong></span> <span class='ocrx_word' id='word_1_642' title='bbox 3251 4460 3484 4514; x_wconf 87' lang='lat' dir='ltr'><strong>habean-</strong></span> 
     </span>
    </p>
   </div>
   <div class='ocr_carea' id='block_1_89' title="bbox 159 4553 3481 4644">
    <p class='ocr_par' dir='ltr' id='par_1_89' title="bbox 159 4553 3481 4644">
     <span class='ocr_line' id='line_1_89' title="bbox 159 4553 3481 4644; baseline -0.002 -32"><span class='ocrx_word' id='word_1_643' title='bbox 159 4557 539 4627; x_wconf 84' lang='lat' dir='ltr'><strong>unusquisque</strong></span> <span class='ocrx_word' id='word_1_644' title='bbox 574 4571 681 4627; x_wconf 91' lang='lat' dir='ltr'><strong>eos,</strong></span> <span class='ocrx_word' id='word_1_645' title='bbox 725 4572 853 4627; x_wconf 88' lang='lat' dir='ltr'><strong>quos</strong></span> <span class='ocrx_word' id='word_1_646' title='bbox 894 4557 1283 4628; x_wconf 82' lang='lat' dir='ltr'><strong>baptizaverat,</strong></span> <span class='ocrx_word' id='word_1_647' title='bbox 1327 4573 1449 4616; x_wconf 89' lang='lat' dir='ltr'><strong>suos</strong></span> <span class='ocrx_word' id='word_1_648' title='bbox 1493 4573 1622 4630; x_wconf 90' lang='lat' dir='ltr'><strong>esse,</strong></span> <span class='ocrx_word' id='word_1_649' title='bbox 1669 4574 1776 4615; x_wconf 90' lang='lat' dir='ltr'><strong>non</strong></span> <span class='ocrx_word' id='word_1_650' title='bbox 1804 4579 1855 4644; x_wconf 72' lang='grc' dir='ltr'><strong>Β</strong></span> <span class='ocrx_word' id='word_1_651' title='bbox 1889 4561 1998 4626; x_wconf 88' lang='lat' dir='ltr'><strong>tur,</strong></span> <span class='ocrx_word' id='word_1_652' title='bbox 2033 4560 2095 4612; x_wconf 89' lang='lat' dir='ltr'><strong>ut</strong></span> <span class='ocrx_word' id='word_1_653' title='bbox 2121 4558 2236 4613; x_wconf 86' lang='lat' dir='ltr'><strong>sine</strong></span> <span class='ocrx_word' id='word_1_654' title='bbox 2248 4555 2412 4628; x_wconf 84' lang='lat' dir='ltr'><strong>jussu</strong></span> <span class='ocrx_word' id='word_1_655' title='bbox 2441 4557 2673 4627; x_wconf 86' lang='lat' dir='ltr'><strong>episcopi</strong></span> <span class='ocrx_word' id='word_1_656' title='bbox 2696 4555 2838 4608; x_wconf 85' lang='lat' dir='ltr'><strong>nihil</strong></span> <span class='ocrx_word' id='word_1_657' title='bbox 2869 4554 3088 4624; x_wconf 84' lang='lat' dir='ltr'><strong>proprii</strong></span> <span class='ocrx_word' id='word_1_658' title='bbox 3115 4557 3306 4622; x_wconf 87' lang='lat' dir='ltr'><strong>agant.</strong></span> <span class='ocrx_word' id='word_1_659' title='bbox 3337 4553 3481 4608; x_wconf 90' lang='lat' dir='ltr'><strong>Item</strong></span> 
     </span>
    </p>
   </div>
   <div class='ocr_carea' id='block_1_90' title="bbox 158 4650 1777 4721">
    <p class='ocr_par' dir='ltr' id='par_1_90' title="bbox 158 4650 1777 4721">
     <span class='ocr_line' id='line_1_90' title="bbox 158 4650 1777 4721; baseline 0.002 -15"><span class='ocrx_word' id='word_1_660' title='bbox 158 4650 376 4706; x_wconf 84' lang='lat' dir='ltr'><strong>Christi</strong></span> <span class='ocrx_word' id='word_1_661' title='bbox 405 4651 663 4721; x_wconf 85' lang='lat' dir='ltr'><strong>putabat,</strong></span> <span class='ocrx_word' id='word_1_662' title='bbox 693 4651 754 4706; x_wconf 83' lang='lat' dir='ltr'><strong>in</strong></span> <span class='ocrx_word' id='word_1_663' title='bbox 782 4654 890 4706; x_wconf 89' lang='lat' dir='ltr'><strong>toto</strong></span> <span class='ocrx_word' id='word_1_664' title='bbox 934 4650 1202 4708; x_wconf 87' lang='lat' dir='ltr'><strong>decretum</strong></span> <span class='ocrx_word' id='word_1_665' title='bbox 1243 4655 1322 4708; x_wconf 85' lang='lat' dir='ltr'><strong>est</strong></span> <span class='ocrx_word' id='word_1_666' title='bbox 1346 4653 1490 4716; x_wconf 83' lang='lat' dir='ltr'><strong>orbe,</strong></span> <span class='ocrx_word' id='word_1_667' title='bbox 1533 4657 1597 4709; x_wconf 89' lang='lat' dir='ltr'><strong>ut</strong></span> <span class='ocrx_word' id='word_1_668' title='bbox 1638 4669 1777 4710; x_wconf 89' lang='lat' dir='ltr'><strong>unus</strong></span> 
     </span>
    </p>
   </div>
   <div class='ocr_carea' id='block_1_91' title="bbox 154 4743 1777 4815">
    <p class='ocr_par' dir='ltr' id='par_1_91' title="bbox 154 4743 1777 4815">
     <span class='ocr_line' id='line_1_91' title="bbox 154 4743 1777 4815; baseline 0.002 -16"><span class='ocrx_word' id='word_1_669' title='bbox 154 4743 236 4799; x_wconf 85' lang='lat' dir='ltr'><strong>de</strong></span> <span class='ocrx_word' id='word_1_670' title='bbox 276 4745 603 4814; x_wconf 65' lang='lat' dir='ltr'><strong>presbyteris</strong></span> <span class='ocrx_word' id='word_1_671' title='bbox 646 4744 837 4800; x_wconf 85' lang='lat' dir='ltr'><strong>electus</strong></span> <span class='ocrx_word' id='word_1_672' title='bbox 909 4750 1362 4815; x_wconf 61' lang='lat' dir='ltr'><strong>superponentur</strong></span> <span class='ocrx_word' id='word_1_673' title='bbox 1403 4750 1630 4814; x_wconf 62' lang='lat' dir='ltr'><strong>metens,</strong></span> <span class='ocrx_word' id='word_1_674' title='bbox 1703 4749 1777 4803; x_wconf 84' lang='lat' dir='ltr'><strong>ad</strong></span> 
     </span>
    </p>
   </div>
   <div class='ocr_carea' id='block_1_92' title="bbox 153 4837 1775 4909">
    <p class='ocr_par' dir='ltr' id='par_1_92' title="bbox 153 4837 1775 4909">
     <span class='ocr_line' id='line_1_92' title="bbox 153 4837 1775 4909; baseline 0.002 -17"><span class='ocrx_word' id='word_1_675' title='bbox 153 4851 327 4908; x_wconf 84' lang='lat' dir='ltr'><strong>quem</strong></span> <span class='ocrx_word' id='word_1_676' title='bbox 354 4839 524 4894; x_wconf 86' lang='lat' dir='ltr'><strong>omnis</strong></span> <span class='ocrx_word' id='word_1_677' title='bbox 551 4852 678 4892; x_wconf 86' lang='lat' dir='ltr'><strong>cura</strong></span> <span class='ocrx_word' id='word_1_678' title='bbox 714 4837 958 4893; x_wconf 74' lang='lat' dir='ltr'><strong>Ecclesia:</strong></span> <span class='ocrx_word' id='word_1_679' title='bbox 994 4840 1311 4909; x_wconf 85' lang='lat' dir='ltr'><strong>pertineret,</strong></span> <span class='ocrx_word' id='word_1_680' title='bbox 1353 4843 1403 4893; x_wconf 90' lang='lat' dir='ltr'><strong>et</strong></span> <span class='ocrx_word' id='word_1_681' title='bbox 1429 4839 1775 4896; x_wconf 80' lang='lat' dir='ltr'><strong>schismatum</strong></span> 
     </span>
    </p>
   </div>
   <div class='ocr_carea' id='block_1_93' title="bbox 149 4927 1774 5006">
    <p class='ocr_par' dir='ltr' id='par_1_93' title="bbox 149 4927 1774 5006">
     <span class='ocr_line' id='line_1_93' title="bbox 149 4927 1774 5006; baseline 0.002 -19"><span class='ocrx_word' id='word_1_682' title='bbox 149 4932 372 4987; x_wconf 83' lang='lat' dir='ltr'><strong>semina</strong></span> <span class='ocrx_word' id='word_1_683' title='bbox 410 4932 729 4989; x_wconf 82' lang='lat' dir='ltr'><strong>tollerentur</strong></span> <span class='ocrx_word' id='word_1_684' title='bbox 776 4927 1156 5001; x_wconf 86' lang='lat' dir='ltr'><strong>(Commentar.</strong></span> <span class='ocrx_word' id='word_1_685' title='bbox 1201 4931 1256 4987; x_wconf 92' lang='lat' dir='ltr'><strong>in</strong></span> <span class='ocrx_word' id='word_1_686' title='bbox 1303 4947 1424 5003; x_wconf 89' lang='lat' dir='ltr'><strong>cap.</strong></span> <span class='ocrx_word' id='word_1_687' title='bbox 1476 4947 1521 5002; x_wconf 91' lang='lat'><strong>1,</strong></span> <span class='ocrx_word' id='word_1_688' title='bbox 1552 4933 1697 5006; x_wconf 90' lang='lat' dir='ltr'><strong>Opp.</strong></span> <span class='ocrx_word' id='word_1_689' title='bbox 1729 4943 1774 4990; x_wconf 92' lang='lat' dir='ltr'><strong>t.</strong></span> 
     </span>
    </p>
   </div>
   <div class='ocr_carea' id='block_1_94' title="bbox 149 5010 1774 5095">
    <p class='ocr_par' dir='ltr' id='par_1_94' title="bbox 149 5010 1774 5095">
     <span class='ocr_line' id='line_1_94' title="bbox 149 5010 1774 5095; baseline 0.001 -13"><span class='ocrx_word' id='word_1_690' title='bbox 149 5027 262 5094; x_wconf 88' lang='lat' dir='ltr'><strong>IV,</strong></span> <span class='ocrx_word' id='word_1_691' title='bbox 296 5040 351 5095; x_wconf 93' lang='lat' dir='ltr'><strong>p.</strong></span> <span class='ocrx_word' id='word_1_692' title='bbox 399 5029 548 5093; x_wconf 79' lang='lat'><strong>413).</strong></span> <span class='ocrx_word' id='word_1_693' title='bbox 578 5027 652 5081; x_wconf 88' lang='lat' dir='ltr'><strong>Et</strong></span> <span class='ocrx_word' id='word_1_694' title='bbox 697 5010 838 5081; x_wconf 72' lang='lat' dir='ltr'><strong>inira</strong></span> <span class='ocrx_word' id='word_1_695' title='bbox 883 5046 898 5082; x_wconf 85' lang='lat'><strong>:</strong></span> <span class='ocrx_word' id='word_1_696' title='bbox 930 5026 1233 5095; x_wconf 84' lang='lat' dir='ltr'><strong>Paulatim,</strong></span> <span class='ocrx_word' id='word_1_697' title='bbox 1290 5030 1351 5082; x_wconf 87' lang='lat' dir='ltr'><strong>ut</strong></span> <span class='ocrx_word' id='word_1_698' title='bbox 1381 5027 1774 5084; x_wconf 86' lang='lat' dir='ltr'><strong>dissensionum</strong></span> 
     </span>
    </p>
   </div>
   <div class='ocr_carea' id='block_1_95' title="bbox 140 5116 1771 5191">
    <p class='ocr_par' dir='ltr' id='par_1_95' title="bbox 140 5116 1771 5191">
     <span class='ocr_line' id='line_1_95' title="bbox 140 5116 1771 5191; baseline 0.003 -18"><span class='ocrx_word' id='word_1_699' title='bbox 140 5116 447 5191; x_wconf 82' lang='lat' dir='ltr'><strong>plantaria</strong></span> <span class='ocrx_word' id='word_1_700' title='bbox 465 5117 835 5183; x_wconf 77' lang='lat' dir='ltr'><strong>wellerentur,</strong></span> <span class='ocrx_word' id='word_1_701' title='bbox 865 5117 940 5174; x_wconf 84' lang='lat' dir='ltr'><strong>ad</strong></span> <span class='ocrx_word' id='word_1_702' title='bbox 967 5133 1138 5175; x_wconf 85' lang='lat' dir='ltr'><strong>unum</strong></span> <span class='ocrx_word' id='word_1_703' title='bbox 1157 5119 1328 5175; x_wconf 86' lang='lat' dir='ltr'><strong>omnis</strong></span> <span class='ocrx_word' id='word_1_704' title='bbox 1355 5120 1659 5177; x_wconf 69' lang='lat' dir='ltr'><strong>sollicitudo</strong></span> <span class='ocrx_word' id='word_1_705' title='bbox 1679 5123 1771 5178; x_wconf 87' lang='lat' dir='ltr'><strong>de-</strong></span> 
     </span>
    </p>
   </div>
   <div class='ocr_carea' id='block_1_96' title="bbox 147 5213 1774 5286">
    <p class='ocr_par' dir='ltr' id='par_1_96' title="bbox 147 5213 1774 5286">
     <span class='ocr_line' id='line_1_96' title="bbox 147 5213 1774 5286; baseline 0.002 -18"><span class='ocrx_word' id='word_1_706' title='bbox 147 5213 284 5269; x_wconf 85' lang='lat' dir='ltr'><strong>lata</strong></span> <span class='ocrx_word' id='word_1_707' title='bbox 324 5217 424 5269; x_wconf 84' lang='lat' dir='ltr'><strong>est.</strong></span> <span class='ocrx_word' id='word_1_708' title='bbox 450 5213 751 5284; x_wconf 84' lang='lat' dir='ltr'><strong>Sicutergo</strong></span> <span class='ocrx_word' id='word_1_709' title='bbox 784 5213 1091 5286; x_wconf 70' lang='lat' dir='ltr'><strong>presbyteri</strong></span> <span class='ocrx_word' id='word_1_710' title='bbox 1123 5215 1324 5283; x_wconf 87' lang='lat' dir='ltr'><strong>sciunt,</strong></span> <span class='ocrx_word' id='word_1_711' title='bbox 1357 5231 1414 5271; x_wconf 87' lang='lat' dir='ltr'><strong>se</strong></span> <span class='ocrx_word' id='word_1_712' title='bbox 1461 5231 1528 5272; x_wconf 71' lang='lat' dir='ltr'><strong>ea:</strong></span> <span class='ocrx_word' id='word_1_713' title='bbox 1567 5231 1774 5272; x_wconf 86' lang='lat' dir='ltr'><strong>consue-</strong></span> 
     </span>
    </p>
   </div>
   <div class='ocr_carea' id='block_1_97' title="bbox 146 5307 1772 5380">
    <p class='ocr_par' dir='ltr' id='par_1_97' title="bbox 146 5307 1772 5380">
     <span class='ocr_line' id='line_1_97' title="bbox 146 5307 1772 5380; baseline 0.002 -16"><span class='ocrx_word' id='word_1_714' title='bbox 146 5307 357 5364; x_wconf 67' lang='lat' dir='ltr'><strong>tudine</strong></span> <span class='ocrx_word' id='word_1_715' title='bbox 381 5309 630 5366; x_wconf 60' lang='lat' dir='ltr'><strong>Ecclesia</strong></span> <span class='ocrx_word' id='word_1_716' title='bbox 675 5310 746 5372; x_wconf 86' lang='lat' dir='ltr'><strong>ei,</strong></span> <span class='ocrx_word' id='word_1_717' title='bbox 777 5311 880 5378; x_wconf 87' lang='lat' dir='ltr'><strong>qui</strong></span> <span class='ocrx_word' id='word_1_718' title='bbox 921 5308 1033 5364; x_wconf 88' lang='lat' dir='ltr'><strong>sibi</strong></span> <span class='ocrx_word' id='word_1_719' title='bbox 1049 5311 1380 5380; x_wconf 64' lang='lat' dir='ltr'><strong>praepositus</strong></span> <span class='ocrx_word' id='word_1_720' title='bbox 1421 5311 1611 5380; x_wconf 81' lang='lat' dir='ltr'><strong>fuerit,</strong></span> <span class='ocrx_word' id='word_1_721' title='bbox 1659 5326 1772 5368; x_wconf 86' lang='lat' dir='ltr'><strong>esse</strong></span> 
     </span>
    </p>
   </div>
   <div class='ocr_carea' id='block_1_98' title="bbox 143 5399 1776 5474">
    <p class='ocr_par' dir='ltr' id='par_1_98' title="bbox 143 5399 1776 5474">
     <span class='ocr_line' id='line_1_98' title="bbox 143 5399 1776 5474; baseline 0.003 -17"><span class='ocrx_word' id='word_1_722' title='bbox 143 5399 425 5471; x_wconf 75' lang='lat' dir='ltr'><strong>subjectos</strong></span> <span class='ocrx_word' id='word_1_723' title='bbox 456 5417 475 5457; x_wconf 87' lang='lat'><strong><em>:</em></strong></span> <span class='ocrx_word' id='word_1_724' title='bbox 522 5402 606 5457; x_wconf 87' lang='lat' dir='ltr'><strong>ita</strong></span> <span class='ocrx_word' id='word_1_725' title='bbox 635 5402 868 5474; x_wconf 82' lang='lat' dir='ltr'><strong>episcopi</strong></span> <span class='ocrx_word' id='word_1_726' title='bbox 903 5402 1174 5468; x_wconf 79' lang='lat' dir='ltr'><strong>noverint,</strong></span> <span class='ocrx_word' id='word_1_727' title='bbox 1217 5418 1273 5458; x_wconf 89' lang='lat' dir='ltr'><strong>se</strong></span> <span class='ocrx_word' id='word_1_728' title='bbox 1299 5406 1473 5474; x_wconf 86' lang='lat' dir='ltr'><strong>magis</strong></span> <span class='ocrx_word' id='word_1_729' title='bbox 1505 5409 1776 5461; x_wconf 85' lang='lat' dir='ltr'><strong>consuetu-</strong></span> 
     </span>
    </p>
   </div>
   <div class='ocr_carea' id='block_1_99' title="bbox 146 5493 1770 5572">
    <p class='ocr_par' dir='ltr' id='par_1_99' title="bbox 146 5493 1770 5572">
     <span class='ocr_line' id='line_1_99' title="bbox 146 5493 1770 5572; baseline 0.002 -22"><span class='ocrx_word' id='word_1_730' title='bbox 146 5493 315 5563; x_wconf 84' lang='lat' dir='ltr'><strong>dine,</strong></span> <span class='ocrx_word' id='word_1_731' title='bbox 351 5511 515 5565; x_wconf 88' lang='lat' dir='ltr'><strong>quam</strong></span> <span class='ocrx_word' id='word_1_732' title='bbox 540 5495 890 5566; x_wconf 81' lang='lat' dir='ltr'><strong>dispositione</strong></span> <span class='ocrx_word' id='word_1_733' title='bbox 914 5497 1202 5552; x_wconf 77' lang='lat' dir='ltr'><strong>Dominicce</strong></span> <span class='ocrx_word' id='word_1_734' title='bbox 1241 5500 1515 5568; x_wconf 82' lang='lat' dir='ltr'><strong>veritatis,</strong></span> <span class='ocrx_word' id='word_1_735' title='bbox 1541 5500 1770 5572; x_wconf 80' lang='lat' dir='ltr'><strong>presby-</strong></span> 
     </span>
    </p>
   </div>
   <div class='ocr_carea' id='block_1_100' title="bbox 145 5590 1770 5660">
    <p class='ocr_par' dir='ltr' id='par_1_100' title="bbox 145 5590 1770 5660">
     <span class='ocr_line' id='line_1_100' title="bbox 145 5590 1770 5660; baseline 0.003 -15"><span class='ocrx_word' id='word_1_736' title='bbox 145 5590 297 5645; x_wconf 73' lang='lat' dir='ltr'><strong>teris</strong></span> <span class='ocrx_word' id='word_1_737' title='bbox 343 5603 456 5647; x_wconf 82' lang='lat' dir='ltr'><strong>esse</strong></span> <span class='ocrx_word' id='word_1_738' title='bbox 479 5590 734 5660; x_wconf 79' lang='lat' dir='ltr'><strong>majores,</strong></span> <span class='ocrx_word' id='word_1_739' title='bbox 775 5596 827 5647; x_wconf 88' lang='lat' dir='ltr'><strong>et</strong></span> <span class='ocrx_word' id='word_1_740' title='bbox 854 5592 917 5647; x_wconf 85' lang='lat' dir='ltr'><strong>in</strong></span> <span class='ocrx_word' id='word_1_741' title='bbox 943 5606 1214 5648; x_wconf 88' lang='lat' dir='ltr'><strong>commune</strong></span> <span class='ocrx_word' id='word_1_742' title='bbox 1242 5592 1432 5649; x_wconf 86' lang='lat' dir='ltr'><strong>debere</strong></span> <span class='ocrx_word' id='word_1_743' title='bbox 1476 5594 1770 5651; x_wconf 87' lang='lat' dir='ltr'><strong>Ecclesiam</strong></span> 
     </span>
    </p>
   </div>
   <div class='ocr_carea' id='block_1_101' title="bbox 139 5684 1770 5760">
    <p class='ocr_par' dir='ltr' id='par_1_101' title="bbox 139 5684 1770 5760">
     <span class='ocr_line' id='line_1_101' title="bbox 139 5684 1770 5760; baseline 0.004 -20"><span class='ocrx_word' id='word_1_744' title='bbox 139 5693 363 5753; x_wconf 76' lang='lat' dir='ltr'><strong>regere,</strong></span> <span class='ocrx_word' id='word_1_745' title='bbox 400 5685 675 5740; x_wconf 83' lang='lat' dir='ltr'><strong>imitantes</strong></span> <span class='ocrx_word' id='word_1_746' title='bbox 709 5684 943 5755; x_wconf 76' lang='lat' dir='ltr'><strong>Moysen,</strong></span> <span class='ocrx_word' id='word_1_747' title='bbox 972 5687 1088 5757; x_wconf 86' lang='lat' dir='ltr'><strong>qui,</strong></span> <span class='ocrx_word' id='word_1_748' title='bbox 1118 5701 1235 5742; x_wconf 86' lang='lat' dir='ltr'><strong>cum</strong></span> <span class='ocrx_word' id='word_1_749' title='bbox 1272 5687 1486 5744; x_wconf 88' lang='lat' dir='ltr'><strong>haberet</strong></span> <span class='ocrx_word' id='word_1_750' title='bbox 1520 5690 1576 5742; x_wconf 80' lang='lat' dir='ltr'><strong>in</strong></span> <span class='ocrx_word' id='word_1_751' title='bbox 1616 5693 1770 5760; x_wconf 88' lang='lat' dir='ltr'><strong>pote-</strong></span> 
     </span>
    </p>
   </div>
   <div class='ocr_carea' id='block_1_102' title="bbox 139 5779 1765 5858">
    <p class='ocr_par' dir='ltr' id='par_1_102' title="bbox 139 5779 1765 5858">
     <span class='ocr_line' id='line_1_102' title="bbox 139 5779 1765 5858; baseline 0.004 -24"><span class='ocrx_word' id='word_1_752' title='bbox 139 5779 303 5834; x_wconf 78' lang='lat' dir='ltr'><strong>state</strong></span> <span class='ocrx_word' id='word_1_753' title='bbox 328 5779 475 5834; x_wconf 88' lang='lat' dir='ltr'><strong>solus</strong></span> <span class='ocrx_word' id='word_1_754' title='bbox 519 5787 746 5850; x_wconf 74' lang='lat' dir='ltr'><strong>praeesse</strong></span> <span class='ocrx_word' id='word_1_755' title='bbox 767 5779 964 5850; x_wconf 89' lang='lat' dir='ltr'><strong>populo</strong></span> <span class='ocrx_word' id='word_1_756' title='bbox 1006 5781 1198 5850; x_wconf 86' lang='lat' dir='ltr'><strong>Israel,</strong></span> <span class='ocrx_word' id='word_1_757' title='bbox 1217 5784 1566 5858; x_wconf 82' lang='lat' dir='ltr'><strong>septuaginta</strong></span> <span class='ocrx_word' id='word_1_758' title='bbox 1585 5782 1765 5856; x_wconf 84' lang='lat' dir='ltr'><strong>elegit,</strong></span> 
     </span>
    </p>
   </div>
   <div class='ocr_carea' id='block_1_103' title="bbox 137 5873 1106 5945">
    <p class='ocr_par' dir='ltr' id='par_1_103' title="bbox 137 5873 1106 5945">
     <span class='ocr_line' id='line_1_103' title="bbox 137 5873 1106 5945; baseline 0.003 -18"><span class='ocrx_word' id='word_1_759' title='bbox 137 5884 287 5927; x_wconf 79' lang='lat' dir='ltr'><strong>cum</strong></span> <span class='ocrx_word' id='word_1_760' title='bbox 312 5873 504 5943; x_wconf 86' lang='lat' dir='ltr'><strong>quibus</strong></span> <span class='ocrx_word' id='word_1_761' title='bbox 526 5873 792 5945; x_wconf 86' lang='lat' dir='ltr'><strong>populum</strong></span> <span class='ocrx_word' id='word_1_762' title='bbox 810 5873 1106 5943; x_wconf 87' lang='lat' dir='ltr'><strong>judicaret.</strong></span> 
     </span>
    </p>
   </div>
   <div class='ocr_carea' id='block_1_104' title="bbox 1886 4644 3478 4723">
    <p class='ocr_par' dir='ltr' id='par_1_104' title="bbox 1886 4644 3478 4723">
     <span class='ocr_line' id='line_1_104' title="bbox 1886 4644 3478 4723; baseline -0.004 -15"><span class='ocrx_word' id='word_1_763' title='bbox 1886 4653 1946 4708; x_wconf 91' lang='lat' dir='ltr'><strong>S.</strong></span> <span class='ocrx_word' id='word_1_764' title='bbox 1974 4653 2090 4708; x_wconf 92' lang='lat' dir='ltr'><strong>Leo</strong></span> <span class='ocrx_word' id='word_1_765' title='bbox 2107 4665 2247 4723; x_wconf 81' lang='lat' dir='ltr'><strong>papa</strong></span> <span class='ocrx_word' id='word_1_766' title='bbox 2270 4652 2296 4705; x_wconf 90' lang='grc' dir='ltr'><strong>Ι</strong></span> <span class='ocrx_word' id='word_1_767' title='bbox 2324 4648 2586 4706; x_wconf 87' lang='lat' dir='ltr'><strong>omnibus</strong></span> <span class='ocrx_word' id='word_1_768' title='bbox 2603 4645 2869 4720; x_wconf 81' lang='lat' dir='ltr'><strong>episcOpis</strong></span> <span class='ocrx_word' id='word_1_769' title='bbox 2896 4644 3144 4702; x_wconf 88' lang='lat' dir='ltr'><strong>scribens</strong></span> <span class='ocrx_word' id='word_1_770' title='bbox 3166 4647 3342 4717; x_wconf 87' lang='lat' dir='ltr'><strong>(epist.</strong></span> <span class='ocrx_word' id='word_1_771' title='bbox 3373 4651 3478 4717; x_wconf 87' lang='lat'><strong>88;</strong></span> 
     </span>
    </p>
   </div>
   <div class='ocr_carea' id='block_1_105' title="bbox 1885 4739 3481 4816">
    <p class='ocr_par' dir='ltr' id='par_1_105' title="bbox 1885 4739 3481 4816">
     <span class='ocr_line' id='line_1_105' title="bbox 1885 4739 3481 4816; baseline -0.003 -14"><span class='ocrx_word' id='word_1_772' title='bbox 1885 4746 2098 4815; x_wconf 62' lang='lat' dir='ltr'><strong>Luam,</strong></span> <span class='ocrx_word' id='word_1_773' title='bbox 2145 4753 2190 4799; x_wconf 90' lang='lat' dir='ltr'><strong>t.</strong></span> <span class='ocrx_word' id='word_1_774' title='bbox 2224 4746 2324 4811; x_wconf 89' lang='lat' dir='ltr'><strong>III,</strong></span> <span class='ocrx_word' id='word_1_775' title='bbox 2364 4758 2486 4816; x_wconf 85' lang='lat' dir='ltr'><strong>pag.</strong></span> <span class='ocrx_word' id='word_1_776' title='bbox 2533 4746 2695 4809; x_wconf 75' lang='lat'><strong>1394)</strong></span> <span class='ocrx_word' id='word_1_777' title='bbox 2735 4739 2998 4797; x_wconf 88' lang='lat' dir='ltr'><strong>eamdem</strong></span> <span class='ocrx_word' id='word_1_778' title='bbox 3025 4740 3358 4797; x_wconf 83' lang='lat' dir='ltr'><strong>sententiam</strong></span> <span class='ocrx_word' id='word_1_779' title='bbox 3408 4739 3481 4797; x_wconf 91' lang='lat' dir='ltr'><strong>de</strong></span> 
     </span>
    </p>
   </div>
   <div class='ocr_carea' id='block_1_106' title="bbox 1882 4833 3478 4910">
    <p class='ocr_par' dir='ltr' id='par_1_106' title="bbox 1882 4833 3478 4910">
     <span class='ocr_line' id='line_1_106' title="bbox 1882 4833 3478 4910; baseline -0.002 -16"><span class='ocrx_word' id='word_1_780' title='bbox 1882 4837 2286 4910; x_wconf 87' lang='lat' dir='ltr'><strong>chorepiscopis</strong></span> <span class='ocrx_word' id='word_1_781' title='bbox 2309 4844 2364 4892; x_wconf 89' lang='lat' dir='ltr'><strong>et</strong></span> <span class='ocrx_word' id='word_1_782' title='bbox 2391 4834 2724 4909; x_wconf 87' lang='lat' dir='ltr'><strong>presbyteris</strong></span> <span class='ocrx_word' id='word_1_783' title='bbox 2763 4833 2962 4902; x_wconf 89' lang='lat' dir='ltr'><strong>tenuit,</strong></span> <span class='ocrx_word' id='word_1_784' title='bbox 3014 4841 3076 4890; x_wconf 90' lang='lat' dir='ltr'><strong>ut</strong></span> <span class='ocrx_word' id='word_1_785' title='bbox 3101 4833 3305 4908; x_wconf 88' lang='lat' dir='ltr'><strong>pariter</strong></span> <span class='ocrx_word' id='word_1_786' title='bbox 3348 4849 3478 4906; x_wconf 90' lang='lat' dir='ltr'><strong>pro-</strong></span> 
     </span>
    </p>
   </div>
   <div class='ocr_carea' id='block_1_107' title="bbox 1881 4927 3482 5006">
    <p class='ocr_par' dir='ltr' id='par_1_107' title="bbox 1881 4927 3482 5006">
     <span class='ocr_line' id='line_1_107' title="bbox 1881 4927 3482 5006; baseline -0.002 -17"><span class='ocrx_word' id='word_1_787' title='bbox 1881 4932 2060 5006; x_wconf 90' lang='lat' dir='ltr'><strong>prium</strong></span> <span class='ocrx_word' id='word_1_788' title='bbox 2107 4929 2337 4988; x_wconf 90' lang='lat' dir='ltr'><strong>modum</strong></span> <span class='ocrx_word' id='word_1_789' title='bbox 2364 4938 2716 5004; x_wconf 86' lang='lat' dir='ltr'><strong>cognoscant,</strong></span> <span class='ocrx_word' id='word_1_790' title='bbox 2767 4945 2868 4985; x_wconf 88' lang='lat' dir='ltr'><strong>nec</strong></span> <span class='ocrx_word' id='word_1_791' title='bbox 2917 4927 3226 5002; x_wconf 87' lang='lat' dir='ltr'><strong>episcopale</strong></span> <span class='ocrx_word' id='word_1_792' title='bbox 3261 4927 3482 5002; x_wconf 85' lang='lat' dir='ltr'><strong>privile-</strong></span> 
     </span>
    </p>
   </div>
   <div class='ocr_carea' id='block_1_108' title="bbox 1880 5022 3480 5098">
    <p class='ocr_par' dir='ltr' id='par_1_108' title="bbox 1880 5022 3480 5098">
     <span class='ocr_line' id='line_1_108' title="bbox 1880 5022 3480 5098; baseline -0.003 -17"><span class='ocrx_word' id='word_1_793' title='bbox 1880 5026 2033 5098; x_wconf 91' lang='lat' dir='ltr'><strong>gium</strong></span> <span class='ocrx_word' id='word_1_794' title='bbox 2063 5040 2326 5098; x_wconf 90' lang='lat' dir='ltr'><strong>usurpare</strong></span> <span class='ocrx_word' id='word_1_795' title='bbox 2354 5031 2711 5098; x_wconf 65' lang='lat' dir='ltr'><strong>praesumant.</strong></span> <span class='ocrx_word' id='word_1_796' title='bbox 2744 5022 2852 5080; x_wconf 91' lang='lat' dir='ltr'><strong>Sed</strong></span> <span class='ocrx_word' id='word_1_797' title='bbox 2882 5031 2938 5080; x_wconf 93' lang='lat' dir='ltr'><strong>et</strong></span> <span class='ocrx_word' id='word_1_798' title='bbox 2966 5025 3032 5080; x_wconf 94' lang='lat' dir='ltr'><strong>B.</strong></span> <span class='ocrx_word' id='word_1_799' title='bbox 3062 5022 3314 5081; x_wconf 90' lang='lat' dir='ltr'><strong>Gelasius</strong></span> <span class='ocrx_word' id='word_1_800' title='bbox 3337 5037 3480 5094; x_wconf 91' lang='lat' dir='ltr'><strong>papa</strong></span> 
     </span>
    </p>
   </div>
   <div class='ocr_carea' id='block_1_109' title="bbox 1881 5118 3478 5192">
    <p class='ocr_par' dir='ltr' id='par_1_109' title="bbox 1881 5118 3478 5192">
     <span class='ocr_line' id='line_1_109' title="bbox 1881 5118 3478 5192; baseline -0.003 -16"><span class='ocrx_word' id='word_1_801' title='bbox 1881 5121 1936 5176; x_wconf 93' lang='lat' dir='ltr'><strong>in</strong></span> <span class='ocrx_word' id='word_1_802' title='bbox 1959 5119 2192 5178; x_wconf 89' lang='lat' dir='ltr'><strong>decretis</strong></span> <span class='ocrx_word' id='word_1_803' title='bbox 2213 5120 2330 5177; x_wconf 90' lang='lat' dir='ltr'><strong>suis</strong></span> <span class='ocrx_word' id='word_1_804' title='bbox 2358 5118 2598 5192; x_wconf 87' lang='lat' dir='ltr'><strong>capitulo</strong></span> <span class='ocrx_word' id='word_1_805' title='bbox 2627 5124 2662 5174; x_wconf 86' lang='lat'><strong>6</strong></span> <span class='ocrx_word' id='word_1_806' title='bbox 2692 5119 2928 5189; x_wconf 51' lang='lat' dir='ltr'><strong>(lmen,</strong></span> <span class='ocrx_word' id='word_1_807' title='bbox 2962 5125 3004 5173; x_wconf 92' lang='lat' dir='ltr'><strong>t.</strong></span> <span class='ocrx_word' id='word_1_808' title='bbox 3037 5120 3135 5186; x_wconf 87' lang='lat' dir='ltr'><strong>IV,</strong></span> <span class='ocrx_word' id='word_1_809' title='bbox 3168 5131 3290 5190; x_wconf 89' lang='lat' dir='ltr'><strong>pag.</strong></span> <span class='ocrx_word' id='word_1_810' title='bbox 3321 5119 3478 5182; x_wconf 89' lang='lat'><strong>1189)</strong></span> 
     </span>
    </p>
   </div>
   <div class='ocr_carea' id='block_1_110' title="bbox 1881 5210 3477 5289">
    <p class='ocr_par' dir='ltr' id='par_1_110' title="bbox 1881 5210 3477 5289">
     <span class='ocr_line' id='line_1_110' title="bbox 1881 5210 3477 5289; baseline -0.006 -15"><span class='ocrx_word' id='word_1_811' title='bbox 1881 5215 2218 5275; x_wconf 89' lang='lat' dir='ltr'><strong>enumeratis</strong></span> <span class='ocrx_word' id='word_1_812' title='bbox 2246 5215 2357 5286; x_wconf 91' lang='lat' dir='ltr'><strong>his,</strong></span> <span class='ocrx_word' id='word_1_813' title='bbox 2395 5230 2520 5289; x_wconf 83' lang='lat' dir='ltr'><strong>quae</strong></span> <span class='ocrx_word' id='word_1_814' title='bbox 2549 5213 2995 5287; x_wconf 89' lang='lat' dir='ltr'><strong>presbyterorum</strong></span> <span class='ocrx_word' id='word_1_815' title='bbox 3027 5210 3213 5269; x_wconf 81' lang='lat' dir='ltr'><strong>ofﬁcio</strong></span> <span class='ocrx_word' id='word_1_816' title='bbox 3241 5224 3477 5280; x_wconf 91' lang='lat' dir='ltr'><strong>compe-</strong></span> 
     </span>
    </p>
   </div>
   <div class='ocr_carea' id='block_1_111' title="bbox 1879 5305 3481 5386">
    <p class='ocr_par' dir='ltr' id='par_1_111' title="bbox 1879 5305 3481 5386">
     <span class='ocr_line' id='line_1_111' title="bbox 1879 5305 3481 5386; baseline -0.005 -18"><span class='ocrx_word' id='word_1_817' title='bbox 1879 5320 2006 5369; x_wconf 90' lang='lat' dir='ltr'><strong>tunt</strong></span> <span class='ocrx_word' id='word_1_818' title='bbox 2041 5311 2350 5386; x_wconf 86' lang='lat' dir='ltr'><strong>generalem</strong></span> <span class='ocrx_word' id='word_1_819' title='bbox 2378 5310 2704 5368; x_wconf 89' lang='lat' dir='ltr'><strong>sententiam</strong></span> <span class='ocrx_word' id='word_1_820' title='bbox 2748 5307 3040 5372; x_wconf 85' lang='lat' dir='ltr'><strong>subinfert,</strong></span> <span class='ocrx_word' id='word_1_821' title='bbox 3090 5305 3278 5361; x_wconf 90' lang='lat' dir='ltr'><strong>dicens</strong></span> <span class='ocrx_word' id='word_1_822' title='bbox 3323 5306 3481 5360; x_wconf 85' lang='lat' dir='ltr'><strong>:Nec</strong></span> 
     </span>
    </p>
   </div>
   <div class='ocr_carea' id='block_1_112' title="bbox 1878 5397 3475 5480">
    <p class='ocr_par' dir='ltr' id='par_1_112' title="bbox 1878 5397 3475 5480">
     <span class='ocr_line' id='line_1_112' title="bbox 1878 5397 3475 5480; baseline -0.005 -17"><span class='ocrx_word' id='word_1_823' title='bbox 1878 5408 2156 5479; x_wconf 83' lang='lat' dir='ltr'><strong>presbyter</strong></span> <span class='ocrx_word' id='word_1_824' title='bbox 2169 5421 2403 5480; x_wconf 86' lang='lat' dir='ltr'><strong>prorsus</strong></span> <span class='ocrx_word' id='word_1_825' title='bbox 2422 5407 2648 5470; x_wconf 87' lang='lat' dir='ltr'><strong>dubitet,</strong></span> <span class='ocrx_word' id='word_1_826' title='bbox 2682 5407 2733 5461; x_wconf 90' lang='lat' dir='ltr'><strong>si</strong></span> <span class='ocrx_word' id='word_1_827' title='bbox 2753 5404 3051 5475; x_wconf 87' lang='lat' dir='ltr'><strong>quidquam</strong></span> <span class='ocrx_word' id='word_1_828' title='bbox 3079 5397 3155 5454; x_wconf 89' lang='lat' dir='ltr'><strong>ad</strong></span> <span class='ocrx_word' id='word_1_829' title='bbox 3181 5397 3475 5469; x_wconf 88' lang='lat' dir='ltr'><strong>episcopale</strong></span> 
     </span>
    </p>
   </div>
   <div class='ocr_carea' id='block_1_113' title="bbox 1877 5495 3482 5574">
    <p class='ocr_par' dir='ltr' id='par_1_113' title="bbox 1877 5495 3482 5574">
     <span class='ocr_line' id='line_1_113' title="bbox 1877 5495 3482 5574; baseline -0.004 -17"><span class='ocrx_word' id='word_1_830' title='bbox 1877 5502 2235 5558; x_wconf 87' lang='lat' dir='ltr'><strong>ministerium</strong></span> <span class='ocrx_word' id='word_1_831' title='bbox 2260 5503 2565 5574; x_wconf 87' lang='lat' dir='ltr'><strong>specialiter</strong></span> <span class='ocrx_word' id='word_1_832' title='bbox 2587 5501 2870 5572; x_wconf 81' lang='lat' dir='ltr'><strong>pertinens</strong></span> <span class='ocrx_word' id='word_1_833' title='bbox 2894 5509 2990 5551; x_wconf 90' lang='lat' dir='ltr'><strong>suo</strong></span> <span class='ocrx_word' id='word_1_834' title='bbox 3016 5497 3164 5549; x_wconf 89' lang='lat' dir='ltr'><strong>motu</strong></span> <span class='ocrx_word' id='word_1_835' title='bbox 3198 5495 3482 5564; x_wconf 80' lang='lat' dir='ltr'><strong>putaverit</strong></span> 
     </span>
    </p>
   </div>
   <div class='ocr_carea' id='block_1_114' title="bbox 1875 5587 3482 5668">
    <p class='ocr_par' dir='ltr' id='par_1_114' title="bbox 1875 5587 3482 5668">
     <span class='ocr_line' id='line_1_114' title="bbox 1875 5587 3482 5668; baseline -0.005 -16"><span class='ocrx_word' id='word_1_836' title='bbox 1875 5596 2290 5668; x_wconf 68' lang='lat' dir='ltr'><strong>exsequendum,</strong></span> <span class='ocrx_word' id='word_1_837' title='bbox 2322 5600 2568 5652; x_wconf 87' lang='lat' dir='ltr'><strong>continuo</strong></span> <span class='ocrx_word' id='word_1_838' title='bbox 2589 5610 2645 5650; x_wconf 88' lang='lat' dir='ltr'><strong>se</strong></span> <span class='ocrx_word' id='word_1_839' title='bbox 2655 5590 2980 5665; x_wconf 80' lang='lat' dir='ltr'><strong>presbyterii</strong></span> <span class='ocrx_word' id='word_1_840' title='bbox 3003 5587 3271 5658; x_wconf 82' lang='lat' dir='ltr'><strong>dignitate</strong></span> <span class='ocrx_word' id='word_1_841' title='bbox 3306 5594 3360 5646; x_wconf 90' lang='lat' dir='ltr'><strong>et</strong></span> <span class='ocrx_word' id='word_1_842' title='bbox 3385 5605 3482 5646; x_wconf 90' lang='lat' dir='ltr'><strong>sa-</strong></span> 
     </span>
    </p>
   </div>
   <div class='ocr_carea' id='block_1_115' title="bbox 1875 5681 3481 5763">
    <p class='ocr_par' dir='ltr' id='par_1_115' title="bbox 1875 5681 3481 5763">
     <span class='ocr_line' id='line_1_115' title="bbox 1875 5681 3481 5763; baseline -0.005 -17"><span class='ocrx_word' id='word_1_843' title='bbox 1875 5705 1971 5746; x_wconf 88' lang='lat' dir='ltr'><strong>cra</strong></span> <span class='ocrx_word' id='word_1_844' title='bbox 1998 5693 2359 5747; x_wconf 87' lang='lat' dir='ltr'><strong>communione</strong></span> <span class='ocrx_word' id='word_1_845' title='bbox 2380 5683 2734 5763; x_wconf 74' lang='lat' dir='ltr'><strong>privandum:</strong></span> <span class='ocrx_word' id='word_1_846' title='bbox 2763 5685 2920 5741; x_wconf 88' lang='lat' dir='ltr'><strong>Patet</strong></span> <span class='ocrx_word' id='word_1_847' title='bbox 2947 5697 3077 5756; x_wconf 90' lang='lat' dir='ltr'><strong>ergo</strong></span> <span class='ocrx_word' id='word_1_848' title='bbox 3097 5683 3229 5739; x_wconf 89' lang='lat' dir='ltr'><strong>satis</strong></span> <span class='ocrx_word' id='word_1_849' title='bbox 3256 5681 3481 5739; x_wconf 82' lang='lat' dir='ltr'><strong>eviden-</strong></span> 
     </span>
    </p>
   </div>
   <div class='ocr_carea' id='block_1_116' title="bbox 1874 5775 3483 5858">
    <p class='ocr_par' dir='ltr' id='par_1_116' title="bbox 1874 5775 3483 5858">
     <span class='ocr_line' id='line_1_116' title="bbox 1874 5775 3483 5858; baseline -0.005 -16"><span class='ocrx_word' id='word_1_850' title='bbox 1874 5791 1977 5853; x_wconf 91' lang='lat' dir='ltr'><strong>ter,</strong></span> <span class='ocrx_word' id='word_1_851' title='bbox 2047 5793 2313 5858; x_wconf 84' lang='lat' dir='ltr'><strong>quantum</strong></span> <span class='ocrx_word' id='word_1_852' title='bbox 2397 5777 2716 5856; x_wconf 80' lang='lat' dir='ltr'><strong>episcopalis</strong></span> <span class='ocrx_word' id='word_1_853' title='bbox 2782 5775 3080 5837; x_wconf 75' lang='lat' dir='ltr'><strong>auctoritas</strong></span> <span class='ocrx_word' id='word_1_854' title='bbox 3147 5776 3483 5851; x_wconf 79' lang='lat' dir='ltr'><strong>presbyteris</strong></span> 
     </span>
    </p>
   </div>
   <div class='ocr_carea' id='block_1_117' title="bbox 1873 5870 3481 5949">
    <p class='ocr_par' dir='ltr' id='par_1_117' title="bbox 1873 5870 3481 5949">
     <span class='ocr_line' id='line_1_117' title="bbox 1873 5870 3481 5949; baseline -0.005 -14"><span class='ocrx_word' id='word_1_855' title='bbox 1873 5877 2134 5946; x_wconf 88' lang='lat' dir='ltr'><strong>emineat,</strong></span> <span class='ocrx_word' id='word_1_856' title='bbox 2175 5879 2256 5935; x_wconf 87' lang='lat' dir='ltr'><strong>vel</strong></span> <span class='ocrx_word' id='word_1_857' title='bbox 2298 5875 2431 5949; x_wconf 87' lang='lat' dir='ltr'><strong>quid</strong></span> <span class='ocrx_word' id='word_1_858' title='bbox 2459 5874 2570 5931; x_wconf 87' lang='lat' dir='ltr'><strong>illis</strong></span> <span class='ocrx_word' id='word_1_859' title='bbox 2595 5871 2814 5944; x_wconf 87' lang='lat' dir='ltr'><strong>penitus</strong></span> <span class='ocrx_word' id='word_1_860' title='bbox 2859 5883 3122 5946; x_wconf 86' lang='lat' dir='ltr'><strong>usurpare</strong></span> <span class='ocrx_word' id='word_1_861' title='bbox 3148 5884 3266 5926; x_wconf 92' lang='lat' dir='ltr'><strong>non</strong></span> <span class='ocrx_word' id='word_1_862' title='bbox 3295 5870 3481 5930; x_wconf 84' lang='lat' dir='ltr'><strong>liceat.</strong></span> 
     </span>
    </p>
   </div>
  </div>
