4062 6182
481 260 615 317 1247

1478 255 1569 311 ΑΙ)
1608 252 1835 311 OPERA
1875 253 1931 309 S.
1972 253 2292 311 GREGORIl
2332 252 2766 311 APPENDICES.

2662 92 2689 109 Ι

3642 238 3777 310 1248

545 387 640 443 VI.
679 384 818 441 Sunt
844 389 1029 439 tamen
1058 378 1310 451 quaedam
1353 378 1522 436 etiam
1560 378 1761 447 adhuc,
1794 395 1917 452 quae
1949 397 2069 453 pre-
2100 385 2154 449 Α
2182 381 2394 453 uspiam
2437 378 2764 452 percipiunt,
2797 376 2890 437 sed
2906 376 3003 451 jus
3046 376 3312 435 offerendi
3370 374 3626 436 sacrificii
3659 386 3779 437 tam

474 480 708 555 sbyteris
744 494 805 533 ex
834 474 1124 547 episcopali
1171 474 1401 530 arbitrio
1459 474 1685 543 concedi
1720 483 1969 547 possunt,
2021 483 2081 531 ut

477 575 685 646 privata
736 568 1108 625 reconciliatio
1137 569 1551 641 pmnitentium,
1609 585 1736 625 nam
1786 587 1817 626 a
1861 569 2077 642 publica

475 663 905 722 reconciliatione
935 664 1082 718 sicut
1111 678 1141 718 a
1185 663 1498 719 chrismatis
1526 662 1867 720 confectione
1920 666 2081 735 peni-

471 755 559 815 tus
602 757 859 831 prohibiti
912 758 1184 830 leguntur.
1245 760 1483 813 Possunt
1536 757 1756 829 quidem
1824 757 2079 829 privatim

473 851 755 908 confessos
790 851 1117 923 pmnitentes
1163 859 1218 906 et
1245 851 1587 908 infirmantes
1626 852 2001 918 reconciliare,
2036 851 2079 907 si

473 954 658 1001 tamen
698 944 988 1017 episcopus
1026 945 1275 1018 jusserit,
1320 946 1472 1016 juxta
1521 944 1668 1017 quod
1703 946 1756 1001 S.
1804 946 2082 1000 Evaristus

476 1055 611 1111 papa
642 1048 697 1094 et
722 1046 927 1111 martyr
950 1039 1005 1094 in
1034 1038 1265 1094 decretis
1296 1039 1407 1095 suis
1433 1043 1613 1107 (causa
1644 1045 1735 1102 26,
1764 1056 1818 1112 q.
1853 1045 1909 1108 6,
1936 1055 1985 1095 c.
2027 1041 2079 1102 4)

472 1132 692 1199 asserit,
723 1133 794 1187 ita
825 1131 1144 1200 decernens,
1193 1141 1255 1188 ut
1291 1135 1599 1203 presbyteri
1624 1135 1689 1189 de
1716 1136 1927 1189 occultis
1960 1150 2081 1205 pec-

473 1227 609 1279 catis
628 1225 873 1293 jussione
911 1228 1147 1297 episcopi
1167 1229 1480 1296 pcenitentes
1509 1229 1863 1291 reconcilient,
1911 1233 1961 1283 et
1999 1232 2079 1283 in-

474 1323 749 1390 ﬁrmantes
785 1321 1072 1376 absolvant
1101 1327 1150 1375 et
1187 1326 1586 1377 communicent.
1624 1326 1762 1378 Item
1800 1324 2079 1395 Carthagi-

474 1428 645 1469 nense
678 1414 970 1469 concilium
1010 1416 1241 1480 (LABB.,
1265 1425 1304 1471 t.
1332 1418 1477 1488 lI,p.
1508 1421 1796 1489 1160)cap.
1817 1425 1847 1473 7
1877 1418 1999 1487 [leg.
2023 1419 2077 1487 4]

475 1505 612 1562 dicit
652 1506 799 1579 quod
843 1507 900 1562 in
956 1508 1190 1578 periculo
1219 1509 1379 1581 positi
1425 1526 1455 1565 a
1504 1510 1823 1582 presbytero
1866 1511 2080 1582 possint

476 1600 817 1656 reconciliari
865 1600 1091 1657 absente
1121 1602 1338 1673 quidem
1382 1604 1661 1675 episcopo,
1704 1603 1798 1660 sed
1834 1604 2075 1675 jubente.

548 1695 666 1748 VII.
722 1696 790 1749 Et
832 1694 1135 1750 notandum
1165 1696 1310 1767 quod
1339 1712 1439 1752 nec
1479 1698 1651 1768 ipsam
1703 1698 1964 1769 privatam
1993 1714 2079 1753 re-

478 1786 915 1843 conciliationem
978 1804 1229 1844 exercere
1298 1791 1692 1861 permittuntur
1750 1792 2071 1864 presbyteri,

477 1880 577 1937 nisi
614 1880 924 1951 specialiter
959 1882 1292 1954 exjussione
1326 1884 1586 1957 episcopi.
1621 1884 1728 1956 Ipsi
1758 1887 1918 1941 etiam
1949 1902 2073 1941 san-

476 1982 577 2031 cta:
619 1977 890 2032 Romanae
932 1976 1190 2032 Ecclesia:
1234 1976 1542 2050 presbyteri
1591 1994 1700 2035 non
1748 1979 1853 2035 hoc
1901 1981 2077 2035 solent

489 2084 741 2125 exercere
769 2069 870 2125 nisi
899 2070 1145 2142 permissi
1176 2090 1189 2125 :
1229 2087 1332 2127 nec
1367 2071 1472 2127 hoc
1518 2074 1805 2129 Romanus
1836 2072 2077 2144 pontifex

478 2163 757 2231 omnibus,
802 2180 939 2234 quos
988 2164 1227 2232 ordinat,
1278 2164 1551 2231 concedit,
1602 2166 1700 2222 sed
1749 2166 2077 2238 quibusdam

477 2262 708 2323 tantum,
740 2274 880 2329 quos
938 2257 1009 2313 ad
1063 2258 1168 2314 hoc
1219 2274 1356 2331 opus
1402 2260 1807 2329 exsequendum
1852 2261 2079 2317 idoneos

476 2366 595 2407 esse
622 2351 951 2423 praeviderit.
1000 2354 1199 2409 Beatus
1226 2368 1445 2426 quoque
1471 2353 1768 2410 Anselmus
1816 2356 2080 2411 Lucensis

478 2445 770 2517 episcopus
810 2446 866 2500 in
894 2446 1204 2517 episcopatu
1235 2463 1333 2502 suo
1370 2448 1555 2519 paucis
1582 2449 1914 2520 presbyteris
1943 2465 2076 2505 con-

477 2539 661 2605 cessit,
692 2547 754 2594 ut
789 2539 1116 2609 paenitentes
1143 2542 1500 2613 susciperent,
1533 2542 1783 2612 quamvis
1813 2542 2081 2613 plurimos

479 2631 706 2688 ubilibet
734 2632 1042 2689 ordinasset
1084 2636 1283 2704 (1112).
1337 2636 1425 2691 Sic
1473 2644 1526 2691 et
1552 2635 1642 2691 alii
1682 2634 1943 2692 hactenus
1972 2638 2081 2709 epi-

477 2717 626 2796 scopi
695 2726 751 2781 in
808 2727 922 2782 suis
984 2728 1394 2800 episcopatibus
1438 2727 1617 2785 facere
1656 2739 2074 2800 consueverunt,

480 2820 571 2889 qui
610 2820 986 2892 diligentiores
1035 2838 1313 2879 canonum
1370 2832 1677 2879 servatores
1724 2839 1843 2880 esse
1891 2824 2078 2881 volue-

480 2921 630 2968 runt.

552 3008 696 3064 VIII.
746 3009 1090 3081 Quapropter
1130 3010 1262 3066 satis
1306 3009 1661 3067 manifestum
1696 3026 1813 3067 esse
1840 3011 2074 3080 videtur,

2114 1742 2161 1804 Β

2185 491 2284 547 pro
2309 474 2460 539 vivis,
2482 490 2647 546 quam
2676 489 2774 546 pro
2800 472 3069 531 defunctis
3096 476 3297 541 (1114).

2258 571 2354 625 IX.
2386 572 2456 625 Et
2498 567 2836 640 parochiales
2866 567 3084 639 quidem
3116 567 3443 640 presbyteri,
3473 567 3677 638 quibus
3716 569 3781 626 ab

2185 663 2435 736 episcopo
2466 662 2750 735 pastoralis
2778 678 2911 718 cura
2951 662 3010 717 in
3042 661 3244 734 populo
3275 661 3675 732 committitur,
3727 663 3781 720 in

2186 757 2299 829 ipsa
2327 756 2717 813 commissione
2759 756 2926 811 etiam
2977 755 3077 811 hos
3098 756 3192 826 jus
3233 755 3565 828 suscipiendi
3605 758 3785 829 pomi-

2186 859 2360 907 tentes
2390 850 2662 922 accepisse
2692 866 2803 906 non
2831 849 3170 917 dubitantur,
3210 849 3359 922 quod
3403 849 3659 907 videlicet
3688 868 3788 923 po-

2184 944 2460 1001 tissimum
2486 944 2555 1000 ad
2585 943 2733 999 illam
2763 959 2952 1000 curam
2985 944 3256 1015 pertinere
3299 942 3531 1000 videtur.
3572 944 3793 1015 Quibus

2185 1047 2369 1094 autem
2398 1038 2731 1095 consecratis
2760 1036 3069 1109 hujusmodi
3094 1053 3225 1093 cura
3251 1053 3367 1093 non
3392 1039 3791 1109 committitur,

2189 1132 2511 1205 praedictam
2570 1140 2897 1205 potestatem
2944 1146 3205 1204 usurpare
3259 1147 3374 1187 non
3418 1142 3793 1203 praesumant,

2187 1235 2483 1299 antequam
2508 1227 2585 1282 eis
2622 1226 2858 1298 episcopi
2890 1224 2997 1281 hoc
3025 1223 3329 1281 concedunt
3355 1245 3368 1280 :
3412 1242 3539 1282 nam
3569 1228 3617 1282 si
3642 1243 3795 1299 prm-

2189 1320 2546 1392 sumpserint,
2567 1336 2625 1376 se
2653 1320 2832 1392 potius
2855 1336 2920 1377 ex
2947 1319 3374 1390 praesumptione
3394 1320 3584 1392 ligant,
3618 1338 3793 1393 quam

2189 1416 2515 1487 pmnitentes
2542 1430 2638 1470 sua
2686 1413 3126 1469 reconciliatione
3167 1413 3479 1480 absolvant;
3509 1415 3555 1470 si
3593 1423 3793 1492 tamen

2187 1508 2504 1579 simpliciter
2527 1508 2854 1579 accipientes
2886 1507 3183 1580 ignorantia
3204 1508 3653 1580 praesumptionis
3674 1525 3795 1565 non

2187 1608 2403 1658 accusat
2440 1607 2639 1668 (1115).
2691 1602 2883 1658 Solent
2928 1601 3074 1657 enim
3106 1601 3344 1674 episcopi
3392 1602 3486 1674 jus
3533 1602 3795 1659 reconci-

2188 1696 2351 1752 liandi
2380 1695 2756 1752 sacerdotibus
2796 1712 2826 1751 a
2871 1695 3128 1768 pastorali
3160 1711 3290 1750 cura
3327 1695 3656 1752 vacantibus
3686 1712 3795 1753 sa“:-

2190 1806 2489 1861 penumero
2514 1789 2837 1857 concedere,
2862 1798 2925 1844 ut
2958 1789 3283 1845 venerabilis
3313 1805 3450 1860 papa
3483 1790 3795 1862 Gregorius

2190 1884 2333 1955 (VII)
2365 1892 2419 1939 et
2455 1884 2507 1939 S.
2555 1884 2845 1939 Anselmus
2876 1883 3177 1949 (Lucensis)
3223 1884 3410 1940 multis
3437 1883 3709 1953 fecerunt,
3738 1893 3794 1939 et

2188 1977 2369 2033 adhuc
2396 1977 2745 2048 quamplures
2790 1976 3013 2032 faciunt.
3049 1978 3203 2032 Hanc
3231 1977 3430 2048 quippe
3471 1978 3794 2034 concessio-

2187 2086 2314 2127 nem
2326 2086 2425 2127 nos
2435 2070 2532 2142 ipsi
2544 2071 2612 2127 ab
2623 2070 2972 2127 ordinatione
3002 2078 3186 2127 nostra
3206 2070 3551 2142 suscepimus
3565 2075 3615 2135 (1
3632 2080 3654 2127 1
3669 2078 3751 2138 16)
3774 2090 3790 2127 :

2188 2165 2331 2221 hanc
2360 2174 2413 2220 et
2438 2164 2570 2220 alios
2616 2165 2969 2238 quamplures
3015 2181 3046 2221 a
3082 2165 3193 2221 suis
3224 2163 3642 2223 ordinatoribus
3670 2182 3795 2238 per-

2188 2259 2393 2331 cepisse
2422 2274 2534 2314 non
2559 2259 2898 2331 ignoramus.

2258 2355 2335 2407 Χ.
2369 2351 2660 2409 Sciendum
2689 2361 2900 2423 tamen,
2929 2351 3078 2425 quod
3118 2354 3187 2407 B.
3216 2352 3595 2425 Hieronymus
3635 2362 3798 2426 pote-

2189 2456 2384 2504 statem
2419 2446 2622 2519 ligandi
2652 2455 2815 2518 atque
2844 2445 3090 2503 solvendi
3119 2455 3234 2502 tam
3264 2447 3597 2520 presbyteris
3624 2466 3797 2521 quam

2190 2541 2457 2613 episcopis
2476 2539 2855 2597 indifferenter
2873 2540 3095 2597 ascribit
3119 2542 3181 2596 in
3198 2544 3597 2598 commentario
3629 2559 3803 2615 super

2189 2636 2532 2702 Matthaeum,
2562 2635 2654 2691 ubi
2682 2634 2819 2691 illud
2846 2635 3071 2706 exponit
3098 2654 3112 2691 :
3156 2636 3511 2706 Quodcunque
3542 2638 3805 2707 ligaveris

2191 2731 2408 2799 (Matth.
2446 2734 2601 2795 xvr),
2641 2737 2697 2784 et
2727 2728 2955 2800 reliqua.
2994 2732 3185 2797 Istum,
3216 2730 3395 2801 inquit
3422 2732 3593 2802 (Opp.
3625 2740 3673 2787 t.
3698 2734 3799 2799 IV,

2189 2839 2245 2895 p.
2276 2828 2389 2890 75),
2425 2824 2592 2877 locum
2618 2824 2851 2893 episcopi
2892 2827 2946 2877 et
2966 2823 3276 2893 presbyteri
3301 2839 3407 2878 non
3431 2826 3802 2893 intelligentes

2186 2917 2402 2987 aliquid
2430 2917 2536 2971 sibi
2563 2917 2628 2971 de
2656 2917 3053 2971 Pharisaeorum
3081 2918 3364 2987 supercilio
3395 2924 3707 2982 assumunt,
3735 2924 3802 2975 ut

2185 3012 2269 3065 vel
2284 3011 2542 3065 damnent
2556 3012 2878 3074 innocentes,
2894 3012 2978 3065 vel
2997 3011 3196 3067 solvere
3212 3014 3400 3066 nones
3421 3011 3799 3079 arbitrentur,

478 3101 625 3172 quod
660 3103 963 3174 presbyteri
991 3119 1103 3159 non
1132 3110 1247 3158 tam
1276 3120 1339 3159 ex
1369 3103 1602 3175 propriae
1645 3106 2076 3161 consecrationis
2113 3098 2157 3161 C
2186 3121 2305 3159 cum
2325 3104 2475 3174 apud
2501 3107 2667 3158 Deum
2688 3107 3071 3160 nonsententia
3098 3105 3447 3171 sacerdotum,
3484 3107 3584 3161 sed
3614 3123 3802 3162 eorum

479 3194 682 3263 ofﬁcio,
728 3210 894 3265 quam
958 3211 1024 3250 ex
1070 3195 1394 3267 episcopalis
1431 3197 1797 3253 concessionis
1851 3198 2080 3255 arbitrio

482 3290 805 3360 pmnitentes
852 3288 1202 3346 reconciliare
1228 3290 1421 3346 solent.
1454 3290 1509 3347 Si
1547 3291 1699 3347 enim
1744 3291 1850 3348 hoc
1892 3292 1969 3348 illi
2015 3308 2080 3349 ex

483 3384 704 3455 propria
757 3384 1173 3440 consecratione
1222 3383 1488 3441 baberent
1538 3394 1597 3441 ut
1648 3386 1902 3458 episcopi,
1951 3402 2079 3442 cum

485 3477 735 3534 eamdem
776 3478 1093 3551 presbyterii
1122 3479 1434 3549 acceperint
1479 3481 1969 3548 consecrationem,
1998 3481 2082 3536 ni-

486 3568 784 3627 hilominus
823 3581 879 3628 et
918 3571 1171 3629 eamdem
1223 3587 1416 3628 omnes
1461 3571 1725 3629 haberent
1769 3574 2081 3631 reconcilia-

483 3663 652 3718 tionis
680 3673 1038 3734 potestatem;
1070 3681 1173 3721 nec
1200 3666 1375 3736 magis
1402 3664 1470 3721 ad
1497 3664 1625 3733 hoc,
1657 3682 1827 3738 quam
1855 3667 1926 3724 ad
1955 3666 2080 3723 offi-

480 3755 631 3810 cium
659 3756 843 3811 missae
871 3758 1238 3813 exercendum
1264 3758 1560 3829 episcopali
1583 3758 1835 3831 jussione
1863 3761 2082 3834 indige-

480 3856 625 3914 rent,
664 3847 709 3902 si
760 3848 815 3902 in
864 3850 979 3919 ipsa
1019 3851 1434 3906 consecratione
1476 3850 1618 3907 hanc
1645 3861 1971 3923 potestatem
2021 3862 2083 3911 ut

481 3941 550 3997 ad
578 3940 826 3997 officium
850 3943 1056 4008 missa,
1076 3943 1285 3999 dudum
1313 3946 1682 4017 percepissent
1702 3952 1911 4023 (1113)..
1934 3950 2082 4018 Quo-

482 4033 649 4090 modo
675 4042 859 4090 autem
889 4034 1038 4091 illam
1059 4034 1115 4090 in
1136 4037 1555 4093 consecratione
1579 4054 1690 4093 non
1718 4041 2080 4113 perceperint,

478 4127 637 4183 facile
660 4128 886 4199 quilibet
910 4129 1193 4202 explorare
1212 4131 1429 4203 poterit,
1461 4132 1508 4187 i
1534 4131 1765 4189 modum
1794 4149 2081 4193 consecra-

478 4222 648 4277 tionis
674 4238 867 4280 eorum
897 4223 1184 4297 diligenter
1210 4225 1558 4283 considerare
1588 4227 1844 4297 voluerit,
1878 4229 1937 4285 in
1969 4246 2078 4302 quo

480 4331 595 4371 non
642 4331 797 4373 more
826 4318 1208 4390 episcoporum
1249 4319 1340 4390 jus
1370 4318 1575 4392 ligandi
1617 4328 1783 4393 atque
1828 4324 2078 4381 solvendi

554 4603 738 4675 (1112)
767 4601 1020 4675 Gregorii
1049 4603 1151 4675 Vl_I
1181 4608 1440 4675 strenuus
1466 4602 1689 4675 adjutor
1716 4603 1822 4660 fuit
1850 4604 1939 4660 hic
1961 4608 2083 4662 An—

485 4669 711 4749 sel_t_nus_,
761 4669 914 4749 cujus
960 4674 1071 4729 vita
1110 4673 1383 4745 descripta
1432 4669 1605 4731 exstat
1632 4676 2083 4749 ingTengnagelii

484 4741 803 4821 collectione
825 4741 1328 4821 'ltlonumentorum
1375 4756 1567 4821 contra
1596 4741 1993 4805 schismaticos
2028 4766 2081 4821 p.

483 4817 574 4886 8.3,
606 4812 826 4886 agitque
850 4812 920 4868 de
956 4830 1028 4886 eo
1052 4815 1247 4886 saepius
1281 4818 1582 4874 Bernoldus
1611 4828 1793 4875 noster
1822 4821 1876 4876 in
1903 4812 2084 4876 Chro-

485 4882 652 5007 niqo,t
680 4883 920 4939 maxime
967 4884 1036 4942 ad
1091 4882 1294 4942 annum
1342 4893 1501 4958 1066,
1550 4906 1658 4961 quo
1709 4891 1826 4963 eius
1870 4892 2081 4949 obitum

485 4968 543 5007 re
567 4970 626 5007 er
659 4996 673 5007 .

485 4963 673 5010 refert.

514 5095 523 5105 ι
555 5030 739 5091 (1113)
772 5026 1419 5108 Acceperuntenimvero
1458 5034 1835 5108 utramquein
1864 5034 2087 5108 ordina-

485 5103 657 5162 tione,
708 5103 1069 5169 posteriorem
1114 5107 1299 5157 tamen
1345 5104 1563 5157 nonnisi
1604 5119 1670 5159 ex
1724 5104 1941 5159 licentia
1988 5121 2085 5161 seu

484 5168 874 5249 approbatione
903 5171 1140 5249 epis_copi
1178 5174 1542 5249 exercendam
1596 5193 1607 5227 :
1662 5190 1769 5245 quo
1797 5190 1957 5231 sensu
1996 5175 2085 5233 hic

484 5240 868 5313 intelligendus
895 5240 978 5297 est
1007 5240 1328 5299 Beroaldus.

555 5315 735 5378 (1114)
775 5316 897 5369 Non
928 5313 998 5370 de
1047 5315 1315 5370 moderno
1340 5315 1700 5371 ordinationis
1737 5314 1842 5370 ritu
1874 5314 1963 5371 hic
2000 5318 2086 5372 lo-

486 5385 670 5451 quitur
698 5385 1021 5456 Bernaldus,
1056 5401 1164 5456 quo
1207 5385 1431 5441 disertis
1482 5387 1658 5441 verbis
1705 5401 1896 5443 recens
1933 5389 2085 5445 ordi-

485 5454 968 5531 natqpresbytero
997 5454 1160 5531 datur
1209 5456 1278 5512 ab
1306 5457 1563 5531 episcopo
1608 5465 1849 5531 potestas
1896 5461 2083 5515 remit-

488 5521 635 5603 tendi
654 5521 869 5603 peccata
894 5526 1031 5603 ;sed_
1044 5527 1282 5603 demore
1305 5521 1393 5603 sui
1408 5521 1691 5603 temporis,
1708 5544 1816 5600 quo
1842 5532 2086 5587 necdum

488 5592 905 5671 adhibebantur
924 5598 1083 5654 verba
1112 5599 1205 5656 illa
1236 5617 1251 5657 :
1282 5601 1480 5671 Accipe
1522 5592 1789 5671 Spiritum
1817 5608 2083 5668 sanctum,

488 5681 715 5746 quorum
745 5670 1032 5746 remiseris,
1063 5678 1189 5746 etc,
1219 5687 1347 5746 cum
1368 5670 1527 5746 tertia
1557 5686 1825 5729 manuum
1852 5675 2085 5745 imposi-

489 5739 671 5804 tione;
704 5746 868 5808 prout
891 5739 1035 5813 inter
1058 5739 1193 5798 alios
1220 5743 1476 5801 observat
1503 5745 1783 5813 Drouven,
1813 5748 1888 5801 De
1912 5739 1970 5801 re
1993 5763 2087 5801 sa-

491 5814 777 5879 crament.,
821 5816 866 5866 t.
904 5811 980 5879 II,
1014 5826 1070 5882 p.
1102 5818 1205 5870 862
1251 5832 1264 5872 :
1320 5817 1501 5871 Tertia
1536 5811 1793 5872 manuum
1824 5819 2089 5888 imposilio

2104 4470 2155 4533 D

2188 3200 2302 3253 vita
2329 3202 2624 3267 quwratur.
2667 3200 2913 3266 Legimus
2942 3200 2999 3253 in
3037 3200 3267 3255 Leuitico
3309 3199 3375 3253 de
3405 3200 3657 3269 leprosis,
3702 3200 3808 3255 ubi

2178 3293 2465 3363 jubentur,
2495 3295 2556 3346 ut
2591 3292 2873 3347 ostendant
2902 3307 2955 3347 se
2982 3292 3364 3355 sacerdotibus,
3405 3298 3457 3348 et
3485 3296 3538 3348 si
3586 3295 3801 3365 lepra»:

2189 3386 2479 3441 habuerint
2494 3390 2619 3440 tunc
2636 3402 2669 3440 a
2688 3386 2955 3441 sacerdote
2974 3387 3244 3441 immundi
3258 3390 3397 3456 ﬁant
3415 3389 3605 3453 (Leuit.
3632 3396 3795 3457 xw);

2186 3495 2291 3534 non
2308 3479 2450 3550 quod
2476 3480 2770 3534 sacerdotes
2792 3481 3020 3549 leprosos
3047 3481 3264 3547 faciant
3283 3480 3681 3548 et-immundos,
3702 3481 3800 3536 sed

2187 3574 2331 3644 quod
2361 3572 2597 3628 habeant
2622 3575 2875 3628 notitiam
2900 3574 3113 3642 leprosi,
3146 3578 3195 3628 et
3220 3589 3327 3628 non
3353 3575 3569 3643 leprosi,
3597 3580 3647 3629 et
3668 3590 3801 3644 pos-

2186 3670 2297 3722 sint
2342 3666 2664 3730 discernere,
2715 3669 2814 3736 qui
2842 3667 3098 3730 mundus,
3148 3671 3309 3737 quive
3335 3668 3652 3723 immundus
3701 3672 3796 3723 sit.

2189 3761 2453 3828 Quomodo
2484 3762 2564 3815 ibi
2589 3762 2853 3830 leprosum
2879 3762 3124 3816 sacerdos
3147 3762 3489 3816 immundum
3517 3763 3685 3830 facit,
3720 3766 3799 3817 sic

2188 3858 2239 3910 et
2260 3856 2345 3909 hic
2369 3855 2565 3924 alligat
2591 3860 2641 3909 et
2663 3856 2820 3910 solvit
2858 3857 3132 3925 episcopus
3161 3860 3211 3910 et
3229 3858 3537 3926 presbyter,
3577 3872 3692 3911 non
3716 3872 3797 3912 eos

2186 3950 2285 4018 qui
2311 3949 2546 4003 insontes
2572 3952 2699 4003 sunt
2724 3950 2805 4004 vel
2827 3950 3058 4017 innoxii,
3088 3950 3181 4005 sed
3199 3967 3300 4020 pro
3328 3952 3503 4019 officio
3527 3966 3645 4023 suo,
3673 3966 3799 4006 arm

2180 4047 2515 4112 peccatorum
2543 4044 2784 4099 audierit
2812 4045 3121 4111 varietates,
3162 4047 3263 4099 scit
3286 4048 3383 4115 qui
3409 4046 3664 4114 ligandus
3695 4048 3791 4113 sit,

2186 4138 2286 4206 qui
2342 4137 2643 4192 solvendus.
2688 4137 2824 4192 Item
2882 4136 3256 4209 Hieronymus
3301 4137 3373 4194 ad
3423 4136 3789 4194 Heliodorum

2186 4231 2363 4299 (epist.
2389 4236 2442 4297 5,
2470 4232 2634 4301 Opp.,
2666 4237 2710 4285 t.
2741 4231 2837 4299 IV,
2870 4246 2923 4301 p.
2950 4246 3023 4300 ιι,
3049 4246 3106 4302 ρ.
3138 4236 3224 4300 10)
3257 4233 3454 4300 :Mihi,
3488 4229 3678 4302 inquit,
3706 4246 3794 4286 se-

2186 4324 2307 4379 dere
2348 4327 2474 4379 ante
2490 4324 2873 4395 presbyterum
2899 4340 3006 4381 non
3048 4326 3167 4380 licet
3200 4344 3217 4377 :
3266 4326 3371 4394 illi,
3400 4328 3456 4380 si
3482 4340 3797 4396 peccavero,

2191 4621 2308 4661 cum
2334 4606 2574 4662 oratione
2602 4606 2893 4678 conjuncta
2921 4622 3014 4662 nec
3036 4608 3163 4662 olim
3200 4606 3446 4662 solemnis
3472 4609 3529 4661 in
3552 4607 3807 4663 Ecclesia

2190 4680 2324 4745 fuit,
2367 4694 2483 4732 cum
2530 4679 2595 4733 de
2642 4696 2705 4734 ea
2748 4682 2976 4749 antiqua
3022 4681 3234 4735 Latinae
3260 4680 3499 4735 Ecclesia
3552 4681 3809 4734 ritualia

2191 4756 2314 4804 ante
2342 4750 2711 4805 duodecimum
2734 4752 2987 4813 siccatum
3012 4753 3215 4819 scripta
3248 4751 3420 4804 altum
3444 4750 3671 4814 sileant;
3706 4768 3809 4807 nec

2190 4824 2487 4876 etiamnum
2512 4822 2580 4875 ab
2616 4822 2855 4875 omnibus
2884 4822 3228 4889 observatur,
3265 4838 3383 4875 cum
3412 4824 3470 4875 in
3502 4822 3721 4877 Gracia
3753 4828 3811 4877 et

2193 4894 2402 4949 Oriente
2427 4896 2904 4963 praztermittatur.
2938 4898 3122 4964 Atque
3150 4893 3352 4950 saeculo
3381 4892 3563 4948 adhuc
3604 4892 3809 4949 unde-

2192 4964 2340 5019 cimo
2370 4964 2486 5019 haec
2513 4964 2727 5032 scripsit
2751 4963 3085 5021 Bernaldus..
3430 5012 3433 5015 γ

2263 5040 2443 5100 (1115)
2474 5036 2715 5091 Omnino
2748 5034 2835 5089 hic
2864 5035 3160 5107 legendum
3197 5034 3410 5107 videtur
3438 5039 3683 5099 excusat,
3741 5045 3815 5090 ut

2195 5105 2283 5161 hic
2321 5107 2393 5161 sit
2419 5122 2629 5172 sensus,
2658 5121 2783 5161 eum
2834 5105 2945 5163 non
2973 5122 3091 5162 esse
3116 5106 3502 5176 absolutumga
3532 5108 3813 5176 peccatis,

2192 5177 2283 5248 qui
2299 5179 2471 5233 sciens
2487 5177 2779 5233 conﬁtetur
2797 5178 3114 5249 presbytero
3136 5177 3387 5249 nondum
3415 5174 3483 5231 ab
3502 5174 3809 5249 episcppo,

2194 5247 2255 5304 ut
2285 5250 2451 5304 modo
2482 5250 2775 5319 loquimur,
2798 5247 3133 5319 approbato;
3166 5248 3305 5305 bene
3334 5264 3482 5315 vero,
3529 5247 3575 5304 si
3621 5247 3681 5303 id
3711 5247 3813 5306 fe-

2195 5321 2350 5384 cerit,
2379 5320 2522 5375 bona
2546 5319 2657 5391 ﬁde
2687 5320 2844 5391 illum
2876 5322 3239 5391 approbatum
3270 5320 3613 5387 existimans,
3640 5320 3813 5389 quod

2194 5391 2379 5461 plures
2408 5390 2649 5463 theologi
2678 5390 3208 5463 docent,’defectum
3234 5391 3636 5463 jurisdictionis
3656 5399 3811 5447 tunc

2195 5478 2289 5533 per
2316 5461 2621 5517 Ecclesiani
2659 5462 2893 5533 suppleri
2924 5461 3249 5519 statuentesl
3446 5478 3460 5489 ·

2265 5538 2444 5607 (1116)
2473 5537 2630 5589 Patet
2651 5532 2778 5607 hinc
2807 5535 2939 5607 satis
2967 5544 3153 5607 aperte
3175 5533 3515 5607 Bernaldum
3539 5535 3807 5607 opusculi

2195 5603 2355 5677 hujus
2382 5614 2662 5661 auctorem
2704 5604 2859 5677 illum
2887 5603 3065 5677 ipsum
3102 5621 3221 5662 esse
3240 5603 3605 5677 ,Bertholdam
3646 5605 3807 5662 Con-

2193 5676 2552 5751 stantiensem
2573 5676 2980 5751 presbyterum,
2998 5678 3168 5751 quiin
3194 5676 3465 5736 Chronico
3490 5676 3563 5737 ad
3585 5693 3806 5736 annum

2198 5752 2336 5808 1084
2365 5747 2560 5807 eadem
2574 5747 2652 5807 de
2666 5762 2725 5807 se
2740 5747 3038 5807 memorat.
