4062 6182
263 301 400 357 1249

1168 302 1456 358 APPEND.
1494 303 1582 358 In.
1622 331 1693 345 —
1728 294 2147 363 MONUMENTA
2185 304 2644 363 GREGORIANA.

3415 312 3553 368 1250

259 427 378 481 licet
413 441 497 482 me
521 426 735 482 tradere
779 426 996 483 Satanae
1024 428 1086 480 in
1132 428 1411 484 interitum
1443 432 1625 485 carnis
1651 435 1713 486 ut
1745 432 1851 503 spi-
1878 436 1931 500 Α
1960 447 2029 489 ne
2093 434 2158 488 B.
2205 436 2443 490 Damaso
2500 447 2652 506 papae
2702 430 2979 505 sacrisque
3042 433 3361 504 canonibus,
3408 434 3553 493 hanc

260 523 403 576 ritus
417 522 596 576 salvus
628 523 700 576 sit
727 522 785 575 in
812 521 900 577 die
924 523 1159 577 Domini.
1181 521 1289 579 Sed
1310 523 1430 580 haec
1444 525 1727 582 sententiae
1757 542 1852 582 su-

259 614 562 686 perioribus
590 614 643 669 in
668 613 818 670 nullo
838 614 1244 685 contradicunt,
1275 632 1395 689 quae
1424 618 1611 674 itidem
1637 619 1854 693 presby-

257 707 386 764 teris
410 706 728 781 hujusmodi
758 718 1090 780 potestatem
1137 711 1276 768 circa
1325 712 1653 784 pmnitentes
1690 715 1852 770 ascri-

261 801 427 870 bunt,
456 818 573 858 non
601 810 788 859 tamen
817 813 879 860 ut
921 805 1183 877 episcopis
1220 823 1287 862 ex
1325 822 1517 863 eorum
1562 823 1852 864 consecra-

264 897 438 963 tione,
470 895 566 953 sed
596 912 662 953 ex
683 897 1063 971 episcoporum
1085 900 1358 971 jussione,
1377 909 1441 956 ut
1459 917 1697 957 canones
1719 918 1856 974 pra:-

261 990 526 1049 scribunt.
581 993 695 1048 Nec
722 993 908 1064 utique
934 995 998 1048 B.
1053 994 1428 1067 Hieronymus
1482 996 1536 1050 in
1579 996 1854 1067 praedictis

259 1086 571 1153 sententiis,
604 1085 752 1142 unde
778 1087 993 1159 probati
1031 1087 1241 1160 hocjus
1290 1089 1544 1159 habeant,
1579 1090 1854 1162 signanter

261 1181 547 1253 expressit,
568 1179 666 1237 sed
680 1196 775 1237 eos
788 1188 1009 1237 tantum
1024 1180 1129 1237 hoc
1143 1181 1349 1239 habere
1363 1183 1684 1255 simpliciter
1699 1193 1855 1241 nota-

262 1274 355 1331 vit.
383 1276 658 1332 Praaterea
685 1275 731 1331 si
752 1291 826 1332 ex
846 1277 1261 1333 consecratione
1280 1279 1449 1334 etiam
1468 1294 1624 1334 more
1644 1279 1854 1350 episco-

242 1384 460 1446 porum
480 1368 580 1426 hos
616 1384 709 1426 eos
734 1369 936 1427 habere
957 1369 1207 1441 dixisset,
1239 1388 1340 1428 nos
1365 1381 1554 1429 tamen
1582 1372 1855 1429 canonicis

260 1463 638 1519 sanctionibus
677 1465 823 1520 salva
858 1465 975 1536 ejus
1000 1466 1335 1536 reverentia,
1365 1466 1423 1523 in
1451 1466 1557 1523 hoc
1582 1467 1855 1524 contradi-

261 1574 387 1615 cere
432 1575 547 1615 non
599 1574 1074 1631 praesumeremus.

332 1650 435 1705 X1.
489 1651 690 1705 Beatus
719 1665 936 1721 quoque
993 1651 1292 1725 Gregorius
1322 1667 1458 1724 papa
1485 1652 1728 1710 scribens
1786 1650 1855 1709 ad

264 1742 583 1799 Ianuarium
605 1743 975 1800 Calaritanum
997 1746 1315 1818 episcopum
1337 1747 1453 1814 (lib.
1480 1762 1563 1816 Iv,
1587 1751 1744 1818 epist.
1766 1747 1853 1819 26)

261 1837 590 1913 quibusdam
657 1838 1008 1910 presbyteris,
1084 1848 1146 1894 ut
1190 1840 1499 1913 neophytos
1541 1840 1855 1912 [conﬁrma-

262 1941 410 2000 rent,
437 1932 711 2003 permisit,
733 1931 882 2005 quod
898 1934 1086 2004 utique
1111 1934 1178 1988 ab
1207 1933 1389 1990 ofﬁcio
1408 1935 1858 2007 presbyterorum

264 2026 487 2097 penitus
514 2033 834 2081 extraneum
870 2042 986 2082 non
1022 2026 1307 2099 ignoravit.
1356 2032 1628 2093 Pervenit,
1658 2029 1855 2101 inquit,

260 2119 338 2173 ad
360 2134 469 2183 nos,
500 2121 763 2189 quosdam
813 2121 1208 2176 scandalizatos
1248 2123 1417 2188 fuisse
1446 2123 1590 2193 quod
1632 2124 1859 2193 presby-

262 2218 400 2268 teros
428 2228 511 2268 eos
537 2218 757 2283 tangere
786 2216 1093 2279 chrismate,
1120 2218 1219 2284 qui
1240 2221 1366 2271 sunt
1405 2218 1689 2286 baptizati,
1727 2233 1856 2287 pro-

265 2307 561 2362 hibuimus.
592 2311 664 2364 Et
682 2323 776 2363 nos
800 2309 1017 2379 quidem
1046 2310 1333 2364 secundum
1350 2326 1503 2365 usum
1528 2316 1753 2366 veterem
1773 2327 1858 2366 no-

261 2406 390 2457 stra:
408 2402 659 2457 Ecclesia
680 2404 919 2469 fecimus.
949 2404 1052 2459 Sed
1078 2406 1128 2457 si
1147 2407 1359 2459 omnino
1384 2406 1482 2459 hac
1508 2405 1574 2461 de
1597 2420 1658 2459 re
1682 2406 1861 2475 aliqui

264 2498 674 2563 contristantur,
726 2497 825 2551 ubi
892 2499 1126 2568 episcopi
1187 2499 1395 2562 desunt,
1449 2503 1511 2552 ut
1556 2500 1860 2568 presbyteri

265 2593 432 2646 etiam
458 2593 520 2657 in
567 2592 846 2657 frontibus
876 2591 1177 2662 baptizatos
1206 2592 1493 2647 chrismate
1522 2598 1742 2661 tangere
1768 2593 1859 2649 de-

275 2685 457 2748 beant,
489 2685 844 2740 concedimus.
876 2687 993 2740 Has
1029 2701 1162 2742 sane
1206 2686 1659 2741 conﬁrmationes
1714 2694 1859 2743 ratas

267 2776 436 2834 fuisse
453 2794 566 2833 non
589 2777 925 2845 dubitamus,
954 2794 1087 2851 quas
1115 2779 1191 2834 illi
1212 2779 1518 2852 presbyteri
1549 2795 1614 2835 ex
1639 2788 1858 2850 aposto-

264 2871 367 2928 lica
393 2871 777 2940 concessione,
806 2888 920 2927 non
949 2888 1013 2928 ex
1041 2872 1262 2945 propria
1295 2875 1754 2945 praesumptione,
1782 2872 1859 2930 fe-

265 2974 503 3022 cerunt:
549 2964 699 3038 quod
726 2964 913 3037 utique
951 2967 999 3021 si
1039 2964 1320 3033 fecissent,
1347 2966 1503 3039 juxta
1532 2965 1861 3038 praedictum

266 3060 322 3116 S.
359 3058 575 3116 Eusebii
624 3074 782 3131 papae
824 3067 1096 3116 statutum
1160 3060 1370 3132 penitus
1398 3061 1570 3118 irritat
1609 3060 1859 3117 fuissent.

1888 1810 1936 1872 B

1958 543 2083 584 eam
2154 528 2588 599 prohibentibus,
2646 526 2914 584 adversari
2961 526 3294 600 judicemur.
3350 530 3552 587 Tutius

1958 621 2106 678 enim
2131 622 2367 691 videtur,
2393 631 2453 678 ut
2482 622 2756 690 dicamus,
2779 637 2903 678 eam
2921 621 3042 677 illos
3072 622 3269 680 habere
3291 640 3355 680 ex
3377 625 3552 697 aliqua

1957 716 2313 772 concessione
2343 715 2655 787 episcopali,
2688 732 2856 788 quam
2887 732 2955 772 ex
2993 716 3325 788 proprietate
3354 716 3552 789 ofﬁcii;

1956 810 2097 865 sicut
2128 818 2183 864 et
2210 809 2630 865 subdiaconibus
2656 826 2980 867 concessum
3010 810 3250 867 creditur
3298 811 3367 868 ad
3417 812 3552 869 mis-

1958 918 2077 959 sam
2116 902 2292 974 legere
2330 903 2661 974 Epistolam,
2708 903 2858 975 quod
2900 920 2965 959 ex
3003 904 3413 961 consecratione
3444 922 3553 962 non

1960 996 2211 1052 videntur
2255 995 2457 1053 habere
2487 1001 2691 1062 (1119).
2721 999 2860 1052 Tam
2882 997 2988 1053 late
3018 1006 3201 1055 autem
3241 998 3553 1074 hujusmodi

1957 1089 2302 1146 consuetudo
2338 1089 2696 1146 benedicendi
2748 1091 3018 1162 populum
3059 1092 3119 1147 in
3166 1093 3394 1150 ecclesia
3421 1110 3550 1166 pre-

1960 1183 2189 1257 sbyteris
2230 1184 2476 1252 inolevit,
2516 1192 2577 1239 ut
2603 1199 2717 1240 non
2763 1186 2970 1255 absque
2999 1185 3292 1259 episcopali
3320 1203 3555 1243 conces-

1960 1278 2113 1333 sione
2141 1276 2276 1333 adeo
2302 1286 2595 1350 propagata
2610 1277 2711 1333 rite
2738 1276 3009 1347 credatur,
3042 1294 3144 1335 nec
3176 1295 3409 1351 parvum
3432 1280 3559 1337 inde

1960 1371 2276 1428 scandalum
2304 1372 2634 1441 oboriretur,
2677 1371 2721 1428 si
2752 1370 2871 1444 jam
2907 1370 3078 1429 modo
3137 1389 3169 1429 a
3224 1373 3558 1448 presbyteris

1960 1466 2435 1523 intermitteretur.

2029 1562 2189 1615 XIII.
2216 1561 2417 1617 Beatus
2446 1576 2664 1634 quoque
2694 1565 2968 1620 Damasus
3001 1562 3071 1619 ad
3096 1560 3556 1634 compescendam

1960 1652 2484 1727 chorepiscoporum
2538 1655 2891 1712 insolentiam
2947 1640 3249 1712 arctissime
3303 1654 3549 1712 ofﬁcium

1966 1757 2080 1804 tam
2125 1748 2424 1821 presbyteri
2472 1766 2636 1821 quam
2690 1749 3064 1822 chorepiscopi
3140 1750 3556 1821 circumcripsit,

1970 1850 2157 1915 utpote
2200 1858 2340 1914 quos
2388 1842 2533 1898 idem
2582 1859 2702 1900 esse
2742 1844 3047 1916 judicavit:
3076 1859 3187 1899 non
3235 1852 3420 1899 tamen
3455 1843 3558 1898 sibi

1966 1937 2046 1992 vel
2089 1937 2201 1992 suis
2229 1937 2642 1993 successoribus
2671 1937 3019 2009 praescripsit,
3054 1938 3187 2009 quin
3228 1937 3564 2009 presbyteris

1966 2029 2217 2101 quaedam
2239 2030 2540 2087 concedere
2569 2040 2814 2102 possent,
2843 2047 2966 2103 quae
2995 2032 3107 2102 ipse
3144 2047 3339 2087 eorum
3369 2030 3555 2087 ofﬁcio

1966 2124 2183 2195 proprie
2234 2140 2343 2180 non
2366 2124 2600 2179 attinere
2644 2123 2919 2195 praadixit.
2949 2123 3089 2180 Nihil
3116 2134 3300 2181 autem
3333 2140 3437 2179 nos
3467 2139 3561 2180 eo-

1965 2232 2091 2272 rum
2140 2217 2393 2289 potestati
2422 2225 2613 2273 contra
2640 2218 2957 2273 canonicam
2985 2217 3366 2274 auctoritatem
3390 2226 3446 2273 et
3468 2233 3561 2273 ec-

1965 2310 2323 2366 clesiasticam
2365 2312 2821 2368 consuetudinem
2856 2327 3113 2383 arrogare
3135 2311 3437 2381 debemus,
3463 2310 3561 2368 etsi

1966 2402 2025 2459 in
2062 2403 2431 2477 quorumdam
2451 2404 2734 2461 sententiis
2751 2421 2865 2461 non
2893 2404 3031 2462 adeo
3057 2404 3383 2461 authenticis
3405 2421 3561 2478 qua:-

1966 2497 2096 2554 dam
2126 2498 2201 2554 eis
2238 2514 2403 2570 supra
2442 2498 2674 2555 modum
2702 2514 2961 2556 concessa
2998 2499 3265 2571 legamus,
3292 2507 3353 2555 ut
3381 2499 3433 2553 in
3462 2501 3569 2556 Re-

1960 2591 2116 2663 gensi
2152 2592 2385 2647 concilio
2437 2593 2679 2664 capitulo
2722 2598 2757 2647 4
2798 2598 2981 2661 (1120)
3012 2593 3345 2666 presbyteris
3372 2608 3564 2650 conce-

1966 2684 2134 2752 ditur,
2150 2693 2212 2741 ut
2226 2683 2460 2757 virgines
2474 2701 2794 2741 consecrare
2823 2693 2879 2742 et
2906 2686 3216 2759 neophytos
3243 2702 3565 2745 consecrare

1968 2779 2179 2851 possint
2210 2796 2224 2835 :
2257 2778 2408 2850 quod
2441 2778 2735 2850 apostolica
2772 2781 3072 2836 auctoritas
3109 2789 3167 2835 et
3195 2780 3560 2837 ecclesiastica

1967 2872 2306 2929 consuetudo
2337 2871 2554 2944 penitus
2578 2872 2658 2927 eis
2687 2871 3021 2928 intercludit.
3052 2871 3160 2944 Ipsi
3188 2871 3564 2945 chorepiscopi

1956 2976 2025 3037 et
2054 2965 2353 3039 presbyteri
2383 2965 2551 3022 etiam
2578 2974 2804 3021 caveant
2848 2965 2973 3031 sibi,
3016 2982 3087 3021 ne
3124 2965 3307 3022 illicita
3355 2976 3563 3022 temere

1970 3069 2326 3133 praesumant,
2356 3076 2424 3117 ne
2461 3060 2531 3116 de
2561 3075 2755 3116 eorum
2807 3059 3236 3131 praesumptione
3297 3060 3566 3118 veraciter

264 3153 421 3209 Sicut
460 3168 589 3226 ergo
619 3154 694 3209 illi
728 3153 1032 3227 presbyteri
1063 3153 1156 3226 jus
1204 3154 1569 3211 conﬁrmandi
1628 3170 1741 3211 non
1797 3171 1863 3211 ex
1898 3165 1943 3231 C
1969 3154 2201 3224 dicatur,
2231 3152 2378 3227 quod
2414 3156 2479 3208 B.
2511 3156 2787 3210 Damasus
2816 3170 2959 3226 papa
2989 3154 3056 3210 de
3076 3153 3390 3226 hujusmodi
3415 3169 3564 3225 prae-

267 3247 700 3315 consecratione,
734 3247 833 3303 sed
875 3263 905 3303 a
936 3248 1162 3304 domino
1204 3248 1500 3320 apostolico
1530 3248 1860 3317 habuerunt,

269 3342 346 3397 ita
393 3350 448 3397 et
498 3341 724 3413 quilibet
771 3340 1071 3414 presbyteri
1129 3358 1245 3397 non
1290 3350 1411 3398 tam
1463 3358 1529 3398 ex
1575 3358 1861 3399 consecra-

268 3435 420 3491 tione
450 3440 632 3502 (1117)
676 3450 840 3507 quam
882 3434 952 3491 ab
999 3434 1292 3507 episcopali
1363 3436 1717 3493 concessione
1764 3436 1861 3491 ha-

270 3529 428 3597 bent,
469 3527 619 3601 quod
684 3530 1013 3599 pmnitentes
1068 3528 1424 3585 reconciliare
1489 3529 1687 3585 valent.
1744 3532 1865 3586 Non

272 3638 469 3679 eorum
497 3621 677 3678 ofﬁcio
697 3622 902 3695 aliquid
920 3622 1193 3679 ascribere
1224 3623 1637 3694 praesumimus,
1673 3639 1864 3679 eorum

273 3732 401 3789 quae
438 3717 496 3772 in
519 3717 831 3789 apostolicis
855 3717 1072 3773 statutis
1110 3717 1328 3789 penitus
1374 3716 1448 3773 eis
1478 3716 1747 3789 prohibita
1796 3717 1870 3773 le-

272 3810 477 3883 gimus.

344 3907 450 3961 Χι.
480 3904 923 3961 Benedictionem
950 3920 1168 3977 quoque
1193 3920 1357 3977 super
1386 3904 1673 3977 populum,
1701 3920 1867 3976 quam

271 4001 332 4056 S.
367 3998 736 4071 Hieronymus
764 3999 823 4054 in
852 3999 1082 4070 epistola
1111 4014 1211 4054 sua
1240 3998 1309 4054 ad
1338 3999 1630 4054 Rusticum
1657 3998 1869 4053 Narbo-

1969 3248 2346 3320 sumptoribus
2372 3248 2653 3305 verissime
2682 3257 3020 3319 protestetur
3050 3252 3225 3320 (epist.
3258 3254 3320 3319 5;
3349 3250 3543 3305 Lana.

1968 3351 2009 3398 t.
2041 3346 2111 3408 II,
2143 3357 2263 3413 pag.
2296 3346 2423 3408 876)
2457 3361 2471 3397 :
2519 3341 2931 3413 Chorepiscopi,
2962 3342 3159 3414 inquit,
3192 3342 3304 3399 sive
3333 3343 3565 3415 presby-

1970 3434 2091 3503 teri,
2125 3437 2223 3504 qui
2245 3436 2439 3490 illicita
2465 3437 2861 3505 praesumebant
2872 3477 2891 3504 ,
2945 3437 3089 3506 quod
3115 3438 3346 3508 agebant
3388 3442 3566 3492 actum

1970 3546 2078 3584 non
2103 3535 2249 3597 erat;
2286 3533 2336 3584 et
2358 3534 2646 3601 propterea
2672 3530 2837 3584 multi
2852 3532 2912 3584 in
2940 3534 3277 3586 securitatem
3307 3532 3455 3601 lapsi
3483 3547 3568 3586 ec-

1972 3625 2263 3679 clesiastico
2290 3623 2706 3690 fraudabantur
2734 3628 2784 3678 et
2798 3624 3217 3690 frustrabantur
3238 3627 3558 3680 ministerio.

1974 3718 2322 3789 Quapropter
2366 3723 2423 3772 et
2452 3715 2631 3772 adhuc
2669 3725 2895 3772 caveant
2942 3718 3242 3790 presbyteri
3283 3718 3340 3773 in
3375 3717 3569 3775 ofﬁciis

1922 3832 1923 3835 η
1975 3809 2354 3867 ecclesiasticis
2391 3809 2577 3865 illicita
2606 3817 2663 3866 et
2709 3808 3031 3867 inconcessa
3054 3827 3339 3883 usurpare,
3369 3829 3441 3869 ne
3477 3828 3567 3868 ca-

1976 3904 2177 3961 nonica
2204 3903 2412 3960 ultione
2436 3904 2635 3960 merito
2664 3905 2997 3975 multentur,
3028 3922 3155 3962 cum
3184 3922 3281 3978 per
3331 3914 3568 3964 temera-

1975 3999 2114 4055 riam
2159 3998 2573 4070 usurpationem
2597 3998 2759 4054 etiam
2788 3998 2975 4057 ﬁdeles
3012 4000 3377 4057 ecclesiastico
3402 3999 3567 4056 mini-

270 4107 502 4148 nensem
531 4092 844 4165 episcopum
894 4094 1074 4160 (1118)
1110 4091 1441 4163 presbyteris
1480 4092 1723 4157 ascribit,
1770 4107 1870 4148 nos
1976 4091 2488 4148 steriodefraudare
2519 4092 2857 4164 judicentur.

275 4186 497 4258 proprie
549 4202 742 4243 eorum
776 4184 961 4242 ofﬁcio
1002 4184 1268 4241 ascribere
1296 4200 1411 4240 non
1458 4185 1866 4255 prmsumimus,

351 4313 535 4378 (1117)
561 4311 705 4365 Hinc
731 4324 950 4381 quoque
980 4308 1163 4381 palam
1184 4308 1272 4374 ﬁt,
1300 4313 1598 4381 auctorem
1619 4316 1867 4364 nostrum

2052 4314 2132 4375 (11
2152 4310 2231 4374 19)
2251 4306 2461 4363 Similia
2480 4307 2548 4364 de
2575 4308 2924 4365 subdiaconis
2953 4311 3141 4367 scribit
3159 4327 3283 4368 saec.
3315 4329 3380 4369 rx
3400 4316 3570 4369 Ama-

275 4376 395 4436 non
417 4396 643 4453 negasse
663 4376 912 4445 om'nino,
942 4376 1272 4453 presbyteris
1292 4376 1605 4453 absolvendi
1636 4389 1870 4453 potesta-
1898 4390 1947 4452 1)
1979 4382 2143 4453 larius
2162 4382 2496 4453 Fortunatus
2524 4379 2561 4434 l.
2580 4394 2602 4435 1
2630 4386 2705 4435 De
2730 4382 2839 4437 div.
2869 4381 3042 4453 ofﬁc.,
3065 4398 3121 4453 c.
3155 4390 3237 4449 lt,
3285 4393 3343 4438 et
3376 4386 3575 4441 Micro-

276 4461 396 4507 tem
446 4450 516 4507 in'
552 4453 899 4509 ordinatione
937 4450 1196 4519 conferri,
1242 4452 1339 4507 sed
1368 4459 1584 4524 tantum
1615 4452 1866 4524 ejusdem

275 4524 601 4596 exercitium
628 4540 721 4596 seu
745 4524 1203 4596 jurisdictionem,
1225 4539 1422 4596 quam
1446 4522 1653 4596 utique'
1683 4539 1713 4578 a
1768 4540 1869 4596 po-

276 4603 479 4675 testate
509 4595 715 4651 ordinis
742 4593 1085 4675 distinguunt
1110 4593 1353 4675 moderni
1384 4593 1648 4675 theologi,
1671 4593 1869 4675 termi-

276 4668 368 4722 nis
414 4664 703 4736 duntaxat,
749 4682 865 4722 non

278 4748 611 4809 screpantes.

351 4805 531 4880 (1118)
562 4813 655 4865 Est
680 4807 797 4862 haac
822 4805 1044 4880 epistola
1070 4811 1142 4880 95
1169 4808 1223 4861 S.
1257 4806 1574 4878 Hieronymi
1607 4808 1794 4879 (Opp.,
1824 4815 1864 4862 t.

272 4882 459 4962 1V,_p.
488 4879 563 4962 1’1,
598 4898 650 4952 p.
691 4884 815 4962 7_§9)
841 4879 1049 4962 scripta
1068 4879 1163 4962 ’ad
1196 4879 1491 4962 Rusticum
1501 4881 1867 4962 monachum,

946 4666 1157 4722 octrina
1187 4666 1353 4721 etiam
1401 4666 1471 4721 ab
1516 4666 1757 4738 antiquis
1782 4667 1864 4723 di-

272 4948 459 5024 qualis
484 4948 838 5024 tunciadhuc
871 4948 1007 5024 erat,
1059 4948 1463 5024 factus__postea
1500 4950 1872 5024 Narbonensis

272 5019 584 5161 e‘pi;c)opus,
613 5023 683 5080 de
712 5037 820 5094 quo
848 5022 1026 5094 agitur
1056 5021 1113 5077 in
1140 5020 1315 5078 Gallia
1337 5019 1648 5077 Christiana
1680 5030 1720 5077 t.
1774 5024 1869 5090 VI,

272 5110 331 5161 p.
404 5135 413 5145 .
1269 5146 1272 5149 Α

272 5110 413 5166 p.7.

1978 4452 2136 4524 logus
2162 4450 2433 4506 Bernaldo
2461 4465 2696 4524 coaevus,
2729 4454 2814 4506 De
2841 4451 3030 4507 eccles.
3075 4452 3370 4519 observat.,
3404 4472 3455 4510 c.
3494 4462 3528 4510 8
3557 4479 3569 4514 :

1977 4523 2116 4580 Solis
2144 4524 2506 4599 subdiaconis,
2533 4523 2732 4599 inquit,
2757 4525 2902 4578 inter
2930 4526 3215 4599 inferiores
3239 4526 3451 4599 gradus
3476 4530 3573 4599 Ro-

1976 4612 2144 4650 mana
2188 4598 2482 4649 aucto-ritas
2510 4594 2763 4660 concedit,
2793 4600 2853 4649 ut
2900 4597 3069 4649 sacris
3110 4594 3349 4651 vestibus
3393 4594 3577 4653 induti

1978 4668 2275 4737 Epistolam
2300 4668 2479 4734 tegant
2507 4666 2580 4719 ad
2603 4667 2850 4733 missam,-
2873 4667 3021 4735 quod
3052 4672 3232 4721 tamen
3256 4685 3362 4723 non
3387 4687 3454 4724 ea:
3477 4687 3575 4725 sua

1979 4740 2382 4803 consecratione,
2423 4737 2517 4791 sed
2540 4740 2720 4806 potius
2751 4754 2818 4792 ea:
2857 4739 3208 4793 ecclesiastica
3242 4744 3575 4797 consensione

1981 4814 2290 4864 meruerunt
2313 4811 2569 4863 obtinere.
2601 4807 2767 4863 Unde
2795 4816 2929 4863 tunc
2970 4810 3205 4864 necdum
3228 4814 3430 4869 usitata
3456 4824 3576 4869 erat

1982 4880 2104 4956 libri
2130 4879 2490 4956 Epistolarum
2521 4878 2817 4956 traditio‘in
2838 4896 3033 4956 eorum
3051 4882 3424 4956 ordinatione,
3447 4900 3572 4956 qua:

1979 4953 2145 5027 etiam
2169 4951 2320 5003 abest
2341 4950 2399 5003 in
2426 4950 2699 5027 omnibus
2719 4951 3014 5008 ritualibus
3042 4954 3253 5010 Latinis
3282 4950 3417 5011 ante
3434 4950 3566 5027 q'ua-

1979 5024 2303 5095 dringentos
2321 5035 2495 5095 annos
2514 5021 2750 5093 scriptis.

2050 5091 2235 5161 (1i20)
2265 5091 2871 5175 Conciliumnﬁegiense
2906 5096 2963 5151 in
2998 5097 3287 5154 Provincia
3327 5102 3397 5151 29
3428 5098 3569 5153 Nov.

1446 5296 2398 5451 BERNALDI

1080 5507 1175 5562 DE
1216 5506 1631 5565 SOLUTIONE
1670 5506 2285 5565 JURAMENTORUM
2322 5504 2773 5563 TRACTATUS.

1729 5705 2116 5767 MONITUM.

282 5818 291 5825 '
356 5816 698 5896 quscnlum
726 5818 832 5875 hoc
858 5818 915 5875 in
939 5819 1135 5896 eodem
1162 5818 1275 5896 fere
1295 5831 1618 5896 argumento
1649 5830 1909 5896 versatur,
1928 5838 2037 5895 quo
2065 5820 2317 5896 superius
2345 5818 2452 5876 col.
2489 5812 3202 5896 121.9_e_x.hibitum,injfacto
3220 5829 3419 5896 nempe
3443 5817 3555 5896 ﬁre

288 5887 432 5961 gorii
460 5891 565 5947 VII
600 5906 709 5963 quo
739 5907 867 5949 ann.
904 5897 1039 5950 1076
1068 5894 1303 5951 Henrico
1331 5887 1456 5966 rcge
1478 5893 1728 5966 deposito
1754 5887 2007 5952 subditos
2032 5887 2197 5966 ejusa
2220 5893 2542 5965 juramento
2566 5887 2841 5947 ﬁdelitatis
2869 5887 3125 5956 absolvit,
3153 5902 3218 5943 ac
3239 5887 3406 5943 etiam
3433 5889 3580 5946 Con-
