4002 6168
166 296 299 352 i253

1067 296 1352 352 APPEND.
1394 295 1480 351 Ill.
1519 324 1591 337 —
1625 295 2043 353 MONUMENTA
2081 295 2545 354 GREGORIANA.

3323 298 3461 357 i254

229 422 323 477 ιν.
356 417 508 476 Sicut
551 426 743 476 autem
771 419 1010 476 Romani
1053 421 1343 491 pontiﬁces
1366 436 1620 487 summos
1644 437 1748 494 pa-
1774 428 1828 491 Α
1857 422 2249 495 imperatorem
2269 422 2785 481 excommunicasse
2802 422 3023 494 legitur,
3052 438 3125 481 eo
3152 425 3309 498 quod
3330 441 3460 484 con-

162 513 428 572 triarchas
455 512 731 585 deponere
766 521 1021 585 possunt,
1054 514 1129 571 ita
1150 523 1206 571 et
1231 514 1541 585 inferiores,
1566 524 1759 588 utpote

164 608 351 666 mundi
381 608 656 681 principes
685 614 890 679 (I125),
918 624 1157 682 quorum
1185 610 1375 681 utique
1397 610 1634 683 dignitas
1663 626 1757 681 po-

160 704 269 761 tius
296 719 364 759 ex
394 702 641 759 humana
667 702 1077 774 adinventione,
1110 720 1279 777 quam
1304 719 1368 760 ex
1398 696 1582 760 divina
1609 704 1756 760 insti-

164 798 370 855 tutione
401 797 617 854 videtur
640 798 967 869 processisse
1016 798 1247 870 (1126).
1293 797 1439 867 Quid
1470 798 1619 854 enim
1648 798 1756 854 mi-

163 907 311 961 rum,
338 892 389 948 si
430 891 732 964 apostolica
777 892 1078 949 auctoritas
1122 907 1278 964 reges
1315 891 1563 964 judicare
1601 907 1761 964 posse

164 986 430 1056 creditur,
459 1000 583 1058 qua
616 986 771 1058 juxta
821 986 1151 1059 Apostolum
1194 994 1250 1043 et
1294 986 1519 1059 angelos
1540 986 1757 1059 judica-

165 1092 290 1139 tura
335 1097 451 1138 non
496 1079 783 1137 dubitatur
823 1097 839 1138 :
879 1083 1127 1150 Nescitis,
1160 1084 1417 1151 quatiam
1445 1086 1495 1137 et
1546 1082 1761 1151 angelos

154 1176 553 1248 judioabimus,
591 1180 791 1245 quanto
830 1178 1004 1245 magis
1034 1164 1370 1231 saecularia?
1397 1179 1452 1244 (Ι
1476 1176 1593 1232 Cor.
1637 1178 1759 1242 γι.)

166 1273 311 1326 Nam
338 1284 495 1340 reges
540 1268 869 1325 sacerdotali
900 1269 1160 1340 potestati
1200 1277 1415 1326 certum
1461 1276 1547 1325 est
1585 1268 1763 1340 subja-

164 1379 304 1430 cere,
354 1364 421 1418 B.
463 1362 685 1419 Gelasio
715 1378 854 1435 papa
891 1362 959 1419 ad
988 1363 1341 1419 Anastasium
1370 1362 1761 1434 imperatorem

166 1459 244 1513 ita
274 1440 611 1528 protestante
641 1459 825 1527 (epist.
858 1462 913 1525 s,
945 1459 1161 1523 LABB.,
1188 1464 1232 1512 t.
1262 1458 1359 1523 IV,
1388 1471 1515 1529 pag.
1549 1459 1757 1524 1182):

168 1555 305 1620 Duo,
348 1551 546 1622 inquit,
576 1555 723 1619 sunt,
754 1552 1051 1621 imperator
1079 1550 1344 1620 Auguste,
1376 1551 1567 1621 quibus
1600 1552 1760 1622 prin-

164 1632 417 1717 cipaliter
439 1645 525 1699 hic
550 1644 784 1700 mundus
806 1648 1028 1714 regitur,
1060 1648 1352 1701 auctoritas
1381 1649 1595 1701 sacrata
1620 1660 1759 1715 pon-

168 1742 392 1809 tiﬁcum,
423 1744 473 1795 et
502 1739 711 1810 regalis
746 1742 1016 1809 potestas;
1042 1741 1101 1794 in
1135 1740 1331 1810 quibus
1361 1743 1511 1795 tanto
1538 1740 1759 1808 grauius

1864 518 2093 575 senserit
2120 527 2177 574 ut
2204 520 2257 575 S.
2291 521 2529 575 Joannes
2558 517 2986 591 Cbrysostomus
3025 534 3055 575 a
3083 520 3208 576 sede
3233 536 3330 578 sua
3350 515 3460 593 pelé

1864 610 2089 668 leretur.
2120 614 2263 668 Item
2292 615 2354 669 B.
2397 612 2657 669 Nicolaus
2686 628 2825 685 papa
2853 615 2881 668 Ι
2904 612 3235 671 Lotharium
3274 631 3460 687 regem

1866 720 1966 776 pro
2009 706 2250 778 quadam
2302 707 2609 763 concubina
2655 708 3176 765 excommunicavit.
3219 711 3361 764 Item
3394 712 3459 767 B.

1866 797 2141 855 Adrianus
2169 814 2309 872 papa
2332 801 2659 872 generaliter
2685 817 2877 858 omnes
2916 818 3068 877 reges
3107 803 3464 863 anathemati-

1865 893 2047 961 zavit,
2107 893 2417 966 quicunque
2466 892 2616 951 sedis
2669 895 2981 968 apostolicae
3015 904 3219 955 statuta
3262 896 3465 955 violare

1867 1001 2107 1060 praesum
2113 986 2345 1058 pserint.

1937 1082 2005 1137 V.
2036 1082 2194 1137 Patet
2216 1096 2345 1154 ergo
2382 1081 2517 1139 satis
2542 1088 2752 1154 aperte,
2784 1082 2933 1155 quod
2958 1083 3223 1156 praesules
3250 1092 3481 1157 apostos

1870 1173 1957 1229 lici
1994 1182 2112 1231 tam
2150 1175 2537 1232 ecclesiasticos
2565 1191 2735 1248 quam
2777 1176 3067 1233 saeculares
3095 1178 3348 1251 praelatos
3375 1194 3465 1235 va-

1868 1267 2016 1325 leant
2054 1267 2348 1341 deponere.
2381 1268 2548 1326 Unde
2586 1278 2640 1325 et
2663 1271 2974 1328 necessario
3005 1272 3379 1343 consequitur,
3406 1278 3467 1328 ut

1869 1371 1924 1418 et
1964 1361 2242 1437 subjectos
2270 1362 2339 1419 de
2368 1363 2620 1420 manibus
2650 1364 3007 1436 praelatorum
3039 1365 3247 1438 possint
3274 1380 3466 1423 eman-

1872 1456 2081 1529 cipare;
2124 1472 2236 1513 non
2266 1458 2413 1514 enim
2444 1467 2557 1515 rata
2600 1467 2786 1530 posset
2821 1474 2940 1516 esse
2983 1461 3339 1532 praelatorum
3368 1459 3467 1516 de-

1870 1550 2087 1622 positio,
2126 1550 2173 1608 si
2203 1550 2575 1624 subjectorum
2615 1552 2763 1608 nulla
2802 1560 2984 1624 posset
3013 1554 3134 1609 ﬁeri
3159 1553 3466 1610 subtractio

1873 1647 2092 1712 (1130).
2119 1644 2225 1702 Sed
2249 1644 2430 1701 ethoc
2452 1652 2666 1702 eertum
2696 1654 2779 1701 est
2801 1646 3064 1705 omnibus
3096 1646 3384 1703 Catholicis
3415 1654 3470 1703 et

1869 1738 2124 1810 eruditis,
2156 1738 2303 1812 quod
2330 1742 2395 1796 B.
2424 1741 2623 1798 Petrus
2648 1757 2680 1797 a
2722 1740 2968 1797 Domino
3013 1756 3169 1815 mque
3200 1739 3468 1814 generali-

165 1808 246 1888 est
269 1833 482 1904 pondus
509 1808 861 1900 sacerdotum,
892 1838 1094 1901 quanto
1134 1808 1298 1888 etiam
1322 1848 1427 1904 pro
1456 1835 1590 1903 ipsis
1616 1833 1758 1902 regi-
1784 1808 1833 1872 Β
1871 1842 1954 1889 ter
1981 1842 2037 1890 et
2056 1808 2353 1891 efﬁcaciter
2383 1843 2497 1891 tam
2531 1834 2773 1893 solvendi
2804 1851 2978 1907 quam
2999 1808 3470 1908 ligandi—potesta-

169 1928 267 1983 bus
296 1914 567 1982 hominum
588 1929 648 1980 in
675 1926 858 1981 divino
875 1927 1155 1981 reddituri
1175 1931 1301 1982 sunt
1327 1928 1569 1983 examine
1590 1928 1756 1982 ratio-

165 2037 314 2077 nem.
345 2020 503 2079 Nosti
545 2022 705 2085 enim,
755 2022 839 2090 ﬁli
876 2020 1295 2085 clementissime,
1344 2023 1599 2092 quoniam
1641 2022 1761 2075 licet

158 2115 458 2187 prcesideas
478 2116 717 2171 humano
734 2116 917 2183 generi
925 2115 1213 2184 dignitate,
1238 2120 1413 2170 tamen
1430 2114 1762 2186 prasulibus

164 2210 481 2265 divinarum
518 2224 701 2264 rerum
745 2208 964 2263 devotus
993 2210 1128 2264 colla
1165 2209 1457 2273 submittis,
1503 2213 1665 2278 atque
1691 2206 1761 2261 ab

168 2305 249 2359 eis
278 2317 465 2359 causas
493 2307 601 2357 mm
629 2303 819 2358 salutis
839 2307 1109 2373 exspectas
1137 2304 1345 2371 (1127),
1377 2304 1601 2372 hincque
1627 2306 1679 2357 te
1703 2302 1764 2356 il-

175 2399 248 2454 lis
291 2397 453 2453 subdi
511 2396 698 2452 debere
743 2399 1006 2466 cognoscis
1034 2396 1314 2465 religionis
1355 2397 1539 2451 ordine
1576 2398 1763 2466 potius

165 2507 333 2563 quam
352 2506 607 2562 pmesse;
634 2494 774 2545 inter
803 2492 913 2545 hac
943 2506 1010 2545 ex
1035 2491 1254 2545 illorum
1281 2494 1331 2545 te
1352 2490 1584 2559 pendere
1605 2490 1764 2559 judi-

168 2589 272 2651 cio,
302 2601 395 2641 nos
422 2586 543 2640 illos
579 2585 654 2640 ad
681 2588 831 2639 tuam
853 2583 991 2639 velte
1016 2584 1196 2653 redigi
1232 2584 1575 2638 voluntatem.
1620 2581 1767 2638 Hinc

165 2682 228 2737 S.
261 2678 566 2752 Gregorius
598 2693 737 2750 papa
767 2680 792 2733 Ι
819 2692 1199 2750 saepenumero
1223 2676 1281 2731 in
1304 2676 1613 2749 privilegiis,
1644 2690 1766 2748 quae

169 2772 330 2841 fecit,
359 2772 559 2845 legitur
587 2771 916 2840 decrevisse,
948 2779 1011 2827 ut
1048 2779 1164 2827 tam
1197 2785 1351 2842 reges
1394 2785 1561 2842 quam
1587 2784 1762 2826 sacer-

166 2868 347 2937 dotes,
372 2867 453 2923 vel
481 2866 709 2939 quilibet
736 2865 1051 2934 saeculares,
1080 2881 1111 2921 a
1139 2864 1250 2921 suis
1278 2863 1637 2937 dignitatibus
1677 2878 1765 2919 ca-

167 2964 390 3030 derent,
451 2960 497 3017 si
542 2968 733 3016 contra
794 2960 939 3017 sedis
987 2959 1302 3032 apostolicae
1347 2966 1549 3015 statuta
1588 2957 1769 3013 venire

167 3061 453 3113 tentarent
493 3055 716 3123 (1128).
748 3053 955 3110 Eadem
985 3061 1171 3108 autem
1201 3052 1523 3109 auctoritate
1548 3054 1612 3107 B.
1651 3052 1771 3108 Ste-

1866 1936 1980 1985 tem
2008 1928 2275 2001 acceperit
2306 1929 2529 1999 (Matth.
2573 1933 2740 1997 xvr).
2780 1928 2946 1986 Unde
2987 1937 3043 1985 et
3065 1928 3246 1987 vicarii
3273 1927 3471 2000 ipsius,

1869 2022 1962 2094 qui
1981 2038 2046 2077 ex
2067 2022 2368 2095 apostolica
2395 2023 2718 2079 auctoritate
2736 2023 2993 2094 praelatos
3017 2030 3248 2096 possunt
3270 2022 3467 2094 ligare,

1868 2131 1937 2171 ne
1979 2114 2236 2187 subjectis
2280 2114 2633 2187 prasideant,
2682 2116 2877 2172 eadem
2924 2117 3259 2173 auctoritate
3301 2117 3469 2172 etiam
3570 2096 3577 2117 ἱ

1869 2210 2143 2281 subjectos
2174 2211 2471 2277 absolvere,
2502 2226 2576 2267 ne
2606 2209 2815 2268 eisdem
2845 2211 3085 2283 prmlatis
3124 2210 3469 2283 subjaceant.

1870 2305 1961 2360 Sic
1988 2305 2177 2376 utique
2212 2306 2265 2361 S.
2320 2304 2648 2361 C(elestinus
2677 2320 2818 2376 papa
2848 2305 2909 2358 in
2955 2304 3165 2377 synodo
3193 2303 3472 2377 Ephesina

1872 2397 2512 2470 Constantinopolitanos
2544 2398 2600 2453 in
2627 2414 2725 2454 sua
2762 2397 3086 2454 auctoritate
3113 2397 3183 2454 de
3219 2397 3474 2455 manibus

1873 2492 2109 2548 Nestorii
2141 2491 2421 2562 quondam
2441 2491 2681 2563 episcopi
2712 2491 3071 2563 emancipavit
3098 2494 3301 2559 (1131).
3329 2492 3473 2548 Item

1872 2586 1929 2641 S.
1960 2587 2075 2641 Leo
2107 2600 2245 2655 papa
2280 2584 2335 2639 in
2361 2583 2791 2641 Chalcedonensi
2820 2583 3036 2656 synodo
3064 2583 3473 2642 Alexandrinos

1873 2678 1929 2734 in
1955 2695 2051 2733 sua
2076 2678 2421 2748 auctoritate.
2436 2693 2469 2733 a
2494 2677 2764 2733 Dioscoro
2791 2676 3070 2747 quondam
3108 2678 3364 2749 episcopo
3389 2693 3475 2751 sy-

1873 2772 2062 2828 nodali
2082 2770 2292 2843 judicio
2320 2770 2588 2837 liberavit,
2618 2770 2823 2841 eisque,
2852 2778 2919 2824 ut
2945 2772 3001 2826 S.
3034 2769 3347 2825 Proterium
3366 2770 3471 2827 sibi

1874 2865 2140 2938 eligerent
2168 2864 2227 2920 in
2257 2864 2601 2936 episcopum,
2632 2862 2919 2918 concessit.
2970 2865 3104 2919 Haec
3131 2877 3264 2918 sane
3294 2878 3474 2919 sacra-

1877 2959 2089 3016 tissima
2112 2958 2363 3025 concilia,
2395 2958 2453 3012 in
2481 2957 2684 3030 quibus
2717 2956 3039 3028 bujusmodi
3066 2956 3471 3028 emancipatio-

1875 3069 1973 3110 nes
2022 3054 2138 3109 sive
2181 3051 2484 3109 solutiones
2525 3050 2687 3107 facta:
2739 3050 3015 3124 leguntur,
3061 3057 3274 3105 tantam
3315 3065 3472 3107 reve-

167 3149 387 3224 phanus
424 3163 563 3222 papa
605 3148 768 3221 hujus
810 3146 1050 3203 nominis
1104 3145 1376 3202 secundus
1422 3144 1768 3203 Hildericum
1800 3165 1846 3229 C
1875 3147 2109 3205 rentiam
2157 3163 2223 3203 ex
2253 3145 2551 3219 apostolica
2582 3144 2907 3201 auctoritate
2948 3152 3289 3212 meruerunt,
3319 3151 3382 3200 ut
3407 3145 3471 3199 Β.

163 3258 362 3317 regem
385 3244 724 3300 Francorum
762 3257 862 3314 pro
888 3240 1098 3313 ignavia
1136 3256 1233 3296 sua
1272 3239 1547 3311 deposuit,
1576 3246 1631 3297 et
1668 3239 1766 3296 de-

164 3338 419 3411 positum
461 3345 624 3409 atque
661 3336 950 3393 detonsum
978 3335 1035 3390 in
1071 3333 1470 3391 monasterium
1499 3334 1669 3402 misit,
1712 3342 1771 3390 et

164 3432 475 3505 Pippinum
494 3430 544 3487 ei
570 3430 628 3486 in
641 3445 875 3501 regnum
895 3429 1181 3485 substituit
1205 3433 1412 3495 (1129).
1432 3431 1546 3485 Nec
1570 3427 1770 3483 miran-

166 3526 331 3596 dum,
377 3525 422 3582 si
461 3524 705 3582 Romani
746 3522 1035 3598 pontiﬁces
1079 3522 1433 3579 saecularibus
1480 3521 1772 3578 saculares

161 3620 469 3693 dignitates
510 3627 741 3691 possunt
798 3615 1031 3685 auferre,
1074 3632 1143 3672 ne
1201 3615 1524 3672 Christianis
1566 3615 1773 3686 princi-

165 3722 411 3788 pentur,
440 3728 581 3785 quos
610 3712 823 3783 penitus
847 3727 877 3767 a
901 3726 1132 3782 corpore
1158 3710 1487 3766 detruncare
1512 3717 1770 3780 possunt,

164 3823 250 3865 ne
280 3808 360 3863 vel
389 3807 651 3863 ultimum
693 3807 878 3862 locum
921 3806 1060 3861 inter
1096 3803 1441 3861 Christianos
1468 3803 1665 3859 habere
1690 3802 1773 3857 vi-

164 3901 439 3960 deantur.
489 3901 579 3957 Sic
619 3901 769 3957 enim
799 3901 855 3957 S.
908 3898 1255 3956 Innocentius
1297 3913 1433 3971 papa
1476 3896 1777 3955 Arcadium

248 4156 455 4221 (1125)
486 4152 709 4211 Fallacis
734 4152 898 4225 hujus
921 4150 1413 4225 argumentationis
1430 4151 1777 4225 novitasjam

162 4231 240 4287 in
271 4226 503 4301 praeviis
520 4224 1292 4301 observatiOnibuslproditur,

256 4295 459 4366 (1126)
482 4300 600 4355 Non
625 4303 701 4352 est
712 4301 949 4369 potestas
968 4296 1045 4350 ait
1063 4296 1362 4368 Apostolus
1395 4297 1576 4360 (Rom.
1600 4295 1771 4367 xm),

166 4373 296 4427 nisi
323 4387 356 4424 a
382 4372 506 4433 Deo,
538 4385 657 4439 qua:
682 4374 860 4423 autem
901 4372 1051 4432 sunt,
1089 4383 1123 4421 a
1163 4370 1268 4421 Deo
1316 4369 1581 4423 ordinatas
1616 4370 1772 4435 sunt;

166 4458 303 4501 non
332 4457 461 4514 ergo
492 4441 807 4514 simpliciter
836 4440 1171 4514 exhumana
1204 4439 1605 4514 adinventione.

259 4510 428 4581 (1127
446 4517 462 4579 )
497 4510 786 4570 Genuinus
823 4510 1025 4567 Gelasii
1051 4526 1244 4567 sensus
1287 4519 1431 4583 patet
1466 4526 1530 4566 ex
1564 4510 1773 4583 integro

172 4588 314 4642 loco
357 4585 544 4651 citato,
577 4584 667 4638 hic
709 4592 895 4637 tamen
940 4583 1257 4648 decurtato;
1288 4582 1376 4637 ita
1426 4591 1609 4640 autem
1641 4582 1771 4639 ille:

168 4636 1312 4714 Elissaeas‘raamaiamaa‘awaus
1332 4636 1474 4711 una
1490 4636 1775 4711 saeuitia
1804 4636 1853 4700 D

166 4732 354 4797 atque
395 4728 464 4781 ab
501 4729 575 4782 eis
603 4742 785 4781 causas
814 4730 921 4781 tua:
948 4727 1145 4781 salutis
1171 4730 1460 4794 exspectas,
1494 4728 1654 4795 inque
1681 4742 1776 4781 su-

179 4798 402 4854 mendis
440 4800 732 4854 cazlestibus
781 4800 1154 4864 sacramentis,
1203 4799 1378 4866 eisque
1418 4801 1481 4849 ut
1510 4799 1779 4865 competit,

166 4870 547 4940 disponendis
581 4870 742 4925 subdi
778 4873 826 4924 te
870 4869 1056 4924 debere
1084 4870 1343 4940 cognoscis
1374 4869 1649 4940 religionis
1689 4884 1775 4940 or)

168 4937 320 5019 dine
338 4944 514 5011 potius
530 4958 707 5019 quam
723 4956 949 5010 prmesse
965 4960 992 5019 ;_
1020 4940 1261 5019 adeoque
1289 4938 1345 4992 in
1375 4937 1458 5019 iis,
1495 4953 1626 5019 qua}
1656 4938 1780 4993 reli-

167 5010 415 5087 gionem
446 5010 700 5087 attinent,
746 5028 844 5068 seu
886 5010 1282 5087 ecclesiasticis,
1312 5010 1410 5087 uti
1434 5024 1587 5087 Amox
1607 5010 1670 5087 in
1694 5024 1783 5087 sc-_

169 5082 496 5159 (quentibus
534 5085 791 5159 declarat,
822 5082 972 5159 quod
1011 5086 1373 5159 cognoscentes
1406 5083 1705 5159 imperium
1736 5084 1787 5136 ei

168 5152 431 5229 §uperna
459 5156 806 5227 dispositione
835 5152 1110 5229 collatum,
1137 5153 1344 5223 legibus
1373 5152 1487 5226 ejus
1516 5153 1628 5222 ipsi
1653 5168 1785 5223 quo—

167 5228 300 5302 que
321 5233 523 5298 parent
561 5229 840 5302 religionis
864 5228 1155 5302 antistites.

268 5294 470 5372 (1—128)
517 5294 816 5372 Yideantur
885 5297 954 5354 de
1014 5295 1121 5352 hoc
1164 5303 1490 5367 argumento
1537 5294 1789 5367 superius

166 5370 301 5429 col.
343 5376 477 5427 I219
503 5370 666 5427 dicta.

263 5444 316 5513 (1
332 5447 449 5509 129)
464 5443 546 5497 Ita
562 5439 860 5497 Bernaldus
874 5455 938 5495 ex
955 5436 1061 5513 lid_e
1073 5437 1403 5513 scriptorum
1422 5438 1783 5513 Erancorum,

166 5508 319 5583 Qua
338 5512 404 5569 de
415 5508 474 5569 re
490 5514 631 5569 bene
648 5513 901 5568 observat
912 5510 1109 5581 Pagius
1127 5508 1323 5565 in’Vita
1338 5508 1788 5583 Zachariaspapze

164 5581 261 5645 ei
286 5587 448 5641 Petro
465 5583 537 5640 de
554 5587 737 5640 Marca
755 5583 815 5651 (Ι.
838 5597 934 5650 1n,
953 5584 1143 5638 Marcce
1157 5584 1412 5651 Hispan.,
1431 5597 1480 5636 c.
1502 5587 1556 5646 4)
1580 5581 1635 5637 id
1652 5581 1788 5636 dun-

158 5666 363 5735 τέκῃ
375 5655 443 5713 de
469 5656 729 5735 concilio
768 5662 824 5710 et
863 5654 1079 5735 monito
1111 5668 1277 5735 papae
1305 5653 1705 5735 accipiendum,
1735 5660 1791 5735 et

167 5725 591 5801 Eginbardum
615 5729 673 5801 in
702 5725 1008 5801 Anpalibus
1032 5723 1179 5780 sedis
1198 5723 1522 5801 apostolica;
1556 5723 1790 5801 auctori-

160 5796 373 5860 tatem
409 5799 722 5884 adiunxisse
778 5796 1698 5884 lfrancize.rprocerumrrpetitioni,
1735 5803 1791 5884 et

159 5869 518 5941 consensui,
548 5888 616 5929 ne
650 5870 844 5943 populi
868 5869 1168 5943 permissas
1203 5882 1297 5927 suo
1340 5869 1567 5925 arbitrio
1596 5871 1791 5939 putent

1874 3241 2170 3314 Gregorius
2200 3256 2340 3312 papa
2370 3240 2565 3296 eadem
2613 3246 2667 3294 et
2707 3238 3020 3311 Evangeliis
3065 3246 3372 3310 comparet,
3421 3244 3476 3294 et

1874 3352 2066 3393 omnes
2095 3335 2165 3391 ab
2193 3336 2272 3391 eis
2293 3333 2689 3391 dissentientes
2715 3332 3160 3411 anathematizet,
3192 3333 3283 3405 qui
3307 3332 3475 3388 etiam

1875 3430 1946 3486 de
1958 3430 2165 3487 eisdem
2183 3429 2243 3485 in
2258 3427 2517 3502 synodica
2540 3444 2639 3484 sua
2660 3425 2731 3484 ad
2755 3426 3097 3500 patriarchas
3125 3426 3247 3496 (lib.
3279 3425 3467 3499 epist.)

1878 3532 2213 3597 protestatur
2255 3524 2332 3579 ita
2373 3542 2386 3579 :
2434 3525 2520 3587 Se,
2570 3522 2769 3594 inquit,
2821 3525 2873 3577 et
2915 3538 3022 3577 non
3067 3522 3173 3577 illa
3219 3519 3473 3584 destruit,

1878 3620 2119 3691 quisquis
2142 3617 2338 3673 solvere
2353 3618 2632 3689 praesumit
2660 3631 2791 3686 quos
2821 3617 3015 3685 ligant,
3046 3616 3129 3670 vel
3155 3615 3324 3685 ligare
3345 3629 3477 3685 quos

1879 3715 2109 3769 solvunt.
2139 3714 2279 3767 Item
2323 3713 2386 3765 Β.
2420 3709 2727 3782 Stephanus
2756 3725 2917 3781 papa,
2948 3708 3017 3764 de
3065 3723 3176 3781 quo
3217 3707 3476 3779 praedixi-

1881 3822 2027 3873 mus,
2069 3821 2264 3862 omnes
2290 3803 2663 3876 Fraucigenas
2689 3819 2720 3859 a
2752 3802 3008 3859 dominio
3051 3810 3107 3858 et
3147 3802 3477 3875 juramento

1881 3898 2238 3974 subjectionis
2264 3896 2532 3955 Hilderici
2570 3896 2717 3969 regis
2746 3896 2968 3971 penitus
3012 3894 3311 3954 absolvisse
3339 3895 3475 3967 legi-

1881 4171 2072 4224 regum
2114 4157 2455 4224 mutationes.
2490 4151 2679 4224 Unde,
2704 4152 2919 4209 nullum
2948 4148 3077 4207 hinc
3118 4164 3218 4220 pro
3260 4147 3479 4219 pontiﬁ-

1883 4222 2009 4283 cum
2067 4226 2138 4282 ad
2180 4240 2334 4295 reges
2394 4222 2752 4294 deponendos
2787 4230 3056 4295 potestate
3095 4228 3480 4295 argumentum

1883 4295 2110 4353 extundi
2151 4292 2352 4367 potast,
2384 4292 2517 4367 cum
2555 4303 2746 4349 cuncta
2792 4292 2916 4349 hac
2943 4292 3317 4367 consentiente
3365 4298 3482 4367 tan-

1882 4376 2005 4423 tum
2026 4362 2270 4421 Francia}
2292 4365 2608 4436 proceribus
2628 4380 2789 4435 papa,
2817 4380 2927 4436 non
2950 4378 3076 4416 vero
3096 4362 3342 4431 jubente,
3372 4362 3482 4436 sive

1883 4456 1949 4511 ex
1982 4439 2099 4511 ejus
2125 4432 2587 4511 auctoritatesint
2608 4432 2748 4511 acta,
2781 4435 2889 4511 vid.
2919 4437 3208 4511 nota-1132
3240 4448 3370 4487 mox
3396 4432 3480 4511 in-

1884 4510 1988 4567 fra.
2007 4502 2127 4567 Nec
2146 4508 2314 4564 etiam
2336 4506 2605 4580 quadrant
2628 4502 2743 4562 huc
2757 4504 2985 4580 adducta
3007 4503 3244 4558 aliorum
3271 4502 3481 4574 pontiﬁ-

1884 4598 2009 4639 cum
2039 4581 2307 4652 exempla,
2339 4576 2463 4651 qua:
2491 4578 2542 4652 id
2568 4594 2742 4635 unum
2774 4576 3053 4652 evincunt,
3076 4590 3232 4646 reges
3262 4590 3483 4652 quoque

1884 4671 1915 4710 a
1953 4646 2216 4709 ﬁdelium'
2231 4646 2622 4708 communione
2655 4659 2897 4705 extorres
2940 4646 3055 4701 ﬁeri
3082 4660 3262 4717 posse,
3294 4647 3341 4702 si
3371 4648 3482 4704 Ec-

1887 4724 2064 4782 clesia:
2105 4723 2343 4779 decretis
2373 4720 2599 4777 rebelles
2626 4731 2684 4777 et
2712 4729 3064 4777 contumaces
3092 4717 3348 4784 existant,
3380 4734 3479 4774 ne-

1888 4801 2595 4869 quaquam_pr0pterea_sua
2617 4792 2882 4865 dignitate
2902 4788 3099 4861 privari
3125 4808 3138 4844 :
3160 4788 3311 4869 quod
3337 4799 3485 4847 certe

1891 4862 2604 4938 memorati—hic‘pontiﬁces
2622 4862 2904 4938 nunquam
2924 4877 3023 4934 per
3041 4877 3143 4918 sua
3169 4862 3338 4920 etiam
3359 4877 3483 4919 ana-

1890 4938 2131 4993 themata
2156 4936 2532 4991 intenderunt.

1964 5013 2145 5076 (1130)
2191 5006 2385 5063 Valent
2413 5006 2532 5063 haec
2558 5002 2744 5075 utique
2792 5002 2861 5060 de
2906 5006 3258 5076 praelatorum
3293 5003 3484 5076 eccle-

1892 5075 2232 5137 siaSticorum
2280 5077 2644 5149 depositione,
2707 5092 2835 5130 cum
2894 5075 2969 5133 illi
3019 5075 3482 5149 quoad_ofﬁcium

1892 5166 2053 5224 suum
2080 5165 2295 5224 quoque
2326 5146 2691 5224 angcclesia
2716 5146 3060 5224 dependeant
3084 5168 3121 5224 ε,
3140 5146 3485 5224 in_de_tame_n

1895 5222 1965 5278 ad
1990 5216 2148 5294 reges
2190 5216 2515 5294 concludere
2543 5216 2865 5294 neutiquam
2894 5221 3052 5294 licet,
3081 5216 3335 5294 Ecclesia:
3362 5216 3481 5294 qui-

1893 5295 2021 5351 dem
2055 5286 2217 5366 ‘aaque
2262 5294 2317 5348 in
2366 5286 2739 5366 spiritualibus
2780 5291 3080 5366 subjectos,
3131 5289 3189 5342 in
3228 5286 3486 5366 ferercitio

1891 5374 2075 5423 tamen
2106 5357 2225 5423 sum
2268 5357 2556 5436 potestatis
2584 5363 2685 5420 soli
2720 5366 2834 5436 Deo
2864 5357 3138 5436 rationem
3153 5357 3485 5436 reddituros,

1894 5446 1955 5512 ut
1985 5437 2219 5512 probant
2249 5429 2638 5512 superiusjam
2667 5450 2732 5512 ωε
2757 5434 2853 5512 ss.
2881 5429 3177 5512 Ambrosio
3198 5438 3251 5512 et
3281 5430 3488 5512 Giego-

1894 5503 2003 5564 rio"
2040 5510 2099 5563 in
2146 5503 2619 5564 observationibus
2668 5503 2899 5559 adducta
2948 5503 3283 5557 testimonia.
3331 5503 3487 5560 Talia

1896 5596 2023 5636 vero
2079 5578 2438 5637 condonanda
2501 5585 2633 5635 sunt
2672 5573 2963 5637 Bernaldo,
3008 5573 3101 5645 qui
3147 5588 3217 5631 ex
3261 5574 3364 5631 aevi
3406 5576 3487 5632 sui

1893 5651 2053 5724 genio
2081 5650 2316 5721 scripsit.

1997 5727 2148 5791 1131)
2167 5715 2373 5802 _Recte_
2402 5720 2489 5777 his
2534 5718 2880 5802 argumentis
2908 5723 2972 5775 et
3009 5715 3492 5802 exempliscontra

1896 5790 2248 5869 refractarios
2290 5792 2576 5869 episcopos
2603 5790 2727 5864 jam
2774 5804 2958 5866 supra,
3004 5790 3110 5847 col.
3160 5792 3320 5857 1237,
3360 5804 3496 5848 usus

1896 5873 1979 5926 est
2006 5864 2337 5925 Bernaldus:
