4062 6182
530 290 667 345 i255

1527 282 1621 338 AD
1658 280 1889 338 OPERA
1927 280 1984 337 S.
2025 279 2347 337 GREGORII
2383 278 2818 337 APPENDICES.

3690 248 3822 331 use

528 421 622 471 tur
650 416 847 482 (1132).
873 413 1020 469 Item
1042 412 1099 468 S.
1129 412 1373 466 Joannes
1401 421 1538 481 papa
1561 411 1744 475 (1133)
1771 407 2116 465 Ludovicum
2146 411 2203 477 Α
2228 406 2374 479 quod
2401 422 2626 479 prorsus
2654 406 2729 461 illi
2757 403 2982 460 subesse
3010 417 3125 459 non
3153 401 3443 469 debemus,
3477 415 3647 474 quem
3668 400 3828 457 indu-

527 510 921 582 imperatorem
936 524 966 563 a
980 507 1318 579 juramento,
1339 520 1447 576 quo
1472 503 1589 575 ipse
1605 504 1865 576 Adalgiso
1891 512 2127 576 tyranno

416 660 417 665 η
526 605 901 677 repaciﬁcatus
929 610 1034 669 est,
1063 600 1315 666 absolvit,
1364 614 1429 655 eo
1469 598 1620 671 quod
1661 615 1787 655 cum
1816 599 1989 655 salute
2017 599 2123 655 rei-

528 699 757 770 publicae
784 712 1131 769 nequaquam
1158 702 1341 767 posset
1369 692 1667 751 observari.

594 840 690 895 Vl.
722 841 789 894 In
829 837 1036 895 nostris
1077 851 1297 910 quoque
1346 834 1690 905 temporibus
1721 832 1878 889 sedes
1904 840 2121 905 aposto-

522 932 625 989 lica
652 932 1117 1004 Babinbergenses
1146 932 1215 987 ab
1244 933 1600 986 Heremanno
1627 937 1680 983 et
1707 928 2055 984 Florentinos
2092 945 2121 984 a

524 1028 687 1081 Petro
716 1025 1004 1098 quondam
1046 1024 1312 1096 episcopis
1356 1021 1608 1089 absolvit,
1659 1036 1761 1076 nec
1802 1020 2015 1092 aliquos
2044 1022 2124 1077 eis

524 1120 681 1191 quasi
716 1118 987 1190 episcopis
1023 1116 1302 1189 subjacere
1344 1116 1609 1187 permisit,
1660 1115 1879 1171 etiamsi
1914 1115 2123 1171 eisdem

514 1212 895 1283 juramentum
932 1212 1287 1284 subjectionis
1315 1208 1591 1265 fecissent.
1623 1209 1713 1264 Sic
1755 1208 1944 1278 utique
1974 1224 2119 1265 sem-

523 1321 621 1376 per
648 1305 939 1376 apostolica
985 1305 1284 1361 auctoritas
1332 1303 1607 1375 quoslibet
1643 1303 1984 1358 Christianos
2023 1302 2122 1359 sibi

523 1398 823 1469 specialiter
866 1400 1191 1454 commissos
1219 1397 1286 1453 de
1328 1396 1586 1452 manibus
1626 1396 2004 1467 depositorum
2066 1405 2124 1453 et

527 1492 1134 1549 excommunicatorum
1157 1492 1361 1563 absque
1381 1491 1529 1547 omni
1555 1499 1684 1546 nota
1701 1490 1920 1562 perjurii
1941 1489 2121 1545 absol-

527 1602 649 1641 vere
671 1587 972 1653 consuevit,
995 1584 1207 1641 etiamsi
1230 1584 1439 1640 eisdem
1467 1584 1704 1655 praelatis
1732 1582 2120 1654 subjectionem

518 1678 840 1752 juramento
873 1678 1259 1750 promiserunt.
1306 1679 1534 1733 Sanctus
1563 1693 1779 1749 quoque
1807 1676 2123 1733 Bonifacius

528 1782 736 1845 martyr
758 1781 813 1828 et
836 1774 1142 1844 episcopus,
1174 1770 1265 1842 qui
1287 1770 1491 1841 iuniori
1522 1771 1789 1842 Gregorio
1821 1786 1974 1842 papa:
2004 1786 2120 1826 om-
2157 1783 2203 1845 Β

526 1866 807 1922 nimodam
848 1866 1063 1939 jurasse
1114 1864 1309 1938 legitur
1339 1864 1731 1933 obedientiam,
1780 1879 1845 1920 eo
1881 1864 1948 1920 de
1967 1864 2123 1936 jura—

525 1968 736 2027 mento,
763 1958 859 2015 sed
901 1959 971 2015 ab
1012 1958 1211 2015 eodem
1242 1958 1567 2030 apostolico,
1596 1958 1803 2014 absolvi
1828 1958 2122 2014 instantis-

524 2054 664 2109 sime
705 2054 924 2125 rogavit
962 2058 1145 2121 (1134)
1179 2070 1192 2107 :
1225 2053 1373 2123 quod
1412 2053 1602 2123 utique
1644 2060 1762 2106 tam
1789 2060 2010 2107 sanctus
2038 2052 2124 2105 vir

524 2155 580 2201 et
628 2146 842 2216 sapiens
897 2161 995 2200 cur
1047 2147 1285 2216 rogaret,
1334 2144 1379 2199 si
1425 2144 1742 2215 bujusmodi
1788 2145 2122 2200 solutionem

523 2252 637 2293 nou
662 2239 860 2307 valere,
886 2246 941 2295 et
968 2237 1041 2294 ob
1070 2239 1179 2294 hoc
1203 2237 1507 2309 perjurium
1537 2252 1800 2293 excusare
1822 2252 1937 2293 non
1963 2253 2123 2309 posse

526 2336 779 2402 putaret?

594 2472 718 2526 VII.
763 2473 1033 2526 Praeterea
1059 2469 1104 2525 si
1133 2466 1426 2540 diligenter
1466 2467 1816 2525 considerare
1847 2469 2120 2541 volumus,

518 2562 898 2637 juramentum
939 2562 1286 2636 subjectionis
1326 2578 1439 2618 non
1481 2563 1618 2619 solet
1648 2562 1884 2619 exhiberi
1934 2564 2124 2636 praela-

525 2659 619 2728 tis,
645 2658 753 2714 nisi
793 2673 894 2729 pro
935 2662 1191 2729 respectu
1222 2656 1579 2728 praelationis,
1630 2656 1780 2728 quod
1821 2658 1921 2714 etsi
1951 2659 2008 2715 in
2030 2659 2121 2731 ju-

525 2760 776 2809 ramento
814 2751 997 2807 verbis
1036 2750 1338 2823 specialiter
1366 2766 1477 2806 non
1507 2750 1863 2824 exprimatur,
1890 2753 1950 2808 in
1977 2753 2120 2825 jura-

529 2846 683 2901 tione
713 2853 902 2901 tamen
947 2843 1473 2915 subintelligendum
1513 2859 1633 2901 esse
1674 2861 1789 2901 non
1816 2844 2121 2913 dubitatur,

525 2938 802 3011 videlicet,
840 2945 901 2995 ut
937 2939 1039 2994 iste
1069 2937 1141 2993 illi
1173 2936 1403 2994 ﬁdeliter
1431 2937 1729 3011 subjaceat,
1764 2938 2013 3012 quandiu
2035 2941 2121 2997 ille

527 3032 615 3089 isti
639 3032 825 3089 ofﬁcio
868 3031 1202 3103 praelationis
1242 3031 1555 3103 prasideat.
1591 3035 1891 3103 Postquam
1938 3042 2121 3090 autem

490 3184 497 3195 _
525 3126 783 3198 pmlatus
811 3125 1130 3198 praelatione
1160 3123 1318 3180 fuerit
1359 3125 1621 3196 privatus,
1650 3142 2001 3199 nequaquam
2032 3127 2118 3184 ille

523 3220 615 3291 qui
639 3220 915 3291 subjectus
961 3219 1077 3290 ejus
1104 3217 1206 3274 fuit
1220 3217 1603 3291 juramentum
1633 3219 1992 3292 subjectionis
2016 3221 2117 3293 ipsi

525 3313 749 3369 ulterius
775 3328 991 3369 servare
1013 3312 1255 3382 debebit,
1284 3312 1434 3385 quod
1459 3312 1507 3369 ei
1532 3313 1752 3369 nonnisi
1782 3313 1851 3370 ad
1879 3313 2121 3372 ofﬁcium

530 3407 866 3479 praelationis
905 3406 1130 3477 juravit.
1180 3408 1305 3463 Non
1349 3406 1499 3463 enim
1546 3424 1646 3480 pro
1684 3408 1918 3480 perjuris
1960 3409 2119 3466 dam-

522 3500 689 3556 nandi
733 3516 851 3557 esse
890 3500 1163 3569 videntur,
1207 3500 1518 3573 quicunque
1546 3501 1771 3573 privatis
1806 3502 2119 3573 praelatione

516 3593 894 3666 juramentum
935 3594 1286 3666 subjectionis
1328 3610 1541 3651 servare
1579 3596 1794 3663 nolunt,
1832 3596 1981 3668 quod
2020 3597 2121 3653 eis-

521 3686 679 3750 dem,
728 3690 862 3744 dum
905 3688 1112 3759 praelati
1159 3695 1358 3757 essent,
1408 3704 1507 3759 pro
1550 3687 1737 3745 ofﬁcio
1782 3690 2118 3762 praelationis

522 3778 802 3850 quondam
840 3781 1182 3851 juraverunt.
1220 3784 1333 3837 Nec
1363 3781 1550 3854 utique
1588 3783 1827 3839 multum
1852 3793 1994 3840 esset
2023 3800 2119 3840 ne-

523 3872 841 3941 cessarium,
882 3882 943 3927 ut
985 3868 1225 3929 Ecclesia
1259 3873 1538 3945 subjectos
1584 3874 1653 3929 ab
1680 3876 2001 3948 bujusmodi
2031 3878 2119 3950 ju-

523 3972 773 4021 ramento
821 3966 1125 4036 specialiter
1170 3964 1429 4035 solveret,
1459 3982 1696 4039 quorum
1726 3970 1986 4039 praelatos
2022 3986 2115 4026 ca-
2164 3980 2171 3983 ‘

522 4057 722 4114 nonice
760 4058 879 4131 jam
925 4057 1286 4130 deposuisset,
1334 4059 1435 4115 nisi
1484 4069 1711 4131 propter
1747 4063 2117 4135 quorumdam

521 4151 867 4209 inﬁrmorum
895 4151 1315 4220 dubitationem,
1346 4154 1440 4224 qui
1464 4153 1520 4208 in
1545 4153 1744 4210 talibus
1771 4157 1950 4213 causis
1972 4158 2117 4214 nihil

521 4248 719 4313 putant
745 4250 952 4309 actum,
991 4240 1097 4296 nisi
1122 4239 1269 4312 quod
1304 4242 1610 4311 specialiter
1634 4242 1800 4300 fuerit
1825 4249 2113 4317 praenomi-

518 4339 732 4387 natum.
764 4334 865 4387 Est
891 4331 1040 4387 enim
1071 4325 1289 4386 cuilibet
1315 4331 1527 4389 erudito
1571 4332 1702 4390 satis
1727 4335 2106 4409 manifestum,

2230 500 2472 556 bitanter
2493 499 2827 571 depositum,
2850 513 2919 553 ne
2938 496 3098 552 nobis
3121 510 3354 569 praeesse
3377 493 3590 564 debeat,
3624 510 3823 567 cogno-

2230 596 2455 651 scimus.
2484 597 2625 651 Nam
2650 595 2708 649 in
2745 592 2858 665 ipsa
2883 591 3144 647 canonica
3174 589 3522 662 depositione
3564 589 3823 661 praelato-

2231 704 2356 745 rum
2393 687 2585 744 itidem
2638 694 2694 742 et
2740 686 3113 759 subjectorum
3166 683 3439 740 absolutio
3482 683 3822 751 continetur,

2231 798 2352 854 quae
2399 797 2616 853 semper
2678 780 2756 836 ibi
2802 778 3248 852 subintelligitur,
3290 776 3504 834 etiamsi
3550 777 3821 834 sententia

2229 875 2584 947 depositionis
2603 875 2881 947 signanter
2908 890 3020 930 non
3050 880 3466 928 annumeretur.
3499 872 3594 928 Sic
3622 869 3823 944 quippe

2228 970 2383 1026 Felix
2410 970 2602 1026 beatus
2642 984 2777 1041 papa
2807 967 3064 1024 Acacium
3108 965 3473 1038 patriarcham
3514 964 3833 1023 Constanti-

2230 1064 2607 1135 nopolitanum
2634 1062 2693 1117 in
2711 1064 2962 1118 Romana
2990 1059 3197 1134 synodo
3222 1063 3466 1127 (Luam,
3498 1067 3546 1115 t.
3573 1061 3673 1126 IV,
3700 1075 3827 1131 pag.

2235 1163 2402 1226 1095)
2434 1156 2703 1228 deposuit,
2732 1172 2833 1212 nec
2859 1155 3096 1227 aliquam
3125 1153 3503 1227 subjectorum
3524 1152 3833 1209 absolutio-

2230 1267 2360 1307 nem
2390 1252 2466 1307 ibi
2512 1250 2815 1323 specialiter
2855 1250 3325 1306 commemoravit.
3359 1250 3472 1304 Nec
3499 1248 3693 1319 utique
3738 1262 3833 1302 ne-

2228 1361 2377 1401 cesse
2408 1344 2529 1411 fuit,
2574 1360 2705 1400 nam
2746 1342 3052 1399 nullatenus
3080 1342 3156 1397 illi
3183 1342 3440 1413 deinceps
3468 1351 3529 1397 ut
3554 1341 3821 1412 episcopo

2229 1437 2857 1511 subjacereudebuerant,
2898 1452 3025 1493 cum
3069 1452 3174 1493 nec
3206 1434 3437 1508 subjecti
3464 1434 3580 1506 ejus
3610 1443 3825 1500 essent,

2229 1548 2397 1604 quem
2421 1532 2489 1588 ab
2516 1531 2849 1604 episcopatu,
2886 1539 2992 1587 etc.

2300 1629 2400 1681 Hic
2442 1630 2722 1681 truncatus
2765 1630 2844 1681 est
2870 1625 3036 1680 codex
3082 1626 3289 1693 integro
3328 1624 3683 1694 quaternione
3711 1628 3829 1678 octo

2227 1722 2558 1791 paginarum
2613 1723 2813 1783 exciso,
2860 1719 2956 1774 ubi
2989 1723 3098 1773 tam
3144 1721 3269 1788 ﬁnis
3311 1717 3474 1788 hujus
3534 1722 3831 1780 tractatus,

2234 1831 2395 1884 quam
2425 1815 2567 1869 alsius
2608 1830 2774 1869 novus
2819 1814 3261 1881 continebantur;
3290 1828 3407 1882 qua:
3445 1812 3585 1867 enim
3631 1812 3829 1866 abhinc

2230 1912 2541 1978 sequuntur,
2572 1910 2791 1963 nonnisi
2821 1909 3187 1977 fragmentsz
3214 1922 3308 1961 seu
3334 1906 3593 1961 conclusio
3624 1906 3832 1959 diversi

2230 2003 2299 2056 ab
2327 2004 2421 2057 hoc
2447 2004 2620 2073 operis
2642 2006 2767 2057 sunt
2796 2006 2847 2057 et
2871 2017 2989 2057 cum
3014 2003 3106 2056 illo
3135 2006 3457 2070 argumento
3481 2001 3830 2061 conveniunt,

2230 2096 2371 2166 quod
2415 2099 2658 2167 superius
2703 2096 2807 2151 col.
2866 2098 2998 2152 1243
3043 2094 3113 2150 de
3160 2093 3599 2165 presbyterorum
3646 2092 3832 2148 ofﬁcio

2231 2193 2486 2244 tractavit
2548 2190 2868 2246 Bernaldus.
2926 2189 3106 2261 Hujus
3156 2186 3383 2260 quidem
3426 2186 3673 2259 opusculi
3726 2186 3835 2243 hoc

2227 2282 2397 2338 modo
2438 2282 2705 2353 deperditi
2730 2283 3002 2356 jacturam
3044 2282 3316 2351 dolemus,
3348 2280 3419 2337 ob
3448 2280 3677 2337 alterius
3704 2296 3835 2337 vero

2228 2375 2432 2432 codicis
2462 2376 2738 2433 defectum
2782 2375 3073 2433 restituere
3114 2375 3262 2432 haud
3308 2390 3625 2448 possumus.
3669 2375 3837 2431 Forte

2232 2468 2501 2527 feliciores
2529 2478 2692 2527 erunt
2732 2471 2817 2526 alii
2847 2472 2957 2527 mei
2994 2469 3240 2542 collegae,
3268 2469 3315 2526 si
3358 2484 3457 2526 sua
3492 2468 3696 2527 scrinia
3730 2485 3838 2525 cu-

2230 2564 2399 2621 ratius
2420 2564 2790 2637 pervestigare
2812 2562 3101 2621 voluerint.

2299 2658 2715 2715 Observandum
2759 2657 3137 2715 indubitanter
3159 2655 3535 2730 praeﬁxerunt.
3564 2658 3689 2713 Hoc
3712 2658 3837 2713 uti-

2225 2768 2330 2823 que
2360 2751 2675 2809 venerabilis
2703 2767 2842 2824 papa
2872 2751 3175 2825 Gregorius
3206 2750 3368 2823 hujus
3391 2750 3639 2806 nominis
3664 2751 3844 2822 septi-

2227 2861 2353 2902 mus
2394 2846 2452 2902 in
2497 2861 2598 2902 suo
2624 2854 2873 2918 tempore
2901 2844 3047 2902 fecit.
3096 2847 3260 2901 Hunc
3288 2846 3355 2900 Β.
3390 2844 3694 2900 Anselmns
3727 2845 3842 2901 Lu-

2226 2940 2407 2996 censis
2449 2939 2734 3012 episcopus
2775 2939 2835 2995 in
2876 2955 2979 2996 suo
3025 2939 3341 3011 episcopatu
3370 2938 3574 2994 imitari
3603 2953 3844 3007 consue-

2226 3034 2321 3089 vit.
2350 3034 2463 3102 Hoc
2498 3034 2664 3090 etiam
2689 3033 3177 3117 reverendissimus
3210 3031 3450 3090 domnus
3476 3040 3672 3088 noster
3696 3048 3840 3105 papa

2224 3127 2486 3185 Urbanus
2526 3144 2638 3183 non
2665 3126 2788 3184 dico
2831 3127 3116 3196 Romanis,
3163 3126 3277 3183 imo
3312 3126 3547 3182 aliarum
3579 3128 3842 3199 gentium

2229 3221 2581 3294 presbyteris,
2619 3221 2754 3278 item
2786 3230 2841 3278 et
2869 3221 3163 3277 monachis
3192 3220 3480 3277 concessit.
3513 3220 3840 3293 Quamdam

2228 3317 2394 3371 etiam
2436 3315 2918 3387 congregationem
2964 3314 3407 3387 presbyterorum
3455 3313 3550 3368 tali
3597 3329 3839 3369 conces-

2228 3412 2379 3465 sione
2406 3409 2739 3480 generaliter
2763 3408 2995 3465 donasse
3022 3409 3305 3465 asseritur.
3335 3409 3491 3462 Hanc
3520 3422 3655 3480 ergo
3685 3424 3832 3463 con-

2226 3504 2530 3560 cessionem
2561 3511 2616 3559 et
2642 3504 2735 3559 alii
2780 3511 3035 3560 vacantes
3082 3501 3383 3574 presbyteri
3436 3500 3504 3556 ab
3555 3502 3837 3573 episcopis

2227 3599 2473 3669 accipere
2493 3613 2605 3654 non
2627 3597 2927 3670 negligant,
2947 3604 3249 3667 antequam
3278 3595 3387 3651 tale
3406 3593 3658 3650 ofﬁcium
3684 3596 3836 3650 circa

2228 3692 2552 3763 pcenitentes
2599 3706 2851 3747 exercere
2894 3697 3254 3762 praesumant.
3295 3689 3444 3744 Nihil
3492 3690 3651 3745 enim
3698 3689 3831 3745 reli-

2225 3786 2368 3859 gioni
2396 3784 2640 3854 nocebit,
2673 3785 2718 3842 si
2748 3801 2876 3840 cum
2906 3783 3238 3840 auctoritate
3262 3783 3494 3856 episcopi
3528 3783 3705 3839 etiam
3736 3782 3833 3839 illa

2226 3879 2512 3935 humiliter
2551 3894 2710 3951 agere
2761 3877 3103 3947 Studeamus,
3143 3892 3266 3949 quae.
3314 3892 3416 3933 nos
3460 3876 3720 3934 absolute
3762 3893 3831 3933 ex

2224 3974 2405 4029 ofﬁcio
2434 3981 2624 4029 nostro
2655 3972 2856 4028 habere
2881 3988 2993 4028 non
3020 3970 3337 4027 dubitamus
3362 3989 3373 4024 :
3407 3979 3622 4043 quanto
3655 3972 3833 4043 magis

2226 4067 2376 4137 illud,
2410 4066 2557 4141 quod
2597 4081 2839 4122 canones
2882 4080 2987 4121 nos
3037 4064 3241 4137 absque
3284 4064 3540 4136 jussione
3585 4064 3833 4137 episcopi

2222 4177 2475 4218 exercere
2495 4176 2608 4217 non
2635 4160 2999 4233 permittunt?
3026 4160 3139 4214 Nec
3163 4158 3230 4215 de
3258 4157 3683 4229 praesumptione
3709 4172 3833 4213 nos

2219 4266 2477 4307 excusare
2503 4249 2822 4323 poterimus,
2845 4247 2889 4303 si
2912 4246 3189 4319 deinceps,
3218 4261 3342 4319 qum
3358 4245 3618 4317 prohibita
3650 4252 3828 4313 sunt,

2220 4340 2456 4397 scienter
2481 4348 2536 4395 et
2564 4337 2943 4395 inobedienter
2968 4352 3233 4408 usurpare
3260 4336 3614 4392 tentabimus.

574 4464 771 4543 $1132)
802 4460 921 4518 Vid.
954 4475 1086 4516 mox
1108 4467 1259 4545 .nota
1302 4466 1455 4545 1229.
1508 4460 1640 4545 Scio
1661 4462 2009 4545 haecpassim
2038 4468 2107 4524 ab
2133 4477 2189 4545 ι)
2217 4468 2447 4545 candide
2492 4476 2753 4545 testatur,
2788 4466 3093 4545 Pippinum.
3141 4483 3194 4545 a_
3228 4465 3467 4537 perjurio
3522 4466 3580 4518 in
3630 4480 3837 4545 regem

517 4532 634 4604 aliis
663 4548 879 4604 quoque
897 4532 1152 4604 narrari;
1197 4533 1421 4604 at_quid
1452 4548 1587 4604 opus
1617 4532 1921 4591 fuisset'tali
1949 4539 2106 4595 abso-

516 4602 727 4658 lutione
759 4602 854 4675 per
884 4603 1219 4675 Stephanum
1260 4602 1522 4669 facienda,
1562 4604 1604 4659 si
1635 4606 1977 4665 Childerieus
2005 4627 2105 4666 au-

515 4674 773 4749 ctoritate
794 4674 1071 4749 Zachariae
1091 4674 1229 4749 _ejus
1250 4676 1633 4749 antecessoris
1666 4676 1949 4749 depositus
1974 4679 2106 4738 fuis-

2214 4540 2580 4597 Childericum
2602 4541 2836 4593 admisso
2854 4536 3028 4593 "fuisse
3045 4536 3364 4594 absolutum
3393 4554 3425 4593 a
3456 4551 3591 4608 papa
3620 4537 3839 4603 (Bou-

2215 4627 2391 4681 QUET.
2420 4611 2650 4675 Collect.,
2681 4618 2725 4664 t.
2761 4611 2828 4678 V,
2863 4625 2915 4680 p.
2952 4614 3103 4675 187).

2285 4682 2463 4754 (1133)
2494 4682 2559 4739 Id
2588 4682 2659 4738 ad
2683 4677 2893 4754 annum
2914 4686 3012 4735 871
3046 4677 3217 4735 refert
3242 4681 3677 4754 Hermannuset
3712 4686 3840 4754 Any

517 4749 635 4800 set?
666 4745 843 4825 M'ajor
858 4745 1053 4827 itaque
1083 4743 1216 4827 ﬁdes
1250 4743 1503 4827 habenda
1532 4743 1762 4827 videtur
1784 4750 2104 4823 Theophani
2212 4743 2360 4827 nales
2378 4743 2651 4827 Metenses
2675 4771 2696 4827 ξ
2730 4751 2880 4825 quod
2899 4760 3085 4808 tamen
3103 4767 3216 4827 non
3242 4767 3273 4806 a
3303 4754 3513 4827 Joanne
3538 4750 3707 4817 VIII,
3728 4751 3841 4809 sed

515 4814 767 4893 quamvis
789 4814 991 4893 extero,
1021 4816 1113 4893 qui
1159 4814 1307 4887 quod
1333 4816 1616 4893 domestici
1660 4814 1954 4892 scriptores
1991 4840 2105 4881 non
2212 4826 2280 4882 ab
2310 4825 2552 4881 Adriano
2585 4828 2636 4880 Il
2669 4814 2869 4879 factum
2899 4838 3017 4879 esse
3061 4820 3304 4877 afﬁrmat
3329 4823 3542 4893 Pagius.

517 4886 811 4952 audebant,
841 4886 896 4941 in
933 4886 1492 4959 sua’chronographia
1525 4889 1636 4961 (ed.
1667 4886 1838 4949 Paris.
1848 4936 1865 4964 ,
1892 4911 1945 4966 p.
1978 4899 2105 4965 338)

2282 4900 2465 4966 (1134)
2488 4896 2785 4969 Gregorius
2814 4897 2865 4950 Il
2894 4908 2992 4950 seu
3010 4894 3200 4967 junior
3229 4896 3286 4950 S.
3317 4890 3672 4949 Bonifacium
3704 4896 3845 4951 Mo-

1684 5122 2635 5239 BERNALDI

781 5290 1217 5347 TRACTATUS
1244 5290 1341 5344 DE
1368 5290 1968 5347 REORDINATIONE
2000 5289 2349 5353 VITANDA,
2374 5293 2465 5349 ET
2492 5292 2592 5346 DE
2610 5270 2896 5351 SALUTE
2919 5292 3474 5359 PARVULORUM,

1357 5371 1490 5439 QUI
1549 5372 1644 5426 BA
1694 5370 2358 5427 EXCOMMUNICATIS
2396 5374 2775 5430 BAPTIZATI
2814 5376 3031 5443 SUNT,

1410 5465 1504 5525 Ad
1537 5462 1938 5526 Gebhardum
1965 5463 2332 5542 episcopum
2361 5466 2924 5531 Constanliensem.

2052 5578 2272 5599 h—

1966 5659 2349 5722 MONITUM.

578 5759 703 5813 Non
732 5757 963 5843 legimus
989 5756 1670 5843 Gebhardumcaliquando
1701 5763 1913 5843 Italiam
1953 5766 2242 5843 accessisse
2278 5775 2398 5843 ante
2427 5783 2634 5825 annum
2668 5775 2825 5843 1100,
2856 5783 2965 5840 quo
2994 5765 3129 5824 obiit
3171 5764 3839 5843 Bernaldus,_qui_hanc

511 5826 581 5884 ad
606 5844 732 5886 eum
762 5826 1047 5900 epistolam
1084 5831 1323 5902 scripsit,
1355 5832 1406 5888 in
1448 5826 1555 5907 q'ua
1600 5837 1927 5894 sententiam
1954 5836 2027 5894 de
2071 5840 2426 5897 sacramentis
2446 5826 3067 5910 excommuniéaforum,
3100 5855 3267 5913 quam
3296 5826 3570 5912 opusculo
3614 5841 3663 5897 II
3708 5826 3841 5899 sta-
