  <div class='ocr_page' id='page_1' title='image "/cluster/home/n/w/nwhite01/storage/ocr_20150623/148/hvd.32044054760061/634.png"; bbox 0 0 4062 6182; ppageno 0'>
   <div class='ocr_carea' id='block_1_1' title="bbox 226 313 365 377">
    <p class='ocr_par' dir='ltr' id='par_1_1' title="bbox 226 313 365 377">
     <span class='ocr_line' id='line_1_1' title="bbox 226 313 365 377; baseline -0.007 -1"><span class='ocrx_word' id='word_1_1' title='bbox 226 313 365 377; x_wconf 52' lang='grc'><strong>12⁷5⁵7</strong></span> 
     </span>
    </p>
   </div>
   <div class='ocr_carea' id='block_1_2' title="bbox 1130 324 2608 407">
    <p class='ocr_par' dir='ltr' id='par_1_2' title="bbox 1130 324 2608 407">
     <span class='ocr_line' id='line_1_2' title="bbox 1130 324 2608 407; baseline 0.006 -27"><span class='ocrx_word' id='word_1_2' title='bbox 1130 324 1417 381; x_wconf 80' lang='grc' dir='ltr'><strong>ΑΡΡΕΝΒ.</strong></span> <span class='ocrx_word' id='word_1_3' title='bbox 1460 325 1549 381; x_wconf 87' lang='lat' dir='ltr'><strong>Ill.</strong></span> <span class='ocrx_word' id='word_1_4' title='bbox 1586 354 1659 368; x_wconf 90' lang='lat'><strong><em>—</em></strong></span> <span class='ocrx_word' id='word_1_5' title='bbox 1695 324 2111 407; x_wconf 76' lang='lat' dir='ltr'><strong>MONUMEN&#39;I‘A</strong></span> <span class='ocrx_word' id='word_1_6' title='bbox 2149 329 2608 389; x_wconf 82' lang='lat' dir='ltr'><strong>GREGORIANA.</strong></span> 
     </span>
    </p>
   </div>
   <div class='ocr_carea' id='block_1_3' title="bbox 3375 339 3510 392">
    <p class='ocr_par' dir='ltr' id='par_1_3' title="bbox 3375 339 3510 392">
     <span class='ocr_line' id='line_1_3' title="bbox 3375 339 3510 392; baseline 0.007 -1"><span class='ocrx_word' id='word_1_7' title='bbox 3375 339 3510 392; x_wconf 77' lang='grc'><strong>1258</strong></span> 
     </span>
    </p>
   </div>
   <div class='ocr_carea' id='block_1_4' title="bbox 216 445 3512 524">
    <p class='ocr_par' dir='ltr' id='par_1_4' title="bbox 216 445 3512 524">
     <span class='ocr_line' id='line_1_4' title="bbox 216 445 3512 524; baseline 0.005 -22"><span class='ocrx_word' id='word_1_8' title='bbox 216 452 420 515; x_wconf 88' lang='lat' dir='ltr'><strong>tuerat,</strong></span> <span class='ocrx_word' id='word_1_9' title='bbox 443 445 625 524; x_wconf 88' lang='lat' dir='ltr'><strong>denuo</strong></span> <span class='ocrx_word' id='word_1_10' title='bbox 645 447 845 520; x_wconf 82' lang='lat' dir='ltr'><strong>partim</strong></span> <span class='ocrx_word' id='word_1_11' title='bbox 886 445 1101 524; x_wconf 79' lang='lat' dir='ltr'><strong>iisdem,</strong></span> <span class='ocrx_word' id='word_1_12' title='bbox 1128 449 1330 521; x_wconf 81' lang='lat' dir='ltr'><strong>partim</strong></span> <span class='ocrx_word' id='word_1_13' title='bbox 1363 449 1521 506; x_wconf 86' lang='lat' dir='ltr'><strong>novis</strong></span> <span class='ocrx_word' id='word_1_14' title='bbox 1548 445 1889 524; x_wconf 83' lang='lat' dir='ltr'><strong>argumentis</strong></span> <span class='ocrx_word' id='word_1_15' title='bbox 1913 453 2228 512; x_wconf 82' lang='lat' dir='ltr'><strong>conﬁrmat.</strong></span> <span class='ocrx_word' id='word_1_16' title='bbox 2261 458 2397 514; x_wconf 75' lang='lat' dir='ltr'><strong>Haec</strong></span> <span class='ocrx_word' id='word_1_17' title='bbox 2424 468 2514 514; x_wconf 85' lang='lat' dir='ltr'><strong>res</strong></span> <span class='ocrx_word' id='word_1_18' title='bbox 2553 457 2778 515; x_wconf 89' lang='lat' dir='ltr'><strong>demum</strong></span> <span class='ocrx_word' id='word_1_19' title='bbox 2807 457 2864 514; x_wconf 89' lang='lat' dir='ltr'><strong>in</strong></span> <span class='ocrx_word' id='word_1_20' title='bbox 2888 457 3122 515; x_wconf 88' lang='lat' dir='ltr'><strong>concilio</strong></span> <span class='ocrx_word' id='word_1_21' title='bbox 3151 459 3512 517; x_wconf 86' lang='lat' dir='ltr'><strong>Guastalleusi</strong></span> 
     </span>
    </p>
   </div>
   <div class='ocr_carea' id='block_1_5' title="bbox 220 518 3513 602">
    <p class='ocr_par' dir='ltr' id='par_1_5' title="bbox 220 518 3513 602">
     <span class='ocr_line' id='line_1_5' title="bbox 220 518 3513 602; baseline 0.004 -29"><span class='ocrx_word' id='word_1_22' title='bbox 220 533 352 602; x_wconf 74' lang='lat' dir='ltr'><strong>ann.</strong></span> <span class='ocrx_word' id='word_1_23' title='bbox 388 518 792 602; x_wconf 57' lang='grc'>110031111011118</span> <span class='ocrx_word' id='word_1_24' title='bbox 830 526 897 602; x_wconf 64' lang='grc' dir='ltr'><strong>(11Δ</strong></span> <span class='ocrx_word' id='word_1_25' title='bbox 910 518 1216 602; x_wconf 76' lang='lat' dir='ltr'><strong>decisaest,</strong></span> <span class='ocrx_word' id='word_1_26' title='bbox 1250 531 1521 602; x_wconf 59' lang='lat' dir='ltr'><strong>praesente</strong></span> <span class='ocrx_word' id='word_1_27' title='bbox 1556 518 1691 602; x_wconf 69' lang='lat' dir='ltr'><strong>tunc</strong></span> <span class='ocrx_word' id='word_1_28' title='bbox 1710 525 1886 602; x_wconf 75' lang='lat' dir='ltr'><strong>etiam</strong></span> <span class='ocrx_word' id='word_1_29' title='bbox 1914 527 2229 602; x_wconf 79' lang='lat' dir='ltr'><strong>Gebhardo,</strong></span> <span class='ocrx_word' id='word_1_30' title='bbox 2280 544 2446 601; x_wconf 88' lang='lat' dir='ltr'><strong>quem</strong></span> <span class='ocrx_word' id='word_1_31' title='bbox 2487 530 2778 587; x_wconf 89' lang='lat' dir='ltr'><strong>Heinricus</strong></span> <span class='ocrx_word' id='word_1_32' title='bbox 2802 531 2850 584; x_wconf 90' lang='lat' dir='ltr'><strong>V</strong></span> <span class='ocrx_word' id='word_1_33' title='bbox 2877 531 3058 602; x_wconf 80' lang='lat' dir='ltr'><strong>priore</strong></span> <span class='ocrx_word' id='word_1_34' title='bbox 3084 546 3238 602; x_wconf 89' lang='lat' dir='ltr'><strong>anno</strong></span> <span class='ocrx_word' id='word_1_35' title='bbox 3268 534 3513 587; x_wconf 85' lang='lat' dir='ltr'><strong>Romam</strong></span> 
     </span>
    </p>
   </div>
   <div class='ocr_carea' id='block_1_6' title="bbox 220 588 3514 671">
    <p class='ocr_par' dir='ltr' id='par_1_6' title="bbox 220 588 3514 671">
     <span class='ocr_line' id='line_1_6' title="bbox 220 588 3514 671; baseline 0.004 -27"><span class='ocrx_word' id='word_1_36' title='bbox 220 588 291 671; x_wconf 83' lang='lat' dir='ltr'><strong>_ad_</strong></span> <span class='ocrx_word' id='word_1_37' title='bbox 333 590 656 661; x_wconf 83' lang='lat' dir='ltr'><strong>pontiﬁcem</strong></span> <span class='ocrx_word' id='word_1_38' title='bbox 678 591 925 671; x_wconf 67' lang='lat' dir='ltr'><strong>miserat.</strong></span> <span class='ocrx_word' id='word_1_39' title='bbox 952 590 1211 671; x_wconf 45' lang='lat' dir='ltr'><strong>érbitror</strong></span> <span class='ocrx_word' id='word_1_40' title='bbox 1249 588 1434 650; x_wconf 77' lang='lat' dir='ltr'><strong>autem</strong></span> <span class='ocrx_word' id='word_1_41' title='bbox 1470 594 1764 671; x_wconf 80' lang='lat' dir='ltr'><strong>Gebhardo</strong></span> <span class='ocrx_word' id='word_1_42' title='bbox 1789 597 1903 671; x_wconf 84' lang='lat' dir='ltr'><strong>jam</strong></span> <span class='ocrx_word' id='word_1_43' title='bbox 1932 607 2090 655; x_wconf 83' lang='lat' dir='ltr'><strong>antea</strong></span> <span class='ocrx_word' id='word_1_44' title='bbox 2117 588 2283 671; x_wconf 81' lang='lat' dir='ltr'><strong>fuisse</strong></span> <span class='ocrx_word' id='word_1_45' title='bbox 2296 588 2674 671; x_wconf 61' lang='lat' dir='ltr'><strong>&#39;propositum,</strong></span> <span class='ocrx_word' id='word_1_46' title='bbox 2725 588 2958 657; x_wconf 81' lang='lat' dir='ltr'><strong>concilio</strong></span> <span class='ocrx_word' id='word_1_47' title='bbox 3007 601 3225 658; x_wconf 88' lang='lat' dir='ltr'><strong>cuidam</strong></span> <span class='ocrx_word' id='word_1_48' title='bbox 3261 604 3514 658; x_wconf 83' lang='lat' dir='ltr'><strong>Romano</strong></span> 
     </span>
    </p>
   </div>
   <div class='ocr_carea' id='block_1_7' title="bbox 216 661 3508 745">
    <p class='ocr_par' dir='ltr' id='par_1_7' title="bbox 216 661 3508 745">
     <span class='ocr_line' id='line_1_7' title="bbox 216 661 3508 745; baseline 0.004 -30"><span class='ocrx_word' id='word_1_49' title='bbox 216 661 900 745; x_wconf 33' lang='lat' dir='ltr'><strong>interesseuac‘ﬁesuper</strong></span> <span class='ocrx_word' id='word_1_50' title='bbox 952 663 1287 745; x_wconf 71' lang='lat' dir='ltr'><strong>Bernaldum</strong></span> <span class='ocrx_word' id='word_1_51' title='bbox 1343 663 1701 745; x_wconf 69' lang='lat' dir='ltr'><strong>consuluisse,</strong></span> <span class='ocrx_word' id='word_1_52' title='bbox 1741 661 1893 745; x_wconf 47' lang='lat' dir='ltr'><strong>quiq</strong></span> <span class='ocrx_word' id='word_1_53' title='bbox 1923 677 2111 745; x_wconf 77' lang='lat' dir='ltr'><strong>tamen</strong></span> <span class='ocrx_word' id='word_1_54' title='bbox 2162 670 2215 726; x_wconf 89' lang='lat' dir='ltr'><strong>id</strong></span> <span class='ocrx_word' id='word_1_55' title='bbox 2271 661 2491 743; x_wconf 60' lang='lat' dir='ltr'><strong>eisequi</strong></span> <span class='ocrx_word' id='word_1_56' title='bbox 2543 661 2781 745; x_wconf 82' lang='lat' dir='ltr'><strong>potuerit</strong></span> <span class='ocrx_word' id='word_1_57' title='bbox 2830 672 3355 745; x_wconf 24' lang='lat' dir='ltr'><strong>viventeAHeinrico</strong></span> <span class='ocrx_word' id='word_1_58' title='bbox 3413 676 3508 745; x_wconf 88' lang='lat' dir='ltr'><strong>IV,</strong></span> 
     </span>
    </p>
   </div>
   <div class='ocr_carea' id='block_1_8' title="bbox 218 731 3510 819">
    <p class='ocr_par' dir='ltr' id='par_1_8' title="bbox 218 731 3510 819">
     <span class='ocr_line' id='line_1_8' title="bbox 218 731 3510 819; baseline 0.003 -32"><span class='ocrx_word' id='word_1_59' title='bbox 218 731 445 819; x_wconf 62' lang='lat' dir='ltr'><strong>eiusque</strong></span> <span class='ocrx_word' id='word_1_60' title='bbox 473 804 486 816; x_wconf 45' lang='lat'><strong>.</strong></span> <span class='ocrx_word' id='word_1_61' title='bbox 512 731 748 819; x_wconf 81' lang='lat' dir='ltr'><strong>factione</strong></span> <span class='ocrx_word' id='word_1_62' title='bbox 799 731 966 806; x_wconf 73' lang='lat' dir='ltr'><strong>Alpes</strong></span> <span class='ocrx_word' id='word_1_63' title='bbox 1003 735 1405 819; x_wconf 45' lang='lat' dir='ltr'><strong>.prmcludente</strong></span> <span class='ocrx_word' id='word_1_64' title='bbox 1434 731 1775 819; x_wconf 55' lang='lat' dir='ltr'><strong>impeditus:</strong></span> <span class='ocrx_word' id='word_1_65' title='bbox 1836 740 2003 819; x_wconf 75' lang='lat' dir='ltr'><strong>Unde</strong></span> <span class='ocrx_word' id='word_1_66' title='bbox 2049 740 2120 797; x_wconf 90' lang='lat' dir='ltr'><strong>de</strong></span> <span class='ocrx_word' id='word_1_67' title='bbox 2164 731 2432 819; x_wconf 55' lang='lat' dir='ltr'><strong>tempore:</strong></span> <span class='ocrx_word' id='word_1_68' title='bbox 2480 731 2589 815; x_wconf 45' lang='lat' dir='ltr'><strong>qu‘o</strong></span> <span class='ocrx_word' id='word_1_69' title='bbox 2663 744 2868 819; x_wconf 83' lang='lat' dir='ltr'><strong>scripta</strong></span> <span class='ocrx_word' id='word_1_70' title='bbox 2913 753 2995 801; x_wconf 87' lang='lat' dir='ltr'><strong>est</strong></span> <span class='ocrx_word' id='word_1_71' title='bbox 3044 743 3183 819; x_wconf 71' lang='lat' dir='ltr'><strong>haec</strong></span> <span class='ocrx_word' id='word_1_72' title='bbox 3261 731 3510 819; x_wconf 74' lang='lat' dir='ltr'><strong>epistola,</strong></span> 
     </span>
    </p>
   </div>
   <div class='ocr_carea' id='block_1_9' title="bbox 217 804 3561 887">
    <p class='ocr_par' dir='ltr' id='par_1_9' title="bbox 217 804 3561 887">
     <span class='ocr_line' id='line_1_9' title="bbox 217 804 3561 887; baseline 0.004 -29"><span class='ocrx_word' id='word_1_73' title='bbox 217 804 294 859; x_wconf 83' lang='lat' dir='ltr'><strong>nil</strong></span> <span class='ocrx_word' id='word_1_74' title='bbox 323 804 487 860; x_wconf 80' lang='lat' dir='ltr'><strong>statui</strong></span> <span class='ocrx_word' id='word_1_75' title='bbox 509 812 739 887; x_wconf 26' lang='lat' dir='ltr'><strong>“potest,</strong></span> <span class='ocrx_word' id='word_1_76' title='bbox 795 804 1056 877; x_wconf 81' lang='lat' dir='ltr'><strong>quamvis</strong></span> <span class='ocrx_word' id='word_1_77' title='bbox 1084 807 1310 865; x_wconf 88' lang='lat' dir='ltr'><strong>omnino</strong></span> <span class='ocrx_word' id='word_1_78' title='bbox 1357 816 1485 866; x_wconf 85' lang='lat' dir='ltr'><strong>ante</strong></span> <span class='ocrx_word' id='word_1_79' title='bbox 1532 804 1740 867; x_wconf 76' lang='lat' dir='ltr'><strong>annum</strong></span> <span class='ocrx_word' id='word_1_80' title='bbox 1812 816 1949 867; x_wconf 90' lang='lat'><strong>1100</strong></span> <span class='ocrx_word' id='word_1_81' title='bbox 2002 804 2314 883; x_wconf 79' lang='lat' dir='ltr'><strong>reponenda</strong></span> <span class='ocrx_word' id='word_1_82' title='bbox 2356 804 2445 882; x_wconf 76' lang='lat' dir='ltr'><strong>sit,</strong></span> <span class='ocrx_word' id='word_1_83' title='bbox 2483 804 2615 872; x_wconf 75' lang='lat' dir='ltr'><strong>cum</strong></span> <span class='ocrx_word' id='word_1_84' title='bbox 2666 804 2900 887; x_wconf 82' lang='lat' dir='ltr'><strong>scriptor</strong></span> <span class='ocrx_word' id='word_1_85' title='bbox 2959 816 3158 873; x_wconf 90' lang='lat' dir='ltr'><strong>eodem</strong></span> <span class='ocrx_word' id='word_1_86' title='bbox 3201 804 3345 872; x_wconf 73' lang='lat' dir='ltr'><strong>anno</strong></span> <span class='ocrx_word' id='word_1_87' title='bbox 3394 804 3515 872; x_wconf 82' lang='lat' dir='ltr'><strong>latis</strong></span> <span class='ocrx_word' id='word_1_88' title='bbox 3550 842 3561 855; x_wconf 67' lang='grc' dir='ltr'><strong>ε</strong></span> 
     </span>
    </p>
   </div>
   <div class='ocr_carea' id='block_1_10' title="bbox 219 884 570 934">
    <p class='ocr_par' dir='ltr' id='par_1_10' title="bbox 219 884 570 934">
     <span class='ocr_line' id='line_1_10' title="bbox 219 884 570 934; baseline -0.003 -2"><span class='ocrx_word' id='word_1_89' title='bbox 219 884 570 934; x_wconf 71' lang='lat' dir='ltr'><strong>concesserit.</strong></span> 
     </span>
    </p>
   </div>
   <div class='ocr_carea' id='block_1_11' title="bbox 292 1110 3515 1191">
    <p class='ocr_par' dir='ltr' id='par_1_11' title="bbox 292 1110 3515 1191">
     <span class='ocr_line' id='line_1_11' title="bbox 292 1110 3515 1191; baseline 0.002 -23"><span class='ocrx_word' id='word_1_90' title='bbox 292 1110 518 1169; x_wconf 79' lang='lat' dir='ltr'><strong>Damno</strong></span> <span class='ocrx_word' id='word_1_91' title='bbox 548 1125 611 1169; x_wconf 88' lang='lat' dir='ltr'><strong>ac</strong></span> <span class='ocrx_word' id='word_1_92' title='bbox 642 1111 1106 1171; x_wconf 88' lang='lat' dir='ltr'><strong>reverendissimo</strong></span> <span class='ocrx_word' id='word_1_93' title='bbox 1123 1113 1383 1171; x_wconf 89' lang='lat' dir='ltr'><strong>antisstiti</strong></span> <span class='ocrx_word' id='word_1_94' title='bbox 1409 1113 1811 1188; x_wconf 73' lang='lat' dir='ltr'><strong>GBBBEABDO,</strong></span> <span class='ocrx_word' id='word_1_95' title='bbox 1842 1122 1896 1185; x_wconf 81' lang='grc' dir='ltr'><strong>Α</strong></span> <span class='ocrx_word' id='word_1_96' title='bbox 1924 1117 2098 1191; x_wconf 88' lang='lat' dir='ltr'><strong>pitulo</strong></span> <span class='ocrx_word' id='word_1_97' title='bbox 2132 1137 2144 1173; x_wconf 89' lang='lat'><strong>:</strong></span> <span class='ocrx_word' id='word_1_98' title='bbox 2177 1118 2282 1185; x_wconf 83' lang='lat' dir='ltr'><strong>Qui</strong></span> <span class='ocrx_word' id='word_1_99' title='bbox 2306 1133 2487 1173; x_wconf 88' lang='lat' dir='ltr'><strong>eorum</strong></span> <span class='ocrx_word' id='word_1_100' title='bbox 2522 1120 2879 1174; x_wconf 83' lang='lat' dir='ltr'><strong>inveniuntur</strong></span> <span class='ocrx_word' id='word_1_101' title='bbox 2922 1120 2984 1174; x_wconf 83' lang='lat' dir='ltr'><strong>in</strong></span> <span class='ocrx_word' id='word_1_102' title='bbox 3029 1119 3181 1188; x_wconf 83' lang='lat' dir='ltr'><strong>clero,</strong></span> <span class='ocrx_word' id='word_1_103' title='bbox 3235 1122 3294 1175; x_wconf 89' lang='lat' dir='ltr'><strong>in</strong></span> <span class='ocrx_word' id='word_1_104' title='bbox 3338 1120 3515 1176; x_wconf 86' lang='lat' dir='ltr'><strong>eodem</strong></span> 
     </span>
    </p>
   </div>
   <div class='ocr_carea' id='block_1_12' title="bbox 220 1205 1818 1281">
    <p class='ocr_par' dir='ltr' id='par_1_12' title="bbox 220 1205 1818 1281">
     <span class='ocr_line' id='line_1_12' title="bbox 220 1205 1818 1281; baseline 0.004 -20"><span class='ocrx_word' id='word_1_105' title='bbox 220 1205 535 1278; x_wconf 58' lang='lat' dir='ltr'><strong>apostolicae.</strong></span> <span class='ocrx_word' id='word_1_106' title='bbox 564 1206 852 1279; x_wconf 83' lang='lat' dir='ltr'><strong>legationis</strong></span> <span class='ocrx_word' id='word_1_107' title='bbox 899 1210 1081 1275; x_wconf 89' lang='lat'><strong>(1135)</strong></span> <span class='ocrx_word' id='word_1_108' title='bbox 1124 1208 1452 1266; x_wconf 82' lang='lat' dir='ltr'><strong>auctoritate</strong></span> <span class='ocrx_word' id='word_1_109' title='bbox 1498 1210 1818 1281; x_wconf 86' lang='lat' dir='ltr'><strong>sublimato,</strong></span> 
     </span>
    </p>
   </div>
   <div class='ocr_carea' id='block_1_13' title="bbox 220 1301 1821 1375">
    <p class='ocr_par' dir='ltr' id='par_1_13' title="bbox 220 1301 1821 1375">
     <span class='ocr_line' id='line_1_13' title="bbox 220 1301 1821 1375; baseline 0.004 -19"><span class='ocrx_word' id='word_1_110' title='bbox 220 1303 594 1357; x_wconf 71' lang='lat' dir='ltr'><strong>Bsnmmus</strong></span> <span class='ocrx_word' id='word_1_111' title='bbox 606 1301 724 1356; x_wconf 91' lang='lat' dir='ltr'><strong>solo</strong></span> <span class='ocrx_word' id='word_1_112' title='bbox 747 1301 971 1357; x_wconf 86' lang='lat' dir='ltr'><strong>nomine</strong></span> <span class='ocrx_word' id='word_1_113' title='bbox 981 1301 1267 1374; x_wconf 81' lang='lat' dir='ltr'><strong>presbyter</strong></span> <span class='ocrx_word' id='word_1_114' title='bbox 1284 1318 1397 1359; x_wconf 91' lang='lat' dir='ltr'><strong>non</strong></span> <span class='ocrx_word' id='word_1_115' title='bbox 1416 1304 1687 1375; x_wconf 89' lang='lat' dir='ltr'><strong>moribus,</strong></span> <span class='ocrx_word' id='word_1_116' title='bbox 1706 1320 1821 1362; x_wconf 62' lang='lat' dir='ltr'><strong>suae</strong></span> 
     </span>
    </p>
   </div>
   <div class='ocr_carea' id='block_1_14' title="bbox 222 1393 1676 1468">
    <p class='ocr_par' dir='ltr' id='par_1_14' title="bbox 222 1393 1676 1468">
     <span class='ocr_line' id='line_1_14' title="bbox 222 1393 1676 1468; baseline 0.003 -18"><span class='ocrx_word' id='word_1_117' title='bbox 222 1393 613 1468; x_wconf 87' lang='lat' dir='ltr'><strong>qualiscunque</strong></span> <span class='ocrx_word' id='word_1_118' title='bbox 637 1395 909 1452; x_wconf 89' lang='lat' dir='ltr'><strong>orationis</strong></span> <span class='ocrx_word' id='word_1_119' title='bbox 938 1402 993 1452; x_wconf 91' lang='lat' dir='ltr'><strong>et</strong></span> <span class='ocrx_word' id='word_1_120' title='bbox 1020 1394 1226 1451; x_wconf 89' lang='lat' dir='ltr'><strong>servitii</strong></span> <span class='ocrx_word' id='word_1_121' title='bbox 1269 1395 1676 1455; x_wconf 89' lang='lat' dir='ltr'><strong>certitudinem.</strong></span> 
     </span>
    </p>
   </div>
   <div class='ocr_carea' id='block_1_15' title="bbox 296 1488 1824 1566">
    <p class='ocr_par' dir='ltr' id='par_1_15' title="bbox 296 1488 1824 1566">
     <span class='ocr_line' id='line_1_15' title="bbox 296 1488 1824 1566; baseline 0.005 -23"><span class='ocrx_word' id='word_1_122' title='bbox 296 1490 341 1544; x_wconf 89' lang='grc' dir='ltr'><strong>Ι.</strong></span> <span class='ocrx_word' id='word_1_123' title='bbox 389 1491 602 1546; x_wconf 68' lang='lat' dir='ltr'><strong>Vestrae</strong></span> <span class='ocrx_word' id='word_1_124' title='bbox 655 1488 997 1561; x_wconf 88' lang='lat' dir='ltr'><strong>paternitatis</strong></span> <span class='ocrx_word' id='word_1_125' title='bbox 1029 1489 1345 1547; x_wconf 86' lang='lat' dir='ltr'><strong>excellentia</strong></span> <span class='ocrx_word' id='word_1_126' title='bbox 1387 1493 1698 1563; x_wconf 80' lang='lat' dir='ltr'><strong>nuperrime</strong></span> <span class='ocrx_word' id='word_1_127' title='bbox 1725 1509 1824 1566; x_wconf 90' lang='lat' dir='ltr'><strong>per</strong></span> 
     </span>
    </p>
   </div>
   <div class='ocr_carea' id='block_1_16' title="bbox 224 1583 1825 1658">
    <p class='ocr_par' dir='ltr' id='par_1_16' title="bbox 224 1583 1825 1658">
     <span class='ocr_line' id='line_1_16' title="bbox 224 1583 1825 1658; baseline 0.003 -19"><span class='ocrx_word' id='word_1_128' title='bbox 224 1583 553 1655; x_wconf 80' lang='lat' dir='ltr'><strong>legationem</strong></span> <span class='ocrx_word' id='word_1_129' title='bbox 580 1598 719 1640; x_wconf 65' lang='lat' dir='ltr'><strong>mea;</strong></span> <span class='ocrx_word' id='word_1_130' title='bbox 767 1583 1015 1655; x_wconf 87' lang='lat' dir='ltr'><strong>parvitati</strong></span> <span class='ocrx_word' id='word_1_131' title='bbox 1044 1583 1328 1657; x_wconf 88' lang='lat' dir='ltr'><strong>injungere</strong></span> <span class='ocrx_word' id='word_1_132' title='bbox 1356 1584 1583 1658; x_wconf 81' lang='lat' dir='ltr'><strong>dignata</strong></span> <span class='ocrx_word' id='word_1_133' title='bbox 1629 1594 1732 1657; x_wconf 91' lang='lat' dir='ltr'><strong>est,</strong></span> <span class='ocrx_word' id='word_1_134' title='bbox 1763 1595 1825 1644; x_wconf 90' lang='lat' dir='ltr'><strong>ut</strong></span> 
     </span>
    </p>
   </div>
   <div class='ocr_carea' id='block_1_17' title="bbox 224 1672 1821 1753">
    <p class='ocr_par' dir='ltr' id='par_1_17' title="bbox 224 1672 1821 1753">
     <span class='ocr_line' id='line_1_17' title="bbox 224 1672 1821 1753; baseline 0.004 -20"><span class='ocrx_word' id='word_1_135' title='bbox 224 1676 377 1736; x_wconf 89' lang='lat' dir='ltr'><strong>vobis</strong></span> <span class='ocrx_word' id='word_1_136' title='bbox 426 1672 666 1734; x_wconf 84' lang='lat' dir='ltr'><strong>breviter</strong></span> <span class='ocrx_word' id='word_1_137' title='bbox 707 1676 885 1751; x_wconf 89' lang='lat' dir='ltr'><strong>aliqua</strong></span> <span class='ocrx_word' id='word_1_138' title='bbox 912 1677 1151 1735; x_wconf 87' lang='lat' dir='ltr'><strong>scribere</strong></span> <span class='ocrx_word' id='word_1_139' title='bbox 1185 1676 1522 1749; x_wconf 88' lang='lat' dir='ltr'><strong>festinarem,</strong></span> <span class='ocrx_word' id='word_1_140' title='bbox 1572 1696 1696 1753; x_wconf 72' lang='lat' dir='ltr'><strong>quae</strong></span> <span class='ocrx_word' id='word_1_141' title='bbox 1723 1697 1821 1739; x_wconf 91' lang='lat' dir='ltr'><strong>vo-</strong></span> 
     </span>
    </p>
   </div>
   <div class='ocr_carea' id='block_1_18' title="bbox 224 1770 1824 1850">
    <p class='ocr_par' dir='ltr' id='par_1_18' title="bbox 224 1770 1824 1850">
     <span class='ocr_line' id='line_1_18' title="bbox 224 1770 1824 1850; baseline 0.003 -23"><span class='ocrx_word' id='word_1_142' title='bbox 224 1771 309 1828; x_wconf 92' lang='lat' dir='ltr'><strong>bis</strong></span> <span class='ocrx_word' id='word_1_143' title='bbox 352 1771 409 1828; x_wconf 88' lang='lat' dir='ltr'><strong>in</strong></span> <span class='ocrx_word' id='word_1_144' title='bbox 464 1770 714 1844; x_wconf 86' lang='lat' dir='ltr'><strong>proxime</strong></span> <span class='ocrx_word' id='word_1_145' title='bbox 762 1770 950 1828; x_wconf 87' lang='lat' dir='ltr'><strong>futuro</strong></span> <span class='ocrx_word' id='word_1_146' title='bbox 1009 1771 1204 1829; x_wconf 90' lang='lat' dir='ltr'><strong>domni</strong></span> <span class='ocrx_word' id='word_1_147' title='bbox 1262 1772 1545 1850; x_wconf 88' lang='lat' dir='ltr'><strong>apostolici</strong></span> <span class='ocrx_word' id='word_1_148' title='bbox 1590 1775 1824 1832; x_wconf 90' lang='lat' dir='ltr'><strong>concilio</strong></span> 
     </span>
    </p>
   </div>
   <div class='ocr_carea' id='block_1_19' title="bbox 227 1865 1823 1940">
    <p class='ocr_par' dir='ltr' id='par_1_19' title="bbox 227 1865 1823 1940">
     <span class='ocr_line' id='line_1_19' title="bbox 227 1865 1823 1940; baseline 0.004 -21"><span class='ocrx_word' id='word_1_149' title='bbox 227 1866 408 1936; x_wconf 89' lang='lat'><strong>(1136)</strong></span> <span class='ocrx_word' id='word_1_150' title='bbox 435 1865 743 1922; x_wconf 90' lang='lat' dir='ltr'><strong>necessaria</strong></span> <span class='ocrx_word' id='word_1_151' title='bbox 774 1872 1044 1939; x_wconf 90' lang='lat' dir='ltr'><strong>putarem.</strong></span> <span class='ocrx_word' id='word_1_152' title='bbox 1080 1865 1261 1935; x_wconf 84' lang='lat' dir='ltr'><strong>Quam</strong></span> <span class='ocrx_word' id='word_1_153' title='bbox 1282 1865 1504 1938; x_wconf 89' lang='lat' dir='ltr'><strong>quidem</strong></span> <span class='ocrx_word' id='word_1_154' title='bbox 1530 1867 1823 1940; x_wconf 85' lang='lat' dir='ltr'><strong>injunctio-</strong></span> 
     </span>
    </p>
   </div>
   <div class='ocr_carea' id='block_1_20' title="bbox 224 1959 1821 2033">
    <p class='ocr_par' dir='ltr' id='par_1_20' title="bbox 224 1959 1821 2033">
     <span class='ocr_line' id='line_1_20' title="bbox 224 1959 1821 2033; baseline 0.003 -18"><span class='ocrx_word' id='word_1_155' title='bbox 224 1973 357 2015; x_wconf 92' lang='lat' dir='ltr'><strong>nem</strong></span> <span class='ocrx_word' id='word_1_156' title='bbox 404 1959 652 2030; x_wconf 86' lang='lat' dir='ltr'><strong>quamvis</strong></span> <span class='ocrx_word' id='word_1_157' title='bbox 697 1959 842 2016; x_wconf 91' lang='lat' dir='ltr'><strong>vires</strong></span> <span class='ocrx_word' id='word_1_158' title='bbox 888 1975 1046 2021; x_wconf 81' lang='lat' dir='ltr'><strong>meas</strong></span> <span class='ocrx_word' id='word_1_159' title='bbox 1079 1960 1340 2017; x_wconf 85' lang='lat' dir='ltr'><strong>excedere</strong></span> <span class='ocrx_word' id='word_1_160' title='bbox 1389 1977 1504 2017; x_wconf 93' lang='lat' dir='ltr'><strong>non</strong></span> <span class='ocrx_word' id='word_1_161' title='bbox 1552 1959 1821 2033; x_wconf 86' lang='lat' dir='ltr'><strong>dubitem,</strong></span> 
     </span>
    </p>
   </div>
   <div class='ocr_carea' id='block_1_21' title="bbox 226 2051 1820 2127">
    <p class='ocr_par' dir='ltr' id='par_1_21' title="bbox 226 2051 1820 2127">
     <span class='ocr_line' id='line_1_21' title="bbox 226 2051 1820 2127; baseline 0.003 -19"><span class='ocrx_word' id='word_1_162' title='bbox 226 2051 402 2108; x_wconf 89' lang='lat' dir='ltr'><strong>satius</strong></span> <span class='ocrx_word' id='word_1_163' title='bbox 452 2060 638 2111; x_wconf 90' lang='lat' dir='ltr'><strong>tamen</strong></span> <span class='ocrx_word' id='word_1_164' title='bbox 689 2068 809 2111; x_wconf 91' lang='lat' dir='ltr'><strong>esse</strong></span> <span class='ocrx_word' id='word_1_165' title='bbox 842 2053 1058 2126; x_wconf 85' lang='lat' dir='ltr'><strong>judico,</strong></span> <span class='ocrx_word' id='word_1_166' title='bbox 1106 2069 1196 2111; x_wconf 89' lang='lat' dir='ltr'><strong>me</strong></span> <span class='ocrx_word' id='word_1_167' title='bbox 1232 2052 1290 2109; x_wconf 90' lang='lat' dir='ltr'><strong>in</strong></span> <span class='ocrx_word' id='word_1_168' title='bbox 1342 2055 1645 2127; x_wconf 89' lang='lat' dir='ltr'><strong>periculum</strong></span> <span class='ocrx_word' id='word_1_169' title='bbox 1693 2057 1820 2113; x_wconf 89' lang='lat' dir='ltr'><strong>mit-</strong></span> 
     </span>
    </p>
   </div>
   <div class='ocr_carea' id='block_1_22' title="bbox 225 2147 1825 2222">
    <p class='ocr_par' dir='ltr' id='par_1_22' title="bbox 225 2147 1825 2222">
     <span class='ocr_line' id='line_1_22' title="bbox 225 2147 1825 2222; baseline 0.003 -20"><span class='ocrx_word' id='word_1_170' title='bbox 225 2152 363 2213; x_wconf 85' lang='lat' dir='ltr'><strong>tere,</strong></span> <span class='ocrx_word' id='word_1_171' title='bbox 407 2161 580 2219; x_wconf 89' lang='lat' dir='ltr'><strong>quam</strong></span> <span class='ocrx_word' id='word_1_172' title='bbox 630 2154 826 2205; x_wconf 63' lang='lat' dir='ltr'><strong>vestra:</strong></span> <span class='ocrx_word' id='word_1_173' title='bbox 853 2147 1123 2221; x_wconf 88' lang='lat' dir='ltr'><strong>petitioni,</strong></span> <span class='ocrx_word' id='word_1_174' title='bbox 1154 2147 1270 2205; x_wconf 91' lang='lat' dir='ltr'><strong>imo</strong></span> <span class='ocrx_word' id='word_1_175' title='bbox 1313 2148 1666 2222; x_wconf 88' lang='lat' dir='ltr'><strong>praeceptioni</strong></span> <span class='ocrx_word' id='word_1_176' title='bbox 1708 2165 1825 2207; x_wconf 90' lang='lat' dir='ltr'><strong>non</strong></span> 
     </span>
    </p>
   </div>
   <div class='ocr_carea' id='block_1_23' title="bbox 225 2238 476 2297">
    <p class='ocr_par' dir='ltr' id='par_1_23' title="bbox 225 2238 476 2297">
     <span class='ocr_line' id='line_1_23' title="bbox 225 2238 476 2297; baseline -0.012 0"><span class='ocrx_word' id='word_1_177' title='bbox 225 2238 476 2297; x_wconf 89' lang='lat' dir='ltr'><strong>obedire.</strong></span> 
     </span>
    </p>
   </div>
   <div class='ocr_carea' id='block_1_24' title="bbox 300 2333 1827 2409">
    <p class='ocr_par' dir='ltr' id='par_1_24' title="bbox 300 2333 1827 2409">
     <span class='ocr_line' id='line_1_24' title="bbox 300 2333 1827 2409; baseline 0.001 -18"><span class='ocrx_word' id='word_1_178' title='bbox 300 2334 372 2391; x_wconf 88' lang='lat' dir='ltr'><strong>II.</strong></span> <span class='ocrx_word' id='word_1_179' title='bbox 398 2336 483 2390; x_wconf 92' lang='lat' dir='ltr'><strong>De</strong></span> <span class='ocrx_word' id='word_1_180' title='bbox 510 2333 598 2391; x_wconf 89' lang='lat' dir='ltr'><strong>his</strong></span> <span class='ocrx_word' id='word_1_181' title='bbox 632 2348 785 2408; x_wconf 92' lang='lat' dir='ltr'><strong>ergo,</strong></span> <span class='ocrx_word' id='word_1_182' title='bbox 839 2335 934 2408; x_wconf 85' lang='lat' dir='ltr'><strong>qui</strong></span> <span class='ocrx_word' id='word_1_183' title='bbox 965 2333 1235 2393; x_wconf 85' lang='lat' dir='ltr'><strong>hactenus</strong></span> <span class='ocrx_word' id='word_1_184' title='bbox 1259 2336 1407 2409; x_wconf 90' lang='lat' dir='ltr'><strong>apud</strong></span> <span class='ocrx_word' id='word_1_185' title='bbox 1451 2336 1827 2395; x_wconf 91' lang='lat' dir='ltr'><strong>excommuni-</strong></span> 
     </span>
    </p>
   </div>
   <div class='ocr_carea' id='block_1_25' title="bbox 1927 1212 3507 1283">
    <p class='ocr_par' dir='ltr' id='par_1_25' title="bbox 1927 1212 3507 1283">
     <span class='ocr_line' id='line_1_25' title="bbox 1927 1212 3507 1283; baseline 0.001 -17"><span class='ocrx_word' id='word_1_186' title='bbox 1927 1212 2121 1268; x_wconf 85' lang='lat' dir='ltr'><strong>habitu</strong></span> <span class='ocrx_word' id='word_1_187' title='bbox 2134 1216 2492 1282; x_wconf 78' lang='lat' dir='ltr'><strong>perseverent.</strong></span> <span class='ocrx_word' id='word_1_188' title='bbox 2521 1214 2591 1268; x_wconf 89' lang='lat' dir='ltr'><strong>Et</strong></span> <span class='ocrx_word' id='word_1_189' title='bbox 2618 1212 2819 1268; x_wconf 88' lang='lat' dir='ltr'><strong>iterum</strong></span> <span class='ocrx_word' id='word_1_190' title='bbox 2847 1213 3189 1269; x_wconf 85' lang='lat' dir='ltr'><strong>:Providebit</strong></span> <span class='ocrx_word' id='word_1_191' title='bbox 3213 1213 3507 1283; x_wconf 88' lang='lat' dir='ltr'><strong>episcopus,</strong></span> 
     </span>
    </p>
   </div>
   <div class='ocr_carea' id='block_1_26' title="bbox 1926 1303 3513 1376">
    <p class='ocr_par' dir='ltr' id='par_1_26' title="bbox 1926 1303 3513 1376">
     <span class='ocr_line' id='line_1_26' title="bbox 1926 1303 3513 1376; baseline 0 -17"><span class='ocrx_word' id='word_1_192' title='bbox 1926 1309 1988 1360; x_wconf 90' lang='lat' dir='ltr'><strong>ut</strong></span> <span class='ocrx_word' id='word_1_193' title='bbox 2014 1307 2072 1360; x_wconf 88' lang='lat' dir='ltr'><strong>in</strong></span> <span class='ocrx_word' id='word_1_194' title='bbox 2107 1306 2242 1361; x_wconf 88' lang='lat' dir='ltr'><strong>clero</strong></span> <span class='ocrx_word' id='word_1_195' title='bbox 2271 1320 2497 1376; x_wconf 82' lang='lat' dir='ltr'><strong>prorsus</strong></span> <span class='ocrx_word' id='word_1_196' title='bbox 2525 1321 2635 1361; x_wconf 90' lang='lat' dir='ltr'><strong>esse</strong></span> <span class='ocrx_word' id='word_1_197' title='bbox 2652 1306 2960 1361; x_wconf 80' lang='lat' dir='ltr'><strong>videantur.</strong></span> <span class='ocrx_word' id='word_1_198' title='bbox 2991 1305 3065 1360; x_wconf 88' lang='lat' dir='ltr'><strong>Hi</strong></span> <span class='ocrx_word' id='word_1_199' title='bbox 3090 1312 3273 1360; x_wconf 91' lang='lat' dir='ltr'><strong>autem</strong></span> <span class='ocrx_word' id='word_1_200' title='bbox 3295 1303 3513 1361; x_wconf 87' lang='lat' dir='ltr'><strong>Cathari</strong></span> 
     </span>
    </p>
   </div>
   <div class='ocr_carea' id='block_1_27' title="bbox 1926 1396 3515 1472">
    <p class='ocr_par' dir='ltr' id='par_1_27' title="bbox 1926 1396 3515 1472">
     <span class='ocr_line' id='line_1_27' title="bbox 1926 1396 3515 1472; baseline -0.001 -18"><span class='ocrx_word' id='word_1_201' title='bbox 1926 1398 2039 1454; x_wconf 86' lang='lat' dir='ltr'><strong>sive</strong></span> <span class='ocrx_word' id='word_1_202' title='bbox 2067 1399 2354 1455; x_wconf 83' lang='lat' dir='ltr'><strong>Novatiani</strong></span> <span class='ocrx_word' id='word_1_203' title='bbox 2400 1407 2698 1456; x_wconf 86' lang='lat' dir='ltr'><strong>sectatores</strong></span> <span class='ocrx_word' id='word_1_204' title='bbox 2745 1398 2965 1455; x_wconf 84' lang='lat' dir='ltr'><strong>fuerunt</strong></span> <span class='ocrx_word' id='word_1_205' title='bbox 2994 1397 3285 1472; x_wconf 89' lang='lat' dir='ltr'><strong>cujusdam</strong></span> <span class='ocrx_word' id='word_1_206' title='bbox 3340 1396 3515 1455; x_wconf 64' lang='lat' dir='ltr'><strong>haere-</strong></span> 
     </span>
    </p>
   </div>
   <div class='ocr_carea' id='block_1_28' title="bbox 1927 1490 3518 1565">
    <p class='ocr_par' dir='ltr' id='par_1_28' title="bbox 1927 1490 3518 1565">
     <span class='ocr_line' id='line_1_28' title="bbox 1927 1490 3518 1565; baseline -0.001 -17"><span class='ocrx_word' id='word_1_207' title='bbox 1927 1490 2151 1548; x_wconf 71' lang='lat' dir='ltr'><strong>siarchaa</strong></span> <span class='ocrx_word' id='word_1_208' title='bbox 2178 1492 2373 1548; x_wconf 90' lang='lat' dir='ltr'><strong>Novati</strong></span> <span class='ocrx_word' id='word_1_209' title='bbox 2416 1494 2619 1565; x_wconf 87' lang='lat'><strong>(1137),</strong></span> <span class='ocrx_word' id='word_1_210' title='bbox 2660 1492 2750 1565; x_wconf 89' lang='lat' dir='ltr'><strong>qui</strong></span> <span class='ocrx_word' id='word_1_211' title='bbox 2777 1507 2907 1550; x_wconf 89' lang='lat' dir='ltr'><strong>cum</strong></span> <span class='ocrx_word' id='word_1_212' title='bbox 2962 1494 3025 1551; x_wconf 91' lang='lat' dir='ltr'><strong>B.</strong></span> <span class='ocrx_word' id='word_1_213' title='bbox 3077 1491 3326 1549; x_wconf 91' lang='lat' dir='ltr'><strong>Cornelio</strong></span> <span class='ocrx_word' id='word_1_214' title='bbox 3382 1505 3518 1563; x_wconf 88' lang='lat' dir='ltr'><strong>papa</strong></span> 
     </span>
    </p>
   </div>
   <div class='ocr_carea' id='block_1_29' title="bbox 1929 1585 3515 1660">
    <p class='ocr_par' dir='ltr' id='par_1_29' title="bbox 1929 1585 3515 1660">
     <span class='ocr_line' id='line_1_29' title="bbox 1929 1585 3515 1660; baseline 0.001 -19"><span class='ocrx_word' id='word_1_215' title='bbox 1929 1601 2026 1658; x_wconf 90' lang='lat' dir='ltr'><strong>per</strong></span> <span class='ocrx_word' id='word_1_216' title='bbox 2045 1587 2451 1644; x_wconf 88' lang='lat' dir='ltr'><strong>contentionem</strong></span> <span class='ocrx_word' id='word_1_217' title='bbox 2474 1586 2759 1644; x_wconf 88' lang='lat' dir='ltr'><strong>ordinatus</strong></span> <span class='ocrx_word' id='word_1_218' title='bbox 2792 1587 3000 1660; x_wconf 88' lang='lat' dir='ltr'><strong>legitur,</strong></span> <span class='ocrx_word' id='word_1_219' title='bbox 3030 1587 3172 1643; x_wconf 90' lang='lat' dir='ltr'><strong>sicut</strong></span> <span class='ocrx_word' id='word_1_220' title='bbox 3196 1594 3251 1642; x_wconf 89' lang='lat' dir='ltr'><strong>et</strong></span> <span class='ocrx_word' id='word_1_221' title='bbox 3290 1585 3515 1643; x_wconf 88' lang='lat' dir='ltr'><strong>Wiber-</strong></span> 
     </span>
    </p>
   </div>
   <div class='ocr_carea' id='block_1_30' title="bbox 1926 1679 3516 1752">
    <p class='ocr_par' dir='ltr' id='par_1_30' title="bbox 1926 1679 3516 1752">
     <span class='ocr_line' id='line_1_30' title="bbox 1926 1679 3516 1752; baseline -0.001 -14"><span class='ocrx_word' id='word_1_222' title='bbox 1926 1688 2018 1738; x_wconf 89' lang='lat' dir='ltr'><strong>tus</strong></span> <span class='ocrx_word' id='word_1_223' title='bbox 2039 1680 2375 1752; x_wconf 88' lang='lat' dir='ltr'><strong>(Guibertus)</strong></span> <span class='ocrx_word' id='word_1_224' title='bbox 2403 1680 2764 1739; x_wconf 75' lang='lat' dir='ltr'><strong>baeresiarcba</strong></span> <span class='ocrx_word' id='word_1_225' title='bbox 2789 1697 2916 1738; x_wconf 90' lang='lat' dir='ltr'><strong>cum</strong></span> <span class='ocrx_word' id='word_1_226' title='bbox 2966 1679 3265 1738; x_wconf 88' lang='lat' dir='ltr'><strong>venerabili</strong></span> <span class='ocrx_word' id='word_1_227' title='bbox 3304 1680 3516 1751; x_wconf 84' lang='lat' dir='ltr'><strong>Grego-</strong></span> 
     </span>
    </p>
   </div>
   <div class='ocr_carea' id='block_1_31' title="bbox 1930 1772 3519 1848">
    <p class='ocr_par' dir='ltr' id='par_1_31' title="bbox 1930 1772 3519 1848">
     <span class='ocr_line' id='line_1_31' title="bbox 1930 1772 3519 1848; baseline -0.001 -18"><span class='ocrx_word' id='word_1_228' title='bbox 1930 1773 2010 1831; x_wconf 91' lang='lat' dir='ltr'><strong>rio</strong></span> <span class='ocrx_word' id='word_1_229' title='bbox 2035 1788 2193 1848; x_wconf 90' lang='lat' dir='ltr'><strong>papa.</strong></span> <span class='ocrx_word' id='word_1_230' title='bbox 2247 1775 2319 1832; x_wconf 86' lang='lat' dir='ltr'><strong>Hi</strong></span> <span class='ocrx_word' id='word_1_231' title='bbox 2363 1773 2529 1831; x_wconf 87' lang='lat' dir='ltr'><strong>etiam</strong></span> <span class='ocrx_word' id='word_1_232' title='bbox 2558 1790 2675 1833; x_wconf 90' lang='lat' dir='ltr'><strong>non</strong></span> <span class='ocrx_word' id='word_1_233' title='bbox 2702 1775 2883 1833; x_wconf 92' lang='lat' dir='ltr'><strong>solum</strong></span> <span class='ocrx_word' id='word_1_234' title='bbox 2926 1774 3311 1841; x_wconf 90' lang='lat' dir='ltr'><strong>ecclesiastico,</strong></span> <span class='ocrx_word' id='word_1_235' title='bbox 3340 1772 3436 1830; x_wconf 89' lang='lat' dir='ltr'><strong>sed</strong></span> <span class='ocrx_word' id='word_1_236' title='bbox 3465 1779 3519 1829; x_wconf 87' lang='lat' dir='ltr'><strong>et</strong></span> 
     </span>
    </p>
   </div>
   <div class='ocr_carea' id='block_1_32' title="bbox 1930 1866 3520 1942">
    <p class='ocr_par' dir='ltr' id='par_1_32' title="bbox 1930 1866 3520 1942">
     <span class='ocr_line' id='line_1_32' title="bbox 1930 1866 3520 1942; baseline -0.001 -18"><span class='ocrx_word' id='word_1_237' title='bbox 1930 1869 2152 1940; x_wconf 90' lang='lat' dir='ltr'><strong>proprio</strong></span> <span class='ocrx_word' id='word_1_238' title='bbox 2173 1869 2588 1942; x_wconf 89' lang='lat' dir='ltr'><strong>eorumjudicio</strong></span> <span class='ocrx_word' id='word_1_239' title='bbox 2641 1869 2992 1927; x_wconf 88' lang='lat' dir='ltr'><strong>condemnati</strong></span> <span class='ocrx_word' id='word_1_240' title='bbox 3018 1871 3086 1925; x_wconf 92' lang='lat' dir='ltr'><strong>ab</strong></span> <span class='ocrx_word' id='word_1_241' title='bbox 3134 1867 3375 1925; x_wconf 87' lang='lat' dir='ltr'><strong>Ecclesia</strong></span> <span class='ocrx_word' id='word_1_242' title='bbox 3404 1866 3520 1923; x_wconf 86' lang='lat' dir='ltr'><strong>dis-</strong></span> 
     </span>
    </p>
   </div>
   <div class='ocr_carea' id='block_1_33' title="bbox 1929 1961 3523 2036">
    <p class='ocr_par' dir='ltr' id='par_1_33' title="bbox 1929 1961 3523 2036">
     <span class='ocr_line' id='line_1_33' title="bbox 1929 1961 3523 2036; baseline -0.001 -18"><span class='ocrx_word' id='word_1_243' title='bbox 1929 1971 2230 2033; x_wconf 86' lang='lat' dir='ltr'><strong>cesserunt,</strong></span> <span class='ocrx_word' id='word_1_244' title='bbox 2261 1963 2383 2019; x_wconf 89' lang='lat' dir='ltr'><strong>etin</strong></span> <span class='ocrx_word' id='word_1_245' title='bbox 2406 1971 2727 2036; x_wconf 89' lang='lat' dir='ltr'><strong>perpetuam</strong></span> <span class='ocrx_word' id='word_1_246' title='bbox 2760 1979 2953 2020; x_wconf 90' lang='lat' dir='ltr'><strong>eorum</strong></span> <span class='ocrx_word' id='word_1_247' title='bbox 2993 1961 3374 2019; x_wconf 86' lang='lat' dir='ltr'><strong>confusionem</strong></span> <span class='ocrx_word' id='word_1_248' title='bbox 3402 1976 3523 2033; x_wconf 89' lang='lat' dir='ltr'><strong>pro-</strong></span> 
     </span>
    </p>
   </div>
   <div class='ocr_carea' id='block_1_34' title="bbox 1929 2055 3525 2129">
    <p class='ocr_par' dir='ltr' id='par_1_34' title="bbox 1929 2055 3525 2129">
     <span class='ocr_line' id='line_1_34' title="bbox 1929 2055 3525 2129; baseline 0.001 -19"><span class='ocrx_word' id='word_1_249' title='bbox 1929 2055 2030 2126; x_wconf 86' lang='lat' dir='ltr'><strong>prii</strong></span> <span class='ocrx_word' id='word_1_250' title='bbox 2093 2057 2332 2113; x_wconf 92' lang='lat' dir='ltr'><strong>nominis</strong></span> <span class='ocrx_word' id='word_1_251' title='bbox 2379 2057 2639 2114; x_wconf 73' lang='lat' dir='ltr'><strong>haeresim</strong></span> <span class='ocrx_word' id='word_1_252' title='bbox 2685 2056 3094 2114; x_wconf 91' lang='lat' dir='ltr'><strong>condiderunt:</strong></span> <span class='ocrx_word' id='word_1_253' title='bbox 3144 2071 3283 2129; x_wconf 90' lang='lat' dir='ltr'><strong>quos</strong></span> <span class='ocrx_word' id='word_1_254' title='bbox 3337 2063 3525 2112; x_wconf 90' lang='lat' dir='ltr'><strong>tamen</strong></span> 
     </span>
    </p>
   </div>
   <div class='ocr_carea' id='block_1_35' title="bbox 1930 2148 3525 2220">
    <p class='ocr_par' dir='ltr' id='par_1_35' title="bbox 1930 2148 3525 2220">
     <span class='ocr_line' id='line_1_35' title="bbox 1930 2148 3525 2220; baseline 0 -15"><span class='ocrx_word' id='word_1_255' title='bbox 1930 2162 2223 2206; x_wconf 90' lang='lat' dir='ltr'><strong>conversos</strong></span> <span class='ocrx_word' id='word_1_256' title='bbox 2256 2150 2348 2206; x_wconf 91' lang='lat' dir='ltr'><strong>SS.</strong></span> <span class='ocrx_word' id='word_1_257' title='bbox 2382 2152 2570 2206; x_wconf 88' lang='lat' dir='ltr'><strong>Patres</strong></span> <span class='ocrx_word' id='word_1_258' title='bbox 2598 2165 2725 2207; x_wconf 91' lang='lat' dir='ltr'><strong>cum</strong></span> <span class='ocrx_word' id='word_1_259' title='bbox 2756 2148 2949 2206; x_wconf 86' lang='lat' dir='ltr'><strong>ordine</strong></span> <span class='ocrx_word' id='word_1_260' title='bbox 2983 2156 3364 2220; x_wconf 88' lang='lat' dir='ltr'><strong>susceperunt,</strong></span> <span class='ocrx_word' id='word_1_261' title='bbox 3410 2164 3525 2205; x_wconf 92' lang='lat' dir='ltr'><strong>non</strong></span> 
     </span>
    </p>
   </div>
   <div class='ocr_carea' id='block_1_36' title="bbox 1931 2241 3563 2315">
    <p class='ocr_par' dir='ltr' id='par_1_36' title="bbox 1931 2241 3563 2315">
     <span class='ocr_line' id='line_1_36' title="bbox 1931 2241 3563 2315; baseline 0.001 -17"><span class='ocrx_word' id='word_1_262' title='bbox 1931 2241 2121 2314; x_wconf 88' lang='lat' dir='ltr'><strong>utique</strong></span> <span class='ocrx_word' id='word_1_263' title='bbox 2148 2243 2349 2300; x_wconf 89' lang='lat' dir='ltr'><strong>iterum</strong></span> <span class='ocrx_word' id='word_1_264' title='bbox 2402 2243 2804 2301; x_wconf 89' lang='lat' dir='ltr'><strong>ordinaverunt.</strong></span> <span class='ocrx_word' id='word_1_265' title='bbox 2837 2246 2935 2299; x_wconf 89' lang='lat' dir='ltr'><strong>Est</strong></span> <span class='ocrx_word' id='word_1_266' title='bbox 2967 2258 3098 2315; x_wconf 90' lang='lat' dir='ltr'><strong>ergo</strong></span> <span class='ocrx_word' id='word_1_267' title='bbox 3126 2241 3259 2299; x_wconf 85' lang='lat' dir='ltr'><strong>satis</strong></span> <span class='ocrx_word' id='word_1_268' title='bbox 3301 2241 3532 2299; x_wconf 88' lang='lat' dir='ltr'><strong>rationa-</strong></span> <span class='ocrx_word' id='word_1_269' title='bbox 3550 2256 3563 2261; x_wconf 47' lang='grc' dir='ltr'><strong>ί</strong></span> 
     </span>
    </p>
   </div>
   <div class='ocr_carea' id='block_1_37' title="bbox 1930 2334 3529 2407">
    <p class='ocr_par' dir='ltr' id='par_1_37' title="bbox 1930 2334 3529 2407">
     <span class='ocr_line' id='line_1_37' title="bbox 1930 2334 3529 2407; baseline 0.001 -17"><span class='ocrx_word' id='word_1_270' title='bbox 1930 2334 2057 2404; x_wconf 90' lang='lat' dir='ltr'><strong>bile,</strong></span> <span class='ocrx_word' id='word_1_271' title='bbox 2082 2343 2146 2392; x_wconf 90' lang='lat' dir='ltr'><strong>ut</strong></span> <span class='ocrx_word' id='word_1_272' title='bbox 2163 2344 2220 2393; x_wconf 89' lang='lat' dir='ltr'><strong>et</strong></span> <span class='ocrx_word' id='word_1_273' title='bbox 2246 2351 2348 2393; x_wconf 90' lang='lat' dir='ltr'><strong>nos</strong></span> <span class='ocrx_word' id='word_1_274' title='bbox 2377 2335 2533 2393; x_wconf 90' lang='lat' dir='ltr'><strong>illum</strong></span> <span class='ocrx_word' id='word_1_275' title='bbox 2564 2336 2795 2394; x_wconf 90' lang='lat' dir='ltr'><strong>modum</strong></span> <span class='ocrx_word' id='word_1_276' title='bbox 2843 2336 2903 2392; x_wconf 90' lang='lat' dir='ltr'><strong>in</strong></span> <span class='ocrx_word' id='word_1_277' title='bbox 2920 2335 3231 2407; x_wconf 88' lang='lat' dir='ltr'><strong>receptione</strong></span> <span class='ocrx_word' id='word_1_278' title='bbox 3258 2334 3529 2393; x_wconf 86' lang='lat' dir='ltr'><strong>Wiberti-</strong></span> 
     </span>
    </p>
   </div>
   <div class='ocr_carea' id='block_1_38' title="bbox 227 2427 3530 2504">
    <p class='ocr_par' dir='ltr' id='par_1_38' title="bbox 227 2427 3530 2504">
     <span class='ocr_line' id='line_1_38' title="bbox 227 2427 3530 2504; baseline 0 -19"><span class='ocrx_word' id='word_1_279' title='bbox 227 2434 381 2485; x_wconf 86' lang='lat' dir='ltr'><strong>catos</strong></span> <span class='ocrx_word' id='word_1_280' title='bbox 416 2427 655 2485; x_wconf 88' lang='lat' dir='ltr'><strong>ordinati</strong></span> <span class='ocrx_word' id='word_1_281' title='bbox 683 2436 836 2497; x_wconf 90' lang='lat' dir='ltr'><strong>sunt,</strong></span> <span class='ocrx_word' id='word_1_282' title='bbox 861 2429 917 2485; x_wconf 91' lang='lat' dir='ltr'><strong>in</strong></span> <span class='ocrx_word' id='word_1_283' title='bbox 940 2429 1028 2486; x_wconf 90' lang='lat' dir='ltr'><strong>illa</strong></span> <span class='ocrx_word' id='word_1_284' title='bbox 1058 2429 1268 2502; x_wconf 88' lang='lat' dir='ltr'><strong>synodo</strong></span> <span class='ocrx_word' id='word_1_285' title='bbox 1295 2430 1676 2488; x_wconf 89' lang='lat' dir='ltr'><strong>ventilandum</strong></span> <span class='ocrx_word' id='word_1_286' title='bbox 1706 2447 1825 2488; x_wconf 87' lang='lat' dir='ltr'><strong>esse</strong></span> <span class='ocrx_word' id='word_1_287' title='bbox 1865 2492 1907 2504; x_wconf 40' lang='lat' dir='ltr'><strong>ﬁ</strong></span> <span class='ocrx_word' id='word_1_288' title='bbox 1933 2437 2144 2486; x_wconf 88' lang='lat' dir='ltr'><strong>starum</strong></span> <span class='ocrx_word' id='word_1_289' title='bbox 2189 2430 2365 2502; x_wconf 82' lang='lat'><strong>(1138)</strong></span> <span class='ocrx_word' id='word_1_290' title='bbox 2407 2437 2712 2500; x_wconf 90' lang='lat' dir='ltr'><strong>teneamus,</strong></span> <span class='ocrx_word' id='word_1_291' title='bbox 2771 2444 2936 2504; x_wconf 90' lang='lat' dir='ltr'><strong>quem</strong></span> <span class='ocrx_word' id='word_1_292' title='bbox 2986 2437 3207 2487; x_wconf 88' lang='lat' dir='ltr'><strong>sanctos</strong></span> <span class='ocrx_word' id='word_1_293' title='bbox 3253 2432 3444 2487; x_wconf 89' lang='lat' dir='ltr'><strong>Patres</strong></span> <span class='ocrx_word' id='word_1_294' title='bbox 3472 2429 3530 2485; x_wconf 89' lang='lat' dir='ltr'><strong>in</strong></span> 
     </span>
    </p>
   </div>
   <div class='ocr_carea' id='block_1_39' title="bbox 227 2492 3532 2597">
    <p class='ocr_par' dir='ltr' id='par_1_39' title="bbox 227 2492 3532 2597">
     <span class='ocr_line' id='line_1_39' title="bbox 227 2492 3532 2597; baseline 0.001 -18"><span class='ocrx_word' id='word_1_295' title='bbox 227 2537 340 2579; x_wconf 90' lang='lat' dir='ltr'><strong>non</strong></span> <span class='ocrx_word' id='word_1_296' title='bbox 362 2520 572 2592; x_wconf 90' lang='lat' dir='ltr'><strong>dubito,</strong></span> <span class='ocrx_word' id='word_1_297' title='bbox 610 2522 846 2596; x_wconf 86' lang='lat' dir='ltr'><strong>qualiter</strong></span> <span class='ocrx_word' id='word_1_298' title='bbox 872 2522 928 2579; x_wconf 91' lang='lat' dir='ltr'><strong>in</strong></span> <span class='ocrx_word' id='word_1_299' title='bbox 969 2522 1277 2581; x_wconf 87' lang='lat' dir='ltr'><strong>Ecclesiam</strong></span> <span class='ocrx_word' id='word_1_300' title='bbox 1324 2524 1623 2597; x_wconf 89' lang='lat' dir='ltr'><strong>recipiendi</strong></span> <span class='ocrx_word' id='word_1_301' title='bbox 1676 2533 1825 2582; x_wconf 89' lang='lat' dir='ltr'><strong>sunt.</strong></span> <span class='ocrx_word' id='word_1_302' title='bbox 1864 2492 1911 2555; x_wconf 79' lang='grc' dir='ltr'><strong>Β</strong></span> <span class='ocrx_word' id='word_1_303' title='bbox 1935 2537 2129 2579; x_wconf 88' lang='lat' dir='ltr'><strong>eorum</strong></span> <span class='ocrx_word' id='word_1_304' title='bbox 2157 2522 2430 2580; x_wconf 89' lang='lat' dir='ltr'><strong>similibus</strong></span> <span class='ocrx_word' id='word_1_305' title='bbox 2455 2524 2711 2591; x_wconf 87' lang='lat' dir='ltr'><strong>tenuisse,</strong></span> <span class='ocrx_word' id='word_1_306' title='bbox 2741 2530 2795 2579; x_wconf 90' lang='lat' dir='ltr'><strong>et</strong></span> <span class='ocrx_word' id='word_1_307' title='bbox 2813 2522 3115 2581; x_wconf 89' lang='lat' dir='ltr'><strong>tenendum</strong></span> <span class='ocrx_word' id='word_1_308' title='bbox 3138 2522 3532 2597; x_wconf 65' lang='lat' dir='ltr'><strong>praescripsisse</strong></span> 
     </span>
    </p>
   </div>
   <div class='ocr_carea' id='block_1_40' title="bbox 226 2615 1822 2689">
    <p class='ocr_par' dir='ltr' id='par_1_40' title="bbox 226 2615 1822 2689">
     <span class='ocr_line' id='line_1_40' title="bbox 226 2615 1822 2689; baseline -0.001 -14"><span class='ocrx_word' id='word_1_309' title='bbox 226 2615 391 2675; x_wconf 89' lang='lat' dir='ltr'><strong>Unde</strong></span> <span class='ocrx_word' id='word_1_310' title='bbox 445 2631 549 2689; x_wconf 88' lang='lat' dir='ltr'><strong>ego</strong></span> <span class='ocrx_word' id='word_1_311' title='bbox 585 2624 764 2674; x_wconf 89' lang='lat' dir='ltr'><strong>vester</strong></span> <span class='ocrx_word' id='word_1_312' title='bbox 812 2616 977 2674; x_wconf 90' lang='lat' dir='ltr'><strong>cliens</strong></span> <span class='ocrx_word' id='word_1_313' title='bbox 1028 2615 1375 2675; x_wconf 86' lang='lat' dir='ltr'><strong>authenticas</strong></span> <span class='ocrx_word' id='word_1_314' title='bbox 1415 2618 1730 2675; x_wconf 89' lang='lat' dir='ltr'><strong>sanctiones</strong></span> <span class='ocrx_word' id='word_1_315' title='bbox 1756 2619 1822 2674; x_wconf 91' lang='lat' dir='ltr'><strong>de</strong></span> 
     </span>
    </p>
   </div>
   <div class='ocr_carea' id='block_1_41' title="bbox 229 2709 1825 2785">
    <p class='ocr_par' dir='ltr' id='par_1_41' title="bbox 229 2709 1825 2785">
     <span class='ocr_line' id='line_1_41' title="bbox 229 2709 1825 2785; baseline 0 -18"><span class='ocrx_word' id='word_1_316' title='bbox 229 2709 333 2767; x_wconf 88' lang='lat' dir='ltr'><strong>hac</strong></span> <span class='ocrx_word' id='word_1_317' title='bbox 359 2725 521 2767; x_wconf 91' lang='lat' dir='ltr'><strong>causa</strong></span> <span class='ocrx_word' id='word_1_318' title='bbox 541 2709 800 2785; x_wconf 88' lang='lat' dir='ltr'><strong>singulari</strong></span> <span class='ocrx_word' id='word_1_319' title='bbox 827 2710 1112 2784; x_wconf 88' lang='lat' dir='ltr'><strong>diligentia</strong></span> <span class='ocrx_word' id='word_1_320' title='bbox 1142 2712 1462 2785; x_wconf 89' lang='lat' dir='ltr'><strong>perquirens</strong></span> <span class='ocrx_word' id='word_1_321' title='bbox 1485 2715 1619 2769; x_wconf 87' lang='lat' dir='ltr'><strong>satis</strong></span> <span class='ocrx_word' id='word_1_322' title='bbox 1646 2712 1825 2768; x_wconf 88' lang='lat' dir='ltr'><strong>abun-</strong></span> 
     </span>
    </p>
   </div>
   <div class='ocr_carea' id='block_1_42' title="bbox 232 2803 1825 2878">
    <p class='ocr_par' dir='ltr' id='par_1_42' title="bbox 232 2803 1825 2878">
     <span class='ocr_line' id='line_1_42' title="bbox 232 2803 1825 2878; baseline 0.001 -17"><span class='ocrx_word' id='word_1_323' title='bbox 232 2803 435 2862; x_wconf 86' lang='lat' dir='ltr'><strong>danter</strong></span> <span class='ocrx_word' id='word_1_324' title='bbox 477 2819 863 2878; x_wconf 87' lang='lat' dir='ltr'><strong>usquequaque</strong></span> <span class='ocrx_word' id='word_1_325' title='bbox 921 2805 1133 2873; x_wconf 86' lang='lat' dir='ltr'><strong>inveni,</strong></span> <span class='ocrx_word' id='word_1_326' title='bbox 1196 2804 1345 2878; x_wconf 89' lang='lat' dir='ltr'><strong>quod</strong></span> <span class='ocrx_word' id='word_1_327' title='bbox 1389 2805 1571 2863; x_wconf 90' lang='lat' dir='ltr'><strong>nullus</strong></span> <span class='ocrx_word' id='word_1_328' title='bbox 1631 2821 1825 2862; x_wconf 91' lang='lat' dir='ltr'><strong>eorum</strong></span> 
     </span>
    </p>
   </div>
   <div class='ocr_carea' id='block_1_43' title="bbox 223 2897 1828 2972">
    <p class='ocr_par' dir='ltr' id='par_1_43' title="bbox 223 2897 1828 2972">
     <span class='ocr_line' id='line_1_43' title="bbox 223 2897 1828 2972; baseline -0.001 -17"><span class='ocrx_word' id='word_1_329' title='bbox 223 2897 380 2969; x_wconf 82' lang='lat' dir='ltr'><strong>juxta</strong></span> <span class='ocrx_word' id='word_1_330' title='bbox 408 2898 644 2972; x_wconf 88' lang='lat' dir='ltr'><strong>rigorem</strong></span> <span class='ocrx_word' id='word_1_331' title='bbox 664 2898 994 2955; x_wconf 90' lang='lat' dir='ltr'><strong>canonicum</strong></span> <span class='ocrx_word' id='word_1_332' title='bbox 1024 2899 1082 2955; x_wconf 91' lang='lat' dir='ltr'><strong>in</strong></span> <span class='ocrx_word' id='word_1_333' title='bbox 1111 2899 1351 2956; x_wconf 87' lang='lat' dir='ltr'><strong>Ecclesia</strong></span> <span class='ocrx_word' id='word_1_334' title='bbox 1393 2898 1642 2957; x_wconf 82' lang='lat' dir='ltr'><strong>ofﬁcium</strong></span> <span class='ocrx_word' id='word_1_335' title='bbox 1682 2900 1828 2957; x_wconf 88' lang='lat' dir='ltr'><strong>ordi-</strong></span> 
     </span>
    </p>
   </div>
   <div class='ocr_carea' id='block_1_44' title="bbox 230 2991 1829 3065">
    <p class='ocr_par' dir='ltr' id='par_1_44' title="bbox 230 2991 1829 3065">
     <span class='ocr_line' id='line_1_44' title="bbox 230 2991 1829 3065; baseline 0.001 -17"><span class='ocrx_word' id='word_1_336' title='bbox 230 2991 323 3048; x_wconf 89' lang='lat' dir='ltr'><strong>nis</strong></span> <span class='ocrx_word' id='word_1_337' title='bbox 374 2991 764 3051; x_wconf 83' lang='lat' dir='ltr'><strong>administraro</strong></span> <span class='ocrx_word' id='word_1_338' title='bbox 814 2992 1032 3063; x_wconf 87' lang='lat' dir='ltr'><strong>debeat,</strong></span> <span class='ocrx_word' id='word_1_339' title='bbox 1059 3008 1228 3065; x_wconf 89' lang='lat' dir='ltr'><strong>quem</strong></span> <span class='ocrx_word' id='word_1_340' title='bbox 1278 2992 1335 3049; x_wconf 88' lang='lat' dir='ltr'><strong>in</strong></span> <span class='ocrx_word' id='word_1_341' title='bbox 1390 2993 1829 3051; x_wconf 86' lang='lat' dir='ltr'><strong>excommunica-</strong></span> 
     </span>
    </p>
   </div>
   <div class='ocr_carea' id='block_1_45' title="bbox 230 3085 1830 3160">
    <p class='ocr_par' dir='ltr' id='par_1_45' title="bbox 230 3085 1830 3160">
     <span class='ocr_line' id='line_1_45' title="bbox 230 3085 1830 3160; baseline 0.002 -19"><span class='ocrx_word' id='word_1_342' title='bbox 230 3085 385 3143; x_wconf 90' lang='lat' dir='ltr'><strong>tione</strong></span> <span class='ocrx_word' id='word_1_343' title='bbox 405 3095 699 3158; x_wconf 88' lang='lat' dir='ltr'><strong>acceperat.</strong></span> <span class='ocrx_word' id='word_1_344' title='bbox 737 3085 845 3144; x_wconf 89' lang='lat' dir='ltr'><strong>Sed</strong></span> <span class='ocrx_word' id='word_1_345' title='bbox 887 3087 1017 3160; x_wconf 90' lang='lat' dir='ltr'><strong>quia</strong></span> <span class='ocrx_word' id='word_1_346' title='bbox 1069 3086 1239 3145; x_wconf 91' lang='lat' dir='ltr'><strong>modo</strong></span> <span class='ocrx_word' id='word_1_347' title='bbox 1268 3103 1483 3144; x_wconf 91' lang='lat' dir='ltr'><strong>summa</strong></span> <span class='ocrx_word' id='word_1_348' title='bbox 1532 3088 1830 3145; x_wconf 86' lang='lat' dir='ltr'><strong>necessitas</strong></span> 
     </span>
    </p>
   </div>
   <div class='ocr_carea' id='block_1_46' title="bbox 230 3178 1829 3255">
    <p class='ocr_par' dir='ltr' id='par_1_46' title="bbox 230 3178 1829 3255">
     <span class='ocr_line' id='line_1_46' title="bbox 230 3178 1829 3255; baseline 0.002 -19"><span class='ocrx_word' id='word_1_349' title='bbox 230 3178 394 3236; x_wconf 89' lang='lat' dir='ltr'><strong>illum</strong></span> <span class='ocrx_word' id='word_1_350' title='bbox 440 3180 681 3253; x_wconf 87' lang='lat' dir='ltr'><strong>rigorem</strong></span> <span class='ocrx_word' id='word_1_351' title='bbox 735 3178 1152 3253; x_wconf 87' lang='lat' dir='ltr'><strong>quodammodo</strong></span> <span class='ocrx_word' id='word_1_352' title='bbox 1198 3181 1438 3239; x_wconf 91' lang='lat' dir='ltr'><strong>emolliri</strong></span> <span class='ocrx_word' id='word_1_353' title='bbox 1480 3182 1645 3255; x_wconf 88' lang='lat' dir='ltr'><strong>cogit,</strong></span> <span class='ocrx_word' id='word_1_354' title='bbox 1694 3181 1829 3239; x_wconf 90' lang='lat' dir='ltr'><strong>illud</strong></span> 
     </span>
    </p>
   </div>
   <div class='ocr_carea' id='block_1_47' title="bbox 229 3272 1830 3348">
    <p class='ocr_par' dir='ltr' id='par_1_47' title="bbox 229 3272 1830 3348">
     <span class='ocr_line' id='line_1_47' title="bbox 229 3272 1830 3348; baseline 0.002 -18"><span class='ocrx_word' id='word_1_355' title='bbox 229 3287 584 3345; x_wconf 86' lang='lat' dir='ltr'><strong>summopere</strong></span> <span class='ocrx_word' id='word_1_356' title='bbox 632 3272 1049 3347; x_wconf 77' lang='lat' dir='ltr'><strong>praevideamus,</strong></span> <span class='ocrx_word' id='word_1_357' title='bbox 1083 3284 1144 3332; x_wconf 91' lang='lat' dir='ltr'><strong>ut</strong></span> <span class='ocrx_word' id='word_1_358' title='bbox 1207 3276 1382 3348; x_wconf 90' lang='lat' dir='ltr'><strong>ipsam</strong></span> <span class='ocrx_word' id='word_1_359' title='bbox 1436 3275 1830 3333; x_wconf 90' lang='lat' dir='ltr'><strong>emollitionem</strong></span> 
     </span>
    </p>
   </div>
   <div class='ocr_carea' id='block_1_48' title="bbox 138 3367 1833 3442">
    <p class='ocr_par' dir='ltr' id='par_1_48' title="bbox 138 3367 1833 3442">
     <span class='ocr_line' id='line_1_48' title="bbox 138 3367 1833 3442; baseline 0.002 -18"><span class='ocrx_word' id='word_1_360' title='bbox 138 3435 157 3442; x_wconf 78' lang='lat'><strong><em>_</em></strong></span> <span class='ocrx_word' id='word_1_361' title='bbox 234 3382 593 3440; x_wconf 90' lang='lat' dir='ltr'><strong>nequaquam</strong></span> <span class='ocrx_word' id='word_1_362' title='bbox 628 3375 819 3424; x_wconf 89' lang='lat' dir='ltr'><strong>contra</strong></span> <span class='ocrx_word' id='word_1_363' title='bbox 839 3383 1101 3439; x_wconf 89' lang='lat' dir='ltr'><strong>canones,</strong></span> <span class='ocrx_word' id='word_1_364' title='bbox 1136 3367 1232 3425; x_wconf 93' lang='lat' dir='ltr'><strong>sed</strong></span> <span class='ocrx_word' id='word_1_365' title='bbox 1260 3369 1569 3427; x_wconf 88' lang='lat' dir='ltr'><strong>secundum</strong></span> <span class='ocrx_word' id='word_1_366' title='bbox 1592 3386 1833 3428; x_wconf 90' lang='lat' dir='ltr'><strong>canones</strong></span> 
     </span>
    </p>
   </div>
   <div class='ocr_carea' id='block_1_49' title="bbox 230 3460 1835 3535">
    <p class='ocr_par' dir='ltr' id='par_1_49' title="bbox 230 3460 1835 3535">
     <span class='ocr_line' id='line_1_49' title="bbox 230 3460 1835 3535; baseline 0.002 -18"><span class='ocrx_word' id='word_1_367' title='bbox 230 3467 609 3534; x_wconf 87' lang='lat' dir='ltr'><strong>temperemus</strong></span> <span class='ocrx_word' id='word_1_368' title='bbox 637 3481 650 3518; x_wconf 76' lang='grc' dir='ltr'>ε</span> <span class='ocrx_word' id='word_1_369' title='bbox 674 3460 941 3530; x_wconf 86' lang='lat' dir='ltr'><strong>videlicet,</strong></span> <span class='ocrx_word' id='word_1_370' title='bbox 971 3469 1034 3518; x_wconf 88' lang='lat' dir='ltr'><strong>ut</strong></span> <span class='ocrx_word' id='word_1_371' title='bbox 1081 3461 1128 3519; x_wconf 90' lang='lat' dir='ltr'><strong>si</strong></span> <span class='ocrx_word' id='word_1_372' title='bbox 1181 3476 1346 3535; x_wconf 90' lang='lat' dir='ltr'><strong>quem</strong></span> <span class='ocrx_word' id='word_1_373' title='bbox 1382 3479 1579 3520; x_wconf 90' lang='lat' dir='ltr'><strong>eorum</strong></span> <span class='ocrx_word' id='word_1_374' title='bbox 1633 3462 1703 3521; x_wconf 91' lang='lat' dir='ltr'><strong>de</strong></span> <span class='ocrx_word' id='word_1_375' title='bbox 1733 3480 1835 3521; x_wconf 92' lang='lat' dir='ltr'><strong>ex-</strong></span> 
     </span>
    </p>
   </div>
   <div class='ocr_carea' id='block_1_50' title="bbox 230 3554 1834 3615">
    <p class='ocr_par' dir='ltr' id='par_1_50' title="bbox 230 3554 1834 3615">
     <span class='ocr_line' id='line_1_50' title="bbox 230 3554 1834 3615; baseline 0.002 -4"><span class='ocrx_word' id='word_1_376' title='bbox 230 3554 739 3612; x_wconf 90' lang='lat' dir='ltr'><strong>communicatione</strong></span> <span class='ocrx_word' id='word_1_377' title='bbox 788 3570 1117 3613; x_wconf 90' lang='lat' dir='ltr'><strong>conversum</strong></span> <span class='ocrx_word' id='word_1_378' title='bbox 1142 3555 1507 3614; x_wconf 90' lang='lat' dir='ltr'><strong>ecclesiastica</strong></span> <span class='ocrx_word' id='word_1_379' title='bbox 1541 3556 1834 3615; x_wconf 86' lang='lat' dir='ltr'><strong>necessitas</strong></span> 
     </span>
    </p>
   </div>
   <div class='ocr_carea' id='block_1_51' title="bbox 233 3647 1835 3724">
    <p class='ocr_par' dir='ltr' id='par_1_51' title="bbox 233 3647 1835 3724">
     <span class='ocr_line' id='line_1_51' title="bbox 233 3647 1835 3724; baseline 0.003 -20"><span class='ocrx_word' id='word_1_380' title='bbox 233 3663 368 3705; x_wconf 93' lang='lat' dir='ltr'><strong>cum</strong></span> <span class='ocrx_word' id='word_1_381' title='bbox 415 3647 597 3705; x_wconf 86' lang='lat' dir='ltr'><strong>ofﬁcio</strong></span> <span class='ocrx_word' id='word_1_382' title='bbox 647 3649 818 3721; x_wconf 87' lang='lat' dir='ltr'><strong>recipi</strong></span> <span class='ocrx_word' id='word_1_383' title='bbox 855 3649 1017 3724; x_wconf 87' lang='lat' dir='ltr'><strong>cogit,</strong></span> <span class='ocrx_word' id='word_1_384' title='bbox 1065 3664 1411 3723; x_wconf 88' lang='lat' dir='ltr'><strong>nequaquam</strong></span> <span class='ocrx_word' id='word_1_385' title='bbox 1449 3650 1607 3707; x_wconf 92' lang='lat' dir='ltr'><strong>illum</strong></span> <span class='ocrx_word' id='word_1_386' title='bbox 1643 3659 1835 3709; x_wconf 91' lang='lat' dir='ltr'><strong>contra</strong></span> 
     </span>
    </p>
   </div>
   <div class='ocr_carea' id='block_1_52' title="bbox 233 3739 1838 3815">
    <p class='ocr_par' dir='ltr' id='par_1_52' title="bbox 233 3739 1838 3815">
     <span class='ocr_line' id='line_1_52' title="bbox 233 3739 1838 3815; baseline 0.004 -19"><span class='ocrx_word' id='word_1_387' title='bbox 233 3754 482 3797; x_wconf 89' lang='lat' dir='ltr'><strong>canones</strong></span> <span class='ocrx_word' id='word_1_388' title='bbox 507 3739 912 3810; x_wconf 88' lang='lat' dir='ltr'><strong>reordinemus,</strong></span> <span class='ocrx_word' id='word_1_389' title='bbox 939 3741 1038 3799; x_wconf 90' lang='lat' dir='ltr'><strong>sed</strong></span> <span class='ocrx_word' id='word_1_390' title='bbox 1067 3742 1247 3815; x_wconf 91' lang='lat' dir='ltr'><strong>potius</strong></span> <span class='ocrx_word' id='word_1_391' title='bbox 1271 3743 1572 3801; x_wconf 89' lang='lat' dir='ltr'><strong>secundum</strong></span> <span class='ocrx_word' id='word_1_392' title='bbox 1602 3761 1838 3802; x_wconf 89' lang='lat' dir='ltr'><strong>canones</strong></span> 
     </span>
    </p>
   </div>
   <div class='ocr_carea' id='block_1_53' title="bbox 234 3832 1836 3908">
    <p class='ocr_par' dir='ltr' id='par_1_53' title="bbox 234 3832 1836 3908">
     <span class='ocr_line' id='line_1_53' title="bbox 234 3832 1836 3908; baseline 0.002 -15"><span class='ocrx_word' id='word_1_393' title='bbox 234 3851 371 3893; x_wconf 90' lang='lat' dir='ltr'><strong>cum</strong></span> <span class='ocrx_word' id='word_1_394' title='bbox 418 3832 609 3892; x_wconf 87' lang='lat' dir='ltr'><strong>ordine</strong></span> <span class='ocrx_word' id='word_1_395' title='bbox 654 3834 998 3908; x_wconf 89' lang='lat' dir='ltr'><strong>recipiamus.</strong></span> <span class='ocrx_word' id='word_1_396' title='bbox 1058 3836 1146 3893; x_wconf 91' lang='lat' dir='ltr'><strong>Sic</strong></span> <span class='ocrx_word' id='word_1_397' title='bbox 1205 3837 1354 3894; x_wconf 91' lang='lat' dir='ltr'><strong>enim</strong></span> <span class='ocrx_word' id='word_1_398' title='bbox 1412 3839 1836 3896; x_wconf 90' lang='lat' dir='ltr'><strong>sacratissimum</strong></span> 
     </span>
    </p>
   </div>
   <div class='ocr_carea' id='block_1_54' title="bbox 233 3928 1839 4007">
    <p class='ocr_par' dir='ltr' id='par_1_54' title="bbox 233 3928 1839 4007">
     <span class='ocr_line' id='line_1_54' title="bbox 233 3928 1839 4007; baseline 0.004 -21"><span class='ocrx_word' id='word_1_399' title='bbox 233 3928 533 3986; x_wconf 89' lang='lat' dir='ltr'><strong>concilium</strong></span> <span class='ocrx_word' id='word_1_400' title='bbox 558 3929 865 4000; x_wconf 67' lang='lat' dir='ltr'><strong>Nicmnum,</strong></span> <span class='ocrx_word' id='word_1_401' title='bbox 895 3945 928 3986; x_wconf 89' lang='lat' dir='ltr'><strong>a</strong></span> <span class='ocrx_word' id='word_1_402' title='bbox 952 3930 1047 3988; x_wconf 90' lang='lat' dir='ltr'><strong>SS.</strong></span> <span class='ocrx_word' id='word_1_403' title='bbox 1080 3930 1336 3989; x_wconf 87' lang='lat' dir='ltr'><strong>Patribus</strong></span> <span class='ocrx_word' id='word_1_404' title='bbox 1359 3933 1651 4007; x_wconf 89' lang='lat' dir='ltr'><strong>Evangelio</strong></span> <span class='ocrx_word' id='word_1_405' title='bbox 1678 3950 1839 3991; x_wconf 89' lang='lat' dir='ltr'><strong>com-</strong></span> 
     </span>
    </p>
   </div>
   <div class='ocr_carea' id='block_1_55' title="bbox 235 4022 1838 4097">
    <p class='ocr_par' dir='ltr' id='par_1_55' title="bbox 235 4022 1838 4097">
     <span class='ocr_line' id='line_1_55' title="bbox 235 4022 1838 4097; baseline 0.003 -18"><span class='ocrx_word' id='word_1_406' title='bbox 235 4031 529 4097; x_wconf 87' lang='lat' dir='ltr'><strong>paratum,</strong></span> <span class='ocrx_word' id='word_1_407' title='bbox 560 4022 792 4081; x_wconf 91' lang='lat' dir='ltr'><strong>clericos</strong></span> <span class='ocrx_word' id='word_1_408' title='bbox 817 4023 1251 4082; x_wconf 89' lang='lat' dir='ltr'><strong>Novatianorum</strong></span> <span class='ocrx_word' id='word_1_409' title='bbox 1282 4042 1412 4083; x_wconf 91' lang='lat' dir='ltr'><strong>cum</strong></span> <span class='ocrx_word' id='word_1_410' title='bbox 1442 4027 1637 4085; x_wconf 89' lang='lat' dir='ltr'><strong>ordine</strong></span> <span class='ocrx_word' id='word_1_411' title='bbox 1665 4028 1838 4085; x_wconf 91' lang='lat' dir='ltr'><strong>susci-</strong></span> 
     </span>
    </p>
   </div>
   <div class='ocr_carea' id='block_1_56' title="bbox 238 4116 1838 4192">
    <p class='ocr_par' dir='ltr' id='par_1_56' title="bbox 238 4116 1838 4192">
     <span class='ocr_line' id='line_1_56' title="bbox 238 4116 1838 4192; baseline 0.004 -21"><span class='ocrx_word' id='word_1_412' title='bbox 238 4117 332 4189; x_wconf 74' lang='lat' dir='ltr'><strong>pi,’</strong></span> <span class='ocrx_word' id='word_1_413' title='bbox 351 4131 470 4172; x_wconf 94' lang='lat' dir='ltr'><strong>non</strong></span> <span class='ocrx_word' id='word_1_414' title='bbox 504 4116 704 4174; x_wconf 91' lang='lat' dir='ltr'><strong>iterum</strong></span> <span class='ocrx_word' id='word_1_415' title='bbox 735 4116 979 4174; x_wconf 90' lang='lat' dir='ltr'><strong>ordinari</strong></span> <span class='ocrx_word' id='word_1_416' title='bbox 1006 4117 1265 4189; x_wconf 90' lang='lat' dir='ltr'><strong>decrevit,</strong></span> <span class='ocrx_word' id='word_1_417' title='bbox 1293 4118 1460 4192; x_wconf 85' lang='lat' dir='ltr'><strong>quod,</strong></span> <span class='ocrx_word' id='word_1_418' title='bbox 1511 4136 1630 4192; x_wconf 91' lang='lat' dir='ltr'><strong>cap.</strong></span> <span class='ocrx_word' id='word_1_419' title='bbox 1663 4125 1717 4188; x_wconf 92' lang='lat'><strong>8,</strong></span> <span class='ocrx_word' id='word_1_420' title='bbox 1766 4121 1838 4177; x_wconf 88' lang='lat' dir='ltr'><strong>ita</strong></span> 
     </span>
    </p>
   </div>
   <div class='ocr_carea' id='block_1_57' title="bbox 237 4209 1841 4285">
    <p class='ocr_par' dir='ltr' id='par_1_57' title="bbox 237 4209 1841 4285">
     <span class='ocr_line' id='line_1_57' title="bbox 237 4209 1841 4285; baseline 0.002 -18"><span class='ocrx_word' id='word_1_421' title='bbox 237 4209 505 4283; x_wconf 71' lang='lat' dir='ltr'><strong>prmcepit</strong></span> <span class='ocrx_word' id='word_1_422' title='bbox 548 4211 774 4280; x_wconf 59' lang='lat' dir='ltr'><strong>(Lana,</strong></span> <span class='ocrx_word' id='word_1_423' title='bbox 812 4219 853 4267; x_wconf 92' lang='lat' dir='ltr'><strong>t.</strong></span> <span class='ocrx_word' id='word_1_424' title='bbox 898 4214 971 4282; x_wconf 88' lang='lat' dir='ltr'><strong>II,</strong></span> <span class='ocrx_word' id='word_1_425' title='bbox 1015 4227 1065 4283; x_wconf 95' lang='lat' dir='ltr'><strong>p.</strong></span> <span class='ocrx_word' id='word_1_426' title='bbox 1102 4216 1192 4280; x_wconf 91' lang='lat'><strong>41)</strong></span> <span class='ocrx_word' id='word_1_427' title='bbox 1224 4230 1237 4269; x_wconf 89' lang='lat'><strong>:</strong></span> <span class='ocrx_word' id='word_1_428' title='bbox 1269 4215 1344 4268; x_wconf 91' lang='lat' dir='ltr'><strong>De</strong></span> <span class='ocrx_word' id='word_1_429' title='bbox 1371 4212 1481 4278; x_wconf 85' lang='lat' dir='ltr'><strong>his,</strong></span> <span class='ocrx_word' id='word_1_430' title='bbox 1512 4216 1612 4284; x_wconf 88' lang='lat' dir='ltr'><strong>qui</strong></span> <span class='ocrx_word' id='word_1_431' title='bbox 1646 4217 1841 4285; x_wconf 85' lang='lat' dir='ltr'><strong>seipsos</strong></span> 
     </span>
    </p>
   </div>
   <div class='ocr_carea' id='block_1_58' title="bbox 238 4305 1840 4378">
    <p class='ocr_par' dir='ltr' id='par_1_58' title="bbox 238 4305 1840 4378">
     <span class='ocr_line' id='line_1_58' title="bbox 238 4305 1840 4378; baseline 0.001 -17"><span class='ocrx_word' id='word_1_432' title='bbox 238 4306 624 4375; x_wconf 72' lang='lat' dir='ltr'><strong>cognominant</strong></span> <span class='ocrx_word' id='word_1_433' title='bbox 644 4305 927 4371; x_wconf 82' lang='lat' dir='ltr'><strong>Catharos,</strong></span> <span class='ocrx_word' id='word_1_434' title='bbox 959 4305 1023 4361; x_wconf 84' lang='lat' dir='ltr'><strong>id</strong></span> <span class='ocrx_word' id='word_1_435' title='bbox 1051 4309 1149 4368; x_wconf 87' lang='lat' dir='ltr'><strong>est,</strong></span> <span class='ocrx_word' id='word_1_436' title='bbox 1192 4307 1454 4375; x_wconf 51' lang='lat' dir='ltr'><strong>mundo»</strong></span> <span class='ocrx_word' id='word_1_437' title='bbox 1474 4309 1524 4363; x_wconf 89' lang='lat' dir='ltr'><strong>si</strong></span> <span class='ocrx_word' id='word_1_438' title='bbox 1546 4308 1840 4378; x_wconf 73' lang='lat' dir='ltr'><strong>aliquando</strong></span> 
     </span>
    </p>
   </div>
   <div class='ocr_carea' id='block_1_59' title="bbox 237 4398 1844 4472">
    <p class='ocr_par' dir='ltr' id='par_1_59' title="bbox 237 4398 1844 4472">
     <span class='ocr_line' id='line_1_59' title="bbox 237 4398 1844 4472; baseline 0.002 -19"><span class='ocrx_word' id='word_1_439' title='bbox 237 4400 471 4454; x_wconf 80' lang='lat' dir='ltr'><strong>veniunt</strong></span> <span class='ocrx_word' id='word_1_440' title='bbox 518 4398 593 4453; x_wconf 87' lang='lat' dir='ltr'><strong>ad</strong></span> <span class='ocrx_word' id='word_1_441' title='bbox 630 4399 920 4455; x_wconf 78' lang='lat' dir='ltr'><strong>Ecclesium</strong></span> <span class='ocrx_word' id='word_1_442' title='bbox 965 4400 1298 4466; x_wconf 75' lang='lat' dir='ltr'><strong>catholicam,</strong></span> <span class='ocrx_word' id='word_1_443' title='bbox 1342 4402 1554 4472; x_wconf 82' lang='lat' dir='ltr'><strong>placuit</strong></span> <span class='ocrx_word' id='word_1_444' title='bbox 1589 4406 1766 4458; x_wconf 87' lang='lat' dir='ltr'><strong>sancto</strong></span> <span class='ocrx_word' id='word_1_445' title='bbox 1795 4408 1844 4457; x_wconf 90' lang='lat' dir='ltr'><strong>et</strong></span> 
     </span>
    </p>
   </div>
   <div class='ocr_carea' id='block_1_60' title="bbox 241 4490 1843 4567">
    <p class='ocr_par' dir='ltr' id='par_1_60' title="bbox 241 4490 1843 4567">
     <span class='ocr_line' id='line_1_60' title="bbox 241 4490 1843 4567; baseline 0.006 -23"><span class='ocrx_word' id='word_1_446' title='bbox 241 4505 441 4560; x_wconf 85' lang='lat' dir='ltr'><strong>magno</strong></span> <span class='ocrx_word' id='word_1_447' title='bbox 489 4490 736 4557; x_wconf 83' lang='lat' dir='ltr'><strong>concilio,</strong></span> <span class='ocrx_word' id='word_1_448' title='bbox 767 4498 829 4548; x_wconf 89' lang='lat' dir='ltr'><strong>ut</strong></span> <span class='ocrx_word' id='word_1_449' title='bbox 855 4495 1248 4564; x_wconf 87' lang='lat' dir='ltr'><strong>impositionem</strong></span> <span class='ocrx_word' id='word_1_450' title='bbox 1288 4511 1483 4552; x_wconf 88' lang='lat' dir='ltr'><strong>manus</strong></span> <span class='ocrx_word' id='word_1_451' title='bbox 1525 4498 1843 4567; x_wconf 83' lang='lat' dir='ltr'><strong>accipientes</strong></span> 
     </span>
    </p>
   </div>
   <div class='ocr_carea' id='block_1_61' title="bbox 242 4586 1842 4663">
    <p class='ocr_par' dir='ltr' id='par_1_61' title="bbox 242 4586 1842 4663">
     <span class='ocr_line' id='line_1_61' title="bbox 242 4586 1842 4663; baseline 0.006 -24"><span class='ocrx_word' id='word_1_452' title='bbox 242 4586 324 4640; x_wconf 87' lang='lat' dir='ltr'><strong>sic</strong></span> <span class='ocrx_word' id='word_1_453' title='bbox 344 4587 405 4641; x_wconf 87' lang='lat' dir='ltr'><strong>in</strong></span> <span class='ocrx_word' id='word_1_454' title='bbox 433 4586 570 4642; x_wconf 85' lang='lat' dir='ltr'><strong>clero</strong></span> <span class='ocrx_word' id='word_1_455' title='bbox 590 4591 966 4659; x_wconf 78' lang='lat' dir='ltr'><strong>permaneant.</strong></span> <span class='ocrx_word' id='word_1_456' title='bbox 998 4589 1070 4644; x_wconf 87' lang='lat' dir='ltr'><strong>Et</strong></span> <span class='ocrx_word' id='word_1_457' title='bbox 1096 4596 1219 4660; x_wconf 89' lang='lat' dir='ltr'><strong>post</strong></span> <span class='ocrx_word' id='word_1_458' title='bbox 1239 4604 1409 4663; x_wconf 90' lang='lat' dir='ltr'><strong>pauca</strong></span> <span class='ocrx_word' id='word_1_459' title='bbox 1436 4591 1497 4646; x_wconf 92' lang='lat' dir='ltr'><strong>in</strong></span> <span class='ocrx_word' id='word_1_460' title='bbox 1525 4590 1720 4647; x_wconf 91' lang='lat' dir='ltr'><strong>eodem</strong></span> <span class='ocrx_word' id='word_1_461' title='bbox 1750 4606 1842 4647; x_wconf 89' lang='lat' dir='ltr'><strong>ca-</strong></span> 
     </span>
    </p>
   </div>
   <div class='ocr_carea' id='block_1_62' title="bbox 244 4743 1845 4826">
    <p class='ocr_par' dir='ltr' id='par_1_62' title="bbox 244 4743 1845 4826">
     <span class='ocr_line' id='line_1_62' title="bbox 244 4743 1845 4826; baseline 0.005 -26"><span class='ocrx_word' id='word_1_462' title='bbox 244 4743 546 4826; x_wconf 72' lang='lat' dir='ltr'><strong>guntinum</strong></span> <span class='ocrx_word' id='word_1_463' title='bbox 572 4753 765 4826; x_wconf 77' lang='lat' dir='ltr'><strong>postea</strong></span> <span class='ocrx_word' id='word_1_464' title='bbox 787 4746 1382 4826; x_wconf 59' lang='lat' dir='ltr'><strong>archipraesulemann.</strong></span> <span class='ocrx_word' id='word_1_465' title='bbox 1409 4755 1513 4804; x_wconf 84' lang='lat'><strong>723</strong></span> <span class='ocrx_word' id='word_1_466' title='bbox 1528 4750 1845 4826; x_wconf 82' lang='lat' dir='ltr'><strong>episcOpum</strong></span> 
     </span>
    </p>
   </div>
   <div class='ocr_carea' id='block_1_63' title="bbox 250 4815 1843 4894">
    <p class='ocr_par' dir='ltr' id='par_1_63' title="bbox 250 4815 1843 4894">
     <span class='ocr_line' id='line_1_63' title="bbox 250 4815 1843 4894; baseline 0.004 -22"><span class='ocrx_word' id='word_1_467' title='bbox 250 4815 552 4894; x_wconf 73' lang='lat' dir='ltr'><strong>ordinavit,</strong></span> <span class='ocrx_word' id='word_1_468' title='bbox 576 4815 877 4894; x_wconf 48' lang='lat' dir='ltr'><strong>‘a_b_e_oque</strong></span> <span class='ocrx_word' id='word_1_469' title='bbox 914 4815 1601 4894; x_wconf 21' lang='lat' dir='ltr'><strong>ﬁdelitatis‘juramentum</strong></span> <span class='ocrx_word' id='word_1_470' title='bbox 1641 4815 1843 4894; x_wconf 78' lang='lat' dir='ltr'><strong>exegit,</strong></span> 
     </span>
    </p>
   </div>
   <div class='ocr_carea' id='block_1_64' title="bbox 293 4887 1845 4952">
    <p class='ocr_par' dir='ltr' id='par_1_64' title="bbox 293 4887 1845 4952">
     <span class='ocr_line' id='line_1_64' title="bbox 293 4887 1845 4952; baseline 0.006 -9"><span class='ocrx_word' id='word_1_471' title='bbox 293 4887 405 4943; x_wconf 91' lang='lat' dir='ltr'><strong>uod</strong></span> <span class='ocrx_word' id='word_1_472' title='bbox 426 4888 593 4944; x_wconf 86' lang='lat' dir='ltr'><strong>refert</strong></span> <span class='ocrx_word' id='word_1_473' title='bbox 610 4887 881 4946; x_wconf 83' lang='lat' dir='ltr'><strong>Othlonus</strong></span> <span class='ocrx_word' id='word_1_474' title='bbox 910 4889 967 4945; x_wconf 92' lang='lat' dir='ltr'><strong>in</strong></span> <span class='ocrx_word' id='word_1_475' title='bbox 994 4891 1136 4947; x_wconf 88' lang='lat' dir='ltr'><strong>illius</strong></span> <span class='ocrx_word' id='word_1_476' title='bbox 1149 4887 1272 4948; x_wconf 77' lang='lat' dir='ltr'><strong>Vita</strong></span> <span class='ocrx_word' id='word_1_477' title='bbox 1292 4891 1569 4952; x_wconf 76' lang='lat' dir='ltr'><strong>(MABILL.</strong></span> <span class='ocrx_word' id='word_1_478' title='bbox 1590 4893 1731 4948; x_wconf 86' lang='lat' dir='ltr'><strong>Acta</strong></span> <span class='ocrx_word' id='word_1_479' title='bbox 1743 4887 1845 4952; x_wconf 74' lang='lat' dir='ltr'><strong>SS.</strong></span> 
     </span>
    </p>
   </div>
   <div class='ocr_carea' id='block_1_65' title="bbox 346 4957 1846 5032">
    <p class='ocr_par' dir='ltr' id='par_1_65' title="bbox 346 4957 1846 5032">
     <span class='ocr_line' id='line_1_65' title="bbox 346 4957 1846 5032; baseline 0.005 -19"><span class='ocrx_word' id='word_1_480' title='bbox 346 4957 581 5032; x_wconf 30' lang='lat' dir='ltr'><strong>culoAIII</strong></span> <span class='ocrx_word' id='word_1_481' title='bbox 610 4961 839 5030; x_wconf 90' lang='lat' dir='ltr'><strong>Bened.,</strong></span> <span class='ocrx_word' id='word_1_482' title='bbox 861 4977 915 5032; x_wconf 91' lang='lat' dir='ltr'><strong>p.</strong></span> <span class='ocrx_word' id='word_1_483' title='bbox 942 4977 1013 5031; x_wconf 86' lang='lat'><strong>11,</strong></span> <span class='ocrx_word' id='word_1_484' title='bbox 1037 4979 1092 5032; x_wconf 92' lang='lat' dir='ltr'><strong>p.</strong></span> <span class='ocrx_word' id='word_1_485' title='bbox 1122 4968 1229 5030; x_wconf 90' lang='lat'><strong>36),</strong></span> <span class='ocrx_word' id='word_1_486' title='bbox 1256 4957 1348 5018; x_wconf 89' lang='lat' dir='ltr'><strong>ubi</strong></span> <span class='ocrx_word' id='word_1_487' title='bbox 1368 4971 1552 5020; x_wconf 88' lang='lat' dir='ltr'><strong>tamen</strong></span> <span class='ocrx_word' id='word_1_488' title='bbox 1578 4964 1712 5020; x_wconf 88' lang='lat' dir='ltr'><strong>nihil</strong></span> <span class='ocrx_word' id='word_1_489' title='bbox 1744 4981 1846 5021; x_wconf 87' lang='lat' dir='ltr'><strong>no-</strong></span> 
     </span>
    </p>
   </div>
   <div class='ocr_carea' id='block_1_66' title="bbox 250 5028 1851 5119">
    <p class='ocr_par' dir='ltr' id='par_1_66' title="bbox 250 5028 1851 5119">
     <span class='ocr_line' id='line_1_66' title="bbox 250 5028 1851 5119; baseline 0.006 -36"><span class='ocrx_word' id='word_1_490' title='bbox 250 5028 522 5119; x_wconf 38' lang='lat' dir='ltr'><strong>t‘aturAde</strong></span> <span class='ocrx_word' id='word_1_491' title='bbox 556 5032 719 5119; x_wconf 56' lang='lat' dir='ltr'><strong>petita</strong></span> <span class='ocrx_word' id='word_1_492' title='bbox 739 5028 911 5119; x_wconf 51' lang='lat' dir='ltr'><strong>&quot;istius</strong></span> <span class='ocrx_word' id='word_1_493' title='bbox 952 5028 1350 5119; x_wconf 13' lang='lat' dir='ltr'><strong>.rrelaxa_tione;</strong></span> <span class='ocrx_word' id='word_1_494' title='bbox 1397 5035 1511 5091; x_wconf 92' lang='lat' dir='ltr'><strong>imo</strong></span> <span class='ocrx_word' id='word_1_495' title='bbox 1558 5035 1614 5092; x_wconf 88' lang='lat' dir='ltr'><strong>id</strong></span> <span class='ocrx_word' id='word_1_496' title='bbox 1670 5037 1851 5119; x_wconf 80' lang='lat' dir='ltr'><strong>potius</strong></span> 
     </span>
    </p>
   </div>
   <div class='ocr_carea' id='block_1_67' title="bbox 252 5047 1738 5176">
    <p class='ocr_par' dir='ltr' id='par_1_67' title="bbox 252 5047 1738 5176">
     <span class='ocr_line' id='line_1_67' title="bbox 252 5047 1738 5156; baseline 0.005 -72"><span class='ocrx_word' id='word_1_497' title='bbox 252 5047 406 5085; x_wconf 75' lang='lat' dir='ltr'><strong>tatur</strong></span> <span class='ocrx_word' id='word_1_498' title='bbox 453 5047 522 5113; x_wconf 71' lang='lat' dir='ltr'><strong>de</strong></span> <span class='ocrx_word' id='word_1_499' title='bbox 556 5047 719 5156; x_wconf 72' lang='lat' dir='ltr'><strong>petita</strong></span> <span class='ocrx_word' id='word_1_500' title='bbox 758 5047 911 5089; x_wconf 77' lang='lat' dir='ltr'><strong>istius</strong></span> <span class='ocrx_word' id='word_1_501' title='bbox 952 5047 1350 5114; x_wconf 41' lang='lat' dir='ltr'><strong>.relaxauone;</strong></span> <span class='ocrx_word' id='word_1_502' title='bbox 1397 5051 1511 5091; x_wconf 80' lang='lat' dir='ltr'><strong>imo</strong></span> <span class='ocrx_word' id='word_1_503' title='bbox 1558 5047 1614 5092; x_wconf 79' lang='lat' dir='ltr'><strong>id</strong></span> <span class='ocrx_word' id='word_1_504' title='bbox 1670 5052 1738 5119; x_wconf 89' lang='lat' dir='ltr'><strong>po</strong></span> 
     </span>
     <span class='ocr_line' id='line_1_68' title="bbox 252 5101 1738 5176; baseline 0.005 -19"><span class='ocrx_word' id='word_1_505' title='bbox 252 5101 529 5176; x_wconf 77' lang='lat' dir='ltr'><strong>Gregorio</strong></span> <span class='ocrx_word' id='word_1_506' title='bbox 563 5105 640 5176; x_wconf 9' lang='lat' dir='ltr'><strong>_lIr</strong></span> <span class='ocrx_word' id='word_1_507' title='bbox 658 5110 715 5176; x_wconf 86' lang='lat' dir='ltr'><strong>et</strong></span> <span class='ocrx_word' id='word_1_508' title='bbox 736 5103 1016 5176; x_wconf 62' lang='lat' dir='ltr'><strong>zachariae</strong></span> <span class='ocrx_word' id='word_1_509' title='bbox 1062 5105 1412 5176; x_wconf 89' lang='lat' dir='ltr'><strong>postmodum</strong></span> <span class='ocrx_word' id='word_1_510' title='bbox 1438 5116 1738 5164; x_wconf 83' lang='lat' dir='ltr'><strong>renovavit.</strong></span> 
     </span>
    </p>
   </div>
   <div class='ocr_carea' id='block_1_68' title="bbox 329 5173 1697 5247">
    <p class='ocr_par' dir='ltr' id='par_1_68' title="bbox 329 5173 1697 5247">
     <span class='ocr_line' id='line_1_69' title="bbox 329 5173 1697 5247; baseline 0.007 -22"><span class='ocrx_word' id='word_1_511' title='bbox 329 5173 513 5247; x_wconf 83' lang='lat'><strong>(1135)</strong></span> <span class='ocrx_word' id='word_1_512' title='bbox 547 5173 875 5247; x_wconf 78' lang='lat' dir='ltr'><strong>Gebhardus</strong></span> <span class='ocrx_word' id='word_1_513' title='bbox 902 5173 1330 5247; x_wconf 49' lang='lat' dir='ltr'><strong>hujus&#39;nominis</strong></span> <span class='ocrx_word' id='word_1_514' title='bbox 1376 5178 1592 5247; x_wconf 86' lang='lat' dir='ltr'><strong>tertius,</strong></span> <span class='ocrx_word' id='word_1_515' title='bbox 1629 5179 1697 5235; x_wconf 86' lang='lat' dir='ltr'><strong>de</strong></span> 
     </span>
    </p>
   </div>
   <div class='ocr_carea' id='block_1_69' title="bbox 1934 2615 2185 2688">
    <p class='ocr_par' dir='ltr' id='par_1_69' title="bbox 1934 2615 2185 2688">
     <span class='ocr_line' id='line_1_70' title="bbox 1934 2615 2185 2688; baseline 0.004 -18"><span class='ocrx_word' id='word_1_516' title='bbox 1934 2615 2185 2688; x_wconf 89' lang='lat' dir='ltr'><strong>legimus.</strong></span> 
     </span>
    </p>
   </div>
   <div class='ocr_carea' id='block_1_70' title="bbox 2010 2707 3532 2783">
    <p class='ocr_par' dir='ltr' id='par_1_70' title="bbox 2010 2707 3532 2783">
     <span class='ocr_line' id='line_1_71' title="bbox 2010 2707 3532 2783; baseline 0.003 -20"><span class='ocrx_word' id='word_1_517' title='bbox 2010 2710 2103 2764; x_wconf 87' lang='lat' dir='ltr'><strong>III.</strong></span> <span class='ocrx_word' id='word_1_518' title='bbox 2132 2707 2218 2765; x_wconf 92' lang='lat' dir='ltr'><strong>Sic</strong></span> <span class='ocrx_word' id='word_1_519' title='bbox 2247 2708 2414 2766; x_wconf 89' lang='lat' dir='ltr'><strong>etiam</strong></span> <span class='ocrx_word' id='word_1_520' title='bbox 2438 2717 2494 2766; x_wconf 90' lang='lat' dir='ltr'><strong>et</strong></span> <span class='ocrx_word' id='word_1_521' title='bbox 2510 2707 2834 2765; x_wconf 83' lang='lat' dir='ltr'><strong>Africanum</strong></span> <span class='ocrx_word' id='word_1_522' title='bbox 2860 2710 3154 2767; x_wconf 91' lang='lat' dir='ltr'><strong>concilium</strong></span> <span class='ocrx_word' id='word_1_523' title='bbox 3171 2750 3187 2778; x_wconf 92' lang='lat'><strong>,</strong></span> <span class='ocrx_word' id='word_1_524' title='bbox 3218 2710 3306 2767; x_wconf 90' lang='lat' dir='ltr'><strong>cui</strong></span> <span class='ocrx_word' id='word_1_525' title='bbox 3334 2711 3532 2783; x_wconf 90' lang='lat' dir='ltr'><strong>legatio</strong></span> 
     </span>
    </p>
   </div>
   <div class='ocr_carea' id='block_1_71' title="bbox 1937 2801 3533 2875">
    <p class='ocr_par' dir='ltr' id='par_1_71' title="bbox 1937 2801 3533 2875">
     <span class='ocr_line' id='line_1_72' title="bbox 1937 2801 3533 2875; baseline 0 -17"><span class='ocrx_word' id='word_1_526' title='bbox 1937 2801 2082 2859; x_wconf 89' lang='lat' dir='ltr'><strong>sedis</strong></span> <span class='ocrx_word' id='word_1_527' title='bbox 2107 2802 2418 2875; x_wconf 83' lang='lat' dir='ltr'><strong>apostolicae</strong></span> <span class='ocrx_word' id='word_1_528' title='bbox 2446 2809 2500 2858; x_wconf 91' lang='lat' dir='ltr'><strong>et</strong></span> <span class='ocrx_word' id='word_1_529' title='bbox 2526 2804 2590 2857; x_wconf 93' lang='lat' dir='ltr'><strong>B.</strong></span> <span class='ocrx_word' id='word_1_530' title='bbox 2622 2802 2961 2875; x_wconf 85' lang='lat' dir='ltr'><strong>Augustinus</strong></span> <span class='ocrx_word' id='word_1_531' title='bbox 3006 2803 3275 2872; x_wconf 84' lang='lat' dir='ltr'><strong>interfuit,</strong></span> <span class='ocrx_word' id='word_1_532' title='bbox 3308 2803 3533 2860; x_wconf 89' lang='lat' dir='ltr'><strong>clericos</strong></span> 
     </span>
    </p>
   </div>
   <div class='ocr_carea' id='block_1_72' title="bbox 1940 2895 3535 2968">
    <p class='ocr_par' dir='ltr' id='par_1_72' title="bbox 1940 2895 3535 2968">
     <span class='ocr_line' id='line_1_73' title="bbox 1940 2895 3535 2968; baseline 0.001 -16"><span class='ocrx_word' id='word_1_533' title='bbox 1940 2897 2363 2952; x_wconf 89' lang='lat' dir='ltr'><strong>Donatistarum</strong></span> <span class='ocrx_word' id='word_1_534' title='bbox 2423 2911 2549 2952; x_wconf 91' lang='lat' dir='ltr'><strong>cum</strong></span> <span class='ocrx_word' id='word_1_535' title='bbox 2597 2895 2789 2952; x_wconf 85' lang='lat' dir='ltr'><strong>ordine</strong></span> <span class='ocrx_word' id='word_1_536' title='bbox 2855 2895 3241 2968; x_wconf 76' lang='lat' dir='ltr'><strong>recipiendos,</strong></span> <span class='ocrx_word' id='word_1_537' title='bbox 3275 2912 3388 2953; x_wconf 92' lang='lat' dir='ltr'><strong>non</strong></span> <span class='ocrx_word' id='word_1_538' title='bbox 3438 2897 3535 2954; x_wconf 90' lang='lat' dir='ltr'><strong>ite-</strong></span> 
     </span>
    </p>
   </div>
   <div class='ocr_carea' id='block_1_73' title="bbox 1936 2982 3535 3062">
    <p class='ocr_par' dir='ltr' id='par_1_73' title="bbox 1936 2982 3535 3062">
     <span class='ocr_line' id='line_1_74' title="bbox 1936 2982 3535 3062; baseline 0 -15"><span class='ocrx_word' id='word_1_539' title='bbox 1936 3006 2065 3048; x_wconf 90' lang='lat' dir='ltr'><strong>rum</strong></span> <span class='ocrx_word' id='word_1_540' title='bbox 2131 2982 2463 3047; x_wconf 88' lang='lat' dir='ltr'><strong>ordinandos</strong></span> <span class='ocrx_word' id='word_1_541' title='bbox 2517 2989 2820 3062; x_wconf 65' lang='lat' dir='ltr'><strong>praescribit</strong></span> <span class='ocrx_word' id='word_1_542' title='bbox 2865 2989 3017 3062; x_wconf 91' lang='lat' dir='ltr'><strong>quod</strong></span> <span class='ocrx_word' id='word_1_543' title='bbox 3062 2990 3122 3046; x_wconf 90' lang='lat' dir='ltr'><strong>in</strong></span> <span class='ocrx_word' id='word_1_544' title='bbox 3185 2990 3428 3062; x_wconf 89' lang='lat' dir='ltr'><strong>capitulo</strong></span> <span class='ocrx_word' id='word_1_545' title='bbox 3466 2995 3535 3048; x_wconf 85' lang='lat'><strong>35</strong></span> 
     </span>
    </p>
   </div>
   <div class='ocr_carea' id='block_1_74' title="bbox 1941 3082 3535 3156">
    <p class='ocr_par' dir='ltr' id='par_1_74' title="bbox 1941 3082 3535 3156">
     <span class='ocr_line' id='line_1_75' title="bbox 1941 3082 3535 3156; baseline 0 -14"><span class='ocrx_word' id='word_1_546' title='bbox 1941 3088 2172 3154; x_wconf 81' lang='lat' dir='ltr'><strong>(LABB.,</strong></span> <span class='ocrx_word' id='word_1_547' title='bbox 2200 3092 2245 3140; x_wconf 91' lang='lat' dir='ltr'><strong>t.</strong></span> <span class='ocrx_word' id='word_1_548' title='bbox 2276 3085 2349 3151; x_wconf 89' lang='lat' dir='ltr'><strong>Il,</strong></span> <span class='ocrx_word' id='word_1_549' title='bbox 2394 3100 2449 3156; x_wconf 93' lang='lat' dir='ltr'><strong>p.</strong></span> <span class='ocrx_word' id='word_1_550' title='bbox 2496 3087 2653 3149; x_wconf 86' lang='lat'><strong>1651)</strong></span> <span class='ocrx_word' id='word_1_551' title='bbox 2679 3082 2756 3139; x_wconf 92' lang='lat' dir='ltr'><strong>ita</strong></span> <span class='ocrx_word' id='word_1_552' title='bbox 2779 3082 3056 3140; x_wconf 74' lang='lat' dir='ltr'><strong>decernit:</strong></span> <span class='ocrx_word' id='word_1_553' title='bbox 3106 3085 3316 3141; x_wconf 85' lang='lat' dir='ltr'><strong>Placuit</strong></span> <span class='ocrx_word' id='word_1_554' title='bbox 3344 3089 3409 3140; x_wconf 90' lang='lat' dir='ltr'><strong>ut</strong></span> <span class='ocrx_word' id='word_1_555' title='bbox 3467 3100 3535 3142; x_wconf 75' lang='lat' dir='ltr'><strong>ea:</strong></span> 
     </span>
    </p>
   </div>
   <div class='ocr_carea' id='block_1_75' title="bbox 1941 3178 3539 3251">
    <p class='ocr_par' dir='ltr' id='par_1_75' title="bbox 1941 3178 3539 3251">
     <span class='ocr_line' id='line_1_76' title="bbox 1941 3178 3539 3251; baseline 0 -17"><span class='ocrx_word' id='word_1_556' title='bbox 1941 3182 2071 3251; x_wconf 86' lang='lat' dir='ltr'><strong>ipsis</strong></span> <span class='ocrx_word' id='word_1_557' title='bbox 2096 3180 2389 3235; x_wconf 86' lang='lat' dir='ltr'><strong>Donatistis</strong></span> <span class='ocrx_word' id='word_1_558' title='bbox 2414 3180 2715 3249; x_wconf 84' lang='lat' dir='ltr'><strong>quicunque</strong></span> <span class='ocrx_word' id='word_1_559' title='bbox 2762 3178 2944 3233; x_wconf 80' lang='lat' dir='ltr'><strong>clerici</strong></span> <span class='ocrx_word' id='word_1_560' title='bbox 2964 3182 3193 3233; x_wconf 81' lang='lat' dir='ltr'><strong>correcta</strong></span> <span class='ocrx_word' id='word_1_561' title='bbox 3210 3179 3425 3234; x_wconf 88' lang='lat' dir='ltr'><strong>consilio</strong></span> <span class='ocrx_word' id='word_1_562' title='bbox 3464 3178 3539 3234; x_wconf 84' lang='lat' dir='ltr'><strong>ad</strong></span> 
     </span>
    </p>
   </div>
   <div class='ocr_carea' id='block_1_76' title="bbox 1941 3256 3539 3336">
    <p class='ocr_par' dir='ltr' id='par_1_76' title="bbox 1941 3256 3539 3336">
     <span class='ocr_line' id='line_1_77' title="bbox 1941 3256 3539 3336; baseline -0.001 -7"><span class='ocrx_word' id='word_1_563' title='bbox 1941 3274 2255 3329; x_wconf 84' lang='lat' dir='ltr'><strong>catholicam</strong></span> <span class='ocrx_word' id='word_1_564' title='bbox 2304 3273 2571 3335; x_wconf 84' lang='lat' dir='ltr'><strong>unitatem</strong></span> <span class='ocrx_word' id='word_1_565' title='bbox 2628 3274 2858 3327; x_wconf 84' lang='lat' dir='ltr'><strong>transire</strong></span> <span class='ocrx_word' id='word_1_566' title='bbox 2897 3256 3184 3336; x_wconf 82' lang='lat' dir='ltr'><strong>voluerint,</strong></span> <span class='ocrx_word' id='word_1_567' title='bbox 3245 3272 3539 3328; x_wconf 86' lang='lat' dir='ltr'><strong>secundum</strong></span> 
     </span>
    </p>
   </div>
   <div class='ocr_carea' id='block_1_77' title="bbox 1942 3366 3538 3437">
    <p class='ocr_par' dir='ltr' id='par_1_77' title="bbox 1942 3366 3538 3437">
     <span class='ocr_line' id='line_1_78' title="bbox 1942 3366 3538 3437; baseline -0.001 -14"><span class='ocrx_word' id='word_1_568' title='bbox 1942 3366 2367 3436; x_wconf 84' lang='lat' dir='ltr'><strong>uniuscujusque</strong></span> <span class='ocrx_word' id='word_1_569' title='bbox 2412 3366 2645 3436; x_wconf 83' lang='lat' dir='ltr'><strong>episcopi</strong></span> <span class='ocrx_word' id='word_1_570' title='bbox 2693 3366 2948 3421; x_wconf 84' lang='lat' dir='ltr'><strong>catholici</strong></span> <span class='ocrx_word' id='word_1_571' title='bbox 3014 3366 3340 3422; x_wconf 77' lang='lat' dir='ltr'><strong>voluntatem</strong></span> <span class='ocrx_word' id='word_1_572' title='bbox 3376 3370 3538 3437; x_wconf 87' lang='lat' dir='ltr'><strong>atque</strong></span> 
     </span>
    </p>
   </div>
   <div class='ocr_carea' id='block_1_78' title="bbox 1943 3458 3540 3529">
    <p class='ocr_par' dir='ltr' id='par_1_78' title="bbox 1943 3458 3540 3529">
     <span class='ocr_line' id='line_1_79' title="bbox 1943 3458 3540 3529; baseline -0.001 -13"><span class='ocrx_word' id='word_1_573' title='bbox 1943 3461 2235 3528; x_wconf 86' lang='lat' dir='ltr'><strong>consilium,</strong></span> <span class='ocrx_word' id='word_1_574' title='bbox 2264 3459 2362 3529; x_wconf 88' lang='lat' dir='ltr'><strong>qui</strong></span> <span class='ocrx_word' id='word_1_575' title='bbox 2397 3460 2456 3513; x_wconf 89' lang='lat' dir='ltr'><strong>in</strong></span> <span class='ocrx_word' id='word_1_576' title='bbox 2480 3458 2658 3514; x_wconf 89' lang='lat' dir='ltr'><strong>eodem</strong></span> <span class='ocrx_word' id='word_1_577' title='bbox 2704 3459 2809 3513; x_wconf 88' lang='lat' dir='ltr'><strong>loco</strong></span> <span class='ocrx_word' id='word_1_578' title='bbox 2837 3459 3101 3528; x_wconf 80' lang='lat' dir='ltr'><strong>gubernat</strong></span> <span class='ocrx_word' id='word_1_579' title='bbox 3135 3460 3448 3527; x_wconf 86' lang='lat' dir='ltr'><strong>Ecclesiam,</strong></span> <span class='ocrx_word' id='word_1_580' title='bbox 3487 3463 3540 3516; x_wconf 89' lang='lat' dir='ltr'><strong>si</strong></span> 
     </span>
    </p>
   </div>
   <div class='ocr_carea' id='block_1_79' title="bbox 1932 3553 3536 3625">
    <p class='ocr_par' dir='ltr' id='par_1_79' title="bbox 1932 3553 3536 3625">
     <span class='ocr_line' id='line_1_80' title="bbox 1932 3553 3536 3625; baseline 0.001 -17"><span class='ocrx_word' id='word_1_581' title='bbox 1932 3554 2043 3609; x_wconf 90' lang='lat' dir='ltr'><strong>hoc</strong></span> <span class='ocrx_word' id='word_1_582' title='bbox 2061 3556 2191 3625; x_wconf 89' lang='lat' dir='ltr'><strong>paci</strong></span> <span class='ocrx_word' id='word_1_583' title='bbox 2210 3553 2484 3609; x_wconf 79' lang='lat' dir='ltr'><strong>catholicae</strong></span> <span class='ocrx_word' id='word_1_584' title='bbox 2506 3553 2757 3623; x_wconf 80' lang='lat' dir='ltr'><strong>prodesse</strong></span> <span class='ocrx_word' id='word_1_585' title='bbox 2773 3556 2951 3608; x_wconf 86' lang='lat' dir='ltr'><strong>visum</strong></span> <span class='ocrx_word' id='word_1_586' title='bbox 2976 3554 3172 3621; x_wconf 82' lang='lat' dir='ltr'><strong>fuerit,</strong></span> <span class='ocrx_word' id='word_1_587' title='bbox 3212 3555 3275 3609; x_wconf 87' lang='lat' dir='ltr'><strong>in</strong></span> <span class='ocrx_word' id='word_1_588' title='bbox 3306 3556 3419 3609; x_wconf 85' lang='lat' dir='ltr'><strong>suis</strong></span> <span class='ocrx_word' id='word_1_589' title='bbox 3446 3555 3536 3609; x_wconf 77' lang='lat' dir='ltr'><strong>ho-</strong></span> 
     </span>
    </p>
   </div>
   <div class='ocr_carea' id='block_1_80' title="bbox 1944 3647 3540 3718">
    <p class='ocr_par' dir='ltr' id='par_1_80' title="bbox 1944 3647 3540 3718">
     <span class='ocr_line' id='line_1_81' title="bbox 1944 3647 3540 3718; baseline -0.001 -14"><span class='ocrx_word' id='word_1_590' title='bbox 1944 3649 2169 3704; x_wconf 85' lang='lat' dir='ltr'><strong>noribus</strong></span> <span class='ocrx_word' id='word_1_591' title='bbox 2214 3649 2606 3718; x_wconf 81' lang='lat' dir='ltr'><strong>suscipiantur,</strong></span> <span class='ocrx_word' id='word_1_592' title='bbox 2661 3648 2799 3702; x_wconf 84' lang='lat' dir='ltr'><strong>sicut</strong></span> <span class='ocrx_word' id='word_1_593' title='bbox 2824 3648 3106 3718; x_wconf 82' lang='lat' dir='ltr'><strong>prioribus</strong></span> <span class='ocrx_word' id='word_1_594' title='bbox 3142 3647 3375 3718; x_wconf 88' lang='lat' dir='ltr'><strong>ejusdem</strong></span> <span class='ocrx_word' id='word_1_595' title='bbox 3404 3648 3540 3703; x_wconf 83' lang='lat' dir='ltr'><strong>divi-</strong></span> 
     </span>
    </p>
   </div>
   <div class='ocr_carea' id='block_1_81' title="bbox 1944 3742 3540 3813">
    <p class='ocr_par' dir='ltr' id='par_1_81' title="bbox 1944 3742 3540 3813">
     <span class='ocr_line' id='line_1_82' title="bbox 1944 3742 3540 3813; baseline -0.001 -16"><span class='ocrx_word' id='word_1_596' title='bbox 1944 3743 2109 3797; x_wconf 87' lang='lat' dir='ltr'><strong>sionis</strong></span> <span class='ocrx_word' id='word_1_597' title='bbox 2138 3742 2464 3813; x_wconf 85' lang='lat' dir='ltr'><strong>temporibus</strong></span> <span class='ocrx_word' id='word_1_598' title='bbox 2496 3742 2705 3809; x_wconf 84' lang='lat' dir='ltr'><strong>factum</strong></span> <span class='ocrx_word' id='word_1_599' title='bbox 2734 3755 2842 3796; x_wconf 89' lang='lat' dir='ltr'><strong>esse</strong></span> <span class='ocrx_word' id='word_1_600' title='bbox 2863 3743 3211 3809; x_wconf 84' lang='lat' dir='ltr'><strong>manifestum</strong></span> <span class='ocrx_word' id='word_1_601' title='bbox 3234 3746 3346 3809; x_wconf 86' lang='lat' dir='ltr'><strong>est;</strong></span> <span class='ocrx_word' id='word_1_602' title='bbox 3394 3742 3540 3812; x_wconf 85' lang='lat' dir='ltr'><strong>quod</strong></span> 
     </span>
    </p>
   </div>
   <div class='ocr_carea' id='block_1_82' title="bbox 1947 3826 3538 3907">
    <p class='ocr_par' dir='ltr' id='par_1_82' title="bbox 1947 3826 3538 3907">
     <span class='ocr_line' id='line_1_83' title="bbox 1947 3826 3538 3907; baseline 0 -17"><span class='ocrx_word' id='word_1_603' title='bbox 1947 3837 2242 3891; x_wconf 86' lang='lat' dir='ltr'><strong>multarum</strong></span> <span class='ocrx_word' id='word_1_604' title='bbox 2264 3840 2316 3892; x_wconf 89' lang='lat' dir='ltr'><strong>et</strong></span> <span class='ocrx_word' id='word_1_605' title='bbox 2336 3851 2469 3907; x_wconf 87' lang='lat' dir='ltr'><strong>pene</strong></span> <span class='ocrx_word' id='word_1_606' title='bbox 2492 3836 2729 3890; x_wconf 86' lang='lat' dir='ltr'><strong>omnium</strong></span> <span class='ocrx_word' id='word_1_607' title='bbox 2750 3835 3149 3901; x_wconf 82' lang='lat' dir='ltr'><strong>Africanarum</strong></span> <span class='ocrx_word' id='word_1_608' title='bbox 3175 3826 3538 3891; x_wconf 83' lang='lat' dir='ltr'><strong>Ecclesiarum</strong></span> 
     </span>
    </p>
   </div>
   <div class='ocr_carea' id='block_1_83' title="bbox 1949 3928 3544 4002">
    <p class='ocr_par' dir='ltr' id='par_1_83' title="bbox 1949 3928 3544 4002">
     <span class='ocr_line' id='line_1_84' title="bbox 1949 3928 3544 4002; baseline -0.001 -16"><span class='ocrx_word' id='word_1_609' title='bbox 1949 3932 2193 4001; x_wconf 68' lang='lat' dir='ltr'><strong>exempla</strong></span> <span class='ocrx_word' id='word_1_610' title='bbox 2228 3935 2510 3987; x_wconf 88' lang='lat' dir='ltr'><strong>testantur.</strong></span> <span class='ocrx_word' id='word_1_611' title='bbox 2546 3929 2602 3986; x_wconf 94' lang='lat' dir='ltr'><strong>S.</strong></span> <span class='ocrx_word' id='word_1_612' title='bbox 2650 3928 2988 4002; x_wconf 86' lang='lat' dir='ltr'><strong>Augustinus</strong></span> <span class='ocrx_word' id='word_1_613' title='bbox 3010 3928 3078 3985; x_wconf 93' lang='lat' dir='ltr'><strong>de</strong></span> <span class='ocrx_word' id='word_1_614' title='bbox 3106 3928 3311 3986; x_wconf 87' lang='lat' dir='ltr'><strong>eisdem</strong></span> <span class='ocrx_word' id='word_1_615' title='bbox 3344 3932 3544 3985; x_wconf 91' lang='lat' dir='ltr'><strong>Dona-</strong></span> 
     </span>
    </p>
   </div>
   <div class='ocr_carea' id='block_1_84' title="bbox 1947 4021 3539 4094">
    <p class='ocr_par' dir='ltr' id='par_1_84' title="bbox 1947 4021 3539 4094">
     <span class='ocr_line' id='line_1_85' title="bbox 1947 4021 3539 4094; baseline -0.002 -13"><span class='ocrx_word' id='word_1_616' title='bbox 1947 4024 2086 4081; x_wconf 90' lang='lat' dir='ltr'><strong>tistis</strong></span> <span class='ocrx_word' id='word_1_617' title='bbox 2124 4023 2368 4082; x_wconf 90' lang='lat' dir='ltr'><strong>scribens</strong></span> <span class='ocrx_word' id='word_1_618' title='bbox 2403 4022 2475 4081; x_wconf 89' lang='lat' dir='ltr'><strong>ad</strong></span> <span class='ocrx_word' id='word_1_619' title='bbox 2520 4021 2861 4080; x_wconf 86' lang='lat' dir='ltr'><strong>Bonifacium</strong></span> <span class='ocrx_word' id='word_1_620' title='bbox 2894 4040 2907 4076; x_wconf 89' lang='lat'><strong>:</strong></span> <span class='ocrx_word' id='word_1_621' title='bbox 2945 4024 3087 4087; x_wconf 83' lang='lat' dir='ltr'><strong>Sint,</strong></span> <span class='ocrx_word' id='word_1_622' title='bbox 3127 4022 3325 4094; x_wconf 91' lang='lat' dir='ltr'><strong>inquit,</strong></span> <span class='ocrx_word' id='word_1_623' title='bbox 3356 4025 3417 4077; x_wconf 87' lang='lat' dir='ltr'><strong>in</strong></span> <span class='ocrx_word' id='word_1_624' title='bbox 3440 4027 3539 4079; x_wconf 80' lang='lat' dir='ltr'><strong>Ec-</strong></span> 
     </span>
    </p>
   </div>
   <div class='ocr_carea' id='block_1_85' title="bbox 1946 4117 3543 4191">
    <p class='ocr_par' dir='ltr' id='par_1_85' title="bbox 1946 4117 3543 4191">
     <span class='ocr_line' id='line_1_86' title="bbox 1946 4117 3543 4191; baseline -0.001 -17"><span class='ocrx_word' id='word_1_625' title='bbox 1946 4120 2107 4175; x_wconf 85' lang='lat' dir='ltr'><strong>clesia</strong></span> <span class='ocrx_word' id='word_1_626' title='bbox 2147 4120 2344 4185; x_wconf 87' lang='lat' dir='ltr'><strong>clerici,</strong></span> <span class='ocrx_word' id='word_1_627' title='bbox 2389 4120 2500 4173; x_wconf 87' lang='lat' dir='ltr'><strong>sint</strong></span> <span class='ocrx_word' id='word_1_628' title='bbox 2523 4121 2760 4188; x_wconf 86' lang='lat' dir='ltr'><strong>episcopi</strong></span> <span class='ocrx_word' id='word_1_629' title='bbox 2807 4119 3039 4185; x_wconf 86' lang='lat' dir='ltr'><strong>utiliter,</strong></span> <span class='ocrx_word' id='word_1_630' title='bbox 3063 4118 3161 4187; x_wconf 87' lang='lat' dir='ltr'><strong>qui</strong></span> <span class='ocrx_word' id='word_1_631' title='bbox 3178 4120 3363 4171; x_wconf 85' lang='lat' dir='ltr'><strong>contra</strong></span> <span class='ocrx_word' id='word_1_632' title='bbox 3389 4117 3543 4191; x_wconf 89' lang='lat' dir='ltr'><strong>illam</strong></span> 
     </span>
    </p>
   </div>
   <div class='ocr_carea' id='block_1_86' title="bbox 1950 4208 3524 4282">
    <p class='ocr_par' dir='ltr' id='par_1_86' title="bbox 1950 4208 3524 4282">
     <span class='ocr_line' id='line_1_87' title="bbox 1950 4208 3524 4282; baseline -0.003 -14"><span class='ocrx_word' id='word_1_633' title='bbox 1950 4213 2184 4280; x_wconf 85' lang='lat' dir='ltr'><strong>fuerunt</strong></span> <span class='ocrx_word' id='word_1_634' title='bbox 2241 4211 2530 4267; x_wconf 85' lang='lat' dir='ltr'><strong>hostiliter.</strong></span> <span class='ocrx_word' id='word_1_635' title='bbox 2574 4213 2777 4267; x_wconf 88' lang='lat' dir='ltr'><strong>Beatus</strong></span> <span class='ocrx_word' id='word_1_636' title='bbox 2840 4227 3057 4282; x_wconf 90' lang='lat' dir='ltr'><strong>quoque</strong></span> <span class='ocrx_word' id='word_1_637' title='bbox 3089 4208 3453 4266; x_wconf 87' lang='lat' dir='ltr'><strong>Innocentius</strong></span> <span class='ocrx_word' id='word_1_638' title='bbox 3501 4210 3524 4264; x_wconf 92' lang='grc' dir='ltr'>Ι</span> 
     </span>
    </p>
   </div>
   <div class='ocr_carea' id='block_1_87' title="bbox 1946 4302 3547 4385">
    <p class='ocr_par' dir='ltr' id='par_1_87' title="bbox 1946 4302 3547 4385">
     <span class='ocr_line' id='line_1_88' title="bbox 1946 4302 3547 4385; baseline -0.001 -23"><span class='ocrx_word' id='word_1_639' title='bbox 1946 4320 2103 4378; x_wconf 89' lang='lat' dir='ltr'><strong>papa,</strong></span> <span class='ocrx_word' id='word_1_640' title='bbox 2136 4303 2383 4376; x_wconf 90' lang='lat' dir='ltr'><strong>quamvis</strong></span> <span class='ocrx_word' id='word_1_641' title='bbox 2410 4302 2807 4385; x_wconf 84' lang='lat' dir='ltr'><strong>ordinationem</strong></span> <span class='ocrx_word' id='word_1_642' title='bbox 2833 4302 3218 4360; x_wconf 76' lang='lat' dir='ltr'><strong>haereticorum</strong></span> <span class='ocrx_word' id='word_1_643' title='bbox 3242 4303 3547 4360; x_wconf 86' lang='lat' dir='ltr'><strong>damnatio-</strong></span> 
     </span>
    </p>
   </div>
   <div class='ocr_carea' id='block_1_88' title="bbox 1949 4395 3545 4471">
    <p class='ocr_par' dir='ltr' id='par_1_88' title="bbox 1949 4395 3545 4471">
     <span class='ocr_line' id='line_1_89' title="bbox 1949 4395 3545 4471; baseline -0.002 -17"><span class='ocrx_word' id='word_1_644' title='bbox 1949 4414 2077 4455; x_wconf 90' lang='lat' dir='ltr'><strong>nem</strong></span> <span class='ocrx_word' id='word_1_645' title='bbox 2123 4396 2307 4471; x_wconf 90' lang='lat' dir='ltr'><strong>potius</strong></span> <span class='ocrx_word' id='word_1_646' title='bbox 2351 4411 2516 4468; x_wconf 91' lang='lat' dir='ltr'><strong>quam</strong></span> <span class='ocrx_word' id='word_1_647' title='bbox 2557 4396 3021 4452; x_wconf 86' lang='lat' dir='ltr'><strong>consecrationem</strong></span> <span class='ocrx_word' id='word_1_648' title='bbox 3069 4411 3184 4452; x_wconf 90' lang='lat' dir='ltr'><strong>esse</strong></span> <span class='ocrx_word' id='word_1_649' title='bbox 3214 4395 3545 4468; x_wconf 86' lang='lat' dir='ltr'><strong>judicaverit</strong></span> 
     </span>
    </p>
   </div>
   <div class='ocr_carea' id='block_1_89' title="bbox 1949 4490 3545 4564">
    <p class='ocr_par' dir='ltr' id='par_1_89' title="bbox 1949 4490 3545 4564">
     <span class='ocr_line' id='line_1_90' title="bbox 1949 4490 3545 4564; baseline -0.002 -15"><span class='ocrx_word' id='word_1_650' title='bbox 1949 4495 2127 4564; x_wconf 84' lang='lat' dir='ltr'><strong>(epist.</strong></span> <span class='ocrx_word' id='word_1_651' title='bbox 2160 4497 2251 4562; x_wconf 88' lang='lat'><strong>22,</strong></span> <span class='ocrx_word' id='word_1_652' title='bbox 2287 4507 2404 4564; x_wconf 89' lang='lat' dir='ltr'><strong>cap.</strong></span> <span class='ocrx_word' id='word_1_653' title='bbox 2454 4497 2507 4558; x_wconf 85' lang='lat'><strong>3;</strong></span> <span class='ocrx_word' id='word_1_654' title='bbox 2537 4491 2752 4557; x_wconf 83' lang='lat' dir='ltr'><strong>LABB.,</strong></span> <span class='ocrx_word' id='word_1_655' title='bbox 2784 4496 2826 4546; x_wconf 90' lang='lat' dir='ltr'><strong>t.</strong></span> <span class='ocrx_word' id='word_1_656' title='bbox 2860 4490 2931 4558; x_wconf 93' lang='lat' dir='ltr'><strong>II,</strong></span> <span class='ocrx_word' id='word_1_657' title='bbox 2964 4503 3089 4562; x_wconf 89' lang='lat' dir='ltr'><strong>pag.</strong></span> <span class='ocrx_word' id='word_1_658' title='bbox 3136 4493 3316 4559; x_wconf 86' lang='lat'><strong>1273),</strong></span> <span class='ocrx_word' id='word_1_659' title='bbox 3336 4498 3545 4547; x_wconf 84' lang='lat' dir='ltr'><strong>senten-</strong></span> 
     </span>
    </p>
   </div>
   <div class='ocr_carea' id='block_1_90' title="bbox 1914 4581 3544 4654">
    <p class='ocr_par' dir='ltr' id='par_1_90' title="bbox 1914 4581 3544 4654">
     <span class='ocr_line' id='line_1_91' title="bbox 1914 4581 3544 4654; baseline -0.001 -12"><span class='ocrx_word' id='word_1_660' title='bbox 1914 4587 2085 4644; x_wconf 87' lang='lat' dir='ltr'><strong>-tiam</strong></span> <span class='ocrx_word' id='word_1_661' title='bbox 2113 4595 2299 4644; x_wconf 89' lang='lat' dir='ltr'><strong>tamen</strong></span> <span class='ocrx_word' id='word_1_662' title='bbox 2343 4584 2546 4643; x_wconf 87' lang='lat' dir='ltr'><strong>Nicaeni</strong></span> <span class='ocrx_word' id='word_1_663' title='bbox 2586 4582 2804 4640; x_wconf 89' lang='lat' dir='ltr'><strong>concilii</strong></span> <span class='ocrx_word' id='word_1_664' title='bbox 2843 4581 2913 4639; x_wconf 91' lang='lat' dir='ltr'><strong>de</strong></span> <span class='ocrx_word' id='word_1_665' title='bbox 2949 4582 3261 4654; x_wconf 88' lang='lat' dir='ltr'><strong>receptione</strong></span> <span class='ocrx_word' id='word_1_666' title='bbox 3289 4581 3544 4640; x_wconf 86' lang='lat' dir='ltr'><strong>Novatia-</strong></span> 
     </span>
    </p>
   </div>
   <div class='ocr_carea' id='block_1_91' title="bbox 1956 4745 3542 4807">
    <p class='ocr_par' dir='ltr' id='par_1_91' title="bbox 1956 4745 3542 4807">
     <span class='ocr_line' id='line_1_92' title="bbox 1956 4745 3542 4807; baseline -0.003 0"><span class='ocrx_word' id='word_1_667' title='bbox 1956 4764 2083 4807; x_wconf 89' lang='lat' dir='ltr'><strong>ann.</strong></span> <span class='ocrx_word' id='word_1_668' title='bbox 2125 4754 2265 4806; x_wconf 85' lang='lat'><strong>1405</strong></span> <span class='ocrx_word' id='word_1_669' title='bbox 2294 4748 2364 4803; x_wconf 90' lang='lat' dir='ltr'><strong>ab</strong></span> <span class='ocrx_word' id='word_1_670' title='bbox 2404 4745 2665 4803; x_wconf 89' lang='lat' dir='ltr'><strong>Heinrico</strong></span> <span class='ocrx_word' id='word_1_671' title='bbox 2694 4746 2737 4799; x_wconf 86' lang='lat' dir='ltr'><strong>V</strong></span> <span class='ocrx_word' id='word_1_672' title='bbox 2775 4747 3014 4801; x_wconf 80' lang='lat' dir='ltr'><strong>Romam</strong></span> <span class='ocrx_word' id='word_1_673' title='bbox 3047 4745 3245 4803; x_wconf 88' lang='lat' dir='ltr'><strong>missus</strong></span> <span class='ocrx_word' id='word_1_674' title='bbox 3281 4761 3426 4803; x_wconf 88' lang='lat' dir='ltr'><strong>anno</strong></span> <span class='ocrx_word' id='word_1_675' title='bbox 3455 4761 3542 4803; x_wconf 52' lang='lat' dir='ltr'><strong>se.</strong></span> 
     </span>
    </p>
   </div>
   <div class='ocr_carea' id='block_1_92' title="bbox 1956 4817 3546 4893">
    <p class='ocr_par' dir='ltr' id='par_1_92' title="bbox 1956 4817 3546 4893">
     <span class='ocr_line' id='line_1_93' title="bbox 1956 4817 3546 4893; baseline -0.001 -16"><span class='ocrx_word' id='word_1_676' title='bbox 1956 4828 2170 4893; x_wconf 77' lang='lat' dir='ltr'><strong>quente</strong></span> <span class='ocrx_word' id='word_1_677' title='bbox 2194 4818 2412 4893; x_wconf 79' lang='lat' dir='ltr'><strong>synodo</strong></span> <span class='ocrx_word' id='word_1_678' title='bbox 2442 4817 2808 4893; x_wconf 73' lang='lat' dir='ltr'><strong>Guastallensi</strong></span> <span class='ocrx_word' id='word_1_679' title='bbox 2844 4817 3151 4893; x_wconf 82' lang='lat' dir='ltr'><strong>a_Pasc_hali</strong></span> <span class='ocrx_word' id='word_1_680' title='bbox 3180 4820 3232 4893; x_wconf 84' lang='lat' dir='ltr'><strong>II</strong></span> <span class='ocrx_word' id='word_1_681' title='bbox 3259 4819 3546 4893; x_wconf 65' lang='lat' dir='ltr'><strong>celebrata:</strong></span> 
     </span>
    </p>
   </div>
   <div class='ocr_carea' id='block_1_93' title="bbox 1957 4888 3541 4963">
    <p class='ocr_par' dir='ltr' id='par_1_93' title="bbox 1957 4888 3541 4963">
     <span class='ocr_line' id='line_1_94' title="bbox 1957 4888 3541 4963; baseline -0.004 -15"><span class='ocrx_word' id='word_1_682' title='bbox 1957 4888 2510 4963; x_wconf 12' lang='lat' dir='ltr'><strong>interfuissegdicitur</strong></span> <span class='ocrx_word' id='word_1_683' title='bbox 2542 4888 3145 4963; x_wconf 74' lang='lat' dir='ltr'><strong>inGalliaChristiana</strong></span> <span class='ocrx_word' id='word_1_684' title='bbox 3194 4890 3251 4963; x_wconf 83' lang='lat' dir='ltr'><strong>(t.</strong></span> <span class='ocrx_word' id='word_1_685' title='bbox 3309 4892 3377 4956; x_wconf 90' lang='lat' dir='ltr'><strong>V,</strong></span> <span class='ocrx_word' id='word_1_686' title='bbox 3404 4906 3541 4963; x_wconf 85' lang='lat' dir='ltr'><strong>pag.</strong></span> 
     </span>
    </p>
   </div>
   <div class='ocr_carea' id='block_1_94' title="bbox 1957 4960 3547 5031">
    <p class='ocr_par' dir='ltr' id='par_1_94' title="bbox 1957 4960 3547 5031">
     <span class='ocr_line' id='line_1_95' title="bbox 1957 4960 3547 5031; baseline -0.001 -11"><span class='ocrx_word' id='word_1_687' title='bbox 1957 4967 2104 5031; x_wconf 87' lang='lat'><strong>911),</strong></span> <span class='ocrx_word' id='word_1_688' title='bbox 2150 4961 2243 5018; x_wconf 89' lang='lat' dir='ltr'><strong>ubi</strong></span> <span class='ocrx_word' id='word_1_689' title='bbox 2278 4960 2364 5016; x_wconf 89' lang='lat' dir='ltr'><strong>illa</strong></span> <span class='ocrx_word' id='word_1_690' title='bbox 2393 4960 2462 5017; x_wconf 91' lang='lat' dir='ltr'><strong>de</strong></span> <span class='ocrx_word' id='word_1_691' title='bbox 2502 4960 2863 5017; x_wconf 88' lang='lat' dir='ltr'><strong>schismaticis</strong></span> <span class='ocrx_word' id='word_1_692' title='bbox 2901 4960 3167 5017; x_wconf 87' lang='lat' dir='ltr'><strong>ordinatis</strong></span> <span class='ocrx_word' id='word_1_693' title='bbox 3204 4960 3263 5017; x_wconf 87' lang='lat' dir='ltr'><strong>in</strong></span> <span class='ocrx_word' id='word_1_694' title='bbox 3291 4960 3547 5018; x_wconf 69' lang='lat' dir='ltr'><strong>Ecclesiae</strong></span> 
     </span>
    </p>
   </div>
   <div class='ocr_carea' id='block_1_95' title="bbox 1958 5031 3544 5103">
    <p class='ocr_par' dir='ltr' id='par_1_95' title="bbox 1958 5031 3544 5103">
     <span class='ocr_line' id='line_1_96' title="bbox 1958 5031 3544 5103; baseline -0.001 -13"><span class='ocrx_word' id='word_1_695' title='bbox 1958 5034 2403 5091; x_wconf 90' lang='lat' dir='ltr'><strong>communionem</strong></span> <span class='ocrx_word' id='word_1_696' title='bbox 2438 5031 2763 5102; x_wconf 88' lang='lat' dir='ltr'><strong>recipiendis</strong></span> <span class='ocrx_word' id='word_1_697' title='bbox 2799 5032 3031 5103; x_wconf 65' lang='lat' dir='ltr'><strong>quaestio</strong></span> <span class='ocrx_word' id='word_1_698' title='bbox 3094 5041 3327 5090; x_wconf 90' lang='lat' dir='ltr'><strong>tractata</strong></span> <span class='ocrx_word' id='word_1_699' title='bbox 3372 5042 3426 5089; x_wconf 90' lang='lat' dir='ltr'><strong>et</strong></span> <span class='ocrx_word' id='word_1_700' title='bbox 3470 5033 3544 5089; x_wconf 89' lang='lat' dir='ltr'><strong>ita</strong></span> 
     </span>
    </p>
   </div>
   <div class='ocr_carea' id='block_1_96' title="bbox 1960 5104 3546 5175">
    <p class='ocr_par' dir='ltr' id='par_1_96' title="bbox 1960 5104 3546 5175">
     <span class='ocr_line' id='line_1_97' title="bbox 1960 5104 3546 5175; baseline -0.003 -12"><span class='ocrx_word' id='word_1_701' title='bbox 1960 5105 2183 5164; x_wconf 82' lang='lat' dir='ltr'><strong>deﬁnita</strong></span> <span class='ocrx_word' id='word_1_702' title='bbox 2224 5111 2324 5170; x_wconf 89' lang='lat' dir='ltr'><strong>est,</strong></span> <span class='ocrx_word' id='word_1_703' title='bbox 2358 5111 2522 5175; x_wconf 91' lang='lat' dir='ltr'><strong>prout</strong></span> <span class='ocrx_word' id='word_1_704' title='bbox 2535 5104 2657 5174; x_wconf 91' lang='lat' dir='ltr'><strong>jam</strong></span> <span class='ocrx_word' id='word_1_705' title='bbox 2697 5111 2860 5159; x_wconf 90' lang='lat' dir='ltr'><strong>antea</strong></span> <span class='ocrx_word' id='word_1_706' title='bbox 2897 5105 3200 5163; x_wconf 89' lang='lat' dir='ltr'><strong>Bernoldus</strong></span> <span class='ocrx_word' id='word_1_707' title='bbox 3232 5106 3291 5160; x_wconf 91' lang='lat' dir='ltr'><strong>in</strong></span> <span class='ocrx_word' id='word_1_708' title='bbox 3315 5105 3416 5160; x_wconf 87' lang='lat' dir='ltr'><strong>hac</strong></span> <span class='ocrx_word' id='word_1_709' title='bbox 3447 5119 3546 5159; x_wconf 90' lang='lat' dir='ltr'><strong>sua</strong></span> 
     </span>
    </p>
   </div>
   <div class='ocr_carea' id='block_1_97' title="bbox 1780 5175 2586 5250">
    <p class='ocr_par' dir='ltr' id='par_1_97' title="bbox 1780 5175 2586 5250">
     <span class='ocr_line' id='line_1_98' title="bbox 1780 5175 2586 5250; baseline -0.012 -13"><span class='ocrx_word' id='word_1_710' title='bbox 1780 5195 1852 5237; x_wconf 89' lang='lat' dir='ltr'><strong>uo</strong></span> <span class='ocrx_word' id='word_1_711' title='bbox 1888 5242 1925 5250; x_wconf 39' lang='lat' dir='ltr'><strong>ﬁ</strong></span> <span class='ocrx_word' id='word_1_712' title='bbox 1960 5176 2190 5250; x_wconf 87' lang='lat' dir='ltr'><strong>epistola</strong></span> <span class='ocrx_word' id='word_1_713' title='bbox 2217 5175 2586 5250; x_wconf 82' lang='lat' dir='ltr'><strong>consuluerat.</strong></span> 
     </span>
    </p>
   </div>
   <div class='ocr_carea' id='block_1_98' title="bbox 236 5195 3550 5322">
    <p class='ocr_par' dir='ltr' id='par_1_98' title="bbox 236 5195 3550 5322">
     <span class='ocr_line' id='line_1_99' title="bbox 329 5195 2586 5250; baseline 0.001 -25"><span class='ocrx_word' id='word_1_714' title='bbox 329 5195 513 5240; x_wconf 61' lang='lat'><strong>(1160)</strong></span> <span class='ocrx_word' id='word_1_715' title='bbox 547 5195 875 5231; x_wconf 70' lang='grc' dir='ltr'><strong>υθιωδταιιδ</strong></span> <span class='ocrx_word' id='word_1_716' title='bbox 902 5195 1065 5246; x_wconf 74' lang='grc'>[11]]118</span> <span class='ocrx_word' id='word_1_717' title='bbox 1090 5195 1330 5233; x_wconf 83' lang='lat' dir='ltr'><strong>nomlms</strong></span> <span class='ocrx_word' id='word_1_718' title='bbox 1376 5195 1592 5247; x_wconf 67' lang='grc'>10111118,</span> <span class='ocrx_word' id='word_1_719' title='bbox 1629 5195 1697 5235; x_wconf 75' lang='grc' dir='ltr'><strong>αθ</strong></span> <span class='ocrx_word' id='word_1_720' title='bbox 1780 5195 1852 5237; x_wconf 80' lang='grc'><strong>110</strong></span> <span class='ocrx_word' id='word_1_721' title='bbox 1960 5195 2190 5250; x_wconf 78' lang='lat' dir='ltr'><strong>eplswla</strong></span> <span class='ocrx_word' id='word_1_722' title='bbox 2217 5195 2586 5232; x_wconf 72' lang='grc' dir='ltr'><strong>οοηδυιυρῐειι.</strong></span> 
     </span>
     <span class='ocr_line' id='line_1_100' title="bbox 236 5195 3550 5322; baseline 0 -24"><span class='ocrx_word' id='word_1_723' title='bbox 236 5242 368 5322; x_wconf 70' lang='lat' dir='ltr'><strong>jam</strong></span> <span class='ocrx_word' id='word_1_724' title='bbox 393 5243 500 5322; x_wconf 86' lang='lat' dir='ltr'><strong>_col_.</strong></span> <span class='ocrx_word' id='word_1_725' title='bbox 523 5246 680 5313; x_wconf 85' lang='lat'><strong>1237,</strong></span> <span class='ocrx_word' id='word_1_726' title='bbox 720 5244 1045 5322; x_wconf 32' lang='lat' dir='ltr'><strong>dictum,‘ab</strong></span> <span class='ocrx_word' id='word_1_727' title='bbox 1064 5248 1292 5322; x_wconf 70' lang='lat' dir='ltr'><strong>Urbano</strong></span> <span class='ocrx_word' id='word_1_728' title='bbox 1321 5251 1375 5322; x_wconf 87' lang='lat' dir='ltr'><strong>II</strong></span> <span class='ocrx_word' id='word_1_729' title='bbox 1399 5250 1556 5322; x_wconf 86' lang='lat' dir='ltr'><strong>legati</strong></span> <span class='ocrx_word' id='word_1_730' title='bbox 1571 5195 1853 5322; x_wconf 63' lang='grc' dir='ltr'><strong>θροεῐῶἰοί</strong></span> <span class='ocrx_word' id='word_1_731' title='bbox 1888 5242 1935 5303; x_wconf 90' lang='lat' dir='ltr'><strong>D</strong></span> <span class='ocrx_word' id='word_1_732' title='bbox 2035 5253 2212 5322; x_wconf 81' lang='lat'><strong>(1137)</strong></span> <span class='ocrx_word' id='word_1_733' title='bbox 2237 5248 2340 5303; x_wconf 84' lang='lat' dir='ltr'><strong>Hic</strong></span> <span class='ocrx_word' id='word_1_734' title='bbox 2359 5263 2470 5322; x_wconf 82' lang='lat' dir='ltr'><strong>non</strong></span> <span class='ocrx_word' id='word_1_735' title='bbox 2519 5252 2636 5322; x_wconf 76' lang='lat' dir='ltr'><strong>erat</strong></span> <span class='ocrx_word' id='word_1_736' title='bbox 2684 5248 2929 5303; x_wconf 88' lang='lat' dir='ltr'><strong>Novatus</strong></span> <span class='ocrx_word' id='word_1_737' title='bbox 2955 5245 3263 5322; x_wconf 73' lang='lat' dir='ltr'><strong>Africanus,</strong></span> <span class='ocrx_word' id='word_1_738' title='bbox 3292 5243 3403 5322; x_wconf 90' lang='lat' dir='ltr'><strong>_sed</strong></span> <span class='ocrx_word' id='word_1_739' title='bbox 3432 5246 3550 5322; x_wconf 72' lang='lat' dir='ltr'><strong>N9-</strong></span> 
     </span>
    </p>
   </div>
   <div class='ocr_carea' id='block_1_99' title="bbox 248 5314 1856 5442">
    <p class='ocr_par' dir='ltr' id='par_1_99' title="bbox 248 5314 1856 5442">
     <span class='ocr_line' id='line_1_101' title="bbox 248 5314 1856 5442; baseline 0.005 -71"><span class='ocrx_word' id='word_1_740' title='bbox 248 5314 523 5442; x_wconf 50' lang='grc' dir='ltr'>ὀξὶς-11111110</span> <span class='ocrx_word' id='word_1_741' title='bbox 538 5325 731 5401; x_wconf 79' lang='lat' dir='ltr'><strong>auctus</strong></span> <span class='ocrx_word' id='word_1_742' title='bbox 746 5316 873 5385; x_wconf 87' lang='lat' dir='ltr'><strong>fuit,</strong></span> <span class='ocrx_word' id='word_1_743' title='bbox 892 5316 970 5373; x_wconf 86' lang='lat' dir='ltr'><strong>uti</strong></span> <span class='ocrx_word' id='word_1_744' title='bbox 996 5319 1164 5375; x_wconf 84' lang='lat' dir='ltr'><strong>refert</strong></span> <span class='ocrx_word' id='word_1_745' title='bbox 1184 5314 1487 5405; x_wconf 73' lang='lat' dir='ltr'><strong>Bernoldus</strong></span> <span class='ocrx_word' id='word_1_746' title='bbox 1508 5321 1561 5405; x_wconf 77' lang='lat' dir='ltr'><strong>in</strong></span> <span class='ocrx_word' id='word_1_747' title='bbox 1585 5314 1856 5406; x_wconf 77' lang='lat' dir='ltr'><strong>Chronico</strong></span> 
     </span>
     <span class='ocr_line' id='line_1_102' title="bbox 248 5388 1855 5442; baseline 0.001 -1"><span class='ocrx_word' id='word_1_748' title='bbox 248 5401 285 5441; x_wconf 85' lang='lat' dir='ltr'><strong>a</strong></span> <span class='ocrx_word' id='word_1_749' title='bbox 356 5401 484 5441; x_wconf 89' lang='lat' dir='ltr'><strong>ann.</strong></span> <span class='ocrx_word' id='word_1_750' title='bbox 522 5392 679 5442; x_wconf 88' lang='grc'>1089.</span> <span class='ocrx_word' id='word_1_751' title='bbox 711 5404 826 5442; x_wconf 78' lang='lat' dir='ltr'><strong>insa</strong></span> <span class='ocrx_word' id='word_1_752' title='bbox 863 5389 967 5442; x_wconf 89' lang='lat' dir='ltr'><strong>hac</strong></span> <span class='ocrx_word' id='word_1_753' title='bbox 1008 5388 1076 5442; x_wconf 89' lang='lat' dir='ltr'><strong>de</strong></span> <span class='ocrx_word' id='word_1_754' title='bbox 1104 5407 1164 5442; x_wconf 85' lang='lat' dir='ltr'><strong>re</strong></span> <span class='ocrx_word' id='word_1_755' title='bbox 1208 5391 1419 5442; x_wconf 78' lang='lat' dir='ltr'><strong>Urbani</strong></span> <span class='ocrx_word' id='word_1_756' title='bbox 1471 5396 1694 5442; x_wconf 78' lang='lat' dir='ltr'><strong>emstnln</strong></span> <span class='ocrx_word' id='word_1_757' title='bbox 1730 5396 1855 5442; x_wconf 74' lang='lat' dir='ltr'><strong>lem-</strong></span> 
     </span>
    </p>
   </div>
   <div class='ocr_carea' id='block_1_100' title="bbox 246 5388 1855 5468">
    <p class='ocr_par' dir='ltr' id='par_1_100' title="bbox 246 5388 1855 5468">
     <span class='ocr_line' id='line_1_103' title="bbox 246 5388 1855 5468; baseline 0.006 -26"><span class='ocrx_word' id='word_1_758' title='bbox 246 5388 327 5468; x_wconf 70' lang='lat' dir='ltr'><strong>ad</strong></span> <span class='ocrx_word' id='word_1_759' title='bbox 356 5401 484 5441; x_wconf 89' lang='lat' dir='ltr'><strong>ann.</strong></span> <span class='ocrx_word' id='word_1_760' title='bbox 516 5389 826 5468; x_wconf 40' lang='lat' dir='ltr'><strong>‘10_89_,-ipsa</strong></span> <span class='ocrx_word' id='word_1_761' title='bbox 863 5388 1076 5468; x_wconf 88' lang='lat' dir='ltr'><strong>hac__de</strong></span> <span class='ocrx_word' id='word_1_762' title='bbox 1104 5407 1164 5447; x_wconf 89' lang='lat' dir='ltr'><strong>re</strong></span> <span class='ocrx_word' id='word_1_763' title='bbox 1208 5391 1421 5449; x_wconf 89' lang='lat' dir='ltr'><strong>Urbani</strong></span> <span class='ocrx_word' id='word_1_764' title='bbox 1471 5393 1697 5464; x_wconf 90' lang='lat' dir='ltr'><strong>epistola</strong></span> <span class='ocrx_word' id='word_1_765' title='bbox 1729 5395 1855 5468; x_wconf 89' lang='lat' dir='ltr'><strong>legi-</strong></span> 
     </span>
    </p>
   </div>
   <div class='ocr_carea' id='block_1_101' title="bbox 245 5457 1371 5533">
    <p class='ocr_par' dir='ltr' id='par_1_101' title="bbox 245 5457 1371 5533">
     <span class='ocr_line' id='line_1_104' title="bbox 245 5457 1371 5533; baseline 0.003 -20"><span class='ocrx_word' id='word_1_766' title='bbox 245 5463 352 5515; x_wconf 80' lang='lat' dir='ltr'><strong>tur</strong></span> <span class='ocrx_word' id='word_1_767' title='bbox 378 5457 538 5533; x_wconf 80' lang='lat' dir='ltr'><strong>apud</strong></span> <span class='ocrx_word' id='word_1_768' title='bbox 564 5457 949 5533; x_wconf 31' lang='lat' dir='ltr'><strong>ALabbeumJ.</strong></span> <span class='ocrx_word' id='word_1_769' title='bbox 969 5461 1046 5528; x_wconf 89' lang='lat' dir='ltr'><strong>X,</strong></span> <span class='ocrx_word' id='word_1_770' title='bbox 1076 5477 1201 5533; x_wconf 91' lang='lat' dir='ltr'><strong>pag.</strong></span> <span class='ocrx_word' id='word_1_771' title='bbox 1247 5468 1371 5518; x_wconf 86' lang='lat'><strong>444.</strong></span> 
     </span>
    </p>
   </div>
   <div class='ocr_carea' id='block_1_102' title="bbox 330 5530 1853 5605">
    <p class='ocr_par' dir='ltr' id='par_1_102' title="bbox 330 5530 1853 5605">
     <span class='ocr_line' id='line_1_105' title="bbox 330 5530 1853 5605; baseline 0.007 -22"><span class='ocrx_word' id='word_1_772' title='bbox 330 5530 521 5596; x_wconf 84' lang='lat'><strong>(1136)</strong></span> <span class='ocrx_word' id='word_1_773' title='bbox 549 5530 719 5605; x_wconf 81' lang='lat' dir='ltr'><strong>Quale</strong></span> <span class='ocrx_word' id='word_1_774' title='bbox 743 5530 910 5605; x_wconf 76' lang='lat' dir='ltr'><strong>fuerit</strong></span> <span class='ocrx_word' id='word_1_775' title='bbox 939 5530 1251 5605; x_wconf 75' lang='lat' dir='ltr'><strong>Romanum</strong></span> <span class='ocrx_word' id='word_1_776' title='bbox 1279 5533 1385 5589; x_wconf 91' lang='lat' dir='ltr'><strong>hoc</strong></span> <span class='ocrx_word' id='word_1_777' title='bbox 1422 5535 1734 5605; x_wconf 87' lang='lat' dir='ltr'><strong>concilium,</strong></span> <span class='ocrx_word' id='word_1_778' title='bbox 1764 5538 1853 5594; x_wconf 88' lang='lat' dir='ltr'><strong>cui</strong></span> 
     </span>
    </p>
   </div>
   <div class='ocr_carea' id='block_1_103' title="bbox 244 5598 1851 5678">
    <p class='ocr_par' dir='ltr' id='par_1_103' title="bbox 244 5598 1851 5678">
     <span class='ocr_line' id='line_1_106' title="bbox 244 5598 1851 5678; baseline 0.006 -23"><span class='ocrx_word' id='word_1_779' title='bbox 244 5598 533 5678; x_wconf 60' lang='lat' dir='ltr'><strong>interesse</strong></span> <span class='ocrx_word' id='word_1_780' title='bbox 560 5598 728 5658; x_wconf 84' lang='lat' dir='ltr'><strong>voluit</strong></span> <span class='ocrx_word' id='word_1_781' title='bbox 771 5601 1099 5661; x_wconf 84' lang='lat' dir='ltr'><strong>Gebhardus</strong></span> <span class='ocrx_word' id='word_1_782' title='bbox 1153 5612 1502 5676; x_wconf 90' lang='lat' dir='ltr'><strong>compertum</strong></span> <span class='ocrx_word' id='word_1_783' title='bbox 1546 5606 1692 5665; x_wconf 91' lang='lat' dir='ltr'><strong>haud</strong></span> <span class='ocrx_word' id='word_1_784' title='bbox 1714 5598 1728 5605; x_wconf 64' lang='grc'><em>⁷</em></span> <span class='ocrx_word' id='word_1_785' title='bbox 1749 5616 1851 5678; x_wconf 90' lang='lat' dir='ltr'><strong>est,</strong></span> 
     </span>
    </p>
   </div>
   <div class='ocr_carea' id='block_1_104' title="bbox 243 5669 1859 5736">
    <p class='ocr_par' dir='ltr' id='par_1_104' title="bbox 243 5669 1859 5736">
     <span class='ocr_line' id='line_1_107' title="bbox 243 5669 1859 5736; baseline 0.006 -9"><span class='ocrx_word' id='word_1_786' title='bbox 243 5669 418 5727; x_wconf 90' lang='lat' dir='ltr'><strong>illum</strong></span> <span class='ocrx_word' id='word_1_787' title='bbox 457 5670 652 5729; x_wconf 89' lang='lat' dir='ltr'><strong>saltem</strong></span> <span class='ocrx_word' id='word_1_788' title='bbox 670 5682 796 5729; x_wconf 91' lang='lat' dir='ltr'><strong>ante</strong></span> <span class='ocrx_word' id='word_1_789' title='bbox 823 5690 1033 5732; x_wconf 88' lang='lat' dir='ltr'><strong>annum</strong></span> <span class='ocrx_word' id='word_1_790' title='bbox 1062 5680 1201 5732; x_wconf 88' lang='lat'><strong>1100</strong></span> <span class='ocrx_word' id='word_1_791' title='bbox 1229 5669 1467 5733; x_wconf 76' lang='lat' dir='ltr'><strong>Romam</strong></span> <span class='ocrx_word' id='word_1_792' title='bbox 1493 5679 1704 5736; x_wconf 90' lang='lat' dir='ltr'><strong>venisse</strong></span> <span class='ocrx_word' id='word_1_793' title='bbox 1731 5669 1859 5736; x_wconf 56' lang='lat' dir='ltr'><strong>nus;</strong></span> 
     </span>
    </p>
   </div>
   <div class='ocr_carea' id='block_1_105' title="bbox 241 5738 1858 5826">
    <p class='ocr_par' dir='ltr' id='par_1_105' title="bbox 241 5738 1858 5826">
     <span class='ocr_line' id='line_1_108' title="bbox 241 5738 1858 5826; baseline 0.007 -31"><span class='ocrx_word' id='word_1_794' title='bbox 241 5738 408 5826; x_wconf 51' lang='lat' dir='ltr'><strong>piam</strong></span> <span class='ocrx_word' id='word_1_795' title='bbox 435 5742 620 5826; x_wconf 72' lang='lat' dir='ltr'><strong>prodit</strong></span> <span class='ocrx_word' id='word_1_796' title='bbox 658 5744 958 5826; x_wconf 74' lang='lat' dir='ltr'><strong>Bernaldus</strong></span> <span class='ocrx_word' id='word_1_797' title='bbox 994 5747 1053 5803; x_wconf 94' lang='lat' dir='ltr'><strong>in</strong></span> <span class='ocrx_word' id='word_1_798' title='bbox 1082 5746 1401 5826; x_wconf 41' lang='lat' dir='ltr'><strong>Chronico;</strong></span> <span class='ocrx_word' id='word_1_799' title='bbox 1422 5751 1593 5826; x_wconf 67' lang='lat' dir='ltr'><strong>If‘orte</strong></span> <span class='ocrx_word' id='word_1_800' title='bbox 1617 5749 1688 5826; x_wconf 83' lang='lat' dir='ltr'><strong>ad</strong></span> <span class='ocrx_word' id='word_1_801' title='bbox 1723 5750 1858 5826; x_wconf 80' lang='lat' dir='ltr'><strong>illud</strong></span> 
     </span>
    </p>
   </div>
   <div class='ocr_carea' id='block_1_106' title="bbox 245 5814 1858 5887">
    <p class='ocr_par' dir='ltr' id='par_1_106' title="bbox 245 5814 1858 5887">
     <span class='ocr_line' id='line_1_109' title="bbox 245 5814 1858 5887; baseline 0.009 -21"><span class='ocrx_word' id='word_1_802' title='bbox 245 5814 393 5887; x_wconf 75' lang='lat' dir='ltr'><strong>anni</strong></span> <span class='ocrx_word' id='word_1_803' title='bbox 430 5814 568 5887; x_wconf 69' lang='lat'><strong>1099</strong></span> <span class='ocrx_word' id='word_1_804' title='bbox 592 5814 672 5870; x_wconf 91' lang='lat' dir='ltr'><strong>ire</strong></span> <span class='ocrx_word' id='word_1_805' title='bbox 698 5814 1063 5887; x_wconf 86' lang='lat' dir='ltr'><strong>disposuerat,</strong></span> <span class='ocrx_word' id='word_1_806' title='bbox 1102 5818 1199 5876; x_wconf 88' lang='lat' dir='ltr'><strong>sed</strong></span> <span class='ocrx_word' id='word_1_807' title='bbox 1237 5820 1305 5876; x_wconf 93' lang='lat' dir='ltr'><strong>ab</strong></span> <span class='ocrx_word' id='word_1_808' title='bbox 1356 5819 1715 5879; x_wconf 86' lang='lat' dir='ltr'><strong>Heinricianis</strong></span> <span class='ocrx_word' id='word_1_809' title='bbox 1746 5820 1858 5879; x_wconf 90' lang='lat' dir='ltr'><strong>im-</strong></span> 
     </span>
    </p>
   </div>
   <div class='ocr_carea' id='block_1_107' title="bbox 242 5881 1856 5964">
    <p class='ocr_par' dir='ltr' id='par_1_107' title="bbox 242 5881 1856 5964">
     <span class='ocr_line' id='line_1_110' title="bbox 242 5881 1856 5964; baseline 0.007 -25"><span class='ocrx_word' id='word_1_810' title='bbox 242 5881 476 5956; x_wconf 82' lang='lat' dir='ltr'><strong>peditus</strong></span> <span class='ocrx_word' id='word_1_811' title='bbox 523 5883 749 5943; x_wconf 88' lang='lat' dir='ltr'><strong>demum</strong></span> <span class='ocrx_word' id='word_1_812' title='bbox 783 5881 1059 5945; x_wconf 75' lang='lat' dir='ltr'><strong>Heinrico</strong></span> <span class='ocrx_word' id='word_1_813' title='bbox 1090 5899 1314 5951; x_wconf 87' lang='lat' dir='ltr'><strong>mortuo</strong></span> <span class='ocrx_word' id='word_1_814' title='bbox 1370 5900 1425 5950; x_wconf 87' lang='lat' dir='ltr'><strong>et</strong></span> <span class='ocrx_word' id='word_1_815' title='bbox 1457 5908 1588 5964; x_wconf 88' lang='lat' dir='ltr'><strong>pace</strong></span> <span class='ocrx_word' id='word_1_816' title='bbox 1644 5890 1856 5951; x_wconf 87' lang='lat' dir='ltr'><strong>reddita</strong></span> 
     </span>
    </p>
   </div>
   <div class='ocr_carea' id='block_1_108' title="bbox 550 5975 1079 6037">
    <p class='ocr_par' dir='ltr' id='par_1_108' title="bbox 550 5975 1079 6037">
     <span class='ocr_line' id='line_1_111' title="bbox 550 5975 1079 6037; baseline 0.008 -5"><span class='ocrx_word' id='word_1_817' title='bbox 550 5975 786 6035; x_wconf 59' lang='lat' dir='ltr'><strong>Parion.</strong></span> <span class='ocrx_word' id='word_1_818' title='bbox 824 5976 1079 6037; x_wconf 76' lang='lat' dir='ltr'><strong>CXLVIII.</strong></span> 
     </span>
    </p>
   </div>
   <div class='ocr_carea' id='block_1_109' title="bbox 1964 5313 3549 5397">
    <p class='ocr_par' dir='ltr' id='par_1_109' title="bbox 1964 5313 3549 5397">
     <span class='ocr_line' id='line_1_112' title="bbox 1964 5313 3549 5397; baseline -0.002 -23"><span class='ocrx_word' id='word_1_819' title='bbox 1964 5313 2215 5397; x_wconf 80' lang='lat' dir='ltr'><strong>vatianus</strong></span> <span class='ocrx_word' id='word_1_820' title='bbox 2240 5317 2524 5397; x_wconf 88' lang='lat' dir='ltr'><strong>presbyter</strong></span> <span class='ocrx_word' id='word_1_821' title='bbox 2542 5388 2555 5397; x_wconf 88' lang='lat'><em>_</em></span> <span class='ocrx_word' id='word_1_822' title='bbox 2580 5321 2888 5397; x_wconf 71' lang='lat' dir='ltr'><strong>Romanus,</strong></span> <span class='ocrx_word' id='word_1_823' title='bbox 2918 5332 3053 5397; x_wconf 81' lang='lat' dir='ltr'><strong>quos</strong></span> <span class='ocrx_word' id='word_1_824' title='bbox 3100 5316 3170 5397; x_wconf 78' lang='lat' dir='ltr'><strong>ab</strong></span> <span class='ocrx_word' id='word_1_825' title='bbox 3199 5313 3438 5397; x_wconf 49' lang='lat' dir='ltr'><strong>invicem‘</strong></span> <span class='ocrx_word' id='word_1_826' title='bbox 3460 5315 3549 5397; x_wconf 66' lang='lat' dir='ltr'><strong>di:</strong></span> 
     </span>
    </p>
   </div>
   <div class='ocr_carea' id='block_1_110' title="bbox 1963 5385 3547 5468">
    <p class='ocr_par' dir='ltr' id='par_1_110' title="bbox 1963 5385 3547 5468">
     <span class='ocr_line' id='line_1_113' title="bbox 1963 5385 3547 5468; baseline -0.004 -21"><span class='ocrx_word' id='word_1_827' title='bbox 1963 5385 2321 5468; x_wconf 64' lang='lat' dir='ltr'><strong>stinguendos</strong></span> <span class='ocrx_word' id='word_1_828' title='bbox 2357 5385 2475 5468; x_wconf 78' lang='lat' dir='ltr'><strong>esse</strong></span> <span class='ocrx_word' id='word_1_829' title='bbox 2506 5388 2755 5468; x_wconf 81' lang='lat' dir='ltr'><strong>observat</strong></span> <span class='ocrx_word' id='word_1_830' title='bbox 2777 5385 3069 5468; x_wconf 62' lang='lat' dir='ltr'><strong>Petavius,</strong></span> <span class='ocrx_word' id='word_1_831' title='bbox 3117 5386 3176 5468; x_wconf 69' lang='lat' dir='ltr'><strong>in</strong></span> <span class='ocrx_word' id='word_1_832' title='bbox 3226 5385 3443 5468; x_wconf 80' lang='lat' dir='ltr'><strong>suis__ad</strong></span> <span class='ocrx_word' id='word_1_833' title='bbox 3491 5389 3547 5445; x_wconf 93' lang='lat' dir='ltr'><strong>S.</strong></span> 
     </span>
    </p>
   </div>
   <div class='ocr_carea' id='block_1_111' title="bbox 1963 5456 3549 5536">
    <p class='ocr_par' dir='ltr' id='par_1_111' title="bbox 1963 5456 3549 5536">
     <span class='ocr_line' id='line_1_114' title="bbox 1963 5456 3549 5536; baseline -0.001 -17"><span class='ocrx_word' id='word_1_834' title='bbox 1963 5456 2331 5536; x_wconf 73' lang='lat' dir='ltr'><strong>Epiphanium</strong></span> <span class='ocrx_word' id='word_1_835' title='bbox 2369 5460 2563 5518; x_wconf 66' lang='lat' dir='ltr'><strong>haeresi</strong></span> <span class='ocrx_word' id='word_1_836' title='bbox 2592 5467 2663 5520; x_wconf 85' lang='lat'><strong>59</strong></span> <span class='ocrx_word' id='word_1_837' title='bbox 2693 5456 3265 5518; x_wconf 85' lang='lat' dir='ltr'><strong>animadversionibus</strong></span> <span class='ocrx_word' id='word_1_838' title='bbox 3305 5460 3549 5525; x_wconf 80' lang='lat' dir='ltr'><strong>(EPIPH.</strong></span> 
     </span>
    </p>
   </div>
   <div class='ocr_carea' id='block_1_112' title="bbox 2083 5537 2630 5601">
    <p class='ocr_par' dir='ltr' id='par_1_112' title="bbox 2083 5537 2630 5601">
     <span class='ocr_line' id='line_1_115' title="bbox 2083 5537 2630 5601; baseline -0.007 -11"><span class='ocrx_word' id='word_1_839' title='bbox 2083 5542 2183 5601; x_wconf 91' lang='lat' dir='ltr'><strong>.,t.</strong></span> <span class='ocrx_word' id='word_1_840' title='bbox 2223 5537 2296 5601; x_wconf 88' lang='lat' dir='ltr'><strong>Il,</strong></span> <span class='ocrx_word' id='word_1_841' title='bbox 2328 5549 2450 5601; x_wconf 84' lang='lat' dir='ltr'><strong>pag.</strong></span> <span class='ocrx_word' id='word_1_842' title='bbox 2484 5539 2630 5601; x_wconf 87' lang='lat'><strong>226).</strong></span> 
     </span>
    </p>
   </div>
   <div class='ocr_carea' id='block_1_113' title="bbox 1961 5538 3553 5678">
    <p class='ocr_par' dir='ltr' id='par_1_113' title="bbox 1961 5538 3553 5678">
     <span class='ocr_line' id='line_1_116' title="bbox 1961 5538 2630 5608; baseline -0.01 -15"><span class='ocrx_word' id='word_1_843' title='bbox 1961 5538 2183 5608; x_wconf 87' lang='lat' dir='ltr'><strong>Opp.,t.</strong></span> <span class='ocrx_word' id='word_1_844' title='bbox 2223 5538 2296 5602; x_wconf 89' lang='lat' dir='ltr'><strong>Il,</strong></span> <span class='ocrx_word' id='word_1_845' title='bbox 2328 5549 2450 5606; x_wconf 90' lang='lat' dir='ltr'><strong>pag.</strong></span> <span class='ocrx_word' id='word_1_846' title='bbox 2484 5539 2630 5601; x_wconf 87' lang='lat'><strong>226).</strong></span> 
     </span>
     <span class='ocr_line' id='line_1_117' title="bbox 2032 5598 3553 5678; baseline -0.014 -14"><span class='ocrx_word' id='word_1_847' title='bbox 2032 5606 2217 5678; x_wconf 87' lang='lat'><strong>(1138)</strong></span> <span class='ocrx_word' id='word_1_848' title='bbox 2268 5606 2358 5678; x_wconf 84' lang='lat' dir='ltr'><strong>Sic</strong></span> <span class='ocrx_word' id='word_1_849' title='bbox 2383 5621 2416 5661; x_wconf 91' lang='lat' dir='ltr'><strong>a</strong></span> <span class='ocrx_word' id='word_1_850' title='bbox 2444 5603 2739 5678; x_wconf 85' lang='lat' dir='ltr'><strong>Catholicis</strong></span> <span class='ocrx_word' id='word_1_851' title='bbox 2775 5598 3205 5678; x_wconf 58' lang='lat' dir='ltr'><strong>appellabantur,</strong></span> <span class='ocrx_word' id='word_1_852' title='bbox 3234 5602 3327 5674; x_wconf 84' lang='lat' dir='ltr'><strong>qui</strong></span> <span class='ocrx_word' id='word_1_853' title='bbox 3367 5602 3553 5678; x_wconf 47' lang='grc' dir='ltr'><strong>διψᾷ-ἒ.</strong></span> 
     </span>
    </p>
   </div>
   <div class='ocr_carea' id='block_1_114' title="bbox 1964 5671 3558 5746">
    <p class='ocr_par' dir='ltr' id='par_1_114' title="bbox 1964 5671 3558 5746">
     <span class='ocr_line' id='line_1_118' title="bbox 1964 5671 3558 5746; baseline -0.004 -12"><span class='ocrx_word' id='word_1_854' title='bbox 1964 5671 2160 5734; x_wconf 86' lang='lat' dir='ltr'><strong>rebant</strong></span> <span class='ocrx_word' id='word_1_855' title='bbox 2185 5671 2448 5735; x_wconf 86' lang='lat' dir='ltr'><strong>Guiberto</strong></span> <span class='ocrx_word' id='word_1_856' title='bbox 2476 5675 2747 5746; x_wconf 75' lang='lat' dir='ltr'><strong>antipapze</strong></span> <span class='ocrx_word' id='word_1_857' title='bbox 2773 5671 3113 5746; x_wconf 79' lang='lat' dir='ltr'><strong>subnomine</strong></span> <span class='ocrx_word' id='word_1_858' title='bbox 3132 5671 3427 5746; x_wconf 77' lang='lat' dir='ltr'><strong>Clementis</strong></span> <span class='ocrx_word' id='word_1_859' title='bbox 3450 5675 3558 5740; x_wconf 85' lang='lat' dir='ltr'><strong>III,</strong></span> 
     </span>
    </p>
   </div>
   <div class='ocr_carea' id='block_1_115' title="bbox 1964 5744 3546 5824">
    <p class='ocr_par' dir='ltr' id='par_1_115' title="bbox 1964 5744 3546 5824">
     <span class='ocr_line' id='line_1_119' title="bbox 1964 5744 3546 5824; baseline -0.004 -19"><span class='ocrx_word' id='word_1_860' title='bbox 1964 5764 2240 5824; x_wconf 84' lang='lat' dir='ltr'><strong>quorum_</strong></span> <span class='ocrx_word' id='word_1_861' title='bbox 2267 5756 2468 5824; x_wconf 78' lang='lat' dir='ltr'><strong>tamen</strong></span> <span class='ocrx_word' id='word_1_862' title='bbox 2510 5744 2695 5817; x_wconf 83' lang='lat' dir='ltr'><strong>dispar</strong></span> <span class='ocrx_word' id='word_1_863' title='bbox 2749 5758 2783 5802; x_wconf 88' lang='lat' dir='ltr'><strong>a</strong></span> <span class='ocrx_word' id='word_1_864' title='bbox 2837 5744 3158 5824; x_wconf 76' lang='lat' dir='ltr'><strong>Novatianis</strong></span> <span class='ocrx_word' id='word_1_865' title='bbox 3211 5744 3312 5801; x_wconf 83' lang='lat' dir='ltr'><strong>fuit</strong></span> <span class='ocrx_word' id='word_1_866' title='bbox 3358 5759 3546 5824; x_wconf 76' lang='lat' dir='ltr'><strong>causa;</strong></span> 
     </span>
    </p>
   </div>
   <div class='ocr_carea' id='block_1_116' title="bbox 1966 5814 3561 5890">
    <p class='ocr_par' dir='ltr' id='par_1_116' title="bbox 1966 5814 3561 5890">
     <span class='ocr_line' id='line_1_120' title="bbox 1966 5814 3561 5890; baseline -0.003 -14"><span class='ocrx_word' id='word_1_867' title='bbox 1966 5814 2092 5877; x_wconf 76' lang='lat' dir='ltr'><strong>cum</strong></span> <span class='ocrx_word' id='word_1_868' title='bbox 2125 5820 2181 5877; x_wconf 90' lang='lat' dir='ltr'><strong>bi</strong></span> <span class='ocrx_word' id='word_1_869' title='bbox 2226 5818 2473 5879; x_wconf 72' lang='lat' dir='ltr'><strong>haeretici</strong></span> <span class='ocrx_word' id='word_1_870' title='bbox 2511 5814 2731 5890; x_wconf 78' lang='lat' dir='ltr'><strong>quoque</strong></span> <span class='ocrx_word' id='word_1_871' title='bbox 2758 5823 2960 5887; x_wconf 85' lang='lat' dir='ltr'><strong>essent,</strong></span> <span class='ocrx_word' id='word_1_872' title='bbox 3012 5817 3103 5875; x_wconf 88' lang='lat' dir='ltr'><strong>isti</strong></span> <span class='ocrx_word' id='word_1_873' title='bbox 3128 5824 3343 5874; x_wconf 87' lang='lat' dir='ltr'><strong>tantum</strong></span> <span class='ocrx_word' id='word_1_874' title='bbox 3388 5814 3561 5871; x_wconf 80' lang='lat' dir='ltr'><strong>schis-</strong></span> 
     </span>
    </p>
   </div>
   <div class='ocr_carea' id='block_1_117' title="bbox 1964 5890 2849 5950">
    <p class='ocr_par' dir='ltr' id='par_1_117' title="bbox 1964 5890 2849 5950">
     <span class='ocr_line' id='line_1_121' title="bbox 1964 5890 2849 5950; baseline 0.002 -2"><span class='ocrx_word' id='word_1_875' title='bbox 1964 5890 2170 5950; x_wconf 86' lang='lat' dir='ltr'><strong>matici.</strong></span> <span class='ocrx_word' id='word_1_876' title='bbox 2844 5900 2849 5905; x_wconf 83' lang='lat'>&#39;</span> 
     </span>
    </p>
   </div>
   <div class='ocr_carea' id='block_1_118' title="bbox 3143 5975 3212 6034">
    <p class='ocr_par' dir='ltr' id='par_1_118' title="bbox 3143 5975 3212 6034">
     <span class='ocr_line' id='line_1_122' title="bbox 3143 5975 3212 6034; baseline 0 0"><span class='ocrx_word' id='word_1_877' title='bbox 3143 5975 3212 6034; x_wconf 71' lang='grc' dir='ltr'><strong>ιο</strong></span> 
     </span>
    </p>
   </div>
  </div>
