4062 6182
537 306 674 362 i259

1536 303 1624 356 AD
1664 300 1891 356 OPERA
1929 300 1986 355 S.
2027 299 2352 357 GREGORII
2388 301 2824 359 APPENDICES.

3689 298 3821 351 i260

535 446 735 486 norum
764 429 819 486 in
868 418 1103 485 decretis
1128 428 1243 483 suis
1293 429 1524 493 (Lux,
1578 426 1614 481 1.
1663 442 1735 495 c.,
1786 442 1907 498 pag.
1962 425 2119 497 1274)
2152 428 2205 492 Α
2232 428 2443 483 nullum
2474 429 2542 485 de
2571 429 2676 496 his,
2708 441 2845 500 quos
2868 424 2951 481 vel
2973 422 3270 496 baptizavit
3300 420 3549 490 Aeacius,
3580 421 3663 476 vel
3688 437 3825 493 quos

488 546 493 557 τ
537 524 916 583 venerabiliter
971 523 1227 595 suscepit,
1285 538 1399 579 non
1456 521 1789 578 reordinavit
1866 523 2046 589 (1139)
2109 541 2120 575 :

539 634 702 690 quem
726 626 910 673 tamen
939 617 1054 688 ipse
1091 614 1160 672 ab
1190 616 1671 673 excommunicatis
1713 622 1768 671 et
1807 615 1864 670 in
1904 631 2123 671 excom-

536 711 907 767 municatione
950 710 1268 767 ordinatum
1297 710 1613 779 declaravit,
1640 709 1794 781 cujus
1819 708 2123 765 ordinatio-

532 820 663 860 nem
716 820 817 860 nec
857 805 1326 863 consecrationem
1368 803 1665 860 dicendum
1710 819 1828 859 esse
1875 801 2123 871 asseruit,

544 896 587 952 it
645 906 976 969 protestatus
1009 917 1022 953 :
1055 900 1229 965 Quam
1267 915 1398 966 rem,
1425 899 1623 970 inquit,
1652 900 1800 952 nullo
1826 898 1980 953 modo
1999 912 2123 967 pos-

535 1006 718 1047 sumus
740 994 913 1047 dicere
942 996 1407 1059 consecrationem,
1439 995 1571 1062 quia
1603 992 1678 1047 ab
1698 993 2123 1045 emcommunica-

536 1090 604 1142 tis
632 1088 897 1141 celebrata
917 1092 1017 1142 est.
1050 1088 1211 1142 Hunc
1229 1095 1418 1141 tamen
1447 1087 1556 1157 ipse
1594 1101 1918 1141 conversum
1952 1093 2006 1139 et
2029 1100 2127 1154 per

535 1181 917 1251 paenitentiam
943 1190 1233 1252 purgatum
1264 1196 1389 1236 cum
1417 1180 1608 1236 ordine
1648 1180 1867 1251 recepit,
1897 1195 2012 1233 non
2040 1193 2155 1238 re--

535 1274 826 1342 ordinavit,
853 1291 921 1331 ne
950 1274 1024 1328 illi
1059 1290 1171 1330 sua:
1200 1274 1488 1330 sententiae
1516 1272 1903 1345 quoquomodo
1933 1272 2123 1327 adver-

537 1378 770 1435 saretur,
799 1369 852 1422 in
899 1384 1001 1439 qua
1052 1368 1515 1423 reordinationem
1552 1367 1769 1439 penitus
1794 1375 1853 1422 ut
1886 1366 2122 1436 rebapti-

536 1463 809 1517 zationem
836 1462 1217 1533 proscripsisse
1262 1461 1492 1529 videtur,
1522 1461 1768 1516 videlicet
1796 1476 1959 1531 quam
1989 1459 2125 1515 scri-

538 1555 619 1610 bit
646 1555 711 1611 ad
751 1557 1021 1610 Joannem
1047 1554 1519 1625 archiepiscopum
1551 1557 1923 1609 Ravennatem
1956 1555 2128 1616 (GBE-

539 1649 741 1705 Gon.l.
791 1664 859 1715 II,
886 1651 1039 1719 epist.
1072 1652 1160 1713 46)
1191 1666 1204 1703 :
1241 1650 1413 1715 Sicut,
1437 1648 1630 1719 inquit,
1674 1648 1832 1702 semel
1877 1649 2125 1716 baptiza-

538 1750 625 1799 tus
672 1748 866 1799 iterum
932 1745 1203 1814 baptizari
1272 1760 1377 1799 non
1428 1744 1600 1809 debet,
1666 1745 1747 1796 ita
1788 1747 2125 1797 consecratus

536 1837 693 1894 semel
721 1841 777 1891 in
807 1838 986 1893 eodem
1011 1838 1201 1893 ordine
1218 1854 1324 1892 non
1352 1838 1496 1891 valet
1526 1839 1724 1890 iterum
1739 1839 2051 1891 consecrari.

608 1932 874 1988 Eamdem
904 1946 1121 2003 quoque
1157 1931 1483 1986 sententiam
1512 1929 1580 1985 de
1605 1930 1844 1985 cavenda
1877 1945 2127 1985 reconse-

534 2026 778 2080 cratione
837 2027 892 2082 S.
940 2026 1288 2079 Innocentius
1344 2039 1478 2094 papa
1526 2023 1805 2078 Naisitano
1873 2024 2127 2094 episeopo

534 2121 714 2188 (epist.
747 2124 843 2185 16;
867 2120 1079 2186 Lana,
1105 2126 1242 2171 tom.
1271 2120 1339 2181 II,
1364 2133 1418 2186 p.
1451 2117 1601 2187 1271)
1623 2116 1867 2171 scribens
1892 2116 2127 2171 tenuisse

534 2227 645 2266 non
674 2210 982 2277 dubitatur;
1014 2211 1103 2280 qui
1124 2208 1303 2264 eidem
1332 2209 1583 2280 episcopo
1622 2209 1847 2264 clericos
1881 2224 2127 2265 summo-

454 2359 463 2370 ,
537 2319 663 2375 pere
692 2318 821 2358 suos
863 2301 1207 2358 reconciliari
1258 2302 1487 2370 studuit,
1545 2318 1685 2373 quos
1737 2303 1854 2357 zelo
1894 2302 2125 2374 justitiaa

536 2396 734 2452 ductos
764 2412 862 2466 pro
890 2395 1135 2467 quodam
1162 2402 1542 2451 reconsecrato
1567 2395 1624 2450 in
1649 2395 1883 2451 Ecclesia
1914 2404 2123 2451 retento

534 2489 934 2545 rationabiliter
986 2489 1221 2544 doluisse
1279 2489 1550 2559 cognovit.
1614 2492 1755 2543 Item
1805 2488 2120 2544 Africanum

532 2581 820 2638 concilium
858 2582 1155 2652 apostolica
1224 2582 1548 2636 auctoritate
1603 2590 1995 2653 congregatum
2068 2589 2125 2638 et

531 2675 948 2741 conﬁrmatum,
965 2674 1050 2729 cui
1080 2677 1144 2729 B.
1165 2674 1507 2746 Augustinus
1528 2673 1775 2729 interfuit
1800 2683 1855 2730 et
1877 2675 2121 2731 subscri-

532 2769 659 2839 psit,
702 2767 939 2838 capitulo
974 2774 1037 2823 15
1068 2768 1379 2823 ﬁrmissime
1412 2768 1697 2823 constituit
1745 2777 1805 2823 ut
1832 2768 2120 2824 reordina-

527 2862 703 2917 tiones
730 2876 884 2932 aeque
913 2869 974 2917 ut
999 2861 1458 2932 rebaptizationes
1498 2862 1714 2932 penitus
1742 2861 1860 2917 ﬁeri
1907 2879 2022 2918 non
2053 2864 2116 2917 li-

527 2963 648 3011 ceat
676 2957 908 3021 (Lam,
947 2962 984 3008 t.
1015 2958 1085 3023 II,
1115 2972 1170 3026 p.
1196 2958 1374 3023 1644).
1408 2957 1549 3010 Item
1577 2972 1817 3011 canones
1846 2958 2120 3027 apostolo—

526 3064 652 3105 rum
668 3064 809 3114 (ean.
839 3054 940 3117 67;
974 3051 1190 3117 LABB.,
1225 3057 1268 3103 t.
1308 3052 1350 3113 l,
1376 3065 1431 3119 p.
1460 3055 1527 3104 39
1557 3068 1569 3103 :
1607 3050 1666 3104 Si
1695 3051 1816 3118 quis
1844 3053 2117 3120 episcopus

2234 523 2544 579 sacerdotes
2588 523 2667 577 vel
2700 523 2890 577 levitas
2929 518 3233 575 secundum
3260 532 3497 573 canones
3526 515 3821 581 ordinavit,

2234 617 2340 673 ulla
2388 634 2482 673 eos
2507 634 2573 673 ex
2624 615 2847 673 nomine
2890 613 3074 669 Acacii
3099 612 3274 685 portio
3305 609 3542 667 laisionis
3566 609 3823 679 attingat,

2234 727 2357 783 quae
2378 711 2602 767 forsitan
2644 726 2740 782 per
2769 710 3019 782 iniquum
3062 707 3259 763 tradita
3297 703 3627 761 sacramenti
3659 703 3828 775 gratia

2232 806 2419 862 minus
2440 806 2599 861 ﬁrma
2630 804 2898 860 videatur.
2922 806 3062 860 Nam
3088 809 3145 856 et
3162 800 3497 870 baptismum
3523 796 3676 869 quod
3711 812 3829 868 pro-

2233 899 2319 956 cul
2372 899 2442 956 sit
2491 899 2561 955 ab
2609 898 2848 955 Ecclesia
2897 897 3011 953 sive
3048 895 3116 951 ab
3168 893 3417 950 adultero
3462 893 3575 948 sive
3634 908 3667 947 a
3712 890 3830 947 fure

2233 991 2399 1049 fuerit
2444 993 2656 1060 datum,
2683 991 2749 1047 ad
2782 990 3173 1063 percipientem
3215 1003 3419 1043 munus
3444 985 3696 1058 pervenit
3728 984 3832 1040 illi-

2235 1086 2448 1153 batum,
2483 1088 2603 1159 quia
2627 1102 2727 1141 vox
2758 1086 2864 1155 illa,
2886 1100 3008 1155 quae
3038 1099 3131 1156 per
3151 1081 3463 1139 columbam
3494 1079 3686 1135 sonuit
3717 1093 3834 1133 om-

2234 1196 2361 1236 nem
2388 1180 2659 1236 maculam
2688 1179 2945 1234 humanae
2994 1176 3310 1249 pollutionis
3333 1172 3566 1229 excludit
3604 1189 3716 1244 qua
3739 1172 3833 1227 de-

2234 1275 2471 1330 claratur
2500 1282 2556 1329 et
2584 1273 2779 1329 dicitur
2808 1291 2823 1327 τ
2861 1294 2885 1320 α
2910 1270 3013 1325 Hic
3043 1278 3145 1335 est,
3177 1269 3268 1340 qui
3298 1267 3536 1339 baptizat
3555 1267 3618 1320 in
3654 1266 3834 1336 Spiri—

2236 1376 2294 1423 tu
2318 1376 2504 1423 sancto
2533 1376 2587 1421 et
2612 1367 2718 1438 igni
2749 1368 2895 1431 (Luc.
2918 1370 3035 1423 111).
3071 1387 3094 1410 ιο
3130 1366 3196 1417 Et
3225 1370 3345 1433 post
3374 1376 3540 1433 pauca
3572 1380 3587 1413 ι
3626 1383 3649 1407 α
3688 1364 3835 1414 Aca-

2236 1463 2377 1526 cius,
2434 1461 2591 1533 cujus
2618 1474 2825 1514 nomen
2870 1457 3108 1513 dicimus
3144 1471 3261 1511 esse
3292 1453 3656 1522 reticendum,
3684 1453 3834 1507 male

2238 1556 2379 1610 bona
2410 1553 2771 1609 ministrando
2802 1552 2902 1607 sibi
2943 1559 3158 1607 tantum
3189 1549 3408 1613 nocuit;
3436 1564 3565 1603 nam
3597 1547 3831 1602 inviola-

2235 1650 2342 1704 bile
2397 1656 2805 1704 sacramentum
2842 1644 2989 1717 quod
3016 1660 3108 1717 per
3157 1644 3312 1699 illum
3360 1642 3550 1698 datum
3597 1649 3686 1697 est
3719 1640 3836 1696 aliis

2235 1742 2619 1814 perfectionem
2640 1756 2754 1795 suae
2795 1739 3006 1795 virtutis
3051 1737 3308 1793 obtinuit.
3345 1735 3507 1807 Quod
3544 1736 3590 1789 si
3620 1743 3706 1790 est
3733 1734 3831 1788 ali-

2235 1851 2468 1907 quorum
2498 1836 2554 1890 in
2575 1842 2790 1889 tantum
2827 1848 2886 1888 se
2919 1831 3215 1887 extendens
3234 1830 3448 1905 curiosa
3476 1828 3747 1899 suspicio,
3775 1836 3834 1882 ut

2235 1930 2583 2000 imaginetur,
2616 1928 2828 1999 prolato
2879 1942 2910 1982 a
2964 1926 3144 1982 Felice
3199 1940 3333 1995 papa
3367 1921 3571 1993 judicio
3618 1923 3832 1987 Lana,

2232 2033 2271 2079 t.
2302 2026 2393 2090 IV,
2417 2039 2538 2094 pag.
2578 2025 2740 2087 1095)
2774 2028 2962 2093 postea
2984 2018 3332 2074 inefﬁcaciter
3355 2016 3409 2070 in
3450 2016 3832 2081 sacramentis,

2233 2133 2355 2189 qua;
2384 2116 2616 2171 Aeacius
2644 2113 2940 2185 usurpavit,
2968 2113 3158 2183 egisse,
3189 2127 3253 2167 ac
3289 2108 3514 2182 perinde
3566 2124 3671 2164 eos
3720 2124 3830 2164 me-

2233 2218 2403 2277 tuere,
2431 2210 2524 2281 qui
2553 2210 2635 2264 vel
2680 2209 2733 2263 in
2757 2204 3257 2263 consecrationibus
3294 2204 3375 2259 vel
3402 2204 3454 2258 in
3499 2201 3831 2272 baptismate

2230 2304 2427 2360 tradita
2457 2303 2718 2374 mysteria
2764 2307 3133 2372 susceperunt,
3174 2314 3244 2354 ne
3271 2298 3421 2353 irrita
3457 2295 3648 2352 divina
3677 2296 3833 2352 bene-

2230 2397 2354 2453 ﬁcia
2383 2396 2689 2463 videantur,
2717 2393 3086 2462 meminerint,
3116 2391 3170 2447 in
3196 2391 3335 2447 hanc
3363 2405 3582 2462 quoque
3615 2398 3834 2461 partem

2229 2491 2485 2547 similiter
2531 2498 2826 2546 tractatum
2862 2488 3157 2560 praivalere
3177 2486 3543 2557 superiorem,
3570 2485 3705 2556 quia
3722 2500 3837 2539 non

2229 2586 2347 2641 sine
2377 2585 2729 2655 usurpatione
2767 2583 3007 2639 nominis
3033 2580 3323 2637 sacerdotii
3355 2577 3703 2651 adjudicatus
3729 2579 3837 2634 hoc

2229 2680 2358 2752 egit,
2385 2679 2437 2735 in
2470 2694 2579 2750 quo
2604 2679 2861 2733 virtutem
2889 2692 3045 2732 suam
3075 2674 3446 2730 obtinentibus
3468 2672 3754 2744 mysteriis
3778 2673 3834 2725 in

2230 2773 2335 2829 hoc
2367 2788 2587 2845 quoque
2609 2788 2699 2827 rea
2728 2772 2832 2828 sibi
2878 2785 3132 2841 persona,
3169 2767 3284 2823 aliis
3308 2783 3417 2823 non
3444 2767 3662 2821 nocuit.
3692 2767 3834 2819 Nam

2228 2868 2298 2924 ad
2318 2869 2473 2924 illum
2489 2866 2768 2939 pertinuit,
2793 2864 2940 2937 quod
2958 2864 3092 2919 tuba
3111 2862 3367 2917 Davidica
3390 2861 3641 2916 canitur:
3678 2884 3705 2907 σι
3724 2862 3832 2914 Ve-

2225 2970 2533 3016 rumtamen
2578 2962 2727 3016 Deus
2773 2956 3161 3029 conquassabit
3225 2956 3399 3026 capita
3467 2953 3833 3008 inimicorum

2225 3070 2475 3121 suorum,
2507 3061 2562 3109 et
2588 3053 2848 3109 verticem
2886 3051 3065 3122 capilli
3094 3047 3593 3122 perambulantium
3626 3046 3686 3100 in
3730 3046 3829 3101 de-

519 3143 804 3213 presbyter
824 3144 908 3197 vel
935 3143 1190 3197 diaconus
1216 3142 1502 3197 secundam
1525 3159 1713 3197 manus
1732 3145 2120 3212 impositiouem
2151 3182 2198 3247 Ο
2232 3149 2371 3204 lictis
2407 3146 2521 3204 suis
2572 3148 2735 3214 (Psal.
2780 3146 2999 3215 LXVII).
3044 3167 3070 3193 ι)
3126 3145 3265 3199 Nam
3319 3140 3578 3212 superbia
3609 3154 3835 3210 semper

524 3239 790 3306 acceperit
814 3238 884 3289 ab
921 3237 1132 3305 aliquo,
1161 3237 1464 3305 deponatur
1493 3240 1542 3290 et
1570 3238 1684 3306 ipse
1733 3241 1784 3290 et
1827 3238 2116 3293 ordinator

525 3332 640 3400 ejus
671 3330 880 3402 (1140).
900 3331 1011 3383 Nec
1040 3330 1142 3384 hoc
1161 3338 1369 3385 temere
1387 3328 1638 3393 dixerim,
1659 3330 1808 3401 quod
1838 3347 2115 3402 nusquam

520 3424 576 3478 in
619 3423 949 3479 authentieis
1001 3424 1224 3478 statutis
1254 3423 1459 3493 aliquos
1496 3440 1562 3479 ex
1595 3422 1789 3480 haeresi
1827 3440 2115 3481 conversos

524 3532 642 3571 esse
673 3516 907 3589 legimus
962 3516 1314 3583 ordinandos,
1361 3517 1467 3571 nisi
1496 3517 1856 3573 Paulianistas
1893 3528 1949 3574 et
1981 3519 2116 3575 alios

524 3609 868 3680 hujusmodi,
898 3610 991 3681 qui
1028 3626 1140 3665 non
1175 3625 1345 3664 'more
1372 3610 1771 3666 eatholieorUm
1818 3612 2114 3668 invocatio-

520 3718 649 3758 nem
673 3713 875 3760 sanctm
897 3703 1187 3759 Trinitatis
1216 3702 1446 3769 faciunt,
1469 3704 1562 3775 qui
1589 3704 1751 3760 etiam
1790 3706 1989 3762 iterum
2019 3706 2114 3763 ba-

521 3794 756 3866 ptizandi
784 3804 931 3862 sunt,
953 3812 1083 3850 cum
1112 3795 1182 3851 ad
1212 3811 1315 3851 nos
1335 3796 1580 3852 veniunt.

592 3890 688 3942 IV.
728 3891 867 3943 Sunt
894 3896 1081 3942 tamen
1110 3888 1332 3959 quidam
1360 3889 1635 3959 simplices
1661 3891 2000 3963 nimiumque
2021 3910 2117 3949 ze-

520 3981 679 4046 lotes,
705 3981 800 4051 qui
829 3980 1101 4051 quoslibet
1131 3981 1185 4034 in
1222 3982 1792 4038 excommunicatione
1816 3985 2115 4053 ordinatos,

518 4074 563 4131 si
596 4074 942 4145 resipuerint,
972 4089 1081 4128 non
1109 4088 1235 4128 cum
1266 4072 1457 4129 ordine
1486 4075 1850 4146 recipiendos,
1882 4079 1977 4134 sed
2002 4095 2119 4134 om-

518 4168 650 4223 nino
692 4166 1085 4224 reordinandos
1131 4182 1249 4222 esse
1285 4175 1479 4236 putant
1518 4186 1532 4223 :
1577 4169 1764 4225 ethoc
1801 4170 1946 4241 ideo,
1994 4174 2117 4244 quia

515 4270 855 4318 sacramenta
886 4262 943 4316 in
974 4262 1552 4317 excommunicatione
1606 4273 1867 4335 usurpata
1907 4267 2119 4337 penitus

516 4354 811 4412 exsufﬂare
840 4372 954 4411 non
995 4354 1259 4411 dubitant.
1286 4354 1391 4411 Sed
1415 4373 1516 4412 nos
1542 4358 1714 4429 magis
1744 4360 1806 4413 B.
1831 4361 2119 4415 Anastasio

515 4451 731 4522 praesuli
759 4449 1058 4522 apostolico
1083 4448 1302 4505 credere
1344 4448 1632 4518 debemus,
1668 4453 1762 4522 qui
1787 4453 1857 4509 ad
1884 4456 2117 4511 Anasta-

2230 3242 2355 3308 sibi,
2395 3257 2507 3296 non
2550 3240 2668 3295 aliis
2713 3240 2842 3295 facit
2883 3239 3124 3305 ruinam,
3167 3235 3315 3308 quod
3349 3234 3604 3289 universa
3658 3234 3829 3289 αριθ-

2220 3336 2389 3391 stium
2446 3333 2848 3405 Scripturarum
2887 3340 3119 3387 testatur
3163 3329 3480 3392 auctoritas,
3522 3327 3671 3383 sicut
3726 3342 3827 3396 per

2224 3428 2489 3500 Spiritum
2517 3435 2767 3483 sanctum
2807 3426 3010 3482 dicitur
3036 3424 3090 3479 in
3127 3422 3410 3495 prophetia
3442 3444 3467 3469 ι
3497 3438 3513 3474 :
3556 3422 3683 3475 Non
3730 3418 3828 3473 ha.

2225 3522 2417 3577 bitabit
2472 3521 2531 3576 in
2560 3519 2739 3576 medio
2791 3519 2991 3574 domus
3020 3533 3179 3584 mete,
3211 3516 3301 3587 qui
3333 3514 3465 3571 facit
3502 3513 3824 3583 superbiam

2225 3617 2387 3682 (Psal.
2412 3620 2486 3680 c).
2522 3638 2547 3662 »
2578 3614 2740 3669 Unde
2769 3628 2895 3668 cum
2940 3611 3045 3666 sibi
3069 3609 3365 3666 sacerdotis
3394 3622 3605 3662 nomen
3644 3604 3809 3660 vindi-

2224 3709 2429 3765 caverit
2469 3708 2891 3775 condemnatus,
2935 3706 2993 3761 in
3036 3705 3204 3775 ipsius
3250 3702 3506 3758 verticem
3545 3700 3825 3771 superbiae

2223 3811 2411 3859 tumor
2439 3802 2674 3857 inﬂictus
2703 3808 2806 3866 est,
2838 3815 2951 3854 non
2993 3798 3225 3870 populus
3254 3796 3373 3863 Dei,
3398 3795 3489 3866 qui
3522 3794 3577 3848 in
3619 3801 3821 3865 myste-

2225 3896 2322 3952 riis
2358 3895 2566 3952 donum
2594 3895 2761 3965 ipsius
2815 3892 3055 3957 sitiebat,
3085 3891 3338 3947 exclusus
3373 3895 3473 3943 est.
3505 3912 3531 3935 υ

2296 3991 2498 4044 Beatus
2528 3989 2693 4043 etiam
2714 3987 3057 4058 Augustinus
3080 3984 3271 4040 itidem
3296 3982 3500 4037 sentire
3529 3996 3645 4035 non
3669 3979 3818 4036 dubi-

2228 4090 2395 4149 tatur,
2444 4084 2533 4153 qui
2586 4080 2656 4137 ad
2696 4079 3046 4136 Vincentium
3096 4077 3443 4133 Donatistam
3497 4074 3676 4146 (epist.
3725 4079 3820 4139 93,

2229 4178 2371 4248 Opp.
2408 4184 2450 4230 t.
2480 4178 2549 4238 II,
2577 4192 2626 4247 p.
2662 4174 3049 4242 249)scribens
3080 4172 3151 4225 ita
3180 4177 3510 4241 protestatur
3538 4189 3549 4222 :
3577 4190 3598 4212 ι
3634 4167 3822 4220 Eccle-

2224 4271 2343 4339 sia},
2374 4269 2567 4341 inquit,
2596 4276 2723 4323 sunt
2767 4266 2952 4322 omnia
2980 4272 3323 4321 sacramenta
3354 4262 3654 4325 Dominica,
3686 4274 3825 4329 quae

2228 4364 2307 4417 sie
2326 4361 2538 4417 habetis
2566 4370 2620 4416 et
2647 4360 2807 4427 datis,
2847 4357 3131 4432 quomodo
3154 4357 3496 4413 habebantur
3523 4362 3574 4408 et
3592 4351 3829 4408 daban-

2228 4463 2317 4510 tur
2342 4455 2510 4509 etiam
2539 4462 2835 4524 antequam
2880 4452 3122 4519 exiretis;
3166 4466 3275 4505 non
3320 4458 3500 4504 tamen
3540 4445 3665 4501 ideo
3711 4462 3834 4501 non

515 4544 659 4599 sium
715 4544 1107 4614 imperatorem
1133 4542 1378 4599 scribens
1448 4553 1790 4600 sacramenta
1850 4547 2105 4605 Ecclesiae
2133 4552 2185 4619 ι)
2216 4547 2445 4617 habetis,
2495 4548 2619 4619 quia
2652 4562 2769 4604 non
2798 4546 2926 4603 estis
2977 4545 3073 4613 ibi,
3103 4543 3248 4599 unde
3285 4550 3432 4607 sunt,
3478 4554 3600 4612 quae
3647 4539 3841 4595 habe—

514 4638 716 4692 tamin
750 4636 1148 4693 ordinatoribus
1190 4651 1359 4707 quam
1402 4636 1460 4691 in
1509 4637 1774 4693 ordinatis
1828 4648 1946 4695 rata
1983 4657 2102 4698 esse

515 4729 913 4802 comprobavit,
951 4745 1074 4800 quae
1103 4730 1330 4785 Aeacius
1374 4731 1675 4801 patriarcha
1726 4734 2105 4791 Constantino-

513 4824 808 4896 politanus,
835 4822 957 4877 licet
984 4838 1014 4877 a
1054 4822 1236 4878 Felice
1277 4838 1415 4894 papa
1447 4823 1755 4894 damnatus,
1801 4826 1855 4882 in
1878 4843 2100 4884 excom-

512 4916 882 4973 municatione
912 4914 1332 4971 administravit.
1362 4917 1561 4973 Scribit
1585 4920 1731 4974 enim
1754 4920 1823 4975 ita
1850 4920 1921 4977 ad
1951 4938 2101 4979 eum-

510 5011 637 5068 dem
669 5011 1051 5082 imperatorem
1070 5013 1302 5076 (Lana,
1334 5019 1374 5065 t.
1438 5014 1532 5081 IV,
1565 5029 1685 5085 pag.
1722 5020 1916 5081 1280):
1947 5040 1971 5063 «ς
2006 5017 2097 5073 Se-

509 5104 774 5171 cundum,
803 5103 1006 5175 inquit,
1039 5104 1294 5159 Ecclesia:
1322 5104 1608 5161 catholica:
1639 5109 2097 5166 consuetudinem

506 5196 934 5256 sacratissimum
965 5197 1273 5253 serenitatis
1299 5204 1408 5254 tuae
1437 5208 1624 5270 pectus
1643 5210 1919 5273 agnoscat,
1950 5204 2094 5275 quod

578 5356 761 5423 (1139)
792 5353 901 5408 Hic
929 5354 981 5408 in
1020 5353 1424 5425 codiceinostro
1452 5355 1702 5425 quaedam
1749 5358 1953 5414 omissa
1982 5359 2093 5418 sint

506 5440 733 5498 necesse
753 5434 862 5486 est;
896 5440 1020 5496 qua:
1036 5425 1182 5498 enim
1213 5424 1300 5479 hic
1328 5424 1651 5497 sequuntur,
1680 5443 1854 5498 neque
1884 5430 1951 5484 ad
1978 5434 2088 5487 No-

505 5497 779 5569 vatianum
826 5511 1001 5569 neque
1030 5496 1098 5551 ad
1126 5496 1835 5569 Innocentiumpertinent,
1893 5502 1985 5557 sed
2024 5504 2093 5559 ad

506 5567 758 5638 Gregorii
784 5568 969 5638 Magni
986 5574 1326 5637 tempora,et
1350 5567 1417 5623 ad
1434 5567 1838 5626 ordinationem
1868 5575 2093 5631 Maximi

503 5637 803 5714 Salonitani
855 5637 1114 5714 episcOpi,
1142 5638 1207 5693 de
1236 5654 1343 5709 qua
1391 5638 1946 5714 ideerregoriusa.
2009 5663 2090 5713 1v,

503 5710 660 5780 epist.
717 5707 803 5775 20)
836 5726 847 5760 :
892 5709 1001 5789 Nos
1033 5707 1479 5789 consecrationem
1519 5707 1710 5789 dicere
1748 5707 1903 5770 nulla
1939 5707 2092 5773 modo

496 5792 806 5848 possumus,
833 5780 963 5845 quia
987 5780 1058 5831 ab
1083 5783 1550 5839 excommunicatis
1579 5784 1881 5842 hominibus
1919 5793 1995 5843 est
2013 5805 2093 5843 ce-

2214 4641 2306 4697 tis.
2351 4665 2378 4690 ιο
2401 4643 2468 4696 Et
2504 4649 2629 4712 post
2653 4656 2827 4712 pauca
2863 4659 2876 4694 :
2910 4663 2935 4689 α
2968 4637 3266 4695 Nobiscum
3292 4636 3418 4691 estis
3460 4635 3515 4690 in
3542 4632 3839 4704 symbolo,

2220 4738 2276 4793 in
2310 4736 2605 4808 baptismo,
2629 4735 2683 4790 in
2722 4733 2943 4792 caeteris
2967 4730 3365 4798 sacramentis;
3403 4730 3461 4783 in
3484 4726 3684 4798 spiritu
3727 4743 3845 4784 au-

2210 4839 2325 4887 tem
2350 4829 2574 4886 unitatis
2624 4836 2680 4885 et
2731 4829 2789 4883 in
2845 4826 3062 4883 vinculo
3094 4825 3271 4897 pacis,
3325 4823 3438 4895 ipsa
3465 4819 3709 4891 denique
3738 4837 3848 4877 ca—

2210 4923 2411 4980 tholica
2445 4922 2684 4978 Ecclesia
2713 4920 3003 4976 nobiscum
3028 4934 3142 4975 non
3170 4918 3319 4974 estis.
3354 4940 3379 4965 ι
3412 4919 3548 4971 Item
3590 4913 3654 4967 in
3707 4916 3851 4986 epi-

2210 5017 2349 5074 stola
2386 5017 2454 5073 ad
2506 5018 2730 5072 Festum
2782 5017 2959 5085 (epist.
2990 5020 3080 5081 89,
3120 5028 3178 5066 n.
3209 5017 3263 5079 7,
3312 5011 3348 5066 l.
3374 5025 3447 5078 c.,
3493 5022 3612 5080 pag.
3651 5013 3850 5076 222):

2209 5134 2235 5161 α
2258 5115 2467 5184 Neque,
2494 5110 2691 5181 inquit,
2721 5116 3063 5164 sacramenta
3093 5104 3480 5161 haereticorum
3510 5100 3685 5157 nobis
3728 5104 3852 5159 ini~

2203 5206 2339 5262 mica
2382 5213 2528 5271 sunt,
2581 5219 2703 5276 quae
2730 5202 2786 5258 in
2810 5202 2916 5258 illis
2955 5200 3113 5258 nobis
3138 5206 3265 5255 sunt
3299 5194 3634 5262 communia,
3702 5198 3855 5271 quia

2206 5363 2396 5419 ordine
2421 5361 2697 5433 recepit(l.
2718 5377 2807 5428 lx,
2836 5359 3124 5430 epist.81).
3152 5354 3602 5433 Decretalisvero
3642 5357 3851 5433 Sicut,

2205 5434 2337 5489 dist.
2378 5439 2470 5499 68,
2500 5426 2561 5488 c.’
2597 5440 2616 5487 1
2652 5426 2962 5502 desumpta
3000 5426 3174 5485 estex
3223 5428 3341 5499 ejus
3376 5426 3606 5498 epistola
3649 5427 3715 5493 (Ι.
3763 5444 3849 5497 ιι,

2203 5507 2368 5577 epist.
2402 5509 2490 5572 46)
2516 5505 2580 5559 ad
2606 5506 2874 5558 Joannem
2917 5507 3410 5577 Ravennatensem.

2274 5581 2318 5643 (1
2339 5581 2455 5641 140)
2474 5566 2763 5647 Integrum
2802 5589 3069 5630 canonem
3100 5570 3255 5647 haud
3275 5568 3453 5647 retulit
3480 5566 3849 5647 Berna-ldps,

2202 5639 2449 5718 sequitur
2491 5639 2639 5702 enim
2668 5667 2679 5700 :
2730 5648 2851 5702 Nisi
2872 5648 3058 5715 utique
3084 5644 3403 5718 constiterit,
3432 5639 3578 5718 quod
3608 5639 3694 5718 a_b_
3722 5641 3848 5718 has

2202 5712 2379 5773 reﬁcis
2402 5720 2794 5774 ordinationem
2820 5712 3040 5783 habeat;
3065 5718 3161 5785 qui
3173 5717 3315 5769 enim
3339 5714 3407 5767 ab
3428 5714 3503 5766 eis
3529 5712 3846 5785 baptismi

2211 5796 2266 5845 et
2288 5791 2529 5845 ordinati
2554 5794 2703 5856 sunt,
2752 5794 2813 5844 ut
2840 5789 3022 5858 fideles
3064 5788 3148 5841 uel
3188 5785 3515 5858 clericisint,
3546 5784 3672 5858 ﬁeri
3708 5802 3841 5839 nam

502 5850 724 5903 lebrata.
768 5848 946 5903 Hunc
980 5848 1157 5919 ipsum
1186 5861 1372 5907 tamen
1400 5853 1705 5910 Maximum
1734 5866 1916 5926 postea
1963 5875 2087 5915 cum
2197 5867 2392 5932 potest.
2418 5861 2539 5919 Vid.
2570 5848 2938 5918 Drouven'De
2959 5874 3017 5915 re
3038 5872 3291 5924 sacram,
3317 5862 3361 5911 t.
3387 5856 3463 5923 II,
3486 5848 3616 5926 pag.
3644 5856 3800 5911 275.
