4062 6182
265 281 393 334 1261

1160 284 1451 369 APPEND.
1496 287 1581 341 lll.
1622 318 1691 329 —
1730 288 2146 349 MONUMENTA
2185 295 2641 351 GREGORIANA.

3418 300 3552 355 I262

261 418 375 458 non
402 403 648 460 humana
671 410 803 460 sunt
834 404 928 462 sed
951 404 1151 475 divina.
1180 410 1438 481 Proprius
1469 428 1665 469 eorum
1696 428 1849 469 error
1877 418 1933 482 Α
1962 417 2249 489 bonorum,
2278 422 2419 478 sicut
2439 420 2495 476 in
2517 420 2621 476 hoc
2649 427 2895 491 tempore
2910 418 3260 491 infatigabilis
3280 416 3555 492 charitas,

260 495 592 553 auferendus
632 507 733 565 est,
777 515 898 570 qum
936 501 1079 555 male
1123 501 1482 573 imbiberant,
1516 522 1626 560 non
1670 523 1855 563 sacra-

263 599 466 655 menta,
517 606 641 663 quae
684 592 933 649 similiter
970 606 1312 667 acceperunt,
1355 612 1480 670 quae
1520 600 1590 654 ad
1638 616 1855 671 pmnam

260 700 418 739 suam
443 693 665 755 portant
687 695 742 741 et
770 685 988 756 habent,
1019 699 1226 759 quanto
1252 690 1525 764 indignius
1554 692 1774 762 habent,
1803 703 1857 751 et

260 785 447 833 tamen
467 778 686 833 habent.
718 803 741 827 υ
773 782 913 836 Item
932 782 986 837 in
1014 785 1239 854 epistola
1267 786 1333 841 ad
1355 787 1660 843 Emeritum
1686 788 1857 845 haere-

262 872 428 926 ticum
458 876 637 943 (epist.
663 880 757 941 87,
792 891 844 930 n.
875 881 930 943 9,
968 876 1006 931 l.
1035 893 1107 946 c.,
1140 895 1257 951 pag.
1292 886 1416 947 212)
1457 899 1470 935 :
1504 885 1619 939 Vos
1658 883 1853 953 inquit,

266 966 553 1022 mutamini
599 983 662 1022 ex
697 984 760 1025 ea
810 978 961 1041 parte
1000 987 1108 1043 qua
1138 972 1558 1044 dissentiebatis,
1606 979 1855 1049 quamvis

263 1070 629 1130 sacramenta,
659 1079 783 1134 quae
808 1063 1038 1134 habetis,
1075 1082 1200 1122 cum
1231 1070 1419 1125 eadem
1448 1070 1558 1126 sint
1586 1072 1641 1126 in
1668 1075 1855 1128 omni-

265 1156 387 1223 bus,
416 1164 610 1212 sancta
640 1165 785 1213 sunt.
818 1160 1161 1232 Quapropter
1188 1176 1285 1219 vos
1314 1165 1512 1220 mutari
1547 1166 1799 1223 volumus
1823 1184 1854 1223 a

262 1250 636 1321 perversitate,
666 1259 726 1304 ut
741 1252 921 1307 denuo
944 1252 1222 1310 radicetur
1242 1257 1487 1327 praecisio
1506 1269 1700 1315 vestra.
1716 1263 1855 1317 Nam

262 1352 598 1399 sacramenta
627 1360 751 1416 qua:
782 1361 895 1401 non
922 1348 1194 1417 mutastis,
1222 1350 1363 1405 sicut
1384 1350 1614 1419 habetis,
1654 1370 1850 1425 appro-

266 1440 465 1495 bantur
507 1458 538 1498 a
575 1442 753 1509 nobis,
785 1460 853 1498 ne
892 1444 1054 1511 forte,
1084 1462 1211 1501 cum
1254 1456 1495 1503 vestram
1532 1451 1852 1521 pravitatem

264 1534 534 1607 corrigere
578 1536 848 1600 volumus,
892 1538 996 1593 illis
1045 1540 1323 1611 mysteriis
1352 1542 1577 1609 Christi,
1626 1561 1747 1615 qua:
1797 1546 1852 1600 in

264 1635 441 1684 vestra
468 1629 733 1699 pravitate
759 1628 1053 1702 depravata
1096 1649 1209 1687 non
1235 1643 1382 1697 sunt.
1408 1636 1732 1708 sacrilegam
1776 1638 1855 1694 fa-

265 1721 470 1777 ciamus
497 1722 779 1793 injnriam.
819 1746 842 1770 υ
888 1728 1025 1780 Item
1056 1725 1109 1779 in
1152 1726 1291 1782 libro
1322 1728 1391 1784 ad
1435 1731 1854 1787 Constantinum

1962 521 2018 567 et
2048 513 2104 568 in
2126 515 2326 571 saeculo
2364 513 2551 571 futuro
2594 516 2703 570 vita
2731 522 2965 578 (eterna;
3014 514 3214 585 partim
3253 529 3382 571 vero
3422 533 3547 571 cum

1964 608 2121 663 malis
2163 608 2529 680 perversisque
2566 608 2906 675 communia,
2938 607 3079 662 sicut
3107 608 3295 663 omnia
3327 618 3550 679 caetera,

1964 699 2022 754 in
2051 701 2247 771 quibus
2281 713 2411 758 sunt
2439 710 2491 757 et
2517 710 2862 758 sacrosancta
2892 700 3173 773 mysteria.
3212 725 3237 749 υ

2035 794 2143 849 Sed
2171 795 2516 865 epistolarem
2565 795 2885 850 brevitatem
2930 794 3219 853 observare
3266 810 3379 850 non
3421 810 3547 867 pos-

1963 904 2099 955 sem,
2141 889 2187 943 si
2224 889 2415 944 omnia
2458 889 2770 960 huiusmodi
2816 889 3127 944 testimonia
3167 889 3423 961 colligere
3451 906 3547 945 vo-

1962 982 2209 1037 luissem.
2243 982 2519 1037 Caeterum
2546 983 2588 1037 si
2619 983 2740 1054 quis
2769 983 2885 1039 haec
2908 983 3120 1053 plenius
3140 983 3424 1054 explorare
3451 1000 3546 1039 vo-

1961 1075 2144 1141 luerit,
2168 1075 2375 1147 scripta
2402 1078 2463 1129 B.
2506 1076 2793 1148 Augustini
2822 1083 3013 1131 contra
3060 1075 3382 1132 Donatistas
3412 1076 3545 1133 ﬁde-

1960 1169 2082 1225 liter
2106 1177 2498 1240 perscrutetur,
2528 1178 2582 1225 et
2607 1168 2867 1239 deinceps
2905 1168 3159 1224 dubitare
3189 1186 3297 1225 non
3322 1171 3545 1241 permit-

1956 1264 2089 1318 titur
2141 1272 2479 1319 sacramenta
2544 1263 2796 1318 Ecclesiae
2854 1271 2971 1317 tam
3033 1271 3184 1317 extra
3238 1264 3545 1319 Ecclesiam

1962 1372 2131 1429 quam
2181 1358 2322 1411 intra
2374 1356 2680 1412 Ecclesiam
2737 1355 2855 1411 dari
2901 1365 2955 1411 et
2990 1356 3180 1411 haberi
3227 1372 3403 1427 posse,
3451 1355 3550 1413 sed

1960 1460 2109 1505 extra
2153 1458 2447 1521 utrumque
2484 1451 2713 1505 omnino
2762 1450 3089 1521 perniciose.
3146 1452 3443 1523 Hucusque
3479 1450 3547 1507 de

1961 1544 2173 1598 clericis
2199 1545 2255 1598 in
2277 1544 2844 1599 excommunicatione
2873 1542 3157 1599 ordinatis.

2034 1640 2098 1693 V.
2134 1640 2215 1692 De
2236 1637 2535 1693 infantibus
2562 1653 2777 1710 quoque
2800 1637 2993 1693 itidem
3021 1638 3076 1691 in
3101 1638 3548 1693 excommunica-

1965 1731 2115 1787 tione
2158 1732 2444 1802 baptizatis
2473 1732 2713 1803 aliquam
2756 1732 3094 1786 mentionem
3141 1732 3197 1786 in
3240 1730 3425 1787 futura
3457 1747 3549 1804 sy-

265 1818 342 1871 De
363 1818 519 1871 unico
546 1817 809 1886 baptismo
837 1821 901 1885 (t.
939 1821 1021 1874 IX
1059 1821 1228 1891 Opp.,
1260 1837 1378 1893 cap.
1416 1828 1471 1890 2,
1518 1840 1643 1897 pag.
1677 1832 1803 1894 528)
1838 1847 1851 1885 :
1888 1816 1938 1881 B
1968 1828 2113 1882 nodo
2152 1826 2455 1882 faciendam
2487 1834 2639 1899 puto,
2682 1825 2737 1880 id
2776 1834 2878 1895 est,
2909 1826 2953 1880 si
2986 1825 3121 1882 salvi
3149 1828 3280 1893 sint,
3332 1826 3551 1882 etiarnsi

270 1933 297 1957 α
326 1912 447 1966 Hoc
476 1920 555 1967 est
578 1911 812 1982 justum,
844 1920 905 1967 ut
931 1929 1059 1968 cum
1090 1915 1232 1970 mala
1262 1915 1553 1973 hominum
1592 1921 1853 1991 reproba-

268 2019 420 2071 mus,
450 2006 858 2076 quaacunquein
890 2006 997 2061 illis
1015 2006 1157 2062 bona
1189 2010 1286 2064 Dei
1309 2012 1633 2082 reperimus,
1661 2030 1859 2085 appro—

267 2097 485 2153 bemus.
511 2100 653 2168 Hoc,
685 2099 936 2171 inquam,
954 2101 1167 2172 justum
1194 2111 1295 2171 est,
1330 2112 1390 2159 ut
1414 2105 1579 2160 etiam
1603 2106 1658 2160 in
1682 2110 1856 2163 sacri-

266 2193 386 2264 lego
404 2208 516 2248 non
541 2194 764 2263 violem,
791 2196 937 2267 quod
956 2212 1147 2252 verum
1175 2198 1394 2254 invenio
1423 2211 1854 2271 sacramentum,

264 2302 370 2342 nec
412 2287 484 2343 ita
522 2288 817 2345 emendem
859 2290 1207 2363 sacrilegum,
1253 2301 1317 2347 ut
1350 2293 1407 2347 in
1445 2309 1511 2349 eo
1549 2304 1855 2367 perpetrem

265 2381 683 2453 sacrilegium.»
719 2385 858 2439 Item
879 2384 936 2439 in
961 2383 1155 2441 eodem
1187 2386 1248 2451 (l.
1280 2402 1355 2453 c.,
1379 2403 1501 2458 cap.
1532 2394 1582 2457 3)
1613 2410 1625 2446 :
1663 2413 1685 2438 «ι
1717 2392 1855 2447 Cum

264 2474 341 2531 ad
367 2492 467 2531 nos
496 2477 643 2533 venit
666 2476 1044 2535 schismaticus
1082 2479 1161 2534 vel
1199 2478 1511 2549 haereticus,
1543 2492 1605 2539 ut
1632 2484 1859 2541 catholi-

267 2586 366 2626 cus
396 2570 511 2637 ﬁat,
551 2570 788 2627 schisma
836 2573 953 2644 ejus
991 2580 1045 2629 et
1091 2572 1352 2630 haeresim
1398 2575 1768 2633 dissuadendo
1803 2587 1858 2635 et

263 2664 597 2720 destruendo
624 2665 1019 2733 rescindimus;
1051 2676 1393 2724 sacramenta
1424 2685 1551 2725 vero
1581 2671 1851 2728 Christia-

264 2772 359 2826 na,
396 2757 439 2812 si
476 2756 666 2813 eadem
711 2758 767 2814 in
819 2760 912 2815 illo
962 2760 1300 2830 invenimus,
1339 2770 1394 2817 et
1443 2762 1670 2835 quiquid
1708 2765 1859 2821 aliud

269 2850 381 2906 veri
404 2858 575 2919 tenet,
614 2852 755 2908 absit
779 2860 841 2908 ut
870 2854 1163 2923 violemus,
1187 2854 1353 2922 absit,
1382 2863 1444 2911 ut
1471 2856 1516 2911 si
1544 2860 1712 2913 semel
1736 2859 1859 2915 data

267 2945 548 3011 novimus,
582 2944 862 3010 iteremus,
903 2963 970 3003 ne
993 2947 1128 3003 dum
1158 2948 1285 3004 vitia
1315 2949 1552 3006 humana
1582 2967 1857 3022 curamus,

268 3037 451 3095 divina
482 3038 885 3096 medicamenta
923 3041 1287 3112 damnemus;
1314 3053 1409 3099 aut
1449 3047 1742 3117 quaerendo
1772 3064 1860 3104 sa-

270 3148 405 3187 nare
435 3132 587 3204 quod
635 3134 978 3190 vulneratum
1026 3151 1136 3191 non
1168 3145 1271 3204 est,
1304 3137 1583 3195 hominem
1614 3142 1858 3197 saucium

1964 1929 2088 1976 ante
2113 1921 2618 1976 reconciliationem
2649 1920 2925 1986 obierint?
2955 1917 3121 1975 Unde
3160 1919 3321 1975 nobis
3358 1919 3552 1975 itidem

1966 2015 2269 2069 auctoritas
2298 2016 2353 2070 S.
2392 2014 2686 2084 Augustini
2709 2012 3024 2068 satisfacere
3063 2013 3281 2084 poterit,
3310 2013 3354 2068 si
3378 2012 3555 2069 ﬁdeli-

1965 2116 2050 2162 ter
2103 2108 2398 2179 legerimus
2453 2107 2583 2177 quid
2623 2108 2737 2177 ipse
2780 2106 3071 2162 censuerit.
3116 2110 3199 2162 De
3247 2107 3556 2179 majoribus

1964 2210 2089 2272 post
2111 2202 2422 2274 hujusmodi
2442 2202 2779 2273 baptismmn
2802 2201 2985 2256 statim
3016 2201 3344 2257 obeuntibus
3370 2202 3559 2257 scribit

1966 2296 2157 2353 itidem
2186 2296 2261 2352 ita
2290 2296 2346 2351 in
2377 2296 2549 2367 primo
2594 2295 2735 2367 libro
2766 2298 2841 2349 De
2874 2296 3135 2365 baptismo
3165 2298 3309 2367 (cap.
3344 2301 3399 2363 2,
3430 2295 3465 2350 l.
3499 2311 3549 2351 c.

1966 2407 2089 2463 pag.
2117 2393 2206 2455 81)
2233 2410 2243 2445 :
2278 2409 2304 2441 «
2335 2389 2390 2443 Si
2416 2405 2579 2460 quem
2608 2388 2746 2443 forte
2773 2389 3017 2460 coegerit
3046 2397 3287 2443 extrema
3312 2389 3556 2444 necessi-

1965 2491 2072 2549 tas,
2103 2484 2199 2538 ubi
2238 2482 2595 2546 catholicum,
2641 2498 2735 2553 per
2776 2498 2942 2553 quem
2968 2481 3217 2552 accipiat,
3264 2497 3378 2537 non
3408 2483 3558 2538 inve-

1964 2578 2127 2644 nerit,
2149 2586 2204 2632 et
2234 2577 2293 2630 in
2317 2576 2507 2630 animo
2539 2590 2667 2646 pace
2704 2575 2973 2630 catholica
3004 2575 3275 2631 custodita
3316 2592 3415 2646 per
3465 2576 3559 2631 ali-

1965 2685 2129 2741 quem
2159 2678 2311 2725 extra
2340 2669 2604 2724 unitatem
2636 2667 2967 2723 catholicam
2999 2670 3240 2739 positum
3265 2671 3557 2740 acceperit,

1969 2762 2117 2835 quod
2160 2770 2273 2817 erat
2307 2762 2361 2816 in
2401 2762 2517 2831 ipsa
2554 2760 2825 2815 catholica
2864 2761 3071 2815 unitate
3121 2769 3467 2831 accepturus,
3515 2764 3561 2818 si

1967 2856 2155 2912 statim
2194 2856 2363 2911 etiam
2416 2853 2484 2910 de
2513 2853 2616 2909 hac
2656 2854 2764 2908 vita
2800 2852 3135 2924 migraverit,
3172 2854 3396 2909 nonnisi
3432 2870 3559 2910 eum

1968 2949 2297 3006 catholicum
2335 2948 2684 3020 deputamus.
2714 2946 2768 3002 Si
2799 2954 2985 3001 autem
3014 2962 3043 3001 a
3072 2946 3341 3018 corporali
3381 2957 3563 3003 morte

1968 3044 2250 3110 liberatur,
2310 3058 2439 3099 cum
2493 3057 2551 3097 se
2597 3040 2882 3096 catholicae
2930 3039 3345 3111 congregationi
3391 3042 3559 3098 etiam

1968 3137 2257 3209 prasentia
2282 3135 2551 3208 corporali
2574 3133 2893 3200 reddiderit,
2923 3133 3066 3189 unde
3087 3148 3369 3204 nunquam
3400 3134 3563 3191 corde

272 3234 330 3280 et
358 3226 449 3281 ubi
472 3242 635 3282 sanus
656 3235 741 3283 est
763 3229 1134 3286 vulneremus.
1158 3254 1183 3278 ι
1214 3233 1355 3287 Item
1380 3232 1433 3287 in
1464 3233 1605 3290 libro
1628 3250 1647 3291 1
1671 3244 1861 3292 contra

1973 3232 2232 3297 discessit,
2284 3246 2392 3285 non
2440 3230 2623 3285 solum
2662 3244 2772 3283 non
2811 3228 3191 3299 improbamus
3233 3227 3382 3299 quod
3413 3227 3558 3297 fecit,

274 3320 616 3389 Donatistas,
640 3326 716 3378 De
744 3324 1005 3391 baptismo
1028 3329 1166 3395 (cap.
1193 3332 1246 3394 1,
1268 3325 1302 3380 l.
1338 3342 1410 3395 c.,
1432 3343 1483 3398 p.
1514 3334 1601 3395 80)
1629 3337 1743 3385 tam
1772 3346 1862 3386 or-

266 3414 452 3470 dinem
506 3430 674 3483 quam
705 3414 1042 3486 baptismum
1103 3426 1255 3473 extra
1317 3421 1615 3477 Ecclesiam
1677 3423 1866 3480 haberi

272 3522 432 3579 posse
466 3509 870 3577 pronuntians:
912 3530 939 3561 «
967 3510 1137 3577 Nulli,
1168 3512 1366 3584 inquit,
1400 3525 1747 3572 sacramento
1786 3518 1867 3573 in-

264 3600 417 3671 juria
463 3599 713 3658 facienda
763 3611 873 3671 est;
917 3603 961 3659 si
996 3603 1227 3661 discedit
1270 3621 1301 3661 a
1344 3608 1525 3677 malis,
1571 3618 1867 3683 utrumque

269 3693 533 3761 discedit;
565 3696 609 3751 si
654 3705 936 3767 permanet
985 3698 1043 3752 in
1090 3699 1270 3769 malis,
1309 3711 1605 3774 utrumque
1658 3720 1867 3771 perma-

270 3796 381 3844 net.
416 3811 441 3837 ι
468 3790 608 3844 Item
643 3789 697 3845 in
726 3789 923 3846 eodem
951 3798 1089 3863 (cap.
1128 3798 1211 3858 13)
1245 3812 1261 3848 :
1293 3817 1318 3842 ι
1350 3796 1720 3864 Sacramenta,
1746 3814 1868 3869 qua;

269 3880 613 3938 schismatici
643 3892 697 3939 et
719 3883 966 3939 haeretici
994 3900 1105 3941 non
1132 3887 1293 3943 aliter
1330 3887 1560 3957 habent,
1583 3907 1682 3947 nec
1711 3892 1867 3949 aliter

270 3983 468 4047 agunt,
516 3991 683 4046 quam
722 3994 844 4032 vera
886 3978 1147 4047 Ecclesia,
1175 3996 1302 4036 cum
1355 3982 1425 4038 ad
1463 4000 1568 4039 nos
1614 3985 1866 4054 veniunt,

274 4085 394 4124 non
419 4069 791 4137 emendamus,
828 4071 924 4127 sed
950 4073 1127 4142 potius
1150 4075 1540 4145 approbemus.
1573 4100 1597 4125 ι
1644 4081 1783 4134 Item
1813 4081 1866 4134 in

279 4161 443 4218 tertio
470 4168 612 4234 (cap.
652 4168 739 4230 10)
774 4183 787 4218 :
827 4184 855 4216 α
890 4166 1015 4220 Non
1042 4164 1165 4221 ideo
1204 4183 1317 4222 nou
1359 4178 1492 4224 sunt
1519 4181 1866 4229 sacramenta

275 4254 485 4311 Christi
505 4265 559 4311 et
584 4256 859 4324 Ecclesiae,
878 4258 1007 4329 quia
1021 4259 1094 4314 eis
1114 4258 1302 4316 illicite
1316 4269 1548 4318 utuntur
1561 4280 1674 4319 non
1688 4264 1866 4321 solum

274 4348 547 4417 haeretici,
591 4350 687 4405 sed
727 4352 893 4407 etiam
938 4352 1108 4425 iniqui
1154 4352 1397 4411 offerunt
1433 4364 1488 4412 et
1532 4357 1717 4429 impii;
1767 4357 1866 4415 sed

272 4449 463 4497 tamen
500 4442 573 4497 illi
600 4444 907 4517 corrigendi
938 4455 1033 4503 aut
1075 4448 1360 4519 puniendi,
1402 4450 1492 4507 illa
1533 4467 1662 4508 vero
1693 4468 1863 4525 agno-

271 4534 475 4591 scenda
492 4545 544 4591 et
566 4537 873 4594 veneranda
896 4549 1044 4595 sunt.
1078 4564 1103 4589 ιο
1134 4544 1275 4599 Item
1309 4543 1366 4599 in
1395 4544 1592 4602 eodem
1611 4562 1732 4618 cap.
1762 4553 1866 4604 l9:

275 4651 303 4677 ι
343 4628 599 4685 Haeretici
624 4640 968 4688 sacramenta
997 4642 1052 4689 et
1083 4637 1396 4707 Scripturas
1422 4646 1611 4695 tenent
1641 4607 1711 4697 ad
1743 4657 1865 4713 spe-
1895 4607 1949 4674 Β

274 4721 445 4789 ciem,
472 4739 585 4778 non
624 4723 696 4780 ad
719 4725 974 4781 salutem.
1015 4751 1040 4777 υ
1082 4730 1223 4784 Item
1262 4730 1315 4785 in
1348 4730 1565 4801 eodem,
1593 4750 1710 4805 cap.
1748 4741 1812 4791 15
1852 4756 1867 4793 :

276 4839 305 4863 κ
353 4817 710 4873 Sacramenta
738 4818 782 4874 si
823 4820 1018 4877 eadem
1059 4831 1206 4892 sunt,
1244 4823 1445 4896 ubique
1473 4835 1601 4882 sunt
1638 4828 1865 4902 integra,

270 4910 449 4965 etiam
476 4911 519 4965 si
562 4927 721 4983 prave
750 4913 1142 4987 intelligantur,
1180 4925 1234 4972 et
1260 4918 1597 4976 discordiose
1625 4929 1867 4979 tracten-

270 5011 396 5070 tur;
429 5003 569 5059 sicut
597 5006 863 5077 scriptura
905 5008 1075 5079 ipsius
1112 5011 1385 5085 Evangelii
1405 5012 1491 5079 (si)
1521 5013 1713 5070 eadem
1755 5016 1867 5087 ipsa

268 5100 399 5163 (est)
441 5097 643 5170 ubique
672 5100 884 5172 integra
915 5110 1015 5158 est.
1053 5127 1077 5152 υ
1103 5105 1240 5161 Item
1270 5107 1328 5162 in
1353 5116 1571 5179 quarto,
1603 5124 1723 5180 cap.
1760 5115 1820 5166 11
1850 5129 1864 5166 :

275 5213 299 5240 ι
336 5192 493 5247 Intus
521 5200 575 5248 et
598 5191 732 5249 foris
756 5196 1082 5266 perversitas
1106 5198 1389 5259 hominum
1412 5203 1737 5275 corrigenda
1764 5213 1866 5273 est,

266 5282 462 5341 divina
502 5302 629 5342 vero
660 5300 1006 5347 sacramenta
1043 5300 1097 5348 et
1134 5294 1347 5367 eloquia
1397 5314 1507 5353 non
1554 5297 1869 5357 hominibus

268 5378 589 5443 tribuenda.
619 5403 640 5431 ι
664 5384 805 5439 Item
824 5384 880 5439 in
901 5385 1112 5457 quinto,
1133 5402 1256 5459 cap.
1275 5394 1340 5444 19
1366 5409 1377 5444 :
1399 5412 1426 5443 α
1446 5396 1597 5448 Deus
1616 5393 1769 5449 adest
1788 5410 1867 5449 sa-

272 5475 575 5531 cramentis
598 5484 651 5531 et
672 5478 848 5533 verbis
865 5479 998 5544 suis,
1018 5497 1111 5551 per
1134 5482 1461 5553 qualeslibet
1484 5486 1868 5544 administren-

274 5574 390 5635 tur,
423 5576 480 5622 et
522 5579 867 5628 sacramenta
911 5574 1012 5628 Dei
1045 5574 1243 5645 ubique
1296 5584 1440 5632 recta
1473 5588 1620 5648 sunt,
1657 5589 1713 5636 et
1738 5582 1867 5637 mali

274 5658 555 5728 homines,
612 5663 808 5734 quibus
860 5664 991 5721 nihil
1053 5676 1302 5738 prosunt,
1363 5670 1561 5743 ubique
1625 5676 1867 5745 perversi

270 5760 425 5821 sunt,
461 5778 487 5803 ι
510 5754 564 5810 id
582 5764 683 5826 est,
708 5756 856 5813 intus
879 5766 934 5814 et
962 5758 1111 5816 loris.
1140 5764 1278 5818 Item
1302 5761 1359 5817 in
1375 5764 1592 5834 eodem,
1614 5783 1732 5839 cap.
1760 5776 1823 5824 27
1852 5790 1864 5825 :

278 5869 303 5892 ιι
352 5848 581 5905 Munera
625 5849 883 5909 divinitus
931 5868 1189 5914 concessa
1218 5860 1419 5929 partim
1464 5869 1592 5916 sunt
1640 5862 1857 5934 propria

1972 3326 2068 3382 sed
2125 3326 2329 3392 (etiam)
2392 3323 2737 3378 securissime
2795 3322 3187 3393 verissimeque
3248 3321 3558 3377 laudamus.

1973 3422 2097 3491 quia
2131 3426 2462 3489 praesentem
2490 3419 2665 3471 Deum
2687 3414 2915 3470 credidit
2934 3413 3099 3469 corde
3117 3431 3239 3483 suo,
3264 3414 3356 3470 ubi
3381 3416 3561 3471 unita-

1974 3523 2085 3569 tem
2135 3510 2405 3577 servabat,
2438 3518 2493 3565 et
2543 3510 2658 3564 sine
2702 3508 2843 3564 sacri
2893 3508 3148 3578 baptismi
3193 3518 3559 3577 sacramento,

1974 3606 2120 3679 quod
2143 3606 2455 3676 ubicunque
2483 3602 2710 3671 invenit,
2741 3618 2852 3657 non
2882 3601 3174 3657 hominum
3194 3601 3291 3657 sed
3318 3602 3416 3657 Dei
3442 3618 3558 3657 esse

1972 3699 2248 3773 cognovit,
2276 3698 2452 3754 noluit
2472 3712 2533 3752 ex
2552 3697 2654 3751 hac
2681 3695 2791 3750 vita
2836 3694 3178 3767 migrare.‘Si
3208 3695 3331 3767 quis
3356 3702 3560 3763 autem,

1975 3810 2100 3850 cum
2132 3792 2303 3863 possit
2338 3791 2395 3846 in
2434 3792 2547 3862 ipsa
2578 3789 2844 3846 catholica
2873 3789 3169 3860 percipere,
3202 3804 3297 3860 per
3324 3789 3564 3861 aliquam

1975 3888 2174 3943 mentis
2216 3885 2629 3958 perversitatem
2665 3883 2825 3955 elegit
2867 3882 2921 3937 in
2949 3881 3244 3937 schismate
3272 3881 3560 3952 baptizari,

1977 3982 2193 4037 etiamsi
2238 3986 2423 4053 postea
2458 3978 2641 4034 venire
2671 3976 2739 4033 ad
2785 3976 3112 4032 catholicam
3159 3976 3387 4048 cogitat,
3428 3977 3557 4048 quia

1978 4085 2158 4132 certus
2202 4083 2284 4132 est
2335 4074 2409 4130 ibi
2458 4072 2716 4145 prodesse
2773 4079 3205 4132 sacramentum,
3247 4068 3395 4139 quod
3432 4070 3559 4125 alibi

1977 4169 2199 4241 quidem
2241 4169 2411 4239 accipi
2440 4174 2638 4239 potest,
2674 4164 2933 4237 prodesse
2968 4171 3153 4219 autem
3197 4162 3327 4216 nihil
3366 4171 3563 4233 potest,

1977 4263 2163 4335 procul
2192 4260 2354 4315 dubio
2386 4276 2671 4330 perversus
2695 4267 2751 4314 et
2780 4258 2998 4328 iniquus
3026 4264 3129 4323 est,
3160 4265 3213 4311 et
3248 4264 3403 4311 tanto
3434 4270 3561 4327 per—

1976 4354 2255 4421 niciosius,
2284 4360 2487 4424 quanto
2516 4351 2793 4407 scientius.
2827 4374 2852 4399 ν
2884 4354 3024 4406 Item
3056 4350 3113 4403 in
3144 4358 3294 4405 sexto
3324 4349 3460 4405 libro
3488 4353 3564 4405 De

1981 4451 2248 4519 baptismo
2277 4451 2483 4518 (cap.5,
2510 4445 2546 4501 l.
2566 4461 2638 4511 c.,
2655 4461 2773 4516 pag.
2806 4449 2927 4510 163)
2951 4462 2964 4497 ε
2992 4444 3241 4498 «Omnes
3264 4442 3388 4497 mali
3405 4442 3566 4513 spiri-

1978 4545 2195 4601 tualiter
2223 4558 2253 4598 a
2301 4541 2458 4597 bonis
2488 4538 2714 4612 sejuncti
2742 4547 2891 4606 sunt,
2923 4537 2969 4593 si
3007 4544 3193 4592 autem
3245 4535 3410 4592 etiam
3440 4552 3564 4593 cor-

1979 4638 2237 4713 poraliter
2296 4643 2479 4708 aperta
2545 4632 2882 4689 dissensione
2940 4638 3285 4703 separentur,
3355 4631 3567 4710 pejores

1978 4734 2139 4790 ﬁunt.
2172 4730 2279 4789 Sed
2326 4739 2384 4786 ut
2414 4728 2623 4785 dictum
2650 4736 2755 4794 est,
2786 4726 2914 4781 nihil
2945 4726 3173 4782 interest
3201 4726 3271 4781 ad
3302 4724 3562 4797 baptismi

1978 4827 2350 4891 sanctitatem,
2406 4820 2620 4894 quando
2665 4820 2889 4892 quisque
2936 4820 3093 4893 pejor
3158 4819 3212 4876 id
3266 4819 3466 4876 habeat
3514 4827 3569 4876 et

1979 4928 2188 4993 quanto
2216 4917 2389 4990 pejori
2425 4915 2619 4972 tradat.
2670 4917 2857 4970 Potest
2884 4922 3068 4971 tamen
3102 4913 3324 4971 tradere
3352 4929 3568 4986 separa-

1977 5024 2087 5082 tus,
2114 5013 2256 5070 sicut
2287 5018 2464 5081 potest
2490 5010 2694 5066 habere
2723 5016 3034 5080 separatus;
3060 5011 3153 5066 sed
3178 5024 3349 5083 quam
3382 5008 3566 5080 perni-

1977 5110 2126 5165 ciose
2149 5106 2369 5173 habere,
2390 5114 2502 5161 tam
2530 5102 2833 5173 perniciose
2860 5102 3095 5159 tradere.
3127 5104 3221 5159 Ille
3243 5111 3453 5167 autem,
3478 5101 3564 5156 cui

1978 5202 2166 5268 tradit,
2208 5207 2387 5273 potest
2414 5196 2709 5253 salubriter
2737 5196 3001 5268 accipere,
3047 5196 3091 5252 si
3121 5196 3235 5266 ipse
3264 5212 3380 5250 non
3408 5210 3564 5265 sepa-

1978 5305 2126 5354 ratus
2157 5294 2403 5365 accipiat,
2444 5292 2586 5348 sicut
2633 5290 2903 5363 plerisque
2943 5288 3139 5346 accidit
3174 5288 3352 5358 aliqua
3382 5303 3568 5345 neces-

1977 5393 2139 5448 sitate
2168 5387 2379 5444 mortis.
2416 5409 2443 5435 ι»

2049 5486 2142 5539 VI.
2165 5483 2219 5539 Si
2247 5482 2354 5537 hoc
2373 5495 2504 5552 ergo
2525 5478 2595 5535 de
2618 5478 2919 5550 majoribus
2943 5482 2997 5529 et
3019 5471 3338 5543 scientibus,
3362 5484 3566 5547 quanto

1978 5578 2153 5651 magis
2202 5573 2540 5631 credendum
2596 5581 2681 5629 est
2723 5572 2792 5627 de
2846 5566 3165 5632 infantibus,
3207 5567 3300 5638 qui
3352 5570 3566 5640 penitus

1980 5670 2235 5729 haeresim
2264 5666 2537 5733 nesciunt,
2568 5680 2669 5721 nec
2712 5680 2742 5718 a
2771 5669 3023 5731 separato
3066 5660 3399 5733 baptismum
3429 5664 3571 5718 reci-

1980 5768 2172 5840 piunt?
2206 5766 2347 5819 Nam
2385 5760 2596 5817 aversio
2630 5756 2811 5813 cordis
2852 5754 3081 5813 ubilibet
3120 5758 3261 5813 solet
3306 5756 3570 5828 impedire

1980 5860 2188 5916 donum
2218 5852 2558 5915 remissionis
2598 5870 2611 5907 :
2638 5864 2760 5921 quae
2788 5864 2915 5905 cum
2940 5850 2994 5904 in
3027 5851 3251 5921 parvulo
3294 5849 3567 5921 baptizata
