4002 6168
469 219 605 275 1263

465 359 579 399 non
624 343 953 409 inveniatur,
993 342 1220 407 mirum,
1264 340 1308 397 si
1350 356 1463 398 non
1519 342 1715 398 salvari
1754 358 1914 415 posse
1956 358 2052 415 per

468 438 579 494 vim
602 437 926 494 sacramenti
958 434 1237 503 credatur,
1269 438 1418 509 quod
1442 447 1498 494 et
1518 437 1575 493 in
1594 438 1814 507 adultis,
1841 439 1885 495 si
1910 439 2055 496 absit

468 532 676 591 aversio
715 531 913 597 cordis,
968 532 1199 588 salutem
1242 531 1450 604 operari
1503 549 1619 590 non
1663 533 2053 591 dubitabatur?

466 629 677 697 Nempe
706 625 1013 698 baptismus
1052 626 1437 682 hmreticorum
1467 628 1646 699 majus
1676 627 2051 700 praejudicium

465 720 662 777 adultis
696 735 863 792 quam
892 719 1126 792 parvulis
1153 722 1294 777 solet
1326 718 1548 788 inferre,
1594 738 1721 777 cum
1750 723 1870 778 illos
1898 722 2053 794 juxta

466 829 706 871 canones
742 814 813 870 ab
856 814 1231 870 ecclesiasticis
1277 814 1713 871 ordinationibus
1750 816 2051 887 prohibeat,

465 908 569 965 hos
596 916 802 976 autem,
825 917 1115 980 postquam
1136 908 1491 978 adoleverint,
1520 910 1783 965 canonice
1807 910 2055 966 ordinari

462 1018 577 1059 non
624 1010 844 1059 renuat.
888 1003 979 1058 Sic
1021 1003 1169 1058 enim
1216 1002 1542 1059 Africanum
1576 1004 1868 1060 concilium
1906 1005 2052 1076 capi-

464 1096 580 1152 tulo
602 1102 671 1151 24
691 1104 945 1152 testatur.
972 1099 1240 1153 Praeterea
1258 1100 1321 1152 Β.
1348 1098 1682 1168 Augustinus
1701 1098 1915 1154 nullum
1936 1115 2056 1170 par-

463 1190 653 1245 vulum
704 1189 1067 1245 ecclesiastico
1114 1206 1269 1246 more
1314 1190 1649 1262 baptizatum
1679 1192 1735 1247 in
1764 1192 1903 1248 libro
1946 1208 2056 1248 χχι

464 1286 540 1340 De
569 1286 782 1339 civitate
815 1287 912 1339 Dei
939 1288 1083 1356 (cap.
1118 1290 1205 1353 16,
1237 1286 1379 1356 Opp.
1413 1293 1451 1341 t.
1488 1288 1608 1353 VII,
1647 1302 1698 1355 p.
1727 1291 1852 1353 636)
1892 1301 2052 1342 exce-

468 1382 567 1450 pit,
592 1377 686 1433 ubi
715 1378 1038 1449 generaliter
1066 1377 1133 1433 de
1159 1378 1329 1435 salute
1355 1380 1710 1450 parvulorum
1747 1379 1822 1435 ita
1852 1389 2056 1436 tracta-

464 1473 545 1527 vit
581 1489 596 1527 :
636 1490 665 1523 «
694 1475 887 1539 Tanta,
928 1472 1123 1543 inquit,
1156 1472 1529 1527 misericordia
1574 1474 1677 1529 Dei
1727 1482 1809 1529 est
1850 1475 1905 1529 in
1932 1490 2055 1530 vasa

468 1565 865 1621 misericordia}
892 1582 1014 1637 quae
1062 1567 1389 1637 praeparavit
1417 1566 1475 1621 in
1506 1567 1757 1638 gloriam,
1800 1577 1863 1623 ut
1892 1568 2055 1624 etiam

466 1667 602 1716 mtas
628 1658 871 1715 hominis
900 1659 1099 1730 prima,
1143 1659 1198 1715 id
1223 1669 1305 1715 est
1341 1658 1593 1729 infantia,
1638 1676 1760 1733 quas
1800 1662 1915 1717 sine
1945 1663 2056 1719 ullo

465 1753 652 1810 renisu
673 1753 918 1825 subjacet
941 1753 1122 1822 carni;
1150 1761 1205 1809 et
1227 1753 1487 1823 secunda,
1510 1770 1632 1827 quae
1669 1756 1903 1827 pueritia
1919 1760 2057 1812 nun-

462 1854 692 1919 cupatur
722 1846 835 1917 (ubi
868 1847 1118 1903 nondum
1160 1848 1299 1903 ratio
1339 1850 1582 1920 suscepit
1624 1848 1764 1905 hanc
1790 1866 2053 1922 pugnam,

461 1948 516 1997 et
544 1940 657 1997 fere
672 1942 773 1997 sub
791 1942 958 1997 nullis
984 1940 1163 2014 (1141)
1182 1942 1383 1999 vitiosis
1414 1943 1872 1999 delectationibus
1888 1943 2053 2015 jacet,

462 2034 593 2106 quia
624 2035 751 2090 licet
768 2035 885 2106 jam
912 2034 1012 2089 fari
1051 2035 1248 2103 valeat,
1286 2044 1342 2091 et
1375 2036 1495 2091 ideo
1526 2036 1753 2093 infantia
1791 2038 2055 2093 transisse

462 2126 729 2194 videatur,
758 2126 1009 2183 nondum
1040 2128 1097 2183 in
1128 2143 1187 2183 ea
1226 2137 1308 2184 est
1333 2130 1587 2201 praecepti
1619 2146 1788 2201 capax
1818 2131 2053 2186 inﬁrmi-

463 2228 548 2275 tas
590 2220 832 2286 mentis),
895 2221 938 2276 si
977 2231 1319 2277 sacramenta
1384 2222 1700 2279 mediatoris
1758 2226 2050 2296 acceperit,

459 2314 673 2369 etiamsi
703 2314 759 2368 in
792 2314 866 2369 eis
896 2314 1054 2369 annis
1083 2315 1251 2371 vitam
1281 2315 1456 2386 ﬁniat,
1488 2318 1747 2372 translata
1774 2318 1981 2374 scilicet
2021 2336 2049 2375 a

460 2415 727 2478 potestate
758 2408 1107 2464 tenebrarum
1139 2410 1191 2464 in
1221 2425 1450 2480 regnum
1479 2410 1703 2479 Christi,
1734 2428 1843 2467 non
1871 2413 2048 2468 solum

458 2502 639 2574 pmnis
671 2517 782 2557 non
824 2511 1159 2573 praeparetur
1200 2505 1436 2571 aeternis,
1480 2504 1576 2560 sed
1613 2520 1681 2560 ne
1711 2505 1797 2561 illa
1826 2506 2046 2577 quidem

455 2603 582 2667 post
610 2602 849 2651 mortem
879 2596 1190 2667 purgatoria
1220 2605 1497 2653 tormenta
1541 2598 1795 2670 patiatur.
1830 2598 2049 2655 Sufﬁcit

455 2688 601 2744 enim
630 2689 745 2744 sola
788 2689 1086 2760 spiritualis
1134 2691 1491 2762 regeneratio,
1531 2701 1655 2763 post
1697 2703 1934 2749 mortem
1981 2710 2047 2750 ne

453 2782 599 2838 obsit
638 2783 782 2854 quod
823 2783 1054 2839 carnalis
1092 2784 1369 2856 generatio
1420 2802 1550 2841 cum
1595 2795 1773 2842 morte
1820 2797 2046 2844 contra-

451 2876 549 2931 xit.
582 2899 608 2927 ι)
650 2879 714 2931 In
749 2876 849 2932 hac
888 2878 1149 2934 sententia
1180 2881 1244 2933 B.
1270 2880 1609 2952 Augustinus
1637 2881 1850 2937 nullum
1880 2882 1934 2936 in
1960 2883 2045 2937 in-

448 2970 618 3027 fantia
647 2970 984 3043 baptizatum
1008 2973 1283 3043 excepisse
1311 2973 1559 3042 videtur;
1584 2975 1727 3031 unde
1756 2991 1855 3031 nec
1886 2976 2047 3032 nobis

447 3070 629 3120 tutum
660 3072 764 3135 est,
810 3067 1049 3137 aliquem
1082 3066 1372 3137 parvulum
1403 3068 1669 3138 excipere,
1707 3085 1870 3141 quem
1901 3069 2042 3126 inte-

446 3171 544 3230 gro
576 3159 894 3215 mediatoris
922 3170 1268 3217 sacramento
1300 3161 1573 3218 initiatum
1620 3162 1826 3235 absque
1858 3164 2041 3221 cordis

447 3254 730 3311 aversione
758 3270 1104 3327 nequaquam
1135 3270 1435 3327 possumus
1463 3256 1751 3329 denegare.

517 3384 640 3439 VII.
680 3385 951 3439 Praeterea
983 3383 1029 3438 si
1054 3384 1174 3455 quis
1202 3384 1369 3441 etiam
1398 3401 1461 3441 ex
1490 3385 1791 3458 majoribus
1819 3386 1888 3443 ab
1919 3386 2034 3444 haz-

443 3476 635 3543 retico,
656 3476 888 3534 haeresin
910 3478 1126 3549 penitus
1148 3479 1467 3548 nesciendo,
1494 3489 1547 3536 et
1567 3480 1735 3537 corde
1760 3497 1873 3537 non
1888 3482 2036 3553 ﬁcto,

444 3570 717 3626 catholico
762 3588 921 3627 more
963 3571 1272 3643 baptizatus
1313 3574 1497 3628 statim
1539 3584 1865 3644 moreretur,
1901 3593 2039 3631 nun-

444 3662 576 3733 quid
596 3679 706 3718 non
728 3663 816 3719 ille
843 3664 1144 3721 catholicus
1172 3674 1226 3721 et
1252 3666 1578 3724 Christiana:
1612 3670 1773 3725 saluti
1806 3671 2038 3727 idoneus

444 3756 645 3811 merito
683 3755 1032 3814 crederetur?
1080 3761 1219 3815 Nam
1273 3761 1429 3830 plane
1464 3760 1621 3831 juxta
1666 3765 2035 3835 Augustinum

442 3847 659 3903 nullum
683 3850 1086 3915 contaminant,
1126 3852 1337 3907 nedum
1378 3852 1662 3922 damnent,
1695 3857 1866 3913 aliena
1917 3875 2036 3929 pec-

441 3949 582 4011 cata,
613 3942 660 3999 si
690 3942 905 4014 penitus
935 3942 1136 3999 fuerint
1164 3945 1470 4018 incognita;
1504 3948 1578 4002 ita
1610 3948 1756 4003 enim
1799 3950 1866 4006 ad
1909 3952 2036 4007 Vin-

439 4038 679 4095 centium
704 4038 1054 4094 Donatistam
1084 4038 1329 4095 scribens
1369 4044 1545 4111 (epist.
1570 4048 1664 4109 93,
1690 4045 1830 4115 Opp.
1858 4052 1898 4099 t.
1935 4048 2032 4114 II.,

439 4148 495 4204 p.
528 4136 652 4199 236)
681 4151 694 4188 :
718 4134 958 4197 Nullius,
996 4133 1192 4204 inquit,
1210 4137 1413 4190 crimen
1435 4138 1673 4192 maculat
1692 4140 2028 4195 nescientem.

437 4229 577 4283 Item
613 4226 683 4282 ad
726 4228 1038 4283 Emeritum
1075 4229 1261 4295 (Ibid.,
1299 4245 1353 4284 n.
1406 4236 1461 4298 2,
1490 4247 1615 4304 pag.
1660 4238 1785 4301 209)
1823 4251 1836 4288 :
1869 4236 2029 4303 Illud,

436 4320 635 4393 inquit,
656 4338 798 4377 nunc
824 4324 1071 4378 attendat
1088 4324 1377 4392 vigilantia
1396 4328 1587 4381 mentis
1613 4330 1739 4395 tute,
1762 4332 2032 4384 neminem

432 4430 587 4485 posse
637 4419 994 4473 contaminari
1046 4420 1285 4487 ignotum
1338 4421 1642 4489 ignotisque
1691 4423 2025 4477 criminibus.

439 4509 590 4564 Idem
620 4510 679 4565 in
694 4510 836 4567 libro
864 4517 940 4568 De
963 4513 1069 4581 ﬁde
1092 4517 1142 4567 et
1165 4514 1415 4582 operibus
1446 4512 1581 4585 (cap.
1608 4519 1664 4584 7,
1684 4530 1740 4571 n.
1772 4521 1859 4587 10,
1881 4519 2021 4589 Opp.

435 4606 480 4657 t.
510 4604 604 4669 VI,
634 4619 687 4674 p.
733 4608 853 4670 170)
898 4605 1161 4677 virginem
1190 4607 1360 4663 etiam
1390 4607 1457 4663 de
1493 4607 1761 4664 adulterio
1790 4618 2029 4678 excusat,

437 4696 485 4751 si
509 4696 688 4752 alieno
715 4697 1022 4754 nescienter
1043 4700 1307 4771 nupserit,
1338 4708 1393 4756 et
1415 4700 1520 4758 hoc
1546 4702 1758 4771 tandiu,
1790 4704 2029 4775 quandiu

435 4789 553 4861 ipsa
578 4788 930 4861 ignoraverit.
976 4793 1028 4848 Si
1055 4808 1182 4865 ergo
1210 4794 1313 4849 hoc
1365 4796 1467 4851 rite
1491 4797 1729 4852 creditur
1757 4798 1823 4853 de
1853 4799 2027 4872 majo-

434 4883 612 4950 ribus,
643 4892 849 4955 quanto
878 4886 1055 4957 magis
1099 4886 1169 4943 de
1206 4889 1447 4959 parvulis
1476 4892 1662 4946 omnia
1690 4892 1830 4947 mala
1875 4892 2028 4965 igno-

433 4977 699 5047 rantibus,
741 4976 991 5033 videlicet
1032 4987 1095 5035 ut
1138 4980 1325 5038 alienis
1356 4984 1593 5054 peccatis
1632 4986 2025 5057 baptizantium

433 5088 547 5129 non
599 5072 1075 5143 condemnentur,
1124 5091 1220 5146 per
1274 5092 1413 5147 quos
1452 5076 1637 5135 divina
1683 5091 2023 5138 sacramenta

432 5182 564 5225 cum
593 5167 741 5223 nulla
772 5166 995 5224 ﬁctione
1023 5168 1203 5225 cordis
1227 5170 1548 5243 ignoranter
1569 5184 1945 5245 perceperunt.

503 5296 643 5350 VIII.
673 5293 783 5351 Sed
827 5293 1103 5368 objicitur,
1150 5297 1299 5369 quod
1346 5296 1585 5356 haeretici
1624 5317 1723 5357 nec
1763 5303 2021 5375 Spiritum

428 5394 682 5444 sanctum
726 5388 861 5446 dare
892 5392 1129 5460 valeant,
1174 5406 1275 5447 nec
1315 5404 1665 5463 peccatorum
1708 5397 2016 5455 remissam.

428 5479 500 5536 Et
525 5495 627 5538 nos
654 5497 871 5556 quoque
890 5483 1170 5557 itidemjde
1192 5484 1465 5545 haereticis
1489 5488 1748 5561 dicimus,
1772 5492 1922 5565 quod
1952 5496 2014 5549 B.

510 5645 693 5710 (1141)
729 5642 960 5700 Varians
988 5644 1107 5702 hac
1140 5646 1347 5705 codicis
1373 5650 1543 5706 nostri
1571 5651 1731 5708 lectio
1752 5656 1855 5711 toti
1890 5671 2018 5712 con-

430 5714 603 5797 textui
632 5714 809 5787 magis
839 5724 966 5797 apta
992 5717 1228 5797 videtur,
1277 5735 1341 5797 ac
1370 5720 1462 5797 illa
1498 5721 1552 5777 in
1576 5722 1756 5797 editis,
1787 5727 1879 5783 ubi
1912 5744 2016 5797 pro

423 5784 587 5842 nullis
610 5784 772 5845 sensu
800 5784 958 5861 plane
979 5784 1259 5846 contrario
1290 5791 1487 5864 legitur
1516 5784 1781 5851 omnibus.

1465 218 1556 272 AD
1594 216 1819 274 OPERA
1858 217 1913 274 S.
1954 215 2275 273 GREGORII
2310 216 2749 273 APPENDICES.

3627 223 3741 277 {26$

2079 347 2132 411 Α
2162 342 2531 415 Augustinum
2582 342 2748 398 etiam
2778 341 2847 398 de
2893 341 3223 414 quibuslibet
3261 344 3535 400 membris
3563 344 3741 402 diaboli

2164 436 2301 492 infra
2354 437 2653 493 Ecclesiam
2712 435 3113 507 baptizantibus
3164 438 3462 494 asseruisse
3514 438 3738 510 legimus

2162 531 2341 587 Nimis
2362 540 2445 587 est
2465 539 2647 586 autem
2673 532 2919 602 longum,
2940 538 2995 585 et
3014 530 3141 587 huic
3164 533 3466 602 quaestioni
3487 549 3607 587 non
3628 534 3740 589 adeo

2162 625 2552 691 necessarium,
2598 632 2657 679 ut
2688 624 2919 695 pleniter
2942 623 3293 691 discutiatur,
3324 626 3473 682 unde
3506 627 3743 697 baptizati

2163 720 2450 776 remissam
2500 728 2853 791 peccatorum
2887 718 3179 789 accipiant,
3211 720 3375 776 etiam
3407 738 3541 776 cum
3576 721 3741 792 perﬁdi

2164 829 2258 869 eos
2282 814 2579 885 baptizant.
2610 812 2955 869 Sufﬁcienter
2979 821 3164 870 tamen
3193 814 3263 869 ita
3287 813 3632 886 respondere
3652 830 3747 887 pos-

2163 922 2351 963 sumus
2401 907 2469 963 ad
2521 906 2752 979 objecta,
2811 915 2873 962 ut
2930 914 2983 962 et
3034 907 3241 978 parvuli
3294 908 3425 964 inde
3472 910 3747 964 remissam

2164 1009 2514 1073 peccatorum
2555 1000 2827 1072 accepisse
2874 1000 3185 1069 credantur,
3227 1001 3374 1058 unde
3418 1010 3475 1059 et
3510 1003 3747 1059 homines

2164 1096 2353 1167 magni
2397 1095 2464 1151 ab
2495 1095 2755 1151 haereticis
2799 1110 2913 1150 non
2947 1094 3075 1151 ﬁcto
3103 1094 3273 1151 corde
3317 1095 3404 1151 vel
3444 1096 3751 1168 ignoranter

2163 1188 2447 1260 baptizati.
2488 1189 2541 1246 Si
2571 1188 2695 1260 quis
2737 1196 2925 1243 autem
2953 1189 3182 1259 pleniter
3209 1188 3275 1245 de
3308 1190 3481 1261 gratia
3536 1190 3749 1261 Spiritus

2165 1282 2362 1349 sancti,
2399 1283 2510 1338 sive
2540 1281 2608 1337 de
2635 1281 2861 1337 remissa
2886 1290 3257 1352 peccatorum,
3289 1282 3440 1338 unde
3468 1283 3749 1354 accipiatur

2164 1378 2302 1433 scire
2332 1375 2581 1441 voluerit,
2620 1376 2674 1430 in
2717 1374 2869 1431 libris
2898 1378 2961 1430 B.
3003 1358 3294 1448 Augustini
3334 1384 3539 1432 contra
3594 1380 3751 1433 Dona

2165 1470 2323 1525 tistas
2351 1469 2681 1525 sufﬁcienter
2703 1469 2947 1525 invenire
2982 1470 3180 1541 poterit
3211 1486 3225 1521 :
3258 1470 3313 1525 in
3345 1471 3559 1542 quibus
3580 1479 3638 1526 et
3663 1471 3750 1527 hoc

2169 1564 2300 1620 satis
2330 1563 2605 1620 evidenter
2629 1564 2895 1619 asseritur
2923 1563 3073 1636 quod
3090 1563 3268 1620 divina
3299 1573 3656 1620 sacramenta
3676 1582 3750 1637 per

2167 1658 2435 1729 quoslibet
2463 1657 2727 1729 reprobos
2752 1657 3131 1714 administrata
3162 1658 3605 1730 percipientibus
3631 1662 3749 1715 salu-

2090 1727 2137 1791 B
2163 1751 2317 1807 tifera
2349 1768 2465 1807 esse
2488 1752 2716 1822 possint,
2752 1753 3065 1825 quicunque
3093 1769 3155 1809 ea
3184 1768 3298 1809 non
3327 1753 3457 1809 ﬁcto
3485 1754 3661 1811 corde
3682 1755 3745 1809 vel

2164 1862 2356 1903 averso
2385 1845 2548 1902 corde
2573 1846 2930 1918 perceperint.

2237 2016 2337 2069 IX.
2389 2011 2585 2068 Adhuc
2634 2010 2865 2068 fortasse
2911 2020 2965 2068 et
3006 2011 3112 2068 hoc
3161 2011 3419 2084 objicitur
3471 2013 3633 2085 quod
3673 2015 3752 2069 SS.

2162 2108 2351 2162 Patres
2380 2105 2632 2177 parvulos
2657 2105 2709 2160 in
2733 2105 2925 2160 haeresi
2952 2105 3259 2176 baptizatos
3296 2122 3399 2178 per
3433 2122 3642 2162 manus
3668 2109 3759 2162 im-

2164 2201 2490 2272 positionem
2520 2201 2572 2256 in
2601 2200 2927 2256 catholicam
2957 2200 3301 2272 recipiendos
3328 2202 3451 2258 fore
3481 2219 3605 2258 non
3631 2202 3759 2258 dice-

2162 2303 2307 2363 rent,
2357 2294 2402 2349 si
2439 2294 2653 2366 penitus
2699 2295 2824 2351 illos
2864 2295 3215 2366 inculpabiles
3265 2311 3390 2352 esse
3414 2296 3755 2369 judicarent.

2159 2389 2245 2444 Sic
2273 2404 2403 2459 ergo
2433 2391 2495 2444 B.
2537 2389 2831 2461 Gregorius
2874 2404 3010 2460 papa
3054 2392 3075 2444 Ι
3114 2389 3375 2461 parvulos
3422 2390 3496 2445 ab
3556 2392 3759 2445 Arianis

2160 2481 2457 2554 baptizatos
2490 2482 2828 2539 reconciliari
2876 2483 3130 2555 praecepit
3177 2483 3291 2549 (lib.
3336 2499 3382 2546 Ι.
3426 2488 3603 2553 epist.
3665 2492 3758 2551 17),

2156 2576 2295 2632 sicut
2338 2576 2660 2635 Africanum
2689 2577 2984 2633 concilium
3028 2593 3059 2632 a
3096 2576 3395 2632 Donatistis
3449 2577 3761 2650 baptizatos

2155 2671 2492 2727 reconciliari
2537 2671 2735 2728 debere
2777 2672 2983 2727 nctavit
3014 2671 3216 2743 (1142).
3265 2674 3379 2727 Nec
3428 2688 3543 2727 nos
3581 2674 3761 2744 utique

2156 2764 2239 2821 his
2266 2765 2719 2834 contradicimus,
2765 2766 2879 2822 imo
2926 2766 3282 2822 libentissime
3308 2766 3759 2837 acquiwcimus;

2154 2860 2406 2917 videlicet
2454 2869 2518 2917 ut
2572 2861 2783 2932 parvuli
2833 2860 2979 2933 apud
3022 2860 3311 2917 haereticos
3352 2860 3629 2931 baptizati
3670 2878 3758 2933 per

2153 2970 2350 3010 manus
2391 2956 2801 3027 impositionem
2844 2955 3198 3025 recipiantur,
3240 2954 3286 3009 si
3328 2962 3527 3010 tamen
3569 2956 3761 3011 tandiu

2152 3048 2405 3115 vixerint,
2438 3058 2498 3104 ut
2530 3048 2603 3104 ad
2632 3050 3137 3105 reconciliationem
3188 3048 3480 3119 pervenire
3528 3051 3760 3121 possint.

2151 3142 2207 3198 Si
2237 3151 2422 3197 autem
2455 3158 2603 3197 mors
2626 3143 2745 3198 illos
2772 3143 2829 3197 in
2854 3144 2969 3214 ipsa
2996 3142 3227 3197 infantia
3262 3144 3759 3213 praeoccupaverit,

2152 3233 2359 3287 mirum
2388 3240 2491 3303 est,
2541 3232 2588 3287 si
2626 3232 2921 3287 necessitas
2949 3232 3140 3287 mortis
3169 3246 3263 3286 eos
3290 3230 3363 3287 de
3407 3233 3562 3303 culpa
3592 3232 3764 3304 igno-

2150 3326 2342 3381 rantiae
2384 3342 2492 3382 non
2523 3326 2725 3397 poterit
2762 3340 3034 3391 excusare,
3082 3339 3206 3396 qua:
3232 3334 3289 3381 et
3326 3327 3571 3397 majores
3622 3336 3759 3382 natu

2147 3420 2216 3476 de
2262 3422 2420 3491 culpa
2476 3418 2764 3475 industria:
2815 3435 3073 3475 excusare
3125 3418 3429 3486 consuevit,
3483 3420 3630 3475 sicut
3687 3423 3753 3475 B.

2145 3514 2480 3585 Augustinus
2504 3529 2668 3585 supra
2691 3513 3100 3569 demonstravit.
3132 3514 3220 3568 Sic
3256 3512 3419 3567 multi
3449 3513 3757 3584 saepissime

2145 3607 2213 3664 de
2272 3607 2464 3663 multis
2515 3607 2979 3663 observationibus
3030 3622 3128 3678 pro
3165 3607 3495 3662 necessitate
3554 3608 3761 3662 mortis

2145 3709 2490 3768 excusantur,
2523 3717 2660 3774 quos
2689 3709 2899 3768 tamen,
2951 3701 2997 3756 si
3028 3700 3454 3771 supervixerint,
3494 3700 3761 3756 ecclesia-

2143 3796 2279 3851 stico
2314 3812 2468 3851 more
2514 3797 2714 3852 merito
2749 3793 3055 3866 persolvere
3101 3794 3379 3866 jubentur.
3412 3793 3512 3849 Sic
3553 3795 3760 3866 quippe

2145 3891 2464 3962 pmniteutes
2492 3898 2618 3945 ante
2649 3898 2921 3960 peractam
2963 3887 3338 3960 pcenitentiam
3370 3903 3475 3958 pro
3504 3888 3755 3959 periculo

2143 3985 2340 4040 mortis
2392 3999 2768 4054 szepenumero
2834 3982 3203 4039 communioni
3270 3981 3584 4050 sociantur,
3657 3983 3754 4052 qui

2070 3106 2116 3171 C

2142 4086 2334 4135 tamen
2367 4078 2527 4150 juxta
2565 4077 2855 4134 Nicaenum
2890 4076 3180 4132 concilium
3205 4078 3349 4142 (can.
3381 4080 3488 4142 13;
3535 4078 3753 4139 Lm...
3850 4092 3859 4095 "

2142 4181 2181 4228 t.
2236 4174 2308 4243 II,
2360 4189 2477 4245 pag.
2526 4176 2634 4239 35),
2684 4173 2732 4227 si
2785 4170 3202 4243 supervixerint,
3252 4169 3505 4241 legitimo
3548 4169 3757 4223 ordine

2140 4267 2514 4338 pmnitentiam
2543 4280 2796 4339 peragere
2830 4264 3111 4337 jubentur.
3140 4265 3257 4320 Nec
3285 4262 3392 4318 hoc
3409 4263 3613 4335 utique
3656 4263 3757 4317 SS.

2142 4364 2331 4416 Patres
2354 4360 2425 4416 ita
2450 4360 2681 4432 jussisse
2722 4359 2986 4416 credendi
3020 4368 3171 4426 sunt,
3217 4357 3369 4428 quasi
3415 4358 3663 4427 penitus
3693 4356 3763 4411 de

2056 4488 2106 4552 Β
2141 4455 2314 4510 salute
2355 4455 2732 4526 pcenitentium
2762 4454 3132 4524 desperarent,
3178 4451 3397 4507 etiamsi
3445 4460 3585 4507 ante
3632 4467 3761 4523 per.

2090 4544 2105 4570 λ
2139 4556 2317 4605 actam
2339 4548 2715 4620 pmuitentiam
2735 4547 3121 4603 communione
3135 4546 3322 4603 donati
3340 4544 3579 4599 obirent.
3607 4548 3761 4599 Nam

2130 4643 2290 4716 juxta
2318 4644 2370 4698 S.
2419 4646 2666 4699 Leonem
2708 4657 2901 4714 papam
2931 4644 3104 4711 (epist.
3152 4646 3242 4709 91,
3290 4640 3511 4704 Lana,
3551 4647 3603 4692 t.
3646 4640 3758 4707 Ill,

2139 4754 2261 4810 pag.
2298 4742 2455 4805 1402)
2504 4755 2515 4789 :
2561 4740 2768 4792 Divinis
2809 4738 3010 4806 pietati
3047 4750 3357 4790 mensuram
3394 4750 3607 4803 ponere
3662 4751 3757 4788 κεῖ

2127 4848 2411 4902 possumus
2446 4847 2539 4887 nec
2566 4832 2841 4896 debemus;
2864 4845 2990 4884 cum
3028 4838 3083 4884 et
3111 4829 3249 4883 latro
3278 4828 3333 4882 in
3358 4842 3526 4883 cruce
3553 4828 3761 4898 ptem-

2135 4928 2318 4995 tuerit,
2368 4933 2422 4981 et
2450 4925 2517 4981 de
2543 4940 2705 4980 cruce
2750 4923 2935 4979 statim
2966 4922 3039 4978 ad
3071 4920 3378 4993 paradisum
3423 4922 3754 4976 transierit.

2132 5018 2407 5091 Scriptum
2435 5028 2516 5075 est
2549 5018 2679 5074 item
2715 5038 2725 5073 :
2758 5019 2824 5072 In
2858 5032 3176 5087 quacunque
3207 5016 3293 5069 die
3328 5022 3598 5084 peccator
3630 5031 3759 5068 con-

2129 5130 2315 5170 versus
2332 5115 2671 5184 ingemuerit,
2702 5113 2882 5166 salvus
2908 5114 3011 5165 erit
3028 5110 3242 5177 (Ezech.
3260 5111 3469 5175 xmu).
3500 5108 3602 5163 Sic
3619 5122 3755 5178 erga

2130 5223 2231 5264 nec
2260 5224 2362 5264 nos
2407 5208 2476 5263 de
2506 5205 2755 5281 parvulis
2798 5206 2855 5260 in
2885 5204 3085 5261 hazresi
3107 5201 3391 5274 baptizatis
3436 5200 3755 5273 desperat?-

2128 5301 2411 5367 debemus,
2436 5301 2478 5356 si
2505 5316 2659 5356 mors
2684 5316 2779 5355 eos
2808 5297 3292 5370 praeoccupaverit,
3319 5302 3647 5367 antequam
3679 5293 3750 5349 ad

2128 5400 2427 5472 legitimam
2489 5414 2684 5453 manus
2759 5395 3123 5469 impositionis
3208 5392 3743 5449 reconciliationem

2128 5494 2475 5568 pervenerint
2499 5510 2512 5548 :
2536 5507 2704 5564 quam
2718 5500 2906 5548 tamen
2925 5490 3104 5547 nullus
3124 5488 3181 5543 in
3210 5487 3406 5544 haeresi
3423 5486 3749 5559 baptizatus

2196 5659 2377 5726 (1142)
2417 5654 2550 5711 Can.
2597 5658 2685 5721 14,
2715 5654 2914 5719 Labb.,
2955 5659 2995 5708 t.
3032 5653 3107 5719 II,
3145 5664 3269 5722 pag.
3311 5654 3477 5719 1644,
3509 5654 3569 5704 et
3616 5659 3743 5703 can.

2126 5735 2215 5801 47,
2240 5730 2393 5799 ibid.,
2425 5741 2546 5799 pag.
2582 5730 2735 5781 1072.
