4002 6168
505 330 641 385 I267

1504 319 1592 372 AD
1631 315 1857 371 OPERA
1895 311 1953 367 S.
1994 306 2317 365 GREGORII
2352 305 2787 362 APPENDICES.

3682 310 3803 361 1268

502 468 659 525 reges
704 448 1148 513 anathematizat,
1199 445 1290 516 qui
1333 443 1476 499 sedis
1517 440 1831 513 apostolicae
1877 436 2097 493 decreta
2125 437 2175 500 Α
2207 431 2526 504 intelligere,
2564 430 2833 500 videlicet,
2862 438 2925 487 ut
2963 429 3081 486 viro
3111 445 3394 503 nunquam
3443 445 3565 502 pra:
3593 428 3800 485 inﬁrmi.

504 547 707 603 violare
727 560 836 599 non
862 540 1161 597 formidant
1196 542 1378 608 (caus.
1406 542 1494 604 25,
1524 553 1576 608 q.
1608 541 1654 603 1,
1686 549 1804 603 cap.
1831 533 1948 598 11).
1978 533 2101 601 Ipsa

506 657 634 695 vero
663 639 876 694 decreta
904 635 1149 691 sobrium
1197 633 1459 688 lectorem
1508 640 1562 684 et
1608 622 2099 696 circumspectissi-

507 748 663 789 mum
718 729 1114 785 intellectorem
1159 726 1467 797 requirunt,
1515 722 1609 795 qui
1650 721 1920 793 patienter
1961 715 2102 772 ferre

507 827 662 890 sciat,
694 823 911 880 etiamsi
940 838 1049 877 non
1076 821 1257 877 omnia
1286 821 1344 874 in
1370 818 1547 889 primo
1578 815 1724 870 aditu
1756 812 1982 885 pleniter
2017 810 2103 863 in-

507 919 732 989 telligat.
759 920 901 973 Nam
931 916 1105 973 multa
1136 915 1195 970 in
1224 915 1303 970 eis
1330 912 1545 967 diversa
1587 907 1953 980 reperiuntur,
1983 918 2105 974 qua:

508 1012 723 1069 veritati
767 1026 1114 1082 nequaquam
1159 1006 1510 1079 repugnantia
1542 999 1851 1074 deputanda
1879 1006 2023 1059 sunt,
2061 990 2107 1051 si

509 1114 891 1178 competenter
919 1103 1308 1173 intelligantur.

578 1203 647 1256 II.
698 1198 805 1256 Sed
836 1198 902 1253 ad
930 1197 1035 1252 hoc
1078 1192 1509 1267 dignoscendum
1552 1206 1660 1245 non
1702 1188 1882 1243 solum
1921 1200 2106 1240 excer-

508 1294 723 1367 ptiones
765 1292 1113 1348 decretorum
1144 1286 1394 1344 sufﬁcere
1425 1290 1673 1356 possunt,
1726 1282 1840 1335 imo
1878 1280 2110 1349 integrae

509 1403 703 1443 eorum
734 1384 1201 1441 considerationes
1230 1380 1494 1436 studiosis
1523 1378 1610 1432 vix
1634 1376 1768 1430 satis
1806 1372 2103 1438 sufﬁciunt,

510 1489 572 1537 ut
615 1478 979 1536 consideratis
1004 1493 1196 1531 eorum
1220 1471 1589 1545 'originalibus
1627 1468 1810 1525 causis
1854 1482 1885 1521 a
1925 1465 2109 1537 quoli-

508 1575 604 1630 bet
629 1574 856 1645 pleniter
882 1570 1249 1643 dignoscatur,
1280 1566 1408 1638 quid
1435 1580 1626 1621 eorum
1668 1560 1990 1634 generaliter
2020 1557 2108 1613 di-

510 1667 845 1739 spensatorie
890 1664 1191 1721 tenendum
1235 1677 1353 1717 esse
1401 1659 1660 1715 videatur.
1692 1654 1854 1711 Verbi
1883 1653 2055 1725 gratia
2095 1670 2105 1705 :

511 1765 573 1818 In
624 1759 967 1833 generalibus
1012 1757 1229 1813 statutis
1274 1753 1532 1826 conjugia
1577 1748 2107 1821 consanguineorum

508 1854 849 1928 apertissime
892 1852 1272 1925 prohibentur,
1324 1863 1446 1921 quae
1487 1855 1674 1901 tamen
1704 1845 1760 1899 S.
1804 1839 2106 1913 Gregorius

510 1966 647 2022 papa
674 1947 966 2021 neOphytis
991 1945 1296 2016 Anglorum
1325 1939 1731 2012 dispensatorie
1757 1936 1957 2008 legitur
1984 1949 2110 1989 con-

508 2044 734 2100 cessisse
762 2046 974 2107 (1143);
1021 2040 1125 2095 hoc
1154 2039 1303 2093 enim
1348 2037 1464 2105 ipse
1497 2041 1727 2088 testatur
1770 2030 1837 2085 ad
1870 2029 2110 2085 Felicem

508 2140 849 2193 Menesatem
874 2137 1006 2204 [leg.
1027 2132 1464 2195 Messanensem]
1485 2127 1805 2197 episcopum
1828 2123 1953 2193 (lib.
1978 2136 2108 2189 le,

518 2234 670 2300 epist.
707 2234 821 2295 17),
865 2225 1108 2282 videlicet
1135 2222 1282 2295 quod
1310 2222 1414 2277 hoc
1442 2237 1557 2276 non
1602 2218 1922 2292 generaliter
1951 2214 2108 2269 insti—

513 2323 698 2389 tuerit,
738 2320 835 2377 sed
865 2327 1080 2375 tantum
1126 2315 1414 2387 neophytis
1458 2313 1785 2385 Anglorum,
1826 2324 2109 2381 quousque

511 2416 569 2471 in
603 2415 705 2470 ﬁde
729 2412 1124 2469 convaluerint.
1159 2413 1259 2465 Est
1287 2408 1471 2478 utique
1498 2405 1642 2461 sedis
1673 2402 1983 2475 apostolicae
2010 2400 2114 2471 pri-

514 2508 795 2579 vilegium,
839 2513 903 2559 ut
934 2504 1104 2577 judex
1145 2503 1218 2558 sit
1268 2516 1537 2556 canonum
1584 2498 1695 2553 sive
1736 2496 2108 2561 decretorum,

513 2610 567 2657 et
612 2602 726 2670 ipsa
760 2615 858 2671 pro
888 2608 1135 2668 tempore
1162 2611 1311 2650 nunc
1341 2592 1608 2660 intendat,
1662 2606 1808 2645 nunc
1838 2589 2109 2658 remittat,

515 2694 671 2752 sicuti
700 2693 767 2749 ad
812 2707 1048 2764 praesens
1083 2688 1464 2746 ecclesiasticae
1496 2684 1721 2741 utilitati
1754 2684 1923 2755 magis
1950 2698 2108 2738 com-

514 2797 701 2861 petere
728 2786 929 2842 videat.

583 2884 684 2937 ΙΙΙ.
730 2883 871 2936 Sunt
899 2886 1087 2935 autem
1125 2877 1300 2933 multa
1331 2876 1423 2931 SS.
1476 2876 1701 2930 Patrum
1731 2872 1944 2927 statutis
1974 2870 2111 2927 falso

511 2976 769 3047 ascripta,
800 2982 861 3029 ut
885 2974 1151 3043 scriptum
1174 2970 1428 3027 Widonis
1449 2969 1642 3025 musici
1672 2966 1739 3021 de
1764 2964 2107 3027 Simoniacis,

511 3078 565 3125 et
607 3068 744 3124 illud
774 3067 878 3124 sub
923 3066 1153 3122 nomine
1199 3065 1254 3119 S.
1301 3062 1572 3134 Gregorii,
1604 3058 1754 3132 quod
1793 3059 2108 3130 conjugium

511 3163 750 3219 duarum
789 3176 1044 3217 sororum
1086 3173 1215 3213 cum
1244 3156 1461 3213 duobus
1508 3152 1768 3210 fratribus
1822 3151 2108 3223 prohibere

512 3256 744 3321 videtur,
797 3254 945 3326 quod
995 3253 1112 3324 ipse
1153 3250 1451 3322 Gregorius
1508 3248 1753 3304 scribens
1797 3246 2109 3317 Augustino

514 3351 637 3418 (lib.
666 3365 755 3413 χι,
784 3351 942 3419 epist.
976 3346 1073 3417 64)
1118 3344 1326 3401 licitum
1355 3359 1471 3399 esse
1500 3350 1749 3397 testatur.
1780 3342 1867 3396 Sic
1894 3356 2111 3412 quoque

516 3454 572 3501 et
623 3443 756 3499 illud
798 3441 1117 3512 capitulum,
1160 3438 1308 3512 quod
1372 3436 1589 3493 mulieri
1636 3451 1749 3507 pra:
1792 3433 2115 3489 inﬁrmitate

514 3538 722 3594 coitum
750 3536 1016 3591 sustinere
1044 3550 1157 3589 non
1187 3531 1408 3600 valenti,
1436 3531 1601 3586 aliam
1633 3528 1904 3601 permittit
1926 3543 2115 3597 super-

520 3633 727 3699 induci,
750 3631 974 3703 quidam
1002 3629 1143 3685 falso
1174 3627 1349 3684 eidem
1374 3626 1638 3699 Gregorio
1668 3624 1965 3681 ascribunt.
1996 3625 2117 3678 Hoc

516 3726 701 3794 itaque
749 3723 1045 3792 intelligere
1076 3723 1287 3788 volunt,
1331 3728 1391 3775 ut
1434 3720 1629 3775 mulier
1672 3720 1783 3787 illa,
1830 3733 1951 3788 quae
1999 3716 2115 3789 pri-

516 3832 674 3871 mum
705 3815 824 3869 viro
857 3816 1019 3869 mista
1065 3813 1241 3881 fuerit,
1290 3813 1381 3869 sed
1428 3822 1616 3883 postea
1644 3828 1769 3867 cum
1815 3827 1926 3883 pra:
1961 3810 2115 3865 inﬁr-

516 3908 707 3963 mitate
736 3907 957 3961 misceri
992 3923 1104 3961 non
1150 3906 1407 3976 potuerit,
1460 3907 1543 3960 vir
1572 3906 1735 3961 aliam
1780 3922 1891 3961 non
1939 3904 2117 3959 illicite

517 3998 975 4070 superinduxerit.
1007 3997 1110 4052 Sed
1141 3998 1241 4052 iste
1288 4013 1482 4053 sensus
1525 3998 1813 4067 Evangelio
1857 3998 2117 4052 adversa—

516 4104 628 4162 tur,
663 4094 723 4150 in
753 4110 863 4166 quo
893 4094 998 4150 hoc
1027 4093 1401 4150 indubitanter
1428 4110 1525 4164 pro
1553 4092 1824 4149 adulterio
1849 4092 2117 4149 damnan-

516 4189 651 4246 dum
690 4204 809 4245 esse
843 4187 1139 4259 judicatur.
1182 4187 1346 4244 Unde
1390 4190 1454 4243 B.
1507 4187 1772 4260 Gregorio
1820 4187 2118 4259 incongrue

516 4283 804 4339 ascribitur
846 4287 1058 4350 (1144),
1104 4290 1158 4337 et
1196 4280 1265 4337 ab
1312 4281 1688 4338 wclesiasticis
1738 4282 1867 4338 viris
1918 4282 2117 4337 merito

515 4377 812 4449 respuitur.
836 4376 1075 4450 Quidam
1096 4384 1284 4432 tamen
1304 4376 1462 4432 aliter
1482 4377 1548 4433 de
1572 4377 1662 4432 illa
1684 4377 1909 4433 muliere
1932 4378 2121 4433 volunt

592 4525 759 4588 (1143
846 4521 1123 4577 Pertinent
1210 4520 1319 4577 huc
1389 4519 1777 4588 responsiones
1838 4528 1989 4574 sexta
2056 4537 2120 4575 ac

2140 1808 2187 1870 B

2141 3204 2188 3271 C

2213 535 2318 582 tate
2361 526 2581 581 misceri
2620 525 2853 596 potuerit
2893 525 2978 579 cui
3007 525 3097 580 ille.
3145 525 3306 580 laiam
3336 524 3797 595 superinduxerit.

2211 621 2368 691 Quod
2416 620 2459 675 si
2521 618 2930 675 circumstantia
2994 618 3238 674 lectionis
3276 618 3425 674 hunc
3472 618 3801 673 intellectum

2212 714 2473 781 admittit,
2496 722 2550 768 et
2567 712 2726 768 nobis
2752 713 2959 784 placere
2987 710 3228 778 debebit,
3257 712 3385 784 quia
3419 712 3474 767 in
3504 711 3624 767 hoc
3648 714 3803 767 Even.

2214 808 2353 881 gelio
2379 824 2478 863 nec
2523 806 2931 879 repugnabitur,
2958 822 3057 862 nec
3081 806 3301 879 indigne
3331 806 3568 862 cuilibet
3597 814 3804 877 aposto-

2216 903 2317 958 lico
2378 901 2683 957 ascribitur.
2736 901 3026 957 Invenitur
3072 909 3257 957 autem
3299 900 3449 957 idem
3499 900 3805 971 capitulum

2215 998 2270 1051 S.
2294 994 2570 1051 Bonifacio
2602 993 2966 1067 Maguntiensi
2992 994 3248 1067 episcopo
3271 994 3341 1050 ab
3359 994 3679 1066 apostolica
3701 994 3807 1049 sede

2214 1088 2619 1155 transmissum,
2646 1104 2809 1161 quem
2836 1090 2892 1144 S.
2931 1089 3230 1162 Gregorius
3266 1089 3568 1162 plusquam
3598 1096 3807 1144 centum

2215 1184 2370 1240 annis
2412 1183 2742 1256 praecessisse
2780 1183 2997 1255 legitur.
3034 1182 3200 1239 Unde
3227 1183 3404 1240 eidem
3436 1182 3689 1254 capitulo
3715 1199 3811 1238 non

2216 1278 2375 1336 facile
2423 1277 2779 1344 credendum,
2812 1286 2866 1333 et
2902 1278 3007 1333 hoc
3050 1278 3301 1346 minime,
3342 1277 3495 1348 quod
3529 1278 3811 1349 Evangelia

2216 1373 2505 1444 deputetur
2535 1375 2842 1428 adversum.

2291 1468 2383 1521 IV.
2414 1465 2511 1521 Illa
2532 1481 2660 1520 vero
2680 1460 2951 1521 sententia
2973 1468 3036 1520 B.
3057 1466 3361 1521 Innocentii
3385 1480 3547 1537 papae
3570 1466 3751 1536 (epist.
3767 1471 3810 1529 2,

2216 1577 2264 1617 c.
2303 1566 2397 1628 l2;
2425 1564 2641 1627 Lana,
2672 1567 2714 1615 t.
2741 1561 2815 1627 Il,
2849 1575 2967 1630 pag.
3008 1562 3186 1627 1252),
3220 1576 3342 1631 quae
3370 1560 3598 1630 lapsam
3632 1560 3815 1614 sancti-

2216 1654 2511 1711 monialem
2556 1652 2625 1709 ad
2660 1653 3046 1725 pmnitentiam
3088 1669 3199 1709 non
3246 1652 3669 1709 admittendam
3716 1668 3813 1709 esse

2216 1749 2368 1815 dicit,
2394 1748 2636 1820 quandiu
2667 1753 2958 1819 corruptor
2986 1748 3101 1819 ejus
3128 1748 3343 1816 vixerit,
3368 1763 3735 1819 nequaquam
3755 1750 3813 1802 ita

2217 1841 2568 1915 intelligenda
2610 1841 2847 1910 videtur,
2878 1857 2941 1897 eo
2972 1841 3119 1913 quod
3146 1841 3433 1915 virginitas
3458 1840 3660 1898 eidem
3682 1858 3812 1897 rem

2218 1936 2453 2009 peranda
2482 1936 2819 2008 desperetur.
2849 1936 2904 1991 Si
2935 1936 3081 1991 enim
3114 1939 3173 1990 B.
3210 1936 3575 1991 Innocentius
3615 1936 3721 1991 hoc
3752 1937 3811 1991 ita

2217 2030 2442 2102 intelligi
2475 2030 2752 2096 voluisset,
2786 2046 3133 2101 nequaquam
3177 2031 3227 2085 ei
3271 2030 3673 2101 ptenitentiam
3708 2039 3816 2101 pes

2218 2125 2430 2180 obitum
2468 2124 2806 2196 corruptoris
2830 2123 3173 2189 concederet,
3205 2141 3333 2179 cum
3360 2124 3517 2179 illam
3549 2141 3665 2179 non
3716 2140 3817 2179 ma-

2216 2220 2299 2291 gis
2337 2228 2545 2291 postea,
2571 2217 2944 2291 quampridem
2979 2218 3209 2289 gradum
3236 2218 3568 2289 virginitatis
3596 2234 3821 2289 recupe-

2217 2329 2337 2369 rare
2368 2329 2527 2385 posse
2569 2320 2862 2369 constaret.
2908 2315 3005 2367 Est
3040 2320 3226 2368 autem
3274 2311 3395 2368 haec
3441 2312 3725 2368 sententia
3762 2328 3817 2367 eo

2219 2406 2385 2461 modo
2418 2406 2787 2477 intelligenda,
2807 2421 2919 2477 quo
2943 2414 2997 2460 et
3018 2405 3139 2461 alia?
3166 2405 3488 2476 huiusmodi
3514 2408 3815 2468 sententia,

2219 2516 2343 2572 quae
2372 2509 2640 2555 terrorem
2673 2499 3022 2571 peccantibus
3046 2498 3298 2555 videntur
3316 2500 3601 2554 intentare
3629 2502 3816 2569 (1145).

2219 2598 2361 2650 Nam
2389 2595 2551 2649 etiam
2578 2594 2753 2650 multo
2777 2594 3075 2649 severiores
3103 2593 3480 2661 inveniuntur,
3511 2610 3644 2666 quae
3668 2596 3819 2665 ρωιί-

2223 2689 2449 2743 tentiam
2474 2704 2587 2742 non
2613 2688 2679 2742 ad
2702 2696 2916 2758 tempus
2939 2695 3181 2752 tantum,
3211 2686 3306 2742 sed
3336 2687 3568 2758 penitus
3595 2689 3820 2759 proseri-

2219 2781 2347 2837 bere
2394 2781 2642 2837 videntur
2687 2800 2700 2835 :
2749 2790 2809 2836 ut
2849 2781 2941 2836 illa
2972 2782 3031 2835 B.
3079 2781 3253 2836 Siricii
3286 2796 3443 2851 papa:
3490 2780 3568 2836 de
3598 2782 3711 2847 his,
3738 2783 3820 2851 qui

2222 2883 2343 2947 post
2369 2884 2641 2947 peractam
2672 2874 3053 2946 paanitentiam
3084 2875 3278 2929 iterum
3307 2874 3685 2931 criminaliter

2218 2986 2438 3037 cavere;
2466 2969 2711 3025 scribens
2739 2969 2884 3025 enim
2913 2968 2981 3025 ad
3013 2967 3323 3023 Himerium
3355 2971 3829 3025 Tarraconensem

2217 3064 2536 3135 episcopum
2558 3066 2733 3134 (epist.
2767 3069 2813 3130 1,
2842 3078 2889 3117 c.
2915 3067 2977 3132 5;
3001 3063 3216 3127 LABIL,
3241 3069 3281 3115 t.
3305 3064 3384 3127 ll,
3414 3078 3539 3134 pag.
3572 3067 3732 3129 1019)
3757 3063 3833 3117 in—

2220 3157 2531 3213 dubitanter
2577 3155 2841 3225 afﬁrmat,
2891 3156 3037 3228 quod
3076 3156 3183 3227 ipsi
3221 3155 3481 3227 deinceps
3523 3156 3829 3227 suffugium

2223 3250 2513 3321 poenitendi
2540 3267 2649 3305 non
2684 3250 2937 3305 habeant.
2974 3250 3065 3305 Sic
3093 3250 3280 3321 utique
3311 3250 3376 3303 B.
3414 3248 3746 3304 Ambrosius
3772 3250 3830 3304 in

2220 3344 2360 3399 libro
2386 3360 2485 3399 suo
2505 3353 2695 3399 contra
2725 3345 3062 3399 Novatianos
3109 3344 3263 3416 (Opp.
3302 3350 3343 3397 t.
3387 3346 3459 3412 II,
3486 3360 3542 3414 p.
3571 3349 3702 3409 436)
3741 3351 3830 3399 te-

2220 3447 2417 3505 statur,
2466 3438 2613 3509 quod
2652 3440 2728 3493 sic
2772 3454 2879 3493 una
2913 3437 3107 3493 debeat
3147 3451 3264 3492 esse
3310 3437 3649 3508 poenitentia
3683 3444 3827 3509 [qua

2215 3534 2428 3603 publice
2447 3533 2656 3603 agitur)
2680 3533 2822 3587 sicut
2837 3548 3012 3587 unum
3031 3540 3111 3586 est
3136 3532 3437 3602 Baptisma.
3464 3534 3611 3587 Item
3630 3534 3699 3586 Β.
3727 3539 3827 3587 Au-

2222 3627 2472 3699 gustinus
2501 3626 2742 3682 scribens
2768 3625 2958 3681 itidem
2979 3625 3045 3680 ad
3075 3624 3459 3681 Macedonium
3492 3630 3683 3697 (epist
3715 3632 3827 3689 153,

2224 3739 2277 3777 n.
2310 3728 2372 3789 7)
2404 3720 2557 3789 dicit,
2599 3720 2745 3793 quod
2785 3719 2956 3775 semel
3000 3729 3218 3775 tantum
3277 3719 3330 3773 in
3378 3720 3629 3775 Ecclesia
3686 3723 3828 3776 locus

2226 3815 2528 3889 pmuitendi
2557 3814 2896 3871 conceditur.

2297 3914 2359 3965 V.
2388 3912 2522 3965 Haec
2548 3917 2731 3964 autem
2757 3909 2850 3964 SS.
2875 3910 3059 3963 Patres
3083 3921 3194 3962 non
3222 3904 3615 3977 desperatione
3642 3910 3827 3975 venia,

2225 4003 2320 4059 sed
2350 4004 2525 4075 rigore
2549 4002 2850 4073 disciplina:
2878 4017 2987 4056 non
3016 4000 3335 4056 dubitantur
3360 4001 3701 4070 instituisse,
3727 4019 3826 4057 non

2225 4106 2288 4153 ut
2327 4097 2580 4152 homines
2607 4112 2638 4151 a
2669 4096 3009 4167 paenitentia,
3042 4094 3135 4151 sed
3165 4111 3197 4149 a
3228 4104 3460 4167 peccato
3485 4096 3828 4152 deterrerent

2226 4199 2287 4247 ut
2312 4207 2412 4246 nec
2438 4191 2639 4257 minus,
2673 4190 2767 4246 sed
2799 4189 3055 4245 humilius
3080 4197 3205 4259 post
3226 4189 3441 4260 lapsum
3470 4193 3826 4261 poeniterent,

2227 4285 2319 4356 qui
2362 4300 2419 4339 se
2461 4292 2515 4340 et
2545 4283 2671 4355 ipsis
2716 4283 3102 4354 poenitentihus
3145 4281 3431 4337 inferiores
3475 4286 3719 4355 reputari
3758 4284 3831 4338 ri-

2227 4378 2437 4435 derent.
2482 4380 2547 4433 Et
2590 4378 2693 4433 hoc
2736 4393 2954 4448 quoque
2992 4376 3051 4430 in
3092 4376 3214 4431 aliis
3258 4376 3624 4433 criminaliter
3668 4380 3835 4450 lapsis

2229 4521 2415 4603 ditque
2441 4538 2479 4603 ’ξ
2512 4523 2687 4603 ﬂach
2704 4522 2975 4603 sententia
3023 4535 3215 4603 «papa:-
3258 4523 3316 4575 in
3380 4524 3568 4603 rigore
3614 4527 3836 4603 accepta

518 4608 749 4673 sequens
799 4594 855 4649 S.
922 4592 1180 4673 Gregorii
1241 4590 1313 4647 ad
1373 4591 1631 4673 consulta
1697 4594 1751 4646 S.
1819 4591 2109 4673 Augustini
2141 4599 2194 4663 ι)
2222 4590 2510 4673 Evangelia
2553 4598 2607 4647 et
2649 4594 2719 4673 8ἒ
2736 4590 3306 4673 ᾼΡαιιιοῌαάυαῖεέιζην,
3339 4595 3494 4673 ‘sicut
3522 4590 3837 4673 (immunis

519 4662 826 4735 Anglorum
872 4662 1102 4735 apostoli
1149 4664 1216 4719 de
1248 4662 1527 4735 rconjugiis
1577 4663 2113 4735 consanguineorum

522 4732 733 4800 (lfxr,
795 4732 952 4805 epist.
1025 4738 1146 4800 64),
1216 4734 1326 4789 sive
1364 4732 1449 4789 'de’
1494 4734 1580 4801 iis,
1633 4736 1722 4804 qui
1770 4732 1899 4789 ante
1949 4732 2112 4790 ﬁdem

519 4804 843 4877 susceptam
920 4806 972 4859 in
1035 4805 1322 4877 prohibitis
1376 4804 1637 4877 gradibus
1705 4814 2108 4861 contraxerunt.

520 4875 697 4949 Quosf
724 4884 907 4949 tamen
962 4875 1061 4946 pro
1092 4875 1227 4949 _hac
1289 4893 1347 4931 re
1384 4875 1653 4948 'corporis
1708 4894 1773 4933 ac
1830 4878 2115 4949 sanguinis

521 4946 752 5019 Domini
823 4946 1212 5019 communione
1281 4946 1650 5019 privari'non
1712 4950 1848 5016 vult,
1912 4946 2117 5005 addens

524 5018 665 5085 haec,
718 5032 841 5089 quae
890 5017 936 5072 si
984 5017 1530 5091 observassentejus
1579 5029 1703 5091 post
1744 5021 1892 5076 mille
1943 5021 2117 5075 ferme

519 5106 695 5161 annos
747 5104 1095 5144 successores
1146 5090 1337 5161 Anglia
1368 5089 1614 5147 fortassis
1658 5092 1837 5148 adhuc
1879 5092 2011 5148 dum
2059 5092 2115 5146 in

519 5160 627 5217 ﬁde
684 5161 826 5215 illius
873 5176 977 5231 ope
1013 5160 1261 5231 suscepta
1304 5163 1612 5231 persisteret
1662 5184 1673 5218 :
1725 5167 1790 5218 1n
1837 5166 1929 5217 hoc
1980 5166 2117 5218 enim

522 5239 751 5303 tempore
778 5237 961 5287 sancta
988 5232 1227 5286 Ecclesia
1257 5235 1507 5301 quwdam
1528 5250 1628 5305 per
1655 5239 1919 5302 fervorem
1943 5238 2115 5289 corri-

518 5309 613 5373 git,
643 5306 895 5374 quaedam
913 5321 1015 5375 per
1033 5306 1495 5359 mansuetudinem
1517 5306 1731 5368 tolerat,
1755 5308 2001 5376 quasdam
2023 5322 2121 5375 per

522 5378 1001 5431 considerationem
1030 5376 1342 5430 dissimulat
1360 5382 1522 5444 atque
1541 5384 1747 5446 portat,
1774 5384 1833 5432 ut
1857 5394 1993 5447 δεῖρε
2013 5394 2118 5430 ma-

522 5448 650 5507 lum,
683 5448 830 5516 quod
854 5452 1163 5510 aversatur,
1190 5448 1461 5517 portando
1488 5454 1538 5503 et
1564 5450 1954 5506 dissimulando
1979 5465 2118 5503 com-

484 5522 721 5571 .nescat.

518 5533 773 5653 Ρϐῗῖίίὲιι)
803 5589 987 5644 Canon
1031 5588 1139 5653 hic,
1173 5604 1339 5660 quem
1369 5591 1423 5645 S.
1458 5591 1568 5647 Gre
1606 5592 1725 5647 orio
1754 5595 1954 5662 Magno
1993 5607 2121 5662 sup-

521 5659 763 5718 positum
806 5659 1159 5718 conqueritur
1202 5662 1524 5718 Berualdus.
1570 5607 1891 5718 ﬁesumntus
1931 5670 2017 5718 est
2058 5678 2121 5718 ex

521 5662 781 5733 positum
806 5662 1159 5733 conqueritur
1202 5662 1524 5733 Bernaldus,
1570 5662 1891 5733 desumptus
1931 5670 2017 5718 est
2058 5678 2121 5719 ex

521 5728 787 5811 decretali
831 5728 1080 5811 Gregorii
1111 5732 1189 5785 III
1221 5733 1289 5811 ad
1323 5732 1665 5811 Bonifacium
1703 5728 1847 5811 data,
1879 5750 2001 5811 qua:
2029 5750 2119 5790 ex-

523 5808 631 5855 stat
661 5802 717 5855 in
746 5800 1002 5881 conciliis
1026 5802 1341 5881 Germania:
1367 5809 1481 5881 t._l,
1511 5821 1651 5881 pag._
1670 5810 1753 5859 33.
1786 5800 1960 5881 Hujus
1985 5822 2121 5881 quo-

524 5886 630 5939 que
655 5871 908 5928 meminit
928 5872 1194 5941 Fleurius,
1222 5875 1366 5930 Hist.
1398 5871 1608 5930 Eccles'.
1640 5876 1675 5929 l.
1726 5871 1905 5943 xu,§
1932 5871 2121 5933 47‘ad-

2166 4682 2173 4687 '
2224 4666 2433 4747 notavit
2463 4664 2659 4735 (causa
2696 4670 2885 4747 3.2,‘q:
2930 4670 3064 4747 7,-c.
3119 4670 3210 4745 ιβ)
3242 4663 3381 4747 unde
3430 4664 3708 4747 (indie-[ue

2222 4752 2386 4790 canon
2417 4740 2679 4807 tanquam
2722 4736 3063 4803 indulgentia
3108 4736 3402 4803 singularis
3434 4736 3735 4791 Germanis
3762 4738 3839 4791 his

2222 4809 2504 4888 neophytis
2531 4822 2767 4888 concessa
2798 4808 3042 4888 habetur.
3086 4807 3227 4861 Cum
3246 4822 3390 4886 ’νει-ο
3432 4817 3626 4888 contra
3655 4811 3837 4888 Even.

2223 4876 2347 4951 gelii
2372 4879 2520 4949 leges
2543 4876 2744 4951 frustra
2768 4877 3095 4951 obtrudatur
3113 4877 3295 4951 nescio
3319 4893 3442 4947 qua:
3466 4880 3839 4951 indulgentia,

2225 4949 2452 5007 omnino
2492 4949 2827 5021 praeferenda
2858 4949 3072 5021 videtur
3100 4950 3269 5003 altera
3311 4964 3341 5004 a
3371 4949 3667 5006 Bernaldd
3706 4952 3841 5006 assi-

2226 5030 2388 5093 gnata
2448 5019 2718 5093 ejusdem,
2753 5020 2983 5093 canonis
3039 5019 3446 5091 interpretatio,
3505 5037 3539 5075 a
3587 5023 3841 5091 pluribus

2225 5091 2444 5164 quoque
2469 5091 2749 5148 modernis
2779 5092 3055 5162 adoptata.
3085 5094 3153 5147 Et
3177 5100 3325 5146 certe
3349 5093 3515 5146 verba
3564 5094 3663 5148 illa
3698 5096 3841 5165 quad

2223 5168 2273 5220 si
2300 5166 2492 5219 mulier
2523 5166 2839 5233 infirmitate
2880 5167 3147 5233 correpta,
3190 5171 3324 5229 etc.,
3354 5179 3450 5232 pro
3487 5165 3663 5234 genio
3694 5168 3835 5220 illius

2226 5236 2434 5307 saeculi,
2505 5252 2614 5307 quo
2670 5235 2928 5307 vocabula
2984 5250 3103 5307 non
3157 5249 3372 5307 semper
3434 5237 3681 5307 naturali
3752 5254 3837 5292 ws

2228 5303 2618 5379 signiﬁcatione
2677 5305 2918 5379 adhibita
2983 5303 3546 5379 legunturfdeutali
3614 5308 3841 5379 intelligi

2226 5376 2475 5450 possunt,
2498 5377 2652 5450 cujus
2680 5376 3096 5450 matrimonium
3122 5385 3298 5431 ratum
3319 5376 3551 5447 quidem
3577 5392 3724 5446 erat,
3752 5376 3838 5435 sed

2227 5448 2641 5519 superveniente
2673 5458 2765 5503 aut
2808 5448 3151 5520 praecedente
3184 5450 3305 5519 jam
3346 5449 3690 5520 impotentia
3716 5467 3836 5506 ner-

2228 5520 2362 5577 dum
2391 5528 2867 5575 consummatum.

2300 5595 2477 5664 (“45)
2526 5592 2663 5664 Vera
2711 5607 2876 5647 causa
2924 5590 3029 5664 fuit
3069 5590 3370 5664 periculum
3411 5591 3692 5662 relapsus,
3738 5606 3831 5664 qm

2228 5661 2373 5719 facto
2404 5662 2545 5717 ultra
2578 5662 2649 5718 ad
2677 5662 3057 5734 poenitentiam
3087 5661 3300 5734 admitti
3327 5676 3440 5717 non
3472 5661 3725 5734 poterat,
3756 5661 3832 5719 in-

2231 5742 2353 5805 pote
2383 5734 2548 5809 semel
2570 5732 2693 5806 jam
2712 5742 3010 5807 peractam,
3041 5734 3119 5790 uti
3150 5732 3297 5789 infra
3327 5750 3382 5787 n.
3420 5740 3455 5790 6
3474 5732 3640 5795 recte
3671 5736 3832 5809 exptr

2229 5814 2316 5862 cat
2345 5806 2595 5877 scriptor.
