4002 6168
248 236 386 290 1269

1150 236 1436 290 APPEND.
1481 237 1563 290 lll.
1606 263 1673 274 ——-
1709 235 2129 292 MONUMENTA
2166 239 2625 296 GREGORIANA.

3400 254 3420 305 1
3431 252 3536 305 270

241 358 402 433 quasi
428 373 528 431 pro
550 358 668 429 lege
705 358 1044 427 observatur,
1071 367 1133 414 ut
1159 359 1230 415 ab
1253 359 1449 415 ordine
1477 359 1826 433 dejiciantur,
1856 363 1908 426 Α
1942 361 2144 434 aliquid
2200 365 2590 436 committeret,
2649 367 2795 423 unde
2839 368 2996 442 juxta
3056 371 3418 430 Ambrosium
3481 384 3536 432 et

229 469 412 526 quem
437 461 564 508 ante
593 452 805 524 lapsum
833 452 1108 521 habuisse,
1140 462 1194 510 et
1228 454 1286 508 in
1316 470 1427 525 quo
1456 469 1704 526 peccasse
1739 454 1834 511 de-

238 555 522 621 teguntur.
565 547 653 602 Sic
682 547 944 603 nimirum
974 548 1035 603 in
1063 547 1256 604 ordine
1285 547 1665 619 pmnitentium
1694 564 1834 604 con-

240 642 445 708 stituti,
485 641 528 696 si
576 640 756 696 denuo
801 641 1078 709 labuntur,
1111 642 1334 713 pristino
1363 642 1547 698 ordini
1573 657 1687 698 non
1726 642 1832 699 im-

242 735 445 792 merito
466 733 791 806 judicantur
828 735 1061 807 indigni.
1105 739 1226 792 Non
1254 744 1442 791 tamen
1468 736 1572 793 hoc
1597 737 1694 793 SS.
1729 741 1832 793 Pa-

239 837 354 885 tres
396 827 777 900 desperatione
819 829 987 885 veniw
1017 837 1131 884 tam
1169 829 1372 885 acriter
1409 829 1707 886 instituisse
1746 831 1831 886 vi-

238 923 460 990 dentur,
490 921 760 993 praecipue
787 937 912 977 cum
933 923 1208 979 Dominus
1238 939 1432 979 omnes
1460 924 1713 980 homines
1741 940 1828 980 ve-

237 1017 306 1073 lit
329 1017 509 1073 salvos
536 1016 674 1084 ﬁeri,
715 1023 769 1071 et
792 1025 1068 1088 peccator,
1103 1017 1161 1072 in
1187 1032 1526 1090 quocunque
1561 1018 1650 1074 die
1675 1019 1830 1091 inge-

237 1110 464 1179 muerit,
510 1110 694 1166 salvus
734 1109 841 1165 erit
883 1112 1091 1175 (Ezech.
1123 1117 1375 1178 xxxm).
1412 1115 1546 1180 Non,
1584 1113 1829 1184 inquam,

235 1203 619 1276 desperatione
649 1203 836 1271 veniae,
867 1203 962 1260 sed
1004 1220 1104 1275 pro
1144 1205 1355 1261 cautela
1400 1205 1697 1279 disciplinae
1724 1206 1831 1263 hoc

236 1299 594 1355 constitutum
627 1297 1004 1369 intelligimus,
1049 1299 1191 1354 sicut
1217 1315 1285 1355 ex
1322 1299 1502 1356 verbis
1543 1303 1606 1356 B.
1639 1302 1828 1374 Augu-

232 1393 364 1449 tini
380 1392 447 1449 ad
459 1390 844 1447 Macedonium
862 1392 918 1461 (l.
940 1392 1012 1463 c.)
1035 1393 1337 1464 approbare
1352 1409 1678 1465 possumus;
1698 1395 1830 1450 dicit

233 1487 385 1543 enim
443 1485 592 1558 quod
650 1495 808 1542 caute
852 1485 1249 1559 salubriterque
1295 1489 1578 1559 provisum
1621 1489 1708 1554 sit,
1767 1497 1828 1545 ut

235 1581 388 1637 locus
424 1579 724 1652 pmnitendi
756 1589 880 1652 post
921 1581 1300 1652 paenitentiam
1345 1581 1508 1654 lapsis
1551 1598 1662 1637 non
1690 1599 1826 1639 con-

233 1675 486 1743 cedatur,
515 1692 582 1731 ne
600 1677 872 1731 medicina
897 1678 1022 1731 vilis
1043 1680 1220 1732 minus
1243 1678 1393 1732 utilis
1421 1682 1552 1733 esset
1580 1681 1820 1747 tegrotis,

232 1787 354 1842 quae
383 1741 532 1826 tanto
563 1773 736 1842 magis
773 1771 1033 1834 salubris,
1070 1777 1276 1841 quanto
1301 1774 1479 1828 minus
1506 1741 1824 1842 contempti;
1853 1741 1902 1805 Β

234 1865 378 1920 bilis.
412 1867 484 1919 Et
509 1863 614 1919 hoc
654 1864 846 1936 utique
876 1880 974 1935 pro
1005 1865 1187 1936 rigore
1215 1865 1538 1936 disciplinae,
1582 1883 1697 1922 non
1738 1875 1818 1922 ta-

232 1973 368 2015 men
396 1973 568 2030 usque
594 1957 661 2013 ad
690 1957 1136 2030 desperationem
1164 1958 1355 2016 veniae.
1382 1962 1525 2015 Nam
1551 1960 1700 2016 idem
1721 1969 1831 2018 Au-

232 2052 485 2125 gustinus
523 2053 580 2107 in
631 2051 826 2108 eadem
876 2051 1104 2123 epistola
1153 2052 1285 2108 dicit
1312 2052 1368 2108 in
1413 2053 1765 2125 sequentibus
1808 2074 1822 2110 :

228 2147 358 2213 Quis
385 2146 586 2201 audeat
608 2151 734 2215 post
767 2147 1142 2216 paenitentiam
1164 2146 1330 2216 lapsis
1372 2147 1654 2218 denegare,
1687 2151 1822 2217 quin

224 2243 327 2294 Dei
375 2242 646 2309 patiantia
691 2240 764 2294 ad
805 2242 1186 2310 ptenitentiam
1228 2255 1311 2295 eos
1359 2241 1636 2304 adducat,
1686 2244 1824 2311 quin

226 2336 392 2388 etiam
420 2335 569 2388 beati
603 2336 733 2396 sint,
763 2335 813 2388 si
852 2336 909 2388 in
939 2336 1162 2388 Domino
1201 2335 1510 2402 conﬁdant?
1537 2334 1692 2390 Sicut
1733 2351 1822 2391 er-

225 2443 299 2500 go
329 2434 451 2497 post
487 2426 866 2497 paenitentiam
906 2426 1072 2497 lapsis
1113 2427 1296 2482 locum
1337 2428 1633 2496 paenitendi
1663 2445 1692 2483 a
1723 2429 1822 2484 SS.

229 2520 483 2576 Patribus
524 2536 638 2575 non
668 2520 1052 2591 desperatione
1095 2521 1286 2586 veniae,
1330 2520 1424 2576 sed
1453 2521 1631 2592 rigore
1659 2521 1819 2577 disci-

227 2615 396 2686 plinae
419 2614 635 2686 penitus
664 2613 994 2685 denegatum
1029 2613 1277 2684 legimus,
1318 2613 1397 2668 sic
1431 2623 1486 2668 et
1520 2614 1683 2685 lapsis
1714 2615 1820 2669 vir-

232 2707 453 2780 ginibus
499 2707 665 2764 sacris
706 2707 1088 2779 paenitentiam
1119 2707 1430 2778 aliquandiu
1473 2707 1817 2779 denegatam,

226 2801 346 2857 imo
374 2800 427 2856 in
470 2809 694 2873 tempus
721 2800 949 2857 dilatam
980 2801 1115 2856 satis
1157 2808 1538 2872 competenter
1567 2801 1823 2873 intelligi-

224 2911 375 2950 mus.

302 2992 394 3045 VI.
434 2994 529 3047 Est
557 2993 650 3058 (et)
680 2990 788 3046 alia
818 3004 1004 3056 causa,
1051 3005 1151 3060 pro
1180 3004 1286 3060 qua
1317 2990 1412 3044 SS.
1440 2990 1627 3043 Patres
1651 3004 1816 3060 quos-

221 3086 356 3142 dam
402 3087 468 3140 ab
510 3084 828 3156 hujusmodi
879 3083 1197 3155 pcenitentia
1241 3081 1656 3154 suspendendos
1701 3098 1818 3137 esse

212 3179 557 3252 judicarunt,
589 3178 840 3235 videlicet
861 3178 1115 3250 juvenilis
1143 3187 1297 3246 aetas,
1347 3185 1403 3231 et
1436 3177 1619 3232 carnis
1650 3176 1814 3248 fragi-

221 3273 366 3328 litas.
423 3273 563 3328 Hinc
631 3275 686 3328 S.
749 3273 1006 3328 Silvester
1066 3287 1202 3344 papa
1262 3270 1543 3328 constituit
1595 3271 1812 3336 (Concil.

218 3372 376 3424 Rom.
407 3384 457 3422 c.
493 3373 581 3434 12,
611 3368 824 3434 LABB.,
856 3374 904 3421 t.
945 3369 1015 3432 1.,
1049 3382 1170 3437 pag.
1208 3367 1386 3434 I553),
1419 3372 1480 3419 ut
1508 3381 1672 3419 nemo
1702 3380 1815 3436 poe-

217 3460 515 3517 nitentiam
545 3460 638 3516 det
666 3459 900 3527 homini,
926 3459 1029 3514 nisi
1055 3458 1404 3530 quadraginta
1435 3458 1610 3513 aetatis
1639 3473 1814 3513 annos

217 3554 464 3610 habenti.
497 3557 636 3609 Item
660 3556 712 3610 S.
749 3552 1075 3608 Ambrosius
1104 3552 1160 3605 in
1180 3551 1317 3606 libro
1343 3559 1531 3606 contra
1562 3549 1816 3605 Novatia-

216 3664 326 3702 nos
356 3647 411 3716 (l.
439 3663 513 3714 c.,
545 3663 666 3718 pag.
709 3649 812 3701 438
844 3645 1078 3716 plenius)
1113 3666 1124 3701 :
1163 3647 1224 3702 Si
1249 3661 1392 3707 caro,
1433 3643 1627 3715 inquit,
1655 3659 1813 3713 repu-

214 3745 356 3811 gnat
380 3743 564 3808 menti,
595 3756 686 3795 nec
723 3741 946 3794 subdita
980 3745 1056 3794 est
1088 3741 1261 3794 animi
1288 3739 1664 3808 gubernaculo,
1707 3753 1814 3792 non

214 3850 466 3905 quarens
487 3851 646 3904 opera
668 3835 1016 3904 pcenitentice,
1039 3850 1103 3888 ne
1126 3835 1185 3886 in
1212 3835 1333 3902 ipsa
1347 3833 1670 3901 pcenitentia
1695 3835 1812 3900 ﬁat,

213 3929 366 3999 quod
390 3933 573 3996 postea
595 3929 835 3995 indigeat
856 3929 1179 3996 pte-nitentia
1201 3946 1216 3992 ;
1239 3943 1360 3996 qure
1387 3929 1437 3980 si
1466 3927 1624 3980 semel
1643 3928 1815 3992 fuerit

214 4026 514 4089 usurpata,
540 4037 632 4074 nec
665 4023 766 4075 rite
789 4021 1071 4082 celebrata,
1106 4036 1199 4073 nec
1219 4022 1421 4089 prioris
1458 4022 1699 4085 fructum
1727 4020 1813 4072 ob-

214 4117 376 4178 tinet,
403 4118 452 4168 et
475 4115 660 4180 aufert
695 4130 853 4167 usum
879 4115 1205 4183 posterioris.
1242 4117 1378 4168 Item
1408 4113 1502 4168 SS.
1537 4113 1721 4166 Patres
1761 4111 1814 4166 in

215 4207 460 4263 concilio
503 4206 802 4278 Agathensi
849 4206 1084 4277 capitulo
1139 4212 1198 4261 17
1254 4211 1392 4276 (cap.
1450 4210 1546 4267 15;
1597 4207 1811 4272 LABB.,

213 4310 258 4358 t.
300 4303 389 4366 IV,
414 4318 462 4372 p.
506 4300 659 4372 1586)
687 4322 698 4356 :
731 4302 1040 4368 Juvenibus,
1065 4301 1340 4373 inquiunt,
1361 4301 1683 4371 pcenitentia
1704 4316 1810 4354 non

214 4397 305 4450 est
338 4395 501 4460 facile
529 4396 933 4449 committenda.
967 4393 1112 4463 Quid
1149 4410 1278 4466 ergo
1310 4394 1535 4459 mirum,
1566 4393 1609 4447 si
1640 4395 1700 4447 B.
1736 4394 1820 4446 In-

1941 453 2179 512 fructum
2209 459 2547 529 pmnitentiaa
2576 459 2844 532 perderet,
2886 470 2939 517 et
2965 461 3216 536 deinceps
3245 467 3399 538 juxta
3429 483 3530 526 an-

1939 550 2153 620 tiquum
2181 568 2392 609 morem
2419 555 2718 626 paenitendi
2743 555 2926 612 locum
2955 573 3065 612 non
3097 559 3384 617 obtineret.

2011 645 2132 698 VII.
2193 647 2352 717 Apud
2408 648 2706 705 modernos
2755 657 2941 705 tamen
2993 650 3147 708 locus
3197 656 3532 725 pmnitentite

1938 734 2274 805 quibuslibet
2304 740 2470 811 lapsis
2519 757 2629 797 non
2679 751 2924 814 negatur,
2974 745 3102 816 quia
3143 746 3280 802 adeo
3327 765 3529 821 usque-

1939 842 2155 900 quaque
2199 830 2436 889 humana
2485 836 2724 905 pravitas
2754 837 3008 904 invaluit,
3041 846 3099 894 et
3137 840 3334 912 jugum
3385 843 3526 897 anti~

1937 937 2061 993 quae
2085 923 2386 996 disciplina
2415 927 2635 999 abjecit,
2666 937 2725 984 ut
2748 939 2934 986 sancta
2980 933 3219 989 Ecclesia
3242 935 3357 1006 jam
3388 936 3529 992 mul-

1934 1022 2058 1070 tum
2110 1019 2390 1089 gauderet,
2431 1021 2474 1076 si
2515 1021 2693 1092 aliquo
2731 1023 2898 1080 modo
2946 1026 3268 1095 resipiscere
3302 1030 3524 1085 vellent.

1937 1109 2100 1164 Novit
2148 1111 2294 1167 enim
2350 1113 2451 1170 Dei
2507 1115 2944 1172 misericordiam
3001 1119 3069 1174 ad
3125 1120 3526 1192 indulgendum

1934 1204 2425 1274 promptissimam,
2456 1223 2558 1263 nec
2609 1209 2846 1266 multum
2891 1209 3096 1268 distare
3120 1213 3266 1284 apud
3319 1217 3521 1284 Deum,

1933 1310 2039 1367 qua
2081 1299 2364 1356 severitate
2392 1301 2476 1356 vel
2523 1302 2742 1358 lenitate
2780 1303 2937 1375 juxta
2968 1305 3339 1362 diversitatem
3381 1316 3527 1364 tem-

1935 1406 2131 1462 porum
2152 1401 2372 1462 peccata
2391 1396 2706 1466 puniantur,
2731 1398 2778 1453 si
2803 1403 3019 1454 tantum
3041 1407 3292 1469 peccator
3311 1417 3383 1458 ex
3409 1410 3526 1458 toto

1931 1483 2097 1540 corde
2125 1496 2492 1545 convertatur.

2007 1579 2159 1634 VIII.
2191 1585 2274 1636 De
2304 1583 2507 1654 virgine
2551 1593 2733 1640 autem
2760 1600 2911 1641 sacra
2959 1602 2991 1642 a
3038 1587 3324 1659 proposito
3353 1589 3522 1660 lapsa,

1930 1685 2054 1741 quae
2081 1673 2137 1728 in
2162 1675 2394 1745 gradum
2438 1678 2764 1750 virginitatis
2801 1695 2914 1736 non
2944 1689 3170 1751 putatur
3195 1682 3522 1751 revocanda,

1931 1779 2046 1822 non
2083 1776 2168 1823 est
2209 1769 2372 1825 nimis
2411 1771 2883 1841 contendendum,
2914 1790 2980 1830 ne
3005 1774 3118 1846 ipsa
3149 1776 3251 1831 hac
3301 1785 3528 1832 conten-

1933 1860 2084 1917 tione
2125 1871 2322 1919 contra
2347 1867 2412 1920 B.
2442 1865 2843 1940 Hieronymum
2880 1868 3066 1924 venire
3098 1869 3401 1938 videamur,
3433 1871 3524 1942 qui

1931 1954 2067 2012 dicit
2087 1959 2292 2025 (1146),
2319 1961 2498 2015 Deum
2528 1960 2792 2033 virginem
2821 1977 2932 2016 non
2960 1977 3125 2032 posse
3156 1972 3279 2034 post
3306 1965 3525 2036 lapsum

1931 2064 2204 2120 reparare.
2233 2053 2372 2107 Nam
2393 2053 2595 2124 scripta
2615 2053 2674 2109 S.
2710 2054 3030 2127 Hieronymi
3058 2072 3088 2111 a
3119 2059 3180 2110 B.
3212 2057 3438 2114 Gelasio
3467 2057 3523 2112 in

1930 2144 2184 2198 Romana
2209 2144 2418 2215 synodo
2449 2147 2680 2213 (Lana,
2706 2155 2748 2202 t.
2778 2149 2875 2212 IV,
2907 2163 3032 2220 pag.
3067 2153 3226 2216 1263)
3269 2165 3336 2205 ex
3388 2167 3522 2222 apo-

1930 2235 2120 2291 stolica
2146 2239 2468 2294 auctoritate
2494 2239 2628 2296 adeo
2654 2240 2976 2297 canonizata
3002 2251 3148 2310 sunt,
3190 2250 3251 2298 ut
3287 2243 3521 2315 quicun-

1930 2345 2036 2401 que
2085 2329 2188 2386 illis
2241 2331 2584 2402 pertinaciter
2629 2333 3004 2391 contradicere
3054 2344 3303 2403 conatur,
3355 2337 3520 2393 etiam

1929 2424 2248 2494 apostolica;
2267 2427 2579 2482 auctoritati
2603 2429 2874 2484 contraire
2901 2444 3013 2484 non
3043 2429 3341 2485 dubitetur.
3383 2431 3526 2486 Sunt

1930 2532 2060 2587 ergo
2111 2533 2141 2572 a
2168 2518 2330 2572 nobis
2361 2519 2478 2590 ejus
2526 2522 2905 2577 venerabiliter
2949 2523 3147 2594 scripta
3193 2523 3521 2595 recipienda,

1930 2624 2031 2664 nec
2058 2609 2126 2665 ab
2167 2610 2348 2682 aliquo
2379 2621 2584 2668 temere
2612 2613 2934 2685 judicanda.
2967 2615 3132 2684 Quod
3167 2625 3356 2672 autem
3387 2618 3521 2688 ipse,

1933 2706 2112 2758 Deum
2134 2704 2402 2776 virginem
2429 2719 2677 2776 reparare
2717 2715 2840 2777 post
2867 2707 3079 2776 lapsum
3101 2724 3212 2763 non
3237 2725 3397 2778 posse
3438 2710 3522 2765 di-

1929 2796 2028 2862 xit,
2059 2813 2173 2852 non
2214 2797 2389 2869 magis
2426 2797 2761 2868 mirandum,
2811 2815 2979 2870 quam
3027 2800 3197 2855 multa
3229 2802 3354 2868 alia,
3399 2819 3523 2874 qua;

1931 2893 2082 2946 Deus
2112 2889 2279 2946 libere
2304 2891 2502 2963 legitur
2531 2901 2586 2948 et
2611 2891 2847 2948 creditur
2865 2908 2975 2948 non
3004 2908 3184 2964 posse,
3215 2903 3276 2949 ut
3303 2894 3435 2951 illud
3464 2897 3522 2952 in

1928 2983 2172 3054 Epistola
2213 2985 2443 3041 Joannis
2484 3005 2497 3041 :
2529 2990 2669 3042 Deus
2692 2987 2865 3058 ﬁdelis
2905 2992 3005 3055 est,
3045 2990 3277 3057 seipsum
3323 3006 3522 3059 negare

1925 3094 2029 3132 non
2061 3084 2236 3149 potest
2283 3083 2359 3146 (II
2393 3083 2530 3136 Tim.
2571 3083 2660 3152 II).
2702 3082 2845 3136 Hinc
2875 3081 3049 3152 inquit
3085 3084 3378 3154 Apostolus
3413 3103 3424 3138 :
3457 3088 3522 3140 In

1921 3176 2028 3228 Deo
2054 3190 2163 3228 non
2198 3180 2273 3230 est
2309 3190 2412 3230 ns'r
2443 3180 2493 3229 et
2520 3190 2667 3243 NON,
2692 3177 2788 3230 sed
2831 3178 2888 3229 in
2927 3177 3019 3230 illo
3049 3181 3124 3231 est
3152 3191 3259 3233 EST
3291 3180 3370 3246 (ΙΙ
3396 3179 3515 3234 Cor.

1922 3273 1986 3333 1).
2011 3267 2227 3323 Dicitur
2246 3268 2412 3322 etiam
2436 3267 2604 3322 libere
2627 3269 2833 3324 malum
2863 3283 2973 3324 non
2994 3285 3156 3340 posse
3179 3268 3382 3337 facere,
3408 3287 3520 3326 non

1923 3376 2082 3432 posse
2101 3361 2322 3426 mutari,
2347 3377 2458 3415 non
2483 3376 2641 3430 posse
2673 3359 2811 3428 falli,
2841 3377 2953 3416 non
2979 3379 3135 3432 posse
3161 3363 3321 3419 mori.
3350 3365 3518 3422 Unde

1921 3454 2266 3524 Augustinus
2301 3453 2359 3508 in
2389 3453 2528 3509 libro
2562 3469 2602 3508 v
2638 3457 2712 3508 De
2743 3455 2956 3509 civitate
2985 3458 3082 3510 Dei
3101 3461 3237 3526 (cap.
3266 3463 3353 3524 10,
3375 3459 3514 3529 Opp.
3596 3480 3602 3486 -

1917 3554 1960 3601 t.
1991 3549 2130 3614 VIII,
2156 3563 2273 3619 pag.
2303 3553 2423 3614 125)
2447 3564 2460 3600 :
2483 3549 2568 3603 Sic
2594 3550 2733 3602 enim
2753 3549 2845 3602 hoc
2868 3548 2991 3617 (non
3012 3553 3189 3618 posse)
3214 3551 3433 3614 dicitur,
3458 3557 3520 3606 ut

1913 3644 2118 3712 potius,
2147 3644 2196 3695 si
2204 3645 2399 3711 posset,
2419 3643 2639 3695 minoris
2663 3644 2854 3711 utique
2867 3646 3152 3711 potestatis
3180 3648 3330 3700 esset.
3362 3649 3518 3701 Recte

1921 3736 2103 3804 itaque
2118 3738 2446 3805 omnipotens
2463 3736 2570 3789 dici
2575 3738 2785 3805 tur,qui
2801 3741 2982 3790 tamen
3002 3740 3142 3791 mori
3160 3739 3393 3807 fallique
3407 3755 3516 3793 non

1915 3833 2124 3898 potest;
2150 3829 2356 3883 dicitur
2380 3832 2524 3883 enim
2553 3832 2902 3900 omnipotens,
2930 3832 3178 3896 faciendo
3207 3833 3352 3901 quod
3380 3831 3514 3900 vult,

1921 3939 2029 3977 non
2063 3923 2320 3993 patiendo
2348 3925 2490 3993 quod
2531 3940 2635 3978 non
2676 3925 2826 3990 vult;
2857 3925 3001 3996 quod
3052 3926 3104 3978 si
3142 3928 3192 3979 ei
3227 3926 3511 3989 accideret,

1922 4020 2251 4087 omnipotens
2276 4035 2617 4088 nequaquam
2659 4023 2813 4073 esset.
2865 4020 3010 4073 Unde
3050 4022 3334 4089 propterea
3374 4037 3516 4089 qua:-

1921 4113 2050 4166 dam
2068 4129 2174 4166 non
2192 4117 2384 4181 potest,
2416 4114 2550 4181 quia
2579 4115 2912 4181 omnipotens
2947 4117 3043 4166 est.
3077 4112 3166 4167 Sic
3200 4112 3390 4183 utique
3414 4129 3515 4168 nec

1924 4205 2204 4260 rationalis
2230 4213 2499 4260 creatura:
2528 4213 2771 4275 potestas
2800 4206 2858 4260 in
2884 4213 3085 4261 aeterna
3108 4205 3217 4260 vita
3248 4205 3516 4261 minuitur

1924 4296 2020 4353 sed
2069 4305 2317 4368 augetur,
2365 4313 2494 4352 cum
2540 4298 2754 4370 penitus
2786 4297 3016 4368 plurima
3047 4298 3122 4353 ibi
3151 4314 3264 4353 non
3293 4307 3510 4370 posset;

1925 4405 2050 4462 quae
2072 4399 2257 4446 tamen
2291 4389 2344 4444 in
2373 4389 2477 4445 hac
2503 4391 2608 4444 vita
2638 4390 2838 4463 degens
2877 4390 3272 4446 evidentissime
3312 4391 3509 4462 potuit.

205 4488 516 4546 nocentius
544 4487 708 4544 etiam
739 4487 881 4543 hanc
905 4503 1124 4558 quoque
1147 4504 1370 4544 causam
1405 4487 1658 4558 attendit,
1685 4503 1810 4542 cum
1841 4488 1894 4551 D
1925 4484 2110 4540 Potuit
2137 4483 2342 4540 etenim
2367 4485 2598 4553 esurire,
2625 4484 2794 4552 sitire,
2819 4483 3123 4554 corrumpi,
3156 4482 3360 4552 fallere,
3401 4484 3511 4542 falli

208 4581 494 4652 virginem
525 4597 554 4636 a
586 4581 868 4653 proposito
897 4581 1109 4652 lapsam
1137 4597 1247 4636 non
1272 4579 1472 4636 debere
1501 4580 1718 4636 admitti
1745 4579 1812 4634 ad

206 4674 600 4749 penitentiam
637 4674 877 4730 dixerit?
911 4674 1182 4746 praecipue
1210 4689 1340 4728 cum
1371 4673 1537 4730 addat
1568 4694 1580 4729 :
1625 4678 1814 4742 Quan-

202 4770 325 4827 diu
355 4774 631 4841 corruptor
660 4770 773 4839 ejus
801 4771 1026 4824 vicerit.
1047 4769 1188 4822 Nam
1213 4782 1278 4822 eo
1304 4774 1549 4836 tempore
1576 4767 1813 4822 maxime

201 4862 342 4936 ejus
377 4862 655 4936 fragilitati
689 4861 995 4918 cavendum
1036 4859 1140 4916 fuit
1168 4875 1233 4916 eo
1269 4860 1501 4925 vivente,
1532 4876 1660 4915 cum
1703 4877 1811 4932 quo

201 4957 484 5032 peccavit.
516 4960 613 5013 Est
636 4956 785 5011 enim
821 4954 1270 5021 usitatissimum,
1298 4961 1358 5009 ut
1382 4952 1631 5008 homines
1655 4953 1808 5010 facil-

202 5052 351 5108 lime
388 5051 457 5108 ad
496 5067 590 5108 eos
627 5049 868 5118 redeant,
899 5066 1024 5105 cum
1063 5050 1260 5122 quibus
1288 5056 1414 5104 ante
1443 5056 1810 5119 peccaverant,

205 5145 506 5217 multoque
535 5144 756 5216 pronior
781 5151 865 5200 est
885 5143 1123 5199 humana
1159 5143 1426 5216 fragilitas
1453 5140 1524 5198 ad
1556 5144 1812 5197 usitatum

207 5218 807 5305 volutabrum‘redire,
838 5253 1003 5308 quam
1047 5237 1264 5309 aliquod
1309 5252 1511 5292 novum
1539 5236 1714 5292 scelus
1759 5237 1813 5291 in

206 5331 414 5406 primis
443 5347 792 5405 praesumere.
825 5333 951 5386 Non
975 5346 1108 5402 ergo
1136 5331 1362 5398 mirum,
1391 5331 1437 5386 si
1462 5332 1516 5386 S.
1549 5332 1814 5385 Innocen-

209 5426 334 5483 tius
365 5426 676 5498 hujusmodi
703 5427 919 5497 lapsam
950 5439 1124 5496 usque
1164 5423 1234 5478 ad
1281 5425 1494 5480 obitum
1524 5433 1810 5495 corrupto-

211 5517 300 5576 ris
327 5533 358 5575 a
401 5518 725 5592 paenitentia
771 5517 1072 5590 suspendit,
1116 5532 1186 5573 ne
1231 5517 1292 5572 in
1330 5518 1446 5589 ipsa
1495 5519 1813 5590 pamitentia

300 5657 480 5730 (1146)
513 5657 784 5714 Audacter
811 5657 1008 5729 loquar
1034 5676 1051 5712 :
1076 5671 1202 5711 cum
1230 5656 1416 5713 omnia
1441 5657 1620 5730 possit
1642 5660 1811 5730 Deus,

217 5729 488 5802 suscitare
517 5730 805 5802 virginem
858 5745 967 5785 non
996 5737 1177 5802 potest
1202 5737 1324 5799 post
1367 5729 1600 5802 ruinam.
1656 5729 1813 5784 Valet

216 5801 446 5873 quidem
474 5800 701 5859 liberare
728 5800 798 5861 de
843 5815 1023 5874 paena,
1065 5800 1162 5858 sed
1204 5815 1316 5856 non
1357 5801 1500 5858 valet
1544 5815 1812 5856 coronare

1925 4587 1979 4635 et
2027 4579 2130 4635 alia
2160 4578 2477 4651 hujusmodi
2517 4585 2803 4646 sexcenta;
2835 4593 2957 4648 quae
3003 4586 3191 4632 tamen
3217 4577 3276 4633 in
3307 4587 3510 4636 aeterna

1923 4675 2030 4730 vita
2052 4689 2162 4728 non
2189 4673 2410 4744 poterit,
2437 4680 2492 4727 et
2510 4672 2580 4727 ob
2605 4671 2712 4726 hoc
2733 4670 2895 4726 etiam
2923 4671 2996 4728 ibi
3023 4670 3392 4729 indubitanter
3417 4690 3512 4746 po-

1921 4767 2123 4822 tentior
2149 4766 2268 4821 erit.
2313 4768 2453 4820 Nam
2482 4765 2612 4821 talia
2644 4765 2923 4821 hominem
2954 4781 3112 4837 posse
3139 4782 3251 4822 non
3296 4775 3380 4822 est
3407 4784 3510 4824 au-

1919 4861 2030 4916 ctio
2056 4859 2362 4930 potestatis,
2393 4859 2487 4915 sed
2515 4859 2831 4915 certissima:
2856 4859 3122 4916 indicium
3153 4859 3504 4918 inﬁrmitatis.

1991 4954 2166 5009 Verba
2205 4961 2390 5009 autem
2420 4953 2510 5008 illa
2539 4955 2593 5010 S.
2629 4954 2974 5025 Hieronymi,
3003 4953 3151 5027 quod
3184 4970 3294 5010 non
3335 4955 3508 5026 possit

1919 5051 2068 5104 Deus
2117 5047 2384 5119 virginem
2433 5056 2557 5118 post
2601 5049 2819 5103 ruinam
2877 5049 3225 5114 resuscitare,
3277 5048 3509 5118 ipsemet

1918 5140 2118 5198 ibidem
2170 5142 2440 5212 exposuit,
2468 5157 2595 5197 cum
2625 5142 2904 5214 subiunxit
2949 5160 2963 5196 :
3001 5144 3158 5198 Valet
3197 5141 3416 5210 quidem
3445 5141 3512 5195 de

1916 5253 2080 5308 ptena
2127 5237 2375 5302 liberare,
2413 5237 2506 5291 sed
2534 5252 2638 5291 non
2683 5238 2826 5292 valet
2872 5240 3177 5304 corruptam
3221 5248 3470 5288 coronare
3491 5252 3509 5285 :

1921 5332 2054 5400 quia
2072 5331 2258 5400 justus
2297 5330 2474 5399 judea:
2512 5335 2608 5399 est,
2640 5330 2796 5400 cujus
2844 5330 3124 5400 dispositio
3161 5330 3374 5381 mutari
3408 5343 3513 5382 non

1915 5429 2108 5495 potest.
2135 5427 2289 5480 Hanc
2327 5439 2548 5496 quoque
2577 5423 2911 5480 sententiam
2960 5421 3029 5476 de
3055 5419 3257 5476 amissa
3285 5421 3510 5494 virgini-

1922 5527 2033 5574 tate
2065 5517 2236 5573 sancti
2268 5525 2534 5590 martyres
2561 5521 2775 5573 Nereus
2803 5524 2859 5572 et
2895 5513 3182 5572 Achilleus
3211 5530 3242 5571 a
3267 5516 3332 5572 B.
3357 5518 3515 5572 Petro

1921 5664 2254 5727 corruptam.
2311 5657 2366 5712 S.
2433 5657 2690 5717 Hierou.,
2744 5655 2906 5725 epist.
2971 5660 3069 5721 18,
3117 5653 3186 5710 ad
3251 5654 3511 5710 Eustooh.

1921 5730 2063 5801 Opp.
2097 5736 2135 5783 t.
2171 5733 2262 5797 IV,
2295 5745 2355 5801 p.
2383 5743 2453 5794 ιι,
2485 5742 2610 5798 pag.
2644 5730 2733 5782 29.
