4062 6182
489 215 617 268 1271

1395 160 1402 165 ν
1487 208 1578 261 ΑΙ)
1615 206 1840 261 ΟΡΕΗΑ
1879 204 1934 258 S.
1977 202 2296 258 GREGORH
2335 201 2768 259 APPENDICES.

3640 204 3779 258 1272

488 338 670 396 edocti
690 338 946 410 leguntur
973 333 1243 401 habuisse,
1276 340 1330 389 et
1353 347 1482 388 cum
1506 330 1620 402 ipsa
1650 329 1722 386 ad
1746 319 2069 386 servandam
2101 332 2155 396 Α
2183 344 2325 396 mus,
2349 328 2441 400 qui
2469 332 2654 385 Deum
2678 334 2868 384 contra
2896 341 3053 384 suam
3078 324 3623 398 prmdestinationem
3644 325 3783 382 face-

491 433 860 505 virginitatem
890 430 945 484 S.
991 426 1329 483 Domitillam
1377 423 1686 481 Domitiani
1730 423 2076 496 imperatoris

491 536 712 598 neptem
738 523 1018 590 incitasse;
1043 521 1301 576 dixerunt
1318 519 1462 576 enim
1490 519 1563 574 illi
1589 522 1766 584 (1147)
1793 538 1804 573 :
1839 518 2075 589 «Virgo,

493 621 536 676 si
565 617 944 690 virginitatem
983 613 1300 686 perdiderit,
1336 613 1504 686 hujus
1532 620 1745 669 reatum
1776 628 1872 684 per
1901 611 2077 683 poeni-

492 712 730 768 tentiam
775 709 1000 765 evadere
1057 716 1258 780 potest,
1313 707 1490 778 ipsam
1539 721 1665 761 vero
1713 705 2079 777 virginitatem

492 804 721 875 adipisci
754 818 1105 875 nequaquam
1136 803 1308 869 valet;
1339 800 1517 857 omnis
1547 815 1788 871 namque
1817 800 2081 855 sanctitas

494 898 738 971 quolibet
779 896 948 953 modo
979 897 1181 952 amissa
1216 911 1315 967 per
1362 894 1746 966 pmnitentiam
1772 895 2082 964 recuperari

496 1001 708 1065 potest;
752 991 871 1048 sola
913 1006 1039 1046 vero
1081 989 1388 1062 virginitas,
1430 989 1474 1042 si
1517 987 1683 1042 semel
1723 988 1962 1059 perierit,
2010 987 2082 1043 ad

497 1086 742 1158 pristinae
765 1084 1088 1156 integritatis
1117 1083 1477 1139 stabilitatem
1504 1081 1806 1153 pertingere
1836 1097 1952 1136 non
1988 1097 2081 1138 va-

499 1181 650 1238 lebit.
693 1203 717 1229 ι›
751 1180 842 1235 Sic
867 1194 995 1250 ergo
1046 1186 1101 1233 et
1128 1176 1286 1233 nobis
1319 1184 1501 1231 tutum
1527 1184 1628 1243 est,
1661 1183 1721 1230 ut
1750 1175 2081 1231 sententiam

497 1275 553 1331 S.
585 1273 914 1345 Hieronymi
954 1273 1401 1343 interpretemur,
1433 1286 1501 1325 ne
1539 1270 1584 1324 si
1620 1268 1751 1340 quid
1792 1269 2082 1341 indignum

501 1368 566 1425 de
594 1369 684 1424 illo
721 1365 1068 1437 interpretari
1110 1380 1402 1432 conemur,
1447 1379 1561 1419 non
1592 1371 1704 1419 tam
1734 1363 1850 1434 ejus
1892 1372 2084 1420 aucto-

499 1463 744 1530 ritatem,
779 1476 945 1534 quam
974 1467 1223 1516 nostram
1266 1457 1580 1514 tarditatem
1629 1456 1894 1513 infamare
1934 1457 2085 1529 judi-

442 1597 446 1601 -
501 1573 711 1613 (ΒΘῘΠΠΥ.

568 1654 671 1708 ΙΧ.
699 1654 798 1707 Est
817 1656 1002 1705 autem
1024 1647 1184 1704 nobis
1208 1661 1559 1718 summopere
1577 1644 2003 1718 providendum,
2026 1653 2088 1699 ut

2185 439 2244 479 re
2271 438 2382 478 non
2408 437 2566 496 posse
2606 421 2764 490 dixit,
2793 422 2888 493 qui
2914 422 3152 493 seipsum
3200 435 3400 492 negare
3427 436 3541 476 non
3575 427 3780 491 potest,

2188 517 2243 572 in
2272 533 2381 589 quo
2421 517 2578 589 juxta
2608 515 2942 588 Apostolum
2993 531 3107 571 non
3145 520 3228 571 est
3266 528 3364 572 EST
3413 529 3538 572 non
3581 521 3659 583 et,
3691 514 3782 572 sed

2188 627 2404 683 semper
2420 619 2500 666 est
2521 627 2629 666 ns'r
2653 613 2727 675 (II
2747 610 2866 666 Cor.
2894 614 2950 675 1).

2261 708 2338 762 Χ.
2371 704 2510 761 Illud
2543 712 2732 760 autem
2767 703 2898 760 satis
2936 701 3343 770 admirandum,
3371 719 3472 759 cur
3500 710 3786 774 tantOpere

2190 800 2431 872 virgines
2471 798 2760 870 sacrilegas
2789 797 2966 869 lapsas
2994 797 3050 851 in
3077 796 3307 867 gradum
3340 812 3504 853 suum
3535 798 3786 853 revocari

2189 909 2299 949 non
2327 907 2483 965 posse
2515 891 2934 958 contendamus,
2964 898 3021 945 et
3055 905 3210 946 veras
3247 889 3436 946 viduas
3464 899 3522 946 et
3547 890 3792 962 legitime

2190 987 2508 1059 conjugatas
2548 987 2604 1041 in
2633 985 2748 1042 suis
2788 984 3049 1058 gradibus
3078 1000 3360 1041 remanere
3402 986 3687 1057 patienter
3713 984 3790 1040 fe-

2190 1097 2399 1145 ramus,
2447 1097 2576 1137 cum
2617 1079 2725 1150 hae,
2771 1079 2920 1151 juxta
2979 1079 3327 1150 Apostolum,
3385 1078 3443 1134 in
3493 1078 3795 1134 amissione

2191 1175 2520 1247 virginitatis
2549 1189 2658 1229 non
2703 1181 2925 1228 tantum
2957 1173 3299 1244 peccaverint
3325 1173 3467 1228 sicut
3495 1173 3627 1240 illae,
3669 1188 3794 1245 quae

2193 1284 2293 1341 pro
2324 1267 2707 1340 magnitudine
2737 1268 2942 1339 peccati
2993 1267 3061 1322 ad
3113 1267 3489 1339 paenitentiam
3527 1283 3644 1324 non
3672 1283 3790 1323 me-

2193 1370 2422 1419 ruerunt
2458 1361 2694 1418 admitti.
2729 1361 3120 1418 Sanctissimus
3150 1376 3288 1433 papa
3325 1363 3438 1417 Leo
3467 1361 3522 1416 in
3551 1360 3796 1418 decretis

2195 1457 2311 1514 suis
2329 1457 2566 1528 capitulo
2583 1461 2651 1526 49
2675 1455 2852 1528 (epist.
2875 1461 2968 1524 87,
2989 1471 3046 1510 n.
3067 1461 3098 1510 5
3114 1475 3130 1524 ;
3147 1457 3335 1511 LABB.
3357 1463 3398 1510 t.
3421 1457 3521 1522 III,
3549 1471 3603 1526 p.
3636 1461 3793 1522 1394)

2196 1558 2550 1622 protestatur,
2584 1549 2731 1621 quod
2759 1564 2860 1605 nec
2889 1549 2994 1605 illa:
3019 1549 3273 1622 virgines,
3297 1564 3420 1620 quae
3447 1549 3796 1605 barbaricam

2196 1645 2308 1700 vim
2331 1659 2560 1715 corpore
2582 1651 2799 1700 tantum
2827 1659 2943 1699 non
2971 1643 3160 1699 animo
3186 1651 3317 1698 sunt
3347 1657 3647 1715 perpessae,
3672 1659 3794 1715 per-

499 1746 566 1803 de
594 1744 940 1816 reparatione
983 1741 1308 1813 virginitatis
1337 1751 1452 1797 tam
1483 1742 1766 1796 moderate
1796 1739 2086 1797 contenda-
2115 1743 2164 1805 B
2193 1737 2565 1796 severantibus
2593 1738 2895 1810 virginibus
2922 1736 3033 1793 ullo
3063 1736 3234 1794 modo
3259 1745 3387 1792 sunt
3417 1752 3793 1794 annumeran-

503 1855 654 1908 mus,
681 1854 750 1894 ne
777 1836 965 1894 viduas
995 1844 1049 1892 et
1077 1836 1414 1909 conjugatas,
1447 1835 1558 1890 sive
1586 1834 1851 1905 quaslibet
1897 1849 2087 1889 corru-

498 1943 644 2005 ptas,
691 1931 822 2003 ipsis
851 1929 1155 2001 virginibus
1197 1928 1499 1984 secundum
1530 1927 1786 1984 haeresim
1814 1926 2086 1982 Joviniani

498 2027 789 2097 adaequare
839 2022 1142 2080 videamur.
1174 2025 1313 2078 Nam
1347 2021 1452 2076 hoc
1489 2020 1766 2077 catholica
1814 2017 1948 2076 fides
1976 2037 2089 2076 non

499 2120 758 2185 admittit,
789 2132 912 2189 qua:
953 2117 1104 2187 juxta
1147 2114 1518 2187 evangelicam
1555 2114 1937 2170 auctoritatem
1989 2113 2089 2170 hos

499 2211 700 2285 gradus
719 2211 798 2267 ita
820 2209 1143 2266 distributos
1162 2209 1337 2276 novit,
1359 2216 1419 2264 ut
1438 2208 1749 2280 conjugatis
1773 2207 2089 2279 trigesimus

498 2313 715 2362 tantum
761 2303 990 2369 fructus,
1044 2300 1458 2358 continentibus
1516 2316 1642 2356 vero
1691 2300 2087 2373 sexagesimus,

499 2399 634 2470 ipsis
660 2412 789 2453 vero
818 2395 1122 2468 virginibus
1159 2395 1460 2451 ascribatur
1489 2395 1840 2450 centesimus.
1876 2397 1945 2450 Et
1983 2394 2088 2451 hoc

498 2492 691 2564 utique
713 2490 973 2547 divinitus
993 2489 1062 2545 ab
1091 2488 1248 2544 initio
1275 2489 1349 2544 ita
1378 2487 1832 2559 praedestinatum
1853 2503 1966 2544 non
1995 2489 2090 2544 du-

499 2587 775 2652 bitamus;
804 2584 949 2641 unde
973 2591 1028 2639 et
1055 2586 1119 2638 B.
1144 2582 1486 2655 Hieronymo
1517 2583 1573 2637 in
1600 2582 1704 2638 hoc
1728 2597 1912 2654 parere
1930 2581 2090 2639 debe-

573 2765 754 2827 (1147)
785 2762 919 2817 Hinc
948 2759 1217 2816 habentur
1244 2760 1304 2814 in
1341 2775 1534 2816 eorum
1557 2760 1689 2820 ,Vita
1718 2758 1790 2815 ad
1837 2766 1900 2815 12
1932 2760 2086 2828 Maii,

500 2842 542 2889 t.
577 2835 653 2888 ΙΙΙ
682 2831 953 2899 Bolland.,
989 2847 1108 2903 pag.
1143 2838 1195 2886 7.

571 2907 752 2970 (1148)
789 2904 950 2958 Haud
979 2901 1233 2958 videntur
1257 2901 1420 2958 verba
1448 2903 1651 2958 Leonis
1687 2901 1942 2958 eamdem
1976 2917 2088 2972 prae

501 2991 558 3031 se
604 2975 745 3031 ferre
773 2976 1148 3042 severitatem,
1181 2974 1401 3046 qualem
1440 2973 1543 3029 illis
1572 2973 1821 3029 attribuit
1861 2983 2084 3040 auctor;

2197 1833 2282 1890 die
2294 1837 2341 1900 (1
2356 1832 2633 1903 148)juxta
2645 1830 2781 1886 illud
2798 1831 3201 1902 propheticum:
3215 1833 3375 1901 Virgo
3393 1833 3570 1887 Israel
3584 1834 3790 1901 cecidit,

2195 1943 2304 1982 non
2350 1931 2426 1982 est
2476 1928 2574 1996 qui
2599 1927 2874 1980 resuscitet
2919 1927 3073 1981 illam
3113 1927 3298 1992 (Amos
3347 1925 3426 1988 v).
3459 1926 3582 1982 Hoc
3639 1927 3792 1996 plane

2195 2022 2288 2076 SS.
2321 2022 2508 2075 Patres
2533 2019 2832 2092 virginibus
2859 2019 3044 2090 lapsis,
3071 2027 3125 2074 et
3150 2035 3246 2090 pro
3282 2030 3502 2091 peccato
3528 2034 3636 2076 suo
3663 2019 3794 2076 intra

2197 2113 2477 2168 maritatas
2512 2112 2783 2185 deputatis
2829 2111 3083 2169 sufﬁcere
3113 2112 3439 2181 voluerunt,
3467 2112 3518 2179 'si
3548 2129 3650 2185 per
3675 2129 3795 2185 pa:-

2195 2206 2486 2264 nitentiam
2536 2214 2592 2262 et
2634 2206 2764 2278 ipsis
2810 2205 3053 2278 legitime
3079 2207 3388 2279 conjugatis
3435 2205 3718 2278 praeferri,
3747 2216 3796 2264 et

2196 2301 2338 2357 veris
2367 2299 2542 2356 viduis
2584 2299 2698 2356 sive
2745 2299 3147 2356 continentibus
3195 2300 3528 2373 quandoque
3582 2317 3797 2358 merue-

2196 2403 2326 2450 runt
2353 2394 2634 2451 associari.
2661 2393 2905 2451 Sufﬁciat
2927 2410 3055 2466 ergo
3081 2402 3136 2450 et
3154 2394 3261 2450 hoc
3293 2394 3472 2462 nobis,
3505 2411 3609 2452 nec
3641 2397 3800 2452 libeat

2195 2504 2435 2560 eousque
2463 2486 2793 2560 disputando
2823 2488 3140 2560 procedere,
3168 2497 3230 2544 ut
3258 2489 3527 2546 terminos
3556 2491 3657 2546 SS.
3701 2492 3799 2546 Pa-

2194 2591 2347 2638 trum
2374 2582 2556 2655 aliquo
2585 2581 2756 2638 modo
2787 2591 3054 2639 notemur
3090 2582 3364 2640 excedere.

2197 2760 2271 2817 ita
2298 2763 2446 2817 enim
2477 2760 2684 2817 habent
2713 2780 2727 2817 :
2758 2762 2872 2818 Illa:
2893 2767 3069 2817 autem
3109 2763 3334 2829 famula:
3361 2763 3487 2832 Dei,
3519 2780 3647 2834 quae
3677 2768 3806 2821 inte-

2197 2836 2452 2906 gritatem
2489 2835 2711 2902 pudoris
2738 2837 3079 2903 oppressione
3128 2835 3416 2890 barbarica
3441 2837 3808 2906 perdiderunt

2199 2905 2583 2959 laudabiliores
2614 2911 2776 2960 erant
2805 2908 2865 2958 in
2909 2907 3227 2960 humilitate
3263 2922 3324 2960 ac
3352 2905 3710 2976 verecundia,
3755 2913 3811 2963 si

2196 2978 2632 3032 incontaminatis
2647 2993 2754 3031 non
2771 2977 3012 3031 audeant
3029 2993 3342 3048 comparare
3359 2980 3807 3048 virginibus,etc.

840 3260 994 3348 DE
1064 3258 1893 3350 SACRAMENTIS
1963 3260 2736 3351 MORIENTIUM
2807 3263 3451 3352 INFANTUM.

2017 3420 2161 3481 ALI
2165 3421 2280 3480 US.

1964 3689 2339 3749 MONITUM.

577 3821 875 3896 Vogali—us
920 3818 1011 3896 hic
1039 3819 1318 3889 prmmissa
1347 3818 1624 3896 diversum
1673 3835 1720 3896 a_
1745 3820 2014 3896 Berna_l_do
2054 3798 2339 3896 auctorem
2369 3819 2582 3878 videtur
2626 3821 2881 3896 innuere,
2911 3822 3010 3878 etsi
3039 3822 3358 3896 tractatulus
3394 3822 3486 3878 hic
3524 3823 3666 3879 satis
3693 3825 3810 3896 ejus

509 3888 947 3964 dicendigeneri
975 3888 1261 3964 congruat,
1307 3889 1610 3960 saltemque
1637 3890 2134 3964 eidem__collectori
2173 3891 2340 3964 tribui
2400 3903 2632 3964 queant,
2687 3908 2824 3964 quos
2854 3893 2909 3948 in
2956 3909 3119 3951 usum
3150 3894 3460 3951 amicorum
3492 3888 3810 3952 suorum-se

506 3959 840 4033 congessisse
863 3959 1002 4015 infra
1032 3959 1151 4015 n.’4
1182 3959 1406 4015 fatetur.
1437 3959 1620 4016 Potest
1637 3976 1762 4016 vero
1793 3962 1881 4016 illa
1904 3978 2035 4016 voce
2065 3963 2229 4018 etiam
2258 3962 2394 4020 alius
2415 3959 2689 4020 tractatus
2701 3959 2981 4020 denotari.

582 4222 626 4275 Ι.
668 4219 723 4275 Si
754 4219 874 4292 quis
904 4217 1189 4290 parvulum
1235 4219 1447 4274 noviter
1474 4219 1833 4290 baptizatum,
1880 4219 1976 4276 sed
2019 4221 2107 4276 in-
2144 4227 2188 4290 C
2215 4225 2343 4291 610)
2375 4241 2390 4275 :
2422 4224 2679 4293 Emcepto,
2712 4222 2910 4294 inquit,
2953 4239 3058 4278 uno
3087 4224 3396 4292 mediatore,
3429 4231 3482 4279 et
3505 4231 3615 4295 post
3641 4225 3808 4280 lava—

512 4314 773 4369 ﬁrmitate
819 4321 1160 4384 correptum,
1209 4313 1330 4368 oleo
1383 4322 1572 4369 sancto
1617 4330 1817 4387 ungere
1848 4316 2100 4384 voluerit,

508 4423 622 4463 non
677 4423 898 4464 necesse
944 4405 1168 4463 habebit
1215 4415 1274 4462 ut
1326 4413 1503 4462 totum
1542 4407 1815 4463 unctionis
1856 4407 2099 4464 ofﬁcium

2209 4331 2354 4370 crum
2382 4318 2798 4384 regenerationis
2828 4317 3126 4387 quibusque
3156 4317 3336 4373 adhuc
3356 4321 3622 4389 parvulis,
3645 4336 3814 4375 nemo

2209 4409 2439 4463 mundus
2465 4425 2498 4462 a
2525 4410 2696 4465 sorde.
2729 4410 2781 4465 Si
2810 4410 2933 4481 quis
2963 4425 3091 4483 ergo
3120 4410 3433 4483 hujusmodi
3464 4412 3702 4484 parvulis
3733 4414 3816 4469 in-

511 4502 720 4568 recitet,
755 4509 808 4558 et
838 4501 1070 4556 minime
1100 4499 1220 4556 illas
1248 4501 1545 4565 orationes,
1579 4516 1703 4572 quae
1723 4499 1794 4555 de
1819 4503 2098 4557 remissio-

511 4611 581 4650 ne
610 4603 963 4666 peccatorum
994 4609 1153 4665 agere
1182 4593 1449 4650 videntur.
1488 4597 1635 4650 Nam
1665 4593 1803 4650 ﬁdes
1829 4595 2099 4650 catholica

511 4689 621 4744 hoc
651 4687 835 4755 habet,
867 4695 928 4742 ut
950 4687 1206 4757 parvulus
1230 4689 1449 4744 noviter
1476 4688 1785 4759 baptizatus
1822 4688 2103 4745 remissio-

512 4797 641 4837 nem
685 4788 1024 4851 peccatorem
1065 4781 1336 4853 accepisse
1369 4781 1648 4838 credatur.
1703 4784 1905 4839 Contra
1935 4799 2102 4856 quam

501 4873 683 4930 ﬁdem
717 4873 1090 4929 indubitanter
1123 4890 1428 4947 ageremus,
1457 4876 1500 4931 si
1545 4873 1912 4949 pro’parvulo
1946 4877 2101 4950 quasi

514 4967 763 5024 nondum
783 4967 1054 5037 absoluto,
1088 4977 1148 5024 ut
1170 4968 1556 5034 absolveretur,
1580 4986 1884 5039 oraremus,
1915 4987 2100 5044 quem,

514 5060 768 5117 videlicet
808 5063 870 5117 B.
904 5063 1239 5136 Augustinus
1282 5063 1396 5119 sine
1443 5072 1666 5135 peccato
1708 5079 1824 5120 esse
1869 5073 2103 5121 testatur

517 5155 652 5211 libro
683 5171 761 5212 xx
800 5160 873 5212 De
897 5159 1110 5212 civitate
1133 5160 1234 5212 Dei
1267 5161 1404 5227 (cap.
1436 5160 1524 5220 26,
1552 5159 1696 5228 Opp.
1728 5164 1770 5211 t.
1803 5159 1945 5226 Vill,
1972 5174 2096 5230 pag.

2209 4501 2549 4557 ﬁrmantibus
2596 4502 2968 4559 ministerium
3008 4505 3283 4561 unctionis
3314 4511 3496 4573 (1149)
3544 4506 3818 4564 adhibere

2209 4595 2459 4662 voluerit,
2479 4595 2597 4652 illas
2616 4597 2893 4652 orationes
2907 4604 3282 4668 competenter
3295 4598 3555 4655 adhibere
3573 4602 3820 4672 poterit,

2207 4704 2330 4760 qua
2354 4689 2647 4747 sanitatem
2675 4691 2754 4746 vel
2783 4691 2952 4746 vitam
2987 4700 3251 4748 mternam
3278 4693 3677 4748 inﬁrmantibus
3712 4711 3821 4750 ex-

2209 4791 2422 4854 optant,
2445 4800 2557 4841 non
2581 4784 2697 4840 illas
2717 4798 2839 4856 quae
2858 4785 3252 4856 parnitentibus
3275 4787 3666 4859 indulgentiam
3700 4789 3825 4845 im-

2209 4877 2440 4949 plorant.
2462 4879 2532 4934 Et
2542 4879 2782 4950 psalmos
2802 4878 3029 4951 quidem
3045 4880 3259 4938 usuales
3279 4881 3346 4938 ad
3365 4881 3456 4953 huj
3465 4880 3686 4938 usmodi
3716 4899 3822 4938 un-

2208 4972 2445 5027 ctionem
2466 4973 2597 5028 satis
2617 4987 2856 5044 congrue
2879 4972 3129 5042 dicimus,
3152 4975 3275 5047 quia
3297 4975 3352 5030 in
3372 4975 3406 5030 il
3421 4975 3484 5030 lis
3503 4989 3600 5031 vox
3623 4975 3829 5035 Eccle-

2208 5064 2304 5121 sia:
2335 5081 2430 5138 pro
2460 5064 2792 5138 quibuslibet
2840 5066 3106 5123 membris
3135 5067 3248 5124 suis
3286 5068 3608 5141 generaliter
3635 5084 3823 5129 orare

2209 5158 2440 5216 videtur.

585 5340 766 5400 (1149)
813 5333 1000 5388 Fuisse
1023 5332 1320 5402 aliquando
1371 5333 1431 5387 in
1481 5349 1585 5390 usu
1635 5333 1773 5390 hanc
1819 5334 2096 5393 infantum

1005 5337 1320 5414 aliquando
1371 5337 1431 5387 in
1481 5349 1585 5390 usu
1635 5337 1773 5414 hanc
1800 5337 2096 5414 infantum
2206 5339 2312 5394 illis
2341 5337 2598 5409 loquitur,
2626 5338 2719 5410 qui
2749 5338 2864 5414 doli
2894 5339 2977 5395 vel
3009 5341 3218 5413 peccati
3238 5341 3368 5414 jam
3401 5357 3626 5413 capaces
3647 5355 3817 5414 sunt,

513 5405 852 5476 unctionem,
875 5403 1078 5476 inuilibi
1094 5404 1363 5473 proditur,
1392 5418 1569 5476 neque
1598 5407 1766 5462 etiam
1796 5407 1946 5464 illam
1967 5410 2097 5465 olim
2207 5419 2266 5465 ut
2315 5427 2377 5464 ex
2409 5403 2869 5476 consequentibus
2898 5403 3066 5476 patet.
3095 5403 3333 5476 Quod'si
3357 5403 3520 5476 aliqui

655 5409 852 5486 ignem,
875 5409 1078 5486 nullibi
1094 5409 1366 5486 proditur,
1392 5418 1569 5486 neque
1598 5409 1946 5486 etiamﬂillam
1967 5410 2097 5465 olim
2207 5419 2266 5486 ut
2315 5427 2377 5464 ex
2411 5409 2869 5486 consequentibus
2898 5409 3066 5486 patet.
3095 5409 3333 5486 Quodsi
3356 5409 3521 5486 aliqui
3551 5415 3684 5470 olim
3712 5409 3818 5472 in;

510 5475 1129 5556 prohibitamulegimus,
1150 5476 1400 5556 quamvis
1418 5475 1565 5532 certe
1584 5477 1946 5556 superﬂuam,
1971 5497 2096 5537 cum
2203 5480 2379 5538 fantes
2405 5489 2529 5556 ante
2554 5475 2717 5556 usum
2742 5475 2968 5556 rationis
2992 5475 3286 5556 unXErunt,
3314 5475 3651 5556 idrsanitatis
3675 5503 3818 5544 cor-

723 5545 1212 5651 ;i'n‘nv‘elrciﬁ'cari
1261 5556 1520 5651 nequeat,
1552 5545 1670 5651 qui
1692 5545 1942 5651 ﬁndant"
1985 5569 2091 5651 lper
2123 5589 2172 5651 Β
2205 5568 2351 5651 pora:
2379 5552 2880 5651 obtinendascausa
2908 5545 3391 5651 fecisseoceonséndi
3421 5566 3580 5651 sunt;
3596 5558 3694 5629 qui
3719 5576 3814 5615 se-

504 5631 701 5674 sensus
723 5617 1064 5700 inungendus
1084 5633 1319 5746 (peccare
1348 5617 1660 5690 potuerunt.
1693 5617 2090 5695 Theodulphus
2123 5617 2172 5651 υ
2198 5617 2492 5680 cundarius
2511 5633 2594 5679 est
2618 5623 2777 5696 hujus
2797 5625 3124 5683 sacramenti
3145 5626 3377 5684 effectus
3401 5617 3587 5699 :quod
3609 5617 3813 5687 tamen

505 5703 632 5744 vero
658 5687 1056 5744 Aurelmnensrs
1128 5706 1221 5745 um
1268 5691 1323 5746 in
1355 5692 1636 5746 canitulari
1665 5709 1763 5746 suo
1789 5695 1923 5746 insis
1949 5711 2088 5746 auo-
2197 5696 2301 5746 illis
2324 5695 2436 5746 dari
2469 5711 2626 5746 nosse
2654 5705 2858 5746 negant
2883 5695 3149 5746 theologi-
3177 5699 3267 5746 mni
3293 5700 3558 5746 nrimarii-
3593 5717 3692 5746 son
3727 5719 3813 5746 ηε.

505 5703 632 5744 vero
658 5687 1062 5772 Aurelianensis
1084 5687 1221 5746 dum
1268 5691 1323 5755 in
1350 5687 1636 5772 capitulari
1665 5709 1763 5749 suo
1789 5687 2088 5772 ipsisquo-
2197 5696 2301 5772 illis
2324 5695 2448 5772 dari
2469 5711 2626 5768 posse
2654 5687 2858 5768 negant
2883 5695 3150 5772 theologi,
3177 5699 3280 5772 qui
3293 5687 3560 5770 primarii,
3593 5717 3696 5758 seu
3727 5719 3815 5761 re-

501 5772 611 5829 que
641 5765 826 5830 pueris
856 5765 1230 5820 inunctionem
1282 5765 1648 5822 necessariam
1690 5765 1997 5836 esse’dicit‘,
2027 5766 2094 5823 de
2203 5765 2485 5826 missionis
2509 5765 2859 5841 peccatorum
2887 5765 3112 5842 capaces
3138 5765 3466 5834 haud'sunt.
