4062 6182
308 314 444 369 1273

1215 314 1501 372 APPEND.
1544 315 1632 371 ΙΙΙ.
1671 344 1740 358 --
1776 315 2194 377 MONUMENTA
2229 318 2689 378 GREGORIANA.

373 440 447 494 Il.
482 435 783 496 Sciendum
818 443 1038 507 autem,
1071 437 1216 512 quod
1250 439 1476 512 quidam
1506 441 1749 512 parvulis
1777 458 1897 500 mo-
1928 449 1981 512 Α
2009 452 2285 516 maneant,
2315 461 2418 502 nos
2471 447 2808 517 ignoramus,
2850 445 2956 504 nisi
3004 455 3274 519 quantum
3307 465 3371 508 ex
3408 451 3591 510 verbis

301 532 570 589 rientibus
617 532 876 589 viaticum
923 547 1036 610 non
1088 541 1284 606 putant
1334 549 1450 590 esse
1497 537 1893 607 necessarium,

302 641 434 682 cum
471 625 746 681 Dominus
773 613 1095 698 generaliter
1124 627 1267 683 dicat
1297 628 1557 684 omnibus
1601 630 1668 686 ad
1689 646 1747 687 se
1777 646 1898 703 per-

311 719 617 775 tinentibus
643 739 660 771 :
695 722 822 778 Nisi
849 721 1320 778 manducaveritis
1347 739 1554 779 carnem
1582 725 1715 780 Filii
1729 726 1896 781 homi-

302 817 409 879 nis,
428 820 479 870 et
492 815 735 870 biberitis
752 815 866 885 ejus
892 819 1232 887 sanguinem,
1253 833 1359 872 non
1378 817 1639 874 habebitis
1658 821 1825 874 vitam
1839 822 1896 874 in

302 909 446 964 vobis
477 911 647 974 (Joan.
665 912 772 976 γι).
814 909 974 966 Unde
999 912 1060 966 B.
1081 912 1424 984 Augustinus
1437 912 1494 967 in
1511 911 1651 969 libro
1671 918 1747 970 De
1770 915 1894 984 bap-

303 1006 459 1059 tismo
492 1004 1059 1076 parvulorum(1150)
1093 1022 1106 1059 :
1145 1026 1170 1052 α
1203 1007 1308 1073 An,
1348 1005 1549 1078 inquit,
1602 1006 1894 1079 quisquam

302 1097 472 1153 etiam
500 1095 608 1152 hoc
633 1096 815 1153 dicere
840 1097 1080 1166 audebit,
1103 1098 1253 1170 quod
1268 1099 1336 1156 ad
1352 1100 1604 1171 parvulos
1621 1099 1739 1158 haec
1767 1116 1891 1158 sen-

302 1192 479 1247 tentia
507 1207 621 1247 non
651 1191 941 1263 pertineat,
977 1192 1296 1265 possintque
1325 1194 1445 1250 sine
1472 1195 1894 1267 participatione

302 1283 545 1357 corporis
568 1284 732 1358 hujus
756 1295 811 1342 et
837 1287 1118 1359 sanguinis
1147 1287 1205 1343 in
1233 1303 1291 1344 se
1320 1288 1523 1344 habere
1547 1289 1713 1344 vitam
1735 1297 1891 1346 aiter-

301 1382 513 1434 nam?»
533 1381 604 1434 Et
633 1387 757 1450 post
777 1395 946 1451 pauca
976 1398 990 1438 :
1025 1402 1050 1429 α
1082 1380 1258 1437 Sinon
1287 1381 1742 1439 manducaverint
1771 1398 1890 1439 car-

299 1487 425 1528 nem
451 1474 556 1528 Flii
581 1471 840 1544 hominis,
866 1489 970 1531 nec
998 1475 1102 1546 ipsi
1120 1474 1402 1531 habebunt
1428 1475 1592 1531 vitam
1621 1479 1824 1546 (1151).
1861 1501 1886 1527 η

299 1565 462 1622 Unde
508 1569 796 1624 Romanus
839 1568 982 1626 ordo
1029 1569 1211 1625 statim
1253 1576 1381 1642 post
1417 1569 1752 1642 baptismum
1781 1570 1891 1627 illis

298 1661 751 1717 communionem
781 1660 902 1718 dari
951 1662 1199 1735 praecipit
1235 1666 1442 1733 (1152),
1473 1671 1686 1736 quanto
1713 1664 1888 1737 magis

297 1753 356 1811 in
383 1763 625 1812 extrema
649 1757 994 1825 necessitate,
1024 1773 1153 1814 cum
1179 1756 1250 1814 de
1279 1757 1386 1814 hoc
1431 1759 1634 1816 saeculo
1659 1759 1888 1814 transire

298 1850 604 1922 cmperint?
629 1852 771 1906 Nam
791 1851 952 1923 juxta
977 1852 1297 1909 canonicam
1341 1853 1722 1909 auctoritatem
1750 1853 1890 1909 nulli

298 1945 382 2000 vel
394 1960 558 2016 quam
571 1943 944 2016 perditissimo
965 1955 1209 2003 extrema
1233 1947 1556 2003 communio
1571 1946 1889 2020 deneganda

299 2037 529 2095 videtur.
562 2040 846 2111 Nusquam
876 2054 1009 2096 sane
1037 2040 1278 2112 parvulis
1307 2040 1729 2098 ecclesiasticam
1747 2057 1891 2098 com-

298 2132 623 2188 munionem
681 2133 970 2206 plusquam
998 2133 1117 2190 aliis
1163 2133 1484 2192 Christianis
1525 2135 1638 2191 sive
1670 2134 1726 2191 in
1780 2136 1889 2192 vita

293 2225 410 2282 sive
436 2225 494 2281 in
523 2227 782 2283 extremis
809 2226 1221 2300 deuegabimus,
1260 2228 1307 2284 si
1335 2229 1429 2285 SS.
1469 2231 1698 2285 Patrum
1728 2229 1887 2285 insti-

251 2341 263 2356 ί
292 2320 570 2375 tutionem
602 2321 756 2392 sequi
774 2319 1046 2377 volumus.
1068 2325 1370 2395 Nunquam
1397 2323 1534 2379 item
1563 2323 1663 2396 ipsi
1695 2339 1886 2394 parvu-

292 2413 380 2468 los
407 2421 756 2485 exceperunt,
781 2413 1089 2487 ubicunque
1110 2413 1418 2488 generalem
1443 2416 1887 2474 communicandi

290 2506 756 2564 consuetudinem
784 2507 1039 2565 omnibus
1071 2508 1393 2566 Christianis
1418 2512 1889 2582 prmscripserunt,

300 2601 394 2672 qui
457 2600 622 2656 etiam
675 2602 822 2674 ipsos
868 2603 1013 2658 inter
1077 2603 1605 2660 communicandum
1656 2605 1890 2660 osculari

301 2703 734 2764 consueverunt,
783 2703 844 2751 ut
869 2697 923 2752 S.
968 2695 1274 2769 Cyprianus
1323 2697 1378 2752 in
1403 2697 1618 2768 scriptis
1639 2698 1752 2754 suis
1776 2713 1887 2753 non

297 2789 738 2856 solumtestatur,
786 2789 884 2846 sed
910 2789 1071 2846 etiam
1108 2798 1171 2846 ut
1203 2789 1297 2846 ﬁat
1340 2789 1660 2846 ﬁdelissime
1689 2791 1885 2847 exhor-

293 2889 444 2939 tatur
469 2887 675 2951 (1153).
710 2887 980 2940 Praeterea
1008 2884 1121 2955 ipsa
1150 2884 1336 2955 verba,
1364 2901 1493 2941 cum
1508 2884 1705 2957 quibus
1731 2901 1884 2941 sacra

292 2977 622 3034 communio
665 2976 1031 3049 dispensatur,
1066 2977 1274 3049 optime
1303 2986 1614 3050 competere
1642 2979 1887 3050 parvulis

295 3070 577 3139 videntur;
613 3087 725 3127 non
762 3070 909 3127 enim
931 3071 1005 3127 ibi
1035 3070 1259 3140 dicitur,
1293 3079 1352 3128 ut
1378 3087 1530 3129 sacra
1568 3073 1885 3128 communio

2003 540 2298 612 Augustini
2344 540 2484 596 libro
2524 555 2633 596 xx:
2667 545 2742 596 De
2765 543 2986 597 civitate
3011 545 3112 597 Dei
3133 545 3274 614 (cap.
3312 550 3397 613 16,
3418 549 3591 618 Opp.,

2002 641 2043 689 t.
2076 635 2201 702 VII,
2236 650 2358 706 pag.
2381 640 2537 702 636);
2562 635 2751 691 scribit
2773 635 2921 690 enim
2945 635 3018 690 ibi
3066 635 3134 691 de
3162 637 3384 707 parvulo
3413 639 3595 711 bapti-

2002 734 2143 792 zato,
2175 727 2222 782 si
2249 727 2304 782 in
2333 728 2510 799 prima
2539 736 2718 798 aetate,
2769 727 2822 784 id
2858 736 2942 783 est
2976 726 3224 798 infantia,
3256 729 3370 786 sive
3415 731 3472 786 in
3500 748 3590 790 se-

2003 819 2204 888 cunda,
2243 820 2298 876 id
2327 829 2412 877 est
2455 821 2708 893 pueritia,
2750 821 3050 892 moriatur;
3080 821 3231 894 quod
3258 839 3360 879 nec
3406 825 3589 897 aliqua

2002 911 2316 984 purgatoria
2350 921 2631 969 tormenta
2674 921 2797 985 post
2826 921 3063 970 mortem
3104 905 3366 986 patiatur.
3398 920 3478 973 Ex
3503 917 3593 975 his

2002 1007 2191 1079 utique
2241 1005 2417 1062 verbis
2453 1022 2564 1062 non
2614 1007 2796 1079 inepte
2848 1007 3144 1079 colligitur,
3196 1011 3342 1080 quod
3383 1012 3589 1083 parvuli

2001 1109 2124 1172 post
2152 1099 2482 1173 baptismum
2509 1116 2668 1157 suam
2697 1101 3076 1158 innocentiam
3105 1118 3274 1176 usque
3299 1104 3358 1159 in
3406 1106 3588 1176 pueri-

2001 1195 2136 1251 tiam
2167 1211 2380 1251 servare
2408 1195 2723 1263 credantur,
2747 1211 2898 1251 \cum
2945 1205 3070 1267 post
3099 1207 3336 1253 mortem
3380 1200 3589 1255 nullam

2003 1289 2083 1344 vel
2110 1289 2477 1361 purgatoriam
2501 1305 2719 1361 prauam
2749 1289 2981 1345 subituri
3002 1305 3119 1346 esse
3143 1291 3412 1362 legantur.
3443 1295 3589 1363 Qua-

2001 1391 2222 1455 propter
2250 1382 2293 1439 si
2317 1382 2630 1455 hujusmodi
2665 1382 3067 1440 inﬁrmantibus
3116 1385 3352 1456 parvulis
3377 1385 3592 1441 unctio-
3643 1428 3654 1433 -

2000 1493 2126 1533 nem
2157 1476 2336 1534 facere
2380 1477 2734 1546 voluerimus,
2775 1493 2887 1533 non
2912 1493 3011 1550 pro
3058 1494 3276 1547 eorum,
3348 1478 3446 1534 sed
3490 1495 3589 1550 pro

1999 1570 2273 1642 majorum
2295 1571 2530 1643 peccatis
2545 1570 2826 1643 deprecari
2838 1587 3058 1628 necesse
3081 1571 3432 1640 haberemus,
3450 1588 3590 1645 quos

1999 1680 2171 1736 usque
2198 1665 2270 1721 ad
2295 1665 2451 1721 illam
2481 1665 2675 1721 horam
2699 1665 3016 1722 innocenter
3041 1666 3238 1722 vixisse
3271 1667 3588 1723 credamus.

2069 1761 2161 1815 IV.
2192 1758 2297 1816 Sed
2321 1775 2422 1816 nos
2450 1759 2723 1831 superflue
2752 1759 2819 1817 de
2835 1775 3028 1816 eorum
3048 1760 3308 1816 unctione
3336 1760 3589 1818 videmur

1995 1853 2261 1922 laborare,
2294 1869 2422 1910 cum
2448 1852 2569 1926 jam
2620 1869 2720 1909 nec
2752 1852 3008 1924 majores,
3041 1863 3239 1925 praeter
3279 1853 3587 1910 admodum

1997 1963 2237 2020 paucos,
2289 1947 2358 2004 de
2403 1948 2509 2004 hoc
2549 1947 2834 2004 videantur
2865 1963 3072 2004 curare.
3097 1952 3212 2004 Nec
3239 1964 3343 2004 nos
3397 1949 3586 2021 utique

1997 2040 2122 2097 ideo
2148 2049 2266 2097 tam
2310 2041 2595 2114 diligenter
2642 2042 2740 2097 ista
2769 2042 3123 2114 digessimus,
3179 2043 3333 2114 quasi
3381 2042 3500 2114 jam
3529 2044 3585 2098 in

1997 2135 2308 2208 generalem
2333 2151 2496 2191 usum
2522 2135 2779 2192 Ecclesia:
2804 2135 3026 2192 redacta
3048 2137 3128 2191 vel
3150 2134 3448 2209 redigenda
3468 2152 3587 2193 esse

1996 2237 2344 2302 putaremus;
2384 2228 2480 2285 sed
2509 2228 2690 2300 potius
2719 2228 2865 2293 ideo,
2916 2238 2977 2284 ut
3005 2228 3195 2284 amicis
3246 2229 3450 2285 nostris
3496 2245 3591 2287 sa-

1997 2321 2398 2390 tisfaceremus,
2444 2323 2540 2394 qui
2565 2322 2665 2378 etsi
2712 2323 2814 2394 ipsi
2840 2323 2971 2378 talia
3002 2321 3184 2378 facere
3207 2339 3320 2378 non
3348 2322 3585 2394 soleant,

1997 2416 2355 2473 libentissime
2384 2423 2566 2472 tamen
2595 2416 2796 2480 sciunt,
2825 2415 2958 2488 quid
2984 2415 3040 2470 in
3066 2415 3266 2471 talibus
3291 2415 3360 2471 sit
3380 2414 3584 2472 facien-

1997 2509 2155 2578 dum,
2206 2510 2252 2564 si
2278 2509 2419 2565 forte
2448 2508 2742 2581 aliquando
2782 2490 3075 2583 cujuslibet
3108 2509 3288 2565 ﬁdelis
3319 2508 3587 2566 indefessa

1999 2603 2286 2676 postulatio
2315 2602 2422 2658 hoc
2477 2603 2545 2658 ab
2574 2602 2654 2659 eis
2684 2604 2882 2674 exigat,
2913 2611 2973 2658 ut
3022 2602 3312 2673 parvulum
3342 2603 3460 2676 ejus
3507 2605 3585 2658 in-

1999 2696 2225 2753 ﬁrmum
2239 2696 2362 2752 oleo
2391 2704 2577 2752 sancto
2601 2705 2923 2768 perungant.
2952 2699 3063 2751 Nec
3088 2696 3272 2768 utique
3285 2696 3582 2767 desperan-

1995 2791 2151 2858 dum,
2183 2790 2313 2863 quin
2344 2798 2400 2846 et
2436 2790 2620 2845 unctio
2669 2790 3026 2862 parvulorum
3067 2789 3269 2844 alicubi
3298 2791 3482 2845 veniat
3531 2793 3584 2846 in

1995 2900 2180 2953 usum,
2212 2884 2354 2940 sicut
2381 2891 2435 2939 et
2482 2883 2667 2939 unctio
2699 2883 2991 2956 majorum,
3031 2897 3154 2954 quae
3181 2882 3368 2939 itidem
3414 2900 3583 2956 usque

1995 2978 2062 3034 ad
2089 2986 2274 3033 nostra
2299 2985 2546 3048 tempora
2578 2977 2795 3049 penitus
2823 2975 3104 3032 videbatur
3148 2975 3368 3032 abolita.
3399 2978 3456 3034 Si
3486 2994 3584 3033 au-

1937 3112 1951 3118 -
1993 3081 2104 3127 tem
2150 3087 2428 3144 nunquam
2458 3071 2548 3127 illa
2578 3070 2766 3128 unctio
2802 3069 2858 3125 in
2894 3085 3054 3125 usum
3108 3070 3340 3138 venerit,
3387 3086 3586 3143 nequa-

291 3166 350 3221 in
378 3165 761 3222 remissionem
784 3173 1135 3236 peccatorum
1152 3165 1425 3237 proﬁciat,
1459 3165 1603 3237 quod
1625 3166 1753 3222 solis
1778 3182 1886 3222 ma-
1914 3177 1961 3246 ρ
1996 3181 2163 3239 quam
2202 3174 2389 3222 tamen
2414 3180 2516 3222 nos
2550 3164 2890 3238 inquisitioni
2919 3163 3249 3236 simplicium
3272 3163 3506 3221 fratrum
3529 3165 3584 3220 in

283 3258 501 3330 joribus
549 3266 904 3330 competeret,
959 3258 1054 3316 sed
1104 3261 1161 3314 in
1187 3263 1359 3314 vitam
1414 3264 1687 3328 aeternam,
1742 3260 1889 3332 quod

291 3353 646 3424 parvulorum
672 3352 999 3409 innocentiae
1025 3368 1190 3409 nemo
1219 3352 1434 3410 dubitat
1461 3369 1776 3426 congruere.

367 3448 465 3503 III.
485 3447 746 3516 Quandiu
773 3453 960 3505 autem
990 3447 1203 3520 parvuli
1223 3447 1280 3502 in
1299 3447 1389 3504 illa
1427 3447 1746 3505 innocentia
1766 3463 1887 3521 per-

293 3671 696 3798 x(1150)11gno
727 3671 809 3725 De
833 3676 1036 3741 peccat.
1067 3669 1257 3727 merit.
1287 3671 1324 3725 l.
1355 3685 1398 3737 ι,
1427 3685 1479 3725 c.
1509 3675 1603 3741 20,
1629 3686 1686 3727 n.
1725 3677 1814 3739 27,
1841 3679 1882 3728 t.

355 3782 372 3798 .
409 3757 532 3798 nae.
633 3783 644 3795 .

447 3757 532 3797 δε.
562 3746 644 3797 15.

355 3757 547 3887 21385)
562 3757 808 3887 Ιὲἐυοθω
838 3813 1084 3887 pluribus
1106 3812 1221 3867 ﬁxit
1246 3812 1512 3887 theologis
1543 3813 1658 3887 haec
1687 3814 1742 3870 s.
1774 3817 1886 3870 Au-

294 3885 496 3956 gustini
537 3885 1024 3958 sementim—quam
1054 3893 1243 3940 tamen
1281 3885 1398 3955 ipse
1425 3885 1547 3940 tum
1577 3886 1614 3941 l.
1645 3901 1719 3952 c.,
1764 3894 1885 3942 tum

298 3971 428 4012 vero
485 3957 763 4027 praecipue
807 3957 846 4012 l.
879 3957 1008 4021 7m,
1033 3961 1241 4027 cap._5,
1294 3960 1370 4012 De
1397 3963 1735 4026 peccatorum
1775 3974 1884 4012 me-

299 4029 428 4082 ritis
456 4025 585 4100 satis
614 4025 866 4100 explicat,
897 4044 958 4083 ac
998 4025 1670 4100 manifestedemonstrat,
1704 4028 1887 4084 infan-

301 4107 385 4154 tes
413 4098 746 4172 manducare
802 4114 1001 4172 corpus
1031 4106 1086 4152 et
1115 4099 1431 4172 sanguinem
1469 4101 1715 4172 Domini,
1760 4117 1886 4155 cum

299 4184 400 4240 per
415 4169 750 4241 baptismum
779 4169 956 4228 eidem
989 4169 1253 4241 tanquam
1283 4170 1400 4225 viva
1432 4171 1680 4225 membra
1736 4171 1888 4226 inse-

299 4240 525 4308 runtur;
553 4242 626 4296 ait
647 4257 774 4297 vero
808 4261 820 4296 :
859 4267 882 4291 α
912 4240 1056 4312 Quid
1080 4250 1268 4296 autem
1295 4241 1538 4311 apertius
1560 4249 1647 4296 tot
1688 4242 1884 4296 tantis-

300 4328 412 4383 que
455 4313 790 4369 testimoniis
817 4313 1130 4370 divinorum
1160 4313 1532 4383 eloquiorum,
1576 4312 1774 4383 quibus
1803 4313 1886 4368 di-

296 4382 630 4456 lucidissime
654 4395 908 4456 apparet,
939 4401 1040 4440 nec
1081 4382 1282 4455 praeter
1316 4383 1516 4439 Christi
1567 4382 1886 4456 societatem

294 4454 370 4529 ad
397 4455 565 4511 vitam
591 4454 936 4529 salutemque
963 4454 1227 4529 aeternam
1248 4471 1406 4526 posse
1432 4471 1767 4528 quemquam
1797 4454 1888 4510 ho-

292 4526 515 4598 minum
543 4528 828 4598 pervenire
843 4526 933 4584 ?...
982 4528 1129 4584 unde
1157 4528 1218 4582 ﬁt
1256 4526 1629 4598 consequens,
1652 4535 1714 4582 ut
1739 4542 1882 4598 quo-

295 4597 450 4670 niam
477 4589 616 4654 nihil
646 4600 824 4670 agitur
879 4599 1050 4665 aliud,
1096 4615 1225 4655 cum
1268 4589 1472 4670 parvuli
1510 4589 1878 4670 baptizaiftur,
1915 4589 1965 4651 D

295 4669 488 4740 nisiut
534 4669 952 4740 incorporentur
998 4671 1276 4734 Ecclesiae,
1305 4669 1362 4724 id
1410 4677 1494 4725 est
1537 4669 1740 4726 Christi
1768 4686 1886 4726 cor-

294 4739 418 4812 pori
444 4739 814 4812 membrisque
852 4743 1150 4809 socientur,
1182 4740 1553 4812 manifestum,
1587 4741 1648 4796 ﬁt
1694 4757 1788 4798 eos
1817 4741 1884 4797 ad

293 4811 744 4880 damnationem,
763 4813 869 4869 nisi
899 4814 1001 4869 hoc
1021 4815 1100 4869 eis
1125 4813 1384 4868 collatum
1417 4811 1606 4882 fuerit,
1644 4813 1883 4882 pertine-

294 4899 427 4966 re...
455 4888 547 4966 _Ac.
584 4900 681 4966 per
711 4885 837 4952 hoc,
869 4886 914 4940 si
957 4885 1198 4966 ambigui
1227 4882 1431 4966 aliquid
1471 4881 1686 4966 habent.
1723 4882 1882 4966 verba

293 4953 625 5027 apostolici,
651 4973 750 5027 per
777 4973 943 5011 unum
973 4953 1259 5021 homihem,
1282 4962 1411 5018 etc.,
1441 4953 1690 5024 nunquid
1713 4953 1883 5009 etiam

294 5025 432 5081 illud
447 5045 466 5078 :
481 5027 620 5093 Quia
638 5025 749 5083 uisi
768 5029 1214 5083 Ama-nducaveriut
1234 5027 1480 5081 homines
1508 5041 1723 5080 carnem
1745 5028 1879 5095 ejus,

295 5096 407 5169 hoc
434 5105 540 5164 est,
571 5099 856 5169 participes
909 5098 1036 5153 facti
1066 5100 1266 5155 fuerint
1309 5096 1558 5169 corporis
1593 5096 1744 5168 ejus,
1775 5113 1882 5151 non

293 5167 791 5248 habebunt—vitant?
807 5171 1085 5248 Hisatque
1106 5169 1196 5248 huj
1205 5167 1419 5248 usmodi
1441 5167 1578 5248 aliis,
1592 5167 1883 5248 quantine

293 5248 589 5312 praetereo,
621 5242 952 5297 testimoniis
976 5239 1158 5297 divina
1177 5239 1301 5296 luce
1330 5239 1882 5312 clarissimis,idivina

290 5310 615 5367 auctoritate
659 5312 1010 5380 certissimis,
1037 5327 1218 5368 nonne
1242 5312 1444 5367 veritas
1481 5310 1597 5365 sine
1627 5311 1735 5365 ulla
1764 5325 1881 5364 am-

292 5381 568 5455 biguitate
596 5384 928 5455 proclamat,
954 5400 1066 5439 non
1095 5382 1273 5439 solum
1299 5383 1356 5437 in
1387 5397 1616 5455 regnum
1647 5383 1881 5455 Deinon

290 5453 611 5523 baptizatos
627 5455 1104 5525 parvulosintrare
1129 5469 1243 5508 non
1269 5469 1446 5525 posse,
1466 5453 1562 5525 sed
1588 5468 1687 5508 nec
1709 5453 1880 5509 vitam

291 5531 564 5597 aeternam
606 5523 765 5597 posse
809 5526 1009 5582 habere
1036 5533 1230 5597 prater
1256 5523 1474 5597 Christi
1513 5540 1745 5594 corpus,
1789 5525 1879 5579 cui

291 5603 360 5650 ut
383 5595 825 5708 igicorporentur,
876 5595 1221 5654 sacramento
1254 5595 1589 5667 baptismatis
1617 5597 1877 5653 imbuun-

291 5675 386 5708 tur
461 5690 489 5708 ιι

289 5675 420 5723 tur?
461 5690 489 5717 η
1440 5722 1441 5725 η

368 5742 548 5806 (1152)
578 5741 658 5795 Ex
702 5739 990 5798 ordinibus
1031 5739 1302 5798 Romanis
1349 5747 1566 5794 constat
1592 5779 1607 5804 ,
1664 5739 1876 5794 saeculis

290 5823 434 5883 vm,
457 5824 521 5866 Ix
553 5818 608 5866 et
629 5826 693 5878 x,
725 5813 976 5883 parvulos
995 5813 1188 5869 eodem
1209 5810 1660 5883 diebaptismate,
1683 5810 1877 5883 conﬁr-

286 5881 540 5939 matione
567 5890 623 5938 et
651 5879 971 5954 eucliaristia
999 5885 1192 5942 solitos
1234 5879 1404 5940 fuisse
1425 5880 1638 5948 donari,
1671 5879 1763 5937 ubi
1792 5880 1871 5936 si-

1997 3259 2081 3317 his
2107 3260 2321 3332 scriptis
2354 3257 2679 3316 satisfecisse
2701 3259 2908 3332 pigebit
2937 3263 3140 3325 (1154).

2065 3355 2134 3410 V.
2187 3353 2241 3410 Si
2280 3352 2502 3427 quando
2530 3355 2716 3410 autem
2767 3352 2881 3424 ipsa
2928 3351 3220 3408 inﬁrmitas
3266 3351 3584 3425 hujusmodi

1996 3448 2282 3522 parvulum
2306 3447 2373 3504 de
2397 3447 2500 3503 hac
2526 3447 2635 3503 vita
2657 3447 2891 3503 transire
2915 3445 3174 3520 coegerit,
3215 3462 3326 3503 non
3366 3444 3582 3503 videtur

1995 3669 2113 3727 mul
2143 3668 2364 3725 additur
2395 3688 2410 3722 :
2434 3671 2536 3723 Per
2562 3668 2706 3723 illud
2721 3668 2966 3737 parvulis
2989 3667 3378 3737 prouidendum
3401 3677 3496 3734 est,
3525 3672 3588 3722 ut

1993 3747 2277 3812 postquam
2301 3741 2568 3810 baptizati
2578 3741 2810 3808 fuerint,
2839 3755 3006 3808 neque
3021 3739 3284 3794 iactentur
3301 3741 3418 3794 sine
3442 3755 3584 3793 sum-

1996 3811 2084 3867 ma
2123 3814 2452 3874 necessitate,
2488 3818 2785 3881 antequam
2821 3811 3208 3865 communicent
3248 3815 3583 3866 sacramento

1993 3887 2232 3954 corporis
2262 3885 2482 3940 Christi.
2527 3882 2907 3954 lndulgentior
2926 3881 3325 3954 aliquantulum
3364 3883 3587 3936 ineunte

1993 3952 2194 4012 saculo
2223 3971 2315 4011 νη
2338 3954 2443 4009 fuit
2471 3952 2768 4026 Gregorius
2796 3955 2900 4024 M.,
2931 3952 3024 4024 qui
3047 3952 3102 4007 in
3141 3954 3582 4026 Sacramentario

1993 4043 2093 4082 suo
2123 4026 2190 4082 de
2207 4027 2446 4084 Sahbato
2471 4023 2658 4082 sancto
2677 4026 2794 4082 haec
2813 4023 2966 4080 notat
2994 4043 3010 4076 :
3037 4026 3142 4092 Qui
3164 4027 3328 4080 etiam
3351 4023 3583 4080 infantes

1994 4116 2097 4153 non
2117 4100 2476 4169 prohibentur
2497 4100 2693 4152 iacta-ri
2710 4101 2832 4151 ante
2842 4113 3052 4151 sacram
3079 4097 3512 4169 communionem,
3535 4097 3586 4150 si

1993 4166 2201 4225 necesse
2227 4173 2420 4236 fuerit.
2451 4169 2780 4224 Communio
2801 4176 2985 4223 autem
3011 4167 3365 4238 parvulorum
3391 4166 3446 4238 in
3486 4182 3582 4238 ex-

1995 4242 2188 4296 tremis
2208 4240 2352 4296 haud
2381 4239 2516 4296 adeo
2557 4241 2615 4294 in
2647 4240 2793 4310 praxi
2817 4238 2938 4310 fuit,
2967 4236 3029 4310 ut
3053 4237 3138 4310 illa
3188 4251 3376 4310 recen
3402 4236 3580 4310 bapti-

1993 4321 2266 4377 zatorum,
2297 4311 2440 4366 unde
2463 4310 2563 4380 piis
2583 4307 2836 4380 Bernaldi
2866 4309 3150 4364 desideriis
3174 4307 3464 4380 tribuenda
3501 4315 3584 4380 est

1993 4382 2110 4453 ejus
2135 4382 2199 4436 de
2229 4381 2313 4436 his
2341 4379 2529 4453 illatio.
2561 4379 2828 4453 Sufﬁcere
2843 4395 3079 4453 namque
3106 4379 3415 4453 credeb_ant_
3436 4379 3582 4453 anti-

1996 4449 2108 4525 qui,
2134 4461 2195 4507 ut
2237 4452 2403 4525 semel
2438 4451 2640 4525 saltem
2670 4459 2792 4522 post
2817 4450 3154 4520 baptismum
3196 4449 3584 4525 eucharistiam

1995 4519 2330 4596 perciperent
2369 4521 2623 4596 infantes,
2656 4519 2951 4596 antequam
2999 4535 3159 4596 usu_m
3189 4519 3414 4574 rationis
3443 4520 3585 4596 obti-

1995 4590 2207 4652 herent.
2249 4599 2434 4666 Neque
2486 4594 2740 4666 adducta
2779 4590 2984 4666 paritas
3031 4590 3203 4666 valet;
3249 4607 3379 4666 nam
3418 4591 3581 4666 etiam

1996 4668 2222 4740 perditis
2268 4661 2666 4740 peccatoribus,
2710 4661 3016 4740 dummodo
3058 4661 3476 4740 paenitentibus,
3525 4663 3582 4718 in
3661 4674 3670 4682 '

1995 4733 2249 4794 extremis
2269 4733 2669 4809 providendum
2693 4735 2902 4809 erat_de
2925 4735 3031 4790 hoc
3053 4733 3322 4802 remedio,
3353 4750 3462 4806 quo
3483 4751 3578 4807 pa-

1992 4812 2097 4865 vuli
2132 4807 2453 4864 innocentes
2479 4807 2714 4863 necdum
2744 4807 3010 4878 indigent.

2064 4886 2249 4948 (1153)
2273 4884 2354 4935 De
2383 4880 2486 4935 hoc
2514 4878 2784 4935 infantum
2816 4876 3002 4934 osculo
3029 4876 3447 4950 agitﬁquidemS.
3465 4880 3579 4950 iCy-f

2031 4953 2214 5007 rianus
2239 4951 2292 5007 in
2321 4951 2551 5022 epistola
2583 4954 2651 5005 64
2671 4951 2750 5022 ad,
2769 4951 2989 5016 Fidum,
3020 4948 3111 5003 ubi
3137 4957 3321 5004 tamen
3349 4949 3488 5022 illud
3513 4948 3582 5004 ad

2031 4969 2214 5007 nanus
2239 4969 2292 5007 In
2321 4969 2551 5022 episrma
2583 4969 2651 5005 σιξ
2671 4969 2740 5005 an
2770 4969 2989 5016 riuum,
3020 4969 3111 5003 llDl
3137 4969 3321 5004 tamen
3349 4969 3482 5004 uiua
3513 4969 3581 5004 aa

1991 4969 2329 5096 baptismum
2357 5023 2625 5096 duntaxat
2666 5021 2853 5089 refert,
2885 5030 3010 5096 post
3038 5036 3199 5092 quem
3230 5029 3361 5096 tunc
3403 5018 3581 5076 infan-

1993 5093 2140 5151 tibus
2170 5094 2394 5150 calicem
2433 5094 2626 5149 saltem
2655 5109 2871 5150 sacrum
2905 5093 3067 5149 fuisse
3097 5093 3470 5164 propinatum,
3517 5107 3583 5148 ex

1990 5167 2132 5223 libro
2161 5167 2278 5238 ejus
2311 5172 2386 5224 De
2415 5167 2580 5236 lapsis
2607 5166 2934 5238 colligimus.

2067 5231 2427 5305 (11511)Hunc
2452 5231 2621 5292 etiam
2642 5231 2819 5293 solum
2838 5237 2920 5292 sui
2945 5237 3047 5293 hac
3075 5237 3131 5290 in
3169 5251 3227 5291 re
3248 5232 3448 5308 laboris
3471 5231 3579 5308 fru-
3673 5285 3684 5308 1

1989 5319 2140 5386 ctum
2187 5310 2313 5366 tulit
2334 5317 2570 5386 auctor,
2613 5324 2718 5386 nec
2774 5310 2919 5386 enim
2978 5305 3334 5386 unquamdin
3390 5305 3578 5386 praxin

1989 5381 2289 5439 deductum
2331 5379 2434 5436 fuit
2483 5379 2634 5436 istud
2663 5382 2975 5445 consilium,
3021 5377 3117 5433 sed
3186 5377 3265 5430 uti
3330 5381 3578 5431 extrema

1989 5453 2173 5528 unctio
2209 5454 2285 5528 sic
2315 5460 2370 5528 et
2396 5451 2737 5528 Eucharistia
2780 5450 3082 5528 infantibus
3145 5447 3409 5528 saltema
3442 5461 3577 5518 qua-

1988 5523 2293 5600 dringentis
2317 5523 2432 5600 jam
2477 5523 2766 5600 annis_fuit
2817 5516 3577 5600 prohibita.Alicubi_tafnen

1987 5588 2264 5667 hodiéque
2317 5588 2392 5667 in
2421 5595 2747 5667 memoriam
2815 5588 3018 5667 antiqui
3053 5589 3204 5667 ritus
3259 5588 3578 5667 praebentur

1986 5665 2133 5722 hisce
2164 5660 2498 5734 infantibus,
2533 5667 2668 5722 dum
2698 5665 2753 5719 in
2798 5660 3173 5734 puriﬁcatione
3200 5661 3394 5734 matris
3434 5660 3572 5734 ofte-

1986 5744 2205 5806 runtur,
2230 5738 2426 5807 aliqua:
2455 5731 2684 5809 guttula:
2708 5751 2774 5792 ex
2800 5731 3078 5791 ablutione
3105 5733 3290 5793 salicis
3314 5731 3572 5791 sacerdo-

1985 5809 2110 5867 talis
2147 5809 2204 5866 in
2226 5809 2491 5867 sacriﬁcio
2517 5809 2715 5866 missae.

3460 326 3596 384 1274
3679 365 3682 368 -
