4062 6182
525 305 664 358 1275

1529 297 1620 349 AD
1659 295 1886 349 ΟΡΕΡιΑ
1923 294 1978 348 S.
2020 291 2343 348 GREGORII
2379 291 2814 347 APPENDICES.

3683 293 3705 344 Ι
3719 291 3821 343 2⁸76

527 443 644 484 esse
670 425 1061 486 necessarium,
1092 430 1155 476 ut
1174 421 1354 476 omnia
1381 420 1438 475 in
1487 420 1604 492 ejus
1634 416 1896 491 obsequio
1924 417 2114 474 dican—
2143 422 2196 483 Α
2226 417 2408 473 tiones
2432 415 2754 490 subjiciunt,
2794 431 2916 488 qua:
2942 429 3115 471 annos
3137 414 3462 471 temeritatis
3503 412 3823 487 praecedunt

533 530 644 588 tur,
682 535 802 590 quae
844 517 902 571 in
955 515 1228 586 majorum
1261 513 1738 570 commendatione
1767 522 2116 568 mortuorum

533 598 825 674 usitantur,
857 618 910 665 et
937 608 1043 664 illa:
1081 608 1310 664 minime
1335 608 1632 671 orationes,
1664 623 1786 678 quae
1814 607 2121 679 specialiter

529 713 694 779 agunt
723 704 790 761 de
820 711 1167 775 peccatorum
1199 703 1534 771 remissione,
1579 702 1719 757 sicut
1749 709 1804 756 et
1827 717 1990 772 supra
2021 715 2119 757 no-

526 799 763 854 tavimus
790 795 860 854 de
888 799 1163 853 unctione.
1198 797 1487 852 Credimus
1520 795 1667 850 enim
1693 795 1814 850 illos
1834 811 1864 850 a
1892 795 2122 865 peccatis

527 909 556 947 a
584 895 702 947 Deo
723 891 1025 958 absolutos,
1040 891 1166 945 utin
1186 890 1273 946 illa
1295 899 1457 946 aetate
1479 890 1521 944 si
1543 889 1873 953 moriantur,
1892 887 2121 943 certissi-

526 1001 682 1040 mum
713 984 872 1039 nobis
894 985 965 1039 sit
994 983 1140 1054 quod
1165 999 1263 1038 nec
1303 982 1674 1055 purgatoriam
1707 997 1922 1052 pcenam
1954 997 2115 1052 expe-

526 1077 754 1134 riantur.
789 1079 948 1134 Tales
971 1093 1099 1148 ergo
1133 1093 1262 1133 cum
1280 1077 1349 1132 ad
1377 1075 1749 1148 sepeliendum
1773 1073 2113 1142 deferuntur,

522 1172 752 1245 quidam
781 1172 911 1226 satis
939 1179 1096 1228 caute
1120 1172 1310 1227 usuale
1327 1170 1652 1241 obsequium
1677 1185 1789 1224 non
1819 1185 1879 1224 ex
1905 1170 2114 1241 integro

529 1263 739 1332 dicunt,
769 1265 864 1321 sed
912 1267 1150 1337 psalmos
1177 1274 1418 1332 tantum,
1469 1264 1666 1336 quibus
1695 1272 1806 1318 tres
1851 1263 1968 1316 illas
1999 1278 2116 1317 ora-

2229 528 2352 586 quae
2395 511 2644 567 videlicet
2673 511 2950 566 orationes
2991 509 3058 566 de
3115 507 3431 580 hujusmodi
3479 508 3822 565 absolutione

2227 607 2366 663 nihil
2392 606 2644 662 videntur
2672 621 2866 677 agere;
2899 604 2974 659 sic
2993 605 3144 659 enim
3175 611 3229 657 et
3268 603 3496 658 honeste
3529 602 3652 658 illos
3667 618 3816 673 sepe-

2227 701 2414 766 limus,
2459 715 2560 754 nec
2612 697 2816 770 aliquid
2866 705 3049 752 tamen
3096 705 3286 752 contra
3345 695 3514 751 ﬁdem
3568 703 3820 752 nostram

2228 794 2504 866 postulare
2533 793 2804 849 videmur.
2850 794 2970 847 Hoc
2995 799 3180 847 autem
3217 805 3458 846 canones
3486 789 3817 862 generaliter

2226 887 2564 960 praecipiunt,
2596 895 2659 941 ut
2678 901 2908 956 corpora
2931 884 3320 941 defunctorum
3344 900 3472 939 cum
3503 883 3741 954 psalmis
3759 881 3825 938 ad

2226 981 2567 1052 sepulturam
2597 979 2936 1036 deducantur
2967 997 2980 1033 :
3023 986 3078 1033 et
3106 977 3213 1034 hoc
3237 977 3369 1034 satis
3405 992 3675 1048 congrue,
3705 976 3824 1048 quia

2227 1075 2282 1130 in
2314 1074 2423 1129 illis
2449 1089 2551 1128 vox
2582 1073 2844 1129 Ecclesiae
2877 1087 2977 1144 pro
3001 1070 3258 1128 omnibus
3282 1069 3546 1126 membris
3570 1070 3689 1125 suis
3716 1085 3826 1125 non

2222 1167 2512 1224 dubitatur
2533 1182 2712 1223 orare.

1273 1549 2038 1740 BEBNOLDI
2146 1545 3079 1677 CHBONICON.

1331 1788 1566 1854 (Pnn'rz,
1594 1787 1824 1842 Monum.
1851 1785 2027 1843 Germ.
2059 1784 2187 1839 hist.
2219 1785 2418 1855 δοτῆρι.
2449 1790 2588 1838 tom.
2622 1785 2689 1849 V,
2721 1797 2844 1854 pag.
2879 1786 3024 1847 385.)

1509 2057 2328 2140 OBSERVATIONES
2403 2056 2847 2136 PRZEVUE.
2872 2146 2888 2158 κ

600 2237 748 2290 Inter
776 2233 1020 2306 reliquas
1040 2233 1336 2305 superioris
1360 2233 1680 2290 Germaniae
1701 2232 1962 2288 dimceses
1982 2232 2122 2286 Con-
2153 2236 2200 2298 B
2223 2229 2537 2304 judicandaa
2566 2238 2772 2296 essent,
2795 2227 3098 2285 Bernoldus
3121 2227 3370 2283 fontibus
3388 2227 3630 2282 historiae
3655 2225 3835 2282 eccle-

529 2327 840 2383 stantiensis
888 2328 1157 2398 praecipue
1185 2327 1482 2383 schismate
1513 2326 1658 2396 quod
1704 2326 1902 2382 saeculo
1949 2324 2127 2381 unde-

533 2421 682 2476 cimo
711 2429 940 2476 exeunte
969 2420 1261 2490 imperium
1313 2429 1368 2474 et
1411 2419 1706 2474 Ecclesiam
1739 2419 1990 2475 laceravit
2015 2419 2124 2491 agi--

519 2521 668 2582 ,tata,
712 2516 1035 2584 scriptorem
1075 2512 1248 2568 edidit
1289 2513 1382 2584 qui
1413 2529 1499 2568 res
1531 2529 1630 2568 suo
1671 2523 1915 2583 tempore
1943 2521 2123 2582 gestas

532 2615 588 2662 et
614 2607 684 2662 ab
720 2607 836 2678 ipso
862 2607 976 2662 visu
999 2605 1262 2662 audituve
1282 2614 1557 2678 perceptas
1586 2610 1766 2676 (1155)
1805 2605 1878 2661 ad
1906 2605 2122 2662 laudem

533 2709 586 2756 et
627 2701 859 2768 gloriam
907 2700 1006 2754 Dei
1039 2700 1284 2755 ﬁdelibus
1313 2700 1640 2755 annuntiare
1680 2701 1935 2770 suscepit.
1987 2703 2119 2754 Ber-

530 2794 730 2849 noldus
774 2794 990 2865 juvenis
1020 2798 1219 2865 (1156),
1252 2793 1432 2849 clerici
1471 2793 1771 2866 conjugati,
1797 2803 1859 2849 ut
1883 2793 2120 2862 videtur,

537 2887 680 2942 ﬁlius
708 2891 914 2956 (1157),
957 2896 1012 2942 et
1053 2887 1372 2944 Bernhardo
1399 2897 1733 2958 praeceptore
1765 2890 1948 2957 (1158)
1995 2887 2124 2942 reli-

531 2982 694 3052 gione
719 2988 774 3036 et
801 2980 1088 3051 prudentia
1122 2981 1319 3052 insigni
1348 2986 1526 3046 (1159)
1557 2981 1611 3035 in
1631 2981 1831 3036 scholis
1856 2984 2122 3036 Constan-

533 3073 799 3130 tiensibus
824 3071 1093 3136 eruditus,
1128 3080 1289 3144 atque
1317 3075 1369 3128 in
1390 3074 1743 3129 celeberrimo
1769 3082 1900 3128 tunc
1936 3074 2123 3129 Sancti

531 3167 694 3222 Blasii
739 3167 994 3223 coenobio
1034 3167 1367 3222 monachum
1409 3167 1687 3238 professus
1726 3173 1928 3234 (1160),
1977 3184 2121 3223 anno

533 3269 656 3333 post
708 3260 964 3316 Carolum
1021 3259 1338 3332 episcopum
1382 3261 1758 3318 Simoniacum
1805 3262 1860 3316 in
1912 3261 2122 3330 synodo

533 3354 859 3428 Moguntina
874 3353 1185 3425 depositum
1203 3354 1411 3410 scilicet
1430 3360 1567 3410 1072
1578 3363 1807 3410 exeunte
1825 3363 1920 3410 aut
1933 3354 2121 3426 primis

532 3449 664 3503 anni
702 3454 837 3502 1073
881 3447 1178 3515 mensibus,
1211 3448 1481 3503 Chronica
1531 3464 1627 3503 sua
1670 3448 1889 3519 inccepit
1916 3453 2120 3517 (1161),

499 3563 505 3569 κ
531 3549 586 3594 et
613 3541 754 3596 inter
778 3541 1130 3612 gravissimas
1170 3557 1355 3597 rerum
1394 3542 1592 3612 quibus
1622 3543 1886 3597 intererat
1913 3542 2124 3597 vicissi-

530 3635 747 3690 tudines
775 3651 868 3705 per
896 3635 1306 3706 duodetriginta
1327 3651 1498 3689 annos
1517 3635 1584 3690 ad
1610 3635 1916 3690 duodecimi
1937 3636 2119 3691 saeculi

533 3726 751 3781 initium
795 3743 967 3798 usque
1004 3728 1245 3784 deduxit.
1292 3728 1643 3784 Bernhardus
1694 3737 2018 3800 praeceptor,
2072 3729 2126 3784 in

534 3834 698 3874 causa
728 3822 904 3875 sancti
937 3822 1082 3876 Petri
1138 3821 1591 3887 ferventissimus,
1645 3822 1973 3892 discipulum
2013 3838 2124 3877 non

535 3911 722 3966 minus
779 3911 1081 3967 ferventem
1127 3914 1508 3968 ecclesiasticae
1546 3913 1812 3970 libertatis
1859 3915 2126 3971 vindicem

534 4004 885 4061 enutriverat.
931 4008 1074 4061 Nam
1117 4021 1242 4060 cum
1278 4006 1410 4077 ipsae
1459 4007 1792 4078 quaastiones
1833 4024 1956 4079 quae
1986 4009 2124 4065 inter

532 4097 827 4168 imperium
855 4108 908 4155 et
937 4099 1254 4167 Ecclesiam,
1285 4100 1427 4156 inter
1449 4100 1782 4170 Gregorium
1807 4110 1861 4156 et
1912 4102 2126 4158 Wiber-

539 4201 682 4259 tum,
715 4193 858 4248 inter
887 4193 1208 4248 Heinricum
1244 4201 1298 4248 et
1314 4193 1678 4262 Ruodolfum,
1716 4210 2019 4268 eorumque
2042 4212 2128 4252 se—

536 4302 734 4359 quaces
767 4287 1142 4360 agitabantur,
1174 4303 1238 4343 ex
1258 4287 1382 4360 jure
1411 4287 1628 4360 publico
1654 4296 1708 4344 et
1734 4290 1999 4345 canonico
2037 4289 2125 4346 di-

2232 2324 2467 2380 siastica:
2488 2332 2543 2379 et
2567 2324 2736 2380 sacris
2753 2322 3053 2378 canonibus
3081 2322 3376 2394 diligenter
3395 2321 3655 2385 evolutis,
3678 2327 3834 2374 totus

2229 2420 2286 2474 in
2317 2417 2566 2490 Gregorii
2599 2421 2695 2472 V11
2725 2425 2908 2473 castra
2957 2417 3193 2481 transiit,
3223 2425 3277 2472 et
3318 2415 3622 2471 acerrimus
3666 2413 3831 2468 dein-

2229 2529 2355 2584 ceps
2415 2512 2763 2568 decretorum
2812 2511 2927 2583 ejus
2980 2517 3169 2566 contra
3221 2509 3584 2576 Simoniacos,
3636 2517 3833 2563 contra

2227 2606 2452 2662 clericos
2490 2607 2900 2661 incontinentes
2936 2612 2989 2660 et
3027 2605 3375 2660 investituras
3402 2604 3679 2658 laicorum
3721 2602 3831 2658 de.-

2228 2700 2415 2756 fensor
2464 2707 2518 2754 et
2570 2706 2945 2771 propugnator
2991 2698 3218 2753 exstitit.
3269 2698 3458 2752 Talem
3509 2712 3606 2767 per
3647 2705 3834 2752 totum

2231 2793 2629 2850 Chronicorum
2657 2793 2951 2848 decursum
2982 2791 3374 2863 conspicimus,
3422 2791 3595 2846 talem
3625 2807 3684 2846 se
3705 2799 3835 2846 tum

2231 2887 2356 2942 aliis
2385 2887 2571 2942 multis
2617 2887 2856 2957 scriptis,
2887 2893 3008 2941 tum
3065 2885 3231 2941 verbo
3279 2892 3334 2940 et
3368 2883 3510 2939 facto
3555 2884 3834 2940 exhibuit.

2231 2983 2371 3036 Nam
2384 2996 2528 3035 anno
2547 2986 2706 3047 1076,
2722 2980 2958 3035 dictante
2981 2984 3164 3044 (1162)
3189 2977 3482 3035 Adalberto
3513 2978 3837 3049 presbytero

2232 3083 2288 3129 ct
2342 3075 2623 3130 monacho
2670 3073 2927 3145 epistolas
2994 3071 3064 3128 ad
3110 3071 3437 3143 discipulum
3483 3071 3603 3142 ejus
3646 3077 3839 3137 (1163}

2233 3166 2618 3223 Bernbardum
2670 3176 3060 3238 praeceptorem
3130 3181 3289 3221 suum
3349 3164 3418 3220 de
3470 3163 3840 3221 damnatione

2229 3260 2706 3317 schismaticorum
2737 3260 2955 3331 scripsit
2984 3263 3185 3328 (1164),
3231 3268 3400 3331 atque
3427 3274 3547 3313 cum
3582 3259 3838 3315 Alboino

2232 3355 2550 3428 presbytero
2577 3354 2986 3409 Constantiensi
3011 3369 3249 3426 praesens
3292 3361 3349 3408 et
3375 3369 3471 3424 per
3496 3353 3709 3408 litteras
3763 3351 3839 3408 de

2234 3448 2624 3504 incontinentia
2654 3447 2982 3503 clericorum
3030 3446 3328 3518 disputavit
3361 3449 3577 3514 (1165);
3607 3462 3660 3500 a.
3690 3450 3834 3501 1077

2235 3541 2635 3614 apologeticum
2659 3557 2757 3610 pro
2783 3540 3014 3596 decretis
3037 3541 3292 3610 Gregorii
3313 3541 3414 3596 VII
3447 3538 3714 3594 adversus
3741 3540 3830 3595 Si-

2237 3636 2523 3691 moniacos
2551 3643 2606 3690 et
2660 3634 3072 3691 incontinentes
3097 3633 3314 3704 scripsit
3356 3635 3568 3700 (1166).
3600 3632 3832 3689 Biennio

2232 3739 2355 3802 post
2381 3734 2646 3786 Romanae
2669 3728 2878 3799 synodo
2900 3736 3089 3783 contra
3123 3725 3511 3798 Berengarium
3539 3728 3832 3782 Turonen-

2230 3839 2348 3880 sem
2376 3822 2575 3879 habitae
2628 3821 2895 3890 interfuit,
2933 3830 2988 3876 et
3015 3820 3404 3893 Berengarium
3436 3819 3494 3874 in
3524 3820 3710 3875 media
3739 3836 3832 3893 sy-

2230 3917 2378 3973 nodo
2403 3916 2790 3982 constitutum,
2818 3915 3182 3986 haresimque
3225 3913 3292 3969 de
3321 3929 3555 3983 corpore
3601 3914 3823 3968 Domini

2236 4009 2465 4082 propriae
2485 4025 2682 4066 manus
2710 4017 3054 4064 sacramento
3083 4007 3428 4064 abdicantem
3461 4005 3594 4061 vidit
3623 4012 3827 4073 (1167).

2235 4106 2487 4176 Cumque
2503 4104 2618 4176 jam
2643 4111 2798 4158 antea
2825 4101 3051 4158 familia:
3088 4099 3369 4157 Bertholdi
3397 4099 3559 4156 ducis
3586 4099 3830 4156 admira-

2234 4199 2387 4254 tione
2436 4197 2744 4252 Hermanni
2773 4195 2865 4252 ﬁlii
2889 4196 3010 4269 ejus
3055 4195 3383 4267 conjunctus
3423 4201 3566 4250 esset
3610 4193 3822 4262 (1168),

2235 4307 2382 4347 anno
2413 4297 2550 4348 1084
2576 4291 2632 4346 in
2661 4289 2953 4346 festivitate
3001 4289 3177 4346 sancti
3222 4287 3452 4344 Thema:
3479 4303 3605 4344 cum
3637 4285 3827 4343 Gebe-

2067 4399 2299 4454 NOTAE.

567 4560 573 4564 1
605 4494 788 4557 (1155)
819 4490 1025 4546 Chron.
1055 4505 1104 4545 a.
1137 4494 1294 4544 1086.

605 4567 784 4627 (1156)
814 4566 879 4617 A.
917 4566 1075 4625 1079,
1128 4567 1326 4632 Optatw
1373 4563 1571 4617 indolis
1598 4563 1883 4630 Bernalde,
1913 4565 2127 4632 ﬂoscule

535 4649 786 4696 vernans,
861 4642 984 4688 tum
1037 4636 1160 4694 tiro,
1209 4636 1434 4702 juvenis
1496 4633 1667 4690 audit.
1725 4632 1806 4690 Cf.
1870 4637 2123 4691 Usserm.

538 4702 732 4774 Prodr.
768 4707 842 4768 ll,
873 4720 926 4774 p.
956 4709 1081 4768 214,
1107 4709 1231 4773 247,
1263 4710 1390 4762 248.

613 4773 793 4844 (1157)
820 4773 898 4846 Ib.
920 4791 973 4846 ρ.
1002 4780 1126 4830 248.

610 4849 792 4910 (1158)
832 4845 1002 4916 11η).
1043 4850 1168 4900 230.

609 4915 1014 4982 (1159)(1111611.
1045 4933 1096 4972 a.
1129 4921 1265 4972 1088
1291 4925 1347 4972 et
1374 4919 1591 4974 Necrol.

611 4991 796 5053 (1160)
837 4989 1090 5063 Quonam
1132 5003 1277 5042 anno
1333 4988 1437 5043 hoc
1469 4987 1670 5045 factum
1703 4990 1775 5044 sit
1815 4991 2123 5063 ignoratur.

537 5061 802 5130 Neugart,
835 5074 922 5130 ep.
953 5060 1166 5127 Const.,
1189 5076 1241 5130 p.
1275 5064 1404 5130 504,
1439 5076 1583 5114 anno
1618 5067 1750 5116 1085
1792 5060 2126 5118 Bérnoldum

539 5129 883 5203 Gebehardi:
900 5129 1218 5203 Constantia
1275 5129 1492 5203 profugi
1549 5135 1812 5187 comitem
1865 5136 2126 5190 Sanctum

537 5201 781 5256 Blasium
811 5200 1008 5257 adiisse
1029 5210 1234 5258 censet.

609 5277 788 5340 (1161)
819 5274 1003 5330 Codex
1061 5272 1434 5345 autographus
1463 5271 1776 5345 Chronicon
1806 5273 1948 5345 inde
1977 5273 2046 5328 ab
2073 5289 2120 5329 a.

542 5349 698 5412 1073,
729 5346 892 5415 Cujus
917 5343 1234 5415 prudentid,
1265 5343 1400 5415 θεοί,
1429 5352 1575 5398 certe
1613 5344 1744 5398 inde
1772 5343 1839 5398 ab
1864 5361 1911 5399 a.
1967 5351 2124 5413 1074,

537 5413 874 5470 Hennamius
894 5413 1158 5476 rizarchio,
1175 5423 1318 5488 _etc.,
1340 5413 1563 5488 diverso
1589 5423 1836 5488 tempore
1861 5417 2124 5488 scriptum

538 5500 656 5540 esse
691 5497 994 5549 monstrat;
1025 5496 1079 5540 et
1104 5485 1302 5539 collato
1333 5485 1654 5556 Necrologio
1681 5486 1826 5556 quod
1855 5485 2125 5545 Chronico

538 5558 905 5626 praemittitur,
943 5558 1057 5611 dies
1085 5556 1270 5627 obitus
1298 5555 1544 5610 virorum
1578 5555 1674 5627 qui
1697 5555 1851 5612 fante
1900 5561 2122 5616 Petrum

539 5629 795 5682 Damiani
825 5629 1199 5693 decesserunt,
1230 5626 1272 5681 si
1312 5643 1515 5696 paucos
1544 5626 1728 5699 postea
1760 5630 1993 5687 insertos
2031 5650 2124 5686 ex-

540 5699 729 5769 cipias,
782 5699 986 5774 eadem-
1022 5715 1125 5774 qua
1169 5699 1560 5774 _Nec_rologium
1611 5715 1774 5756 manu
1816 5701 2124 5774 eodemque

541 5768 789 5838 tempore
808 5769 1060 5838 scriptos,
1091 5768 1223 5824 inde
1249 5770 1317 5824 ab
1346 5786 1394 5824 a.
1421 5768 1566 5826 1073
1595 5781 1781 5827 autem
1802 5773 1915 5829 dies
1941 5768 2125 5830 obitus

543 5837 648 5894 alio
662 5837 1002 5910 atramento,
1041 5840 1187 5911 quod
1215 5840 1364 5898 idem
1388 5841 1440 5897 in
1469 5850 1620 5898 textu
1647 5842 1904 5901 Chronici
1933 5845 2122 5902 conti-

2233 4495 2380 4550 nuati
2407 4493 2743 4565 deprehendi
2772 4494 2930 4560 solet,
2959 4493 3170 4551 additos
3193 4501 3380 4564 patet:
3410 4506 3578 4564 quare
3606 4492 3838 4565 Bernol-

2233 4566 2366 4622 dum
2403 4563 2540 4636 opus
2572 4582 2732 4621 suum
2767 4583 2818 4621 a.
2866 4571 3001 4620 1072
3031 4563 3260 4620 exeunte
3308 4565 3387 4619 vel
3424 4563 3572 4636 10737
3606 4563 3835 4636 ineunte

2233 4646 2358 4693 ante
2388 4635 2672 4707 acceptum
2703 4637 2887 4693 obitus
2915 4637 3224 4693 Wideroldi
3259 4645 3312 4692 et
3334 4635 3627 4707 Alexandri
3659 4637 3714 4690 Il
3734 4679 3750 4703 ,
3779 4644 3836 4690 et

2233 4705 2808 4780 electionis‘Gregorii
2859 4712 2958 4765 νη
2995 4709 3250 4763 nuntium
3303 4708 3482 4780 iniisse
3519 4705 3836 4780 eodemque

2233 4796 2375 4835 anno
2410 4786 2544 4835 1073
2587 4778 2783 4837 ad‘sua
2813 4795 2986 4851 usque
3033 4789 3278 4850 tempora
3321 4778 3642 4851 produxisse
3673 4778 3836 4851 con-

2229 4851 2375 4921 jicio.
2427 4854 2489 4906 In
2527 4851 2786 4906 chronico
2828 4848 2979 4907 enim
3021 4848 3333 4907 Wideroldi
3358 4860 3412 4905 et
3440 4848 3745 4906 Alexandri
3781 4851 3834 4904 II

2155 4925 2205 4986 D
2235 4922 2417 4977 obitus
2443 4939 2596 4992 aeque
2621 4939 2683 4978 ac
2711 4923 2966 4992 Gregorii
2993 4925 3087 4978 Vll
3118 4923 3306 4978 electio
3353 4921 3530 4992 primo
3556 4921 3709 4992 stylo
3735 4922 3839 4976 de-

2236 4979 2768 5066 bentur.Catalogus
2796 4979 2962 5049 etiam
2997 4979 3628 5066 pontiﬁcum,'absoluto
3651 4991 3837 5048 Cbro~

2235 5065 2357 5120 nico
2411 5065 2650 5132 additus,
2681 5063 2940 5137 Gregorii
2968 5063 3069 5122 VII
3105 5065 3425 5137 electionem
3463 5063 3648 5137 primo
3681 5073 3842 5118 atra-

2237 5145 2420 5190 mento
2443 5146 2691 5192 notatam
2721 5134 2960 5205 exhibet,
2997 5146 3052 5193 et
3077 5144 3258 5192 textus
3295 5134 3548 5191 Chronici
3584 5151 3638 5189 a.
3695 5139 3840 5190 1056

2235 5217 2289 5263 et
2318 5213 2445 5263 1061
2479 5208 2807 5280 Gregorium
2830 5208 2943 5278 jam
2975 5223 3168 5280 papam
3196 5206 3461 5280 agnoscit.

2306 5281 2485 5346 (1162)
2506 5283 2637 5336 Uss.
2670 5281 2744 5346 II,
2779 5297 2830 5350 p.
2864 5284 2993 5347 213,
3021 5286 3144 5336 214.

2304 5352 2484 5415 (1163)
2511 5353 2568 5406 P.
2592 5355 2715 5405 213.

2307 5421 2484 5490 (1161)
2511 5425 2640 5478 Uss.
2675 5424 2744 5487 ll,
2781 5427 2879 5478 187
2910 5435 3032 5494 sqq.

2306 5497 2484 5558 (1165)
2513 5495 2592 5549 Ib.
2627 5508 2680 5562 p.
2713 5499 2812 5548 231
2845 5509 2962 5566 sqq.

2306 5569 2486 5628 (I166)
2511 5567 2569 5618 Ρ.
2602 5570 2696 5619 271
2736 5581 2854 5636 sqq.
3175 5634 3203 5636 η
3341 5633 3397 5636 __
3443 5632 3475 5636 η
3523 5582 3556 5636 _'

2259 5705 2269 5716 ι
2305 5639 2485 5700 (1167)
2528 5637 2591 5690 Ρ.
2623 5641 2751 5701 435,
2782 5631 2853 5692 de
2897 5634 3206 5706 Berengarii
3244 5632 3535 5704 multiplici
3583 5631 3830 5688 damna-

2232 5713 2397 5760 tione.

2303 5780 2488 5845 (1168)
2515 5777 2725 5834 Chron.
2756 5793 2806 5833 a.
2836 5782 2996 5833 1074.
