4062 6182
282 351 419 404 1277

1175 349 1462 404 APPEND.
1502 348 1588 403 III.
1633 378 1700 389 —
1738 349 2158 407 MONUMENTA
2194 352 2653 409 GREGORIANA.

3437 361 3572 414 1278

277 471 475 542 hardo,
496 471 778 529 Bertholdi
808 472 942 540 ﬁlio,
973 471 1030 528 in
1054 472 1371 544 episcopum
1399 473 1874 530 Constantiensem
1907 480 1960 544 Α
1985 475 2088 532 nisi
2124 477 2244 550 ipso
2287 494 2396 549 quo
2436 478 2728 535 defunctus
2762 488 2846 535 est
2883 495 3030 535 anno
3072 481 3270 553 stylum
3301 481 3567 553 deposuit.

277 567 476 635 electo,
503 567 824 623 auctoritate
853 565 1128 626 Ostiensis
1151 566 1391 638 episcopi
1420 583 1451 622 a
1475 567 1738 638 Gregorio
1765 569 1870 623 VII

277 660 537 732 ablegati,
582 660 862 733 presbyter
913 669 1264 719 consecratus
1304 668 1404 726 est,
1449 668 1502 716 et
1543 669 1870 731 potestatem

275 752 608 825 suscipiendi
643 755 971 825 pmnitentes
1009 771 1074 811 ex
1097 754 1393 826 apostolica
1422 754 1746 810 auctoritate
1775 769 1867 811 ac-

279 848 426 918 cepit
463 852 673 914 (1169);
709 852 1099 920 quo'tempore
1143 856 1197 904 et
1235 847 1303 904 de
1329 863 1604 904 canonum
1633 849 1870 904 auctori-

279 951 394 998 tate
441 941 642 997 librum
673 941 1022 1010 Gebehardo,
1056 951 1244 1015 postea
1276 941 1462 998 abbati
1505 941 1865 1011 Scafhusano,

278 1035 556 1106 inscripsit
575 1039 775 1104 (1170).
796 1035 898 1091 Sed
923 1035 1084 1107 paulo
1114 1043 1239 1107 post
1258 1036 1589 1093 Gehebardo
1619 1038 1871 1109 episcopo

278 1129 605 1186 adversariis
658 1129 1074 1201 perurgentibus
1114 1130 1173 1184 in
1217 1129 1466 1186 exsilium
1512 1131 1688 1201 pulso,
1739 1134 1868 1186 Ber-

277 1223 477 1281 noldus
506 1239 648 1279 anno
688 1227 829 1278 1086
879 1223 1066 1295 praelio
1098 1223 1242 1295 apud
1278 1222 1568 1279 Bleichfelt
1597 1233 1652 1279 et
1693 1241 1870 1296 oppu-

279 1318 522 1390 gnationi
570 1316 807 1372 civitatis
846 1317 1327 1388 Wirzeburgensis
1368 1317 1618 1373 interfuit
1667 1323 1867 1384 (1171).

278 1413 400 1482 Quo
429 1411 593 1467 etiam
625 1419 869 1482 tempore
908 1411 974 1466 ad
1005 1411 1383 1467 Bernhardum
1427 1411 1763 1468 monachum
1806 1411 1874 1468 de

278 1505 640 1562 sacramentis
684 1505 1289 1561 excommunicatorum
1319 1508 1521 1572 (1172).
1560 1505 1628 1560 ad
1675 1505 1874 1561 Alber-

280 1607 401 1655 tum
430 1599 782 1671 praepositum
822 1599 1281 1671 Argentinensem
1307 1599 1374 1656 de
1399 1598 1515 1672 lege
1556 1615 1868 1654 excommu-

278 1692 577 1749 nicationis
605 1698 808 1762 (1173),
828 1701 884 1749 et
907 1693 975 1749 ad
996 1693 1290 1749 Albertum
1315 1693 1626 1765 Spirensem
1660 1697 1872 1766 priapo;

281 1787 453 1844 situm
502 1787 811 1860 apologiam
869 1794 1060 1843 contra
1120 1788 1501 1844 schismaticos
1549 1789 1873 1861 conscripsit

282 1880 491 1952 (1174),
515 1895 640 1936 cum
671 1880 784 1953 jam
815 1881 927 1952 ipse
956 1880 1188 1937 fratrum
1219 1883 1401 1938 Sancti
1427 1883 1594 1939 Blasii
1625 1883 1872 1955 catalogo

280 1991 342 2032 se
401 1973 809 2031 inscribendum
875 1977 1224 2048 impetrasset
1279 1982 1478 2046 (1175),
1558 1979 1873 2050 exemplum

285 2077 506 2125 secutus
526 2069 769 2126 virorum
786 2070 1050 2125 nobilium
1068 2079 1124 2126 et
1139 2069 1470 2142 prudentum
1485 2071 1875 2142 plurimorum,

279 2163 375 2234 qui
398 2163 667 2219 bellorum
700 2180 798 2234 per
825 2164 1213 2220 Alamanniam
1237 2164 1646 2221 desmvientium
1677 2165 1871 2221 discri-

280 2257 425 2312 mina
465 2257 772 2325 vitabundi,
805 2259 863 2312 in
894 2258 1227 2315 monasteria
1258 2259 1533 2331 praecipue
1565 2258 1872 2315 Sanblasia-

275 2366 435 2416 num,
477 2351 864 2422 Hirsaugiense
890 2360 945 2407 et
969 2352 1371 2408 Scafbusanum
1400 2369 1459 2409 se
1487 2354 1876 2426 proripuerunt

279 2445 482 2516 (1176).
525 2446 638 2500 Nec
666 2445 921 2516 sequenti
961 2445 1134 2501 etiam
1161 2455 1409 2518 tempore
1436 2447 1652 2519 scriptis
1680 2457 1872 2504 contra

275 2537 464 2593 hostes
495 2537 750 2594 Ecclesiae
790 2537 1072 2593 abstinuit.
1120 2542 1260 2594 Nam
1303 2555 1354 2593 a.
1393 2545 1528 2594 1088
1566 2540 1634 2596 de
1663 2543 1874 2595 Beren-

279 2631 419 2703 garii
447 2631 729 2702 multiplici
767 2631 1124 2687 damnatione
1165 2637 1372 2699 (1177),
1398 2641 1519 2688 tum
1550 2632 1616 2688 de
1643 2633 1873 2688 vitandis

279 2725 772 2781 excommunicatis
818 2725 886 2781 ad
923 2725 1253 2782 Rechonem
1301 2731 1507 2793 (1178),
1542 2742 1572 2781 a
1623 2731 1758 2782 1089
1795 2726 1876 2782 vel

287 2824 422 2874 1090
451 2819 518 2875 de
542 2819 822 2891 emptione
844 2819 1194 2876 ecclesiarum
1214 2819 1282 2875 ad
1305 2820 1590 2876 Paulinum
1613 2820 1872 2876 clericum

284 2917 614 2968 Itiettensem
671 2917 875 2981 (1179),
925 2928 1027 2969 nec
1076 2928 1188 2969 non
1238 2929 1335 2984 pro
1380 2912 1704 2970 Gebehardo
1757 2914 1873 2986 epi-

281 3023 449 3078 sc0po
489 3011 672 3076 (1180)
713 3007 782 3063 de
824 3007 1278 3080 presbyterorum
1331 3006 1513 3064 ofﬁcio
1563 3008 1631 3064 ad
1673 3006 1874 3063 fratres

284 3100 792 3156 Raitenbuchenses
819 3100 1038 3173 scripsit
1077 3107 1283 3171 (1181),
1307 3109 1471 3173 atque
1499 3101 1567 3159 de
1594 3101 1876 3158 reordina-

1978 571 2298 626 Amicorum
2323 571 2604 629 Adalberti
2632 579 2833 641 (1184),
2862 573 3164 630 Bernhardi
3192 577 3396 644 (1185),
3427 578 3570 634 Wil-

1977 663 2144 719 helmi
2190 665 2592 737 Hirsaugiensis
2631 667 2841 722 abbatis
2893 671 3076 736 (1186)
3129 670 3235 739 pcr'
3260 671 3573 739 complures

1978 772 2152 813 annos
2181 767 2475 830 superstes,
2524 777 2670 816 anno
2707 761 2926 816 Domini
2963 767 3098 816 1100
3138 763 3279 818 libro
3308 767 3476 834 usQue
3505 764 3574 821 ad

1979 850 2029 906 d.
2061 866 2134 906 ur
2159 853 2346 907 Nonas
2381 854 2612 924 Augusti
2645 853 2935 925 producto,
2961 854 3020 909 in
3049 856 3308 925 coenobio
3339 855 3570 912 Scafhu-

1979 960 2111 1000 sano
2130 944 2217 1001 cui
2239 961 2362 1000 cum
2379 946 2683 1002 tradiderat
2703 947 2788 1003 die
2814 953 2876 1004 16
2899 949 3236 1020 Septembris
3254 948 3575 1018 defunctus,

1979 1047 2140 1110 atque
2192 1039 2247 1094 in
2285 1039 2481 1096 eodem
2524 1056 2650 1096 cum
2692 1041 2997 1098 Adalberto
3042 1043 3254 1099 tumulo
3291 1042 3576 1116 depositus

1979 1140 2064 1188 est
2107 1137 2306 1200 (1187).

2053 1228 2297 1297 Operum
2338 1226 2456 1298 ejus
2491 1228 2844 1300 praacipuum,
2889 1227 3158 1285 Chronica
3207 1231 3449 1299 scilicet,
3501 1232 3575 1287 ita

1977 1329 2359 1391 comparatum
2420 1330 2537 1391 est,
2594 1332 2685 1390 ut,
2729 1324 3052 1394 Necrologio
3109 1325 3413 1394 prmmisso,
3479 1327 3569 1382 cui

1981 1422 2107 1486 post
2153 1417 2490 1486 completum
2539 1432 2678 1487 opus
2714 1418 3032 1490 catalogum
3083 1418 3405 1490 pontiﬁcum
3457 1423 3568 1475 Ro-

1983 1523 2279 1564 manorum
2334 1508 2587 1581 subjecit,
2641 1511 2888 1580 primum
2940 1510 3102 1567 Bedae
3152 1511 3462 1567 Chronicon
3507 1513 3574 1568 de

1980 1616 2072 1657 sex
2113 1602 2368 1658 aetatibus
2422 1603 2613 1659 mundi
2657 1603 3010 1671 exscriberet,
3071 1612 3192 1660 tum
3245 1601 3573 1661 Herimaiini

1981 1694 2248 1751 Chronico
2297 1695 2556 1768 decerpto
2613 1696 2854 1753 historia:
2898 1697 3049 1753 tilum
3097 1698 3223 1754 inde
3272 1715 3304 1754 a
3347 1699 3564 1754 Christo

1980 1798 2112 1846 nato
2165 1807 2339 1862 usque
2387 1791 2459 1846 ad
2512 1807 2561 1846 a.
2627 1798 2763 1848 1054
2820 1791 3118 1849 deduceret
3164 1811 3178 1848 :
3233 1793 3355 1849 inde
3406 1794 3473 1849 ab
3519 1811 3568 1852 a.

1988 1889 2130 1940 1054
2204 1885 2429 1956 proprio
2489 1887 2666 1940 Marte
2733 1886 2814 1941 sui
2882 1887 3152 1957 temporis
3213 1895 3333 1942 acta
3399 1887 3575 1960 subje-

1981 1977 2054 2034 cit
2099 1982 2300 2046 (1188).
2348 1978 2548 2033 Prioris
2577 1978 2748 2049 partis
2790 1988 3044 2035 auctores
3075 1981 3191 2051 ipse
3236 1979 3425 2051 prodit
3459 2000 3470 2035 :
3501 1984 3578 2036 Hi

1983 2077 2108 2127 sunt
2157 2077 2395 2127 auctores
2452 2074 2783 2127 cronieorum
2838 2093 2853 2127 :
2911 2076 3194 2142 Eusebius,
3250 2077 3572 2139 Jeronimus,

1983 2167 2228 2236 Prosper,
2254 2167 2575 2235 Dionysius,
2603 2167 2878 2233 Jordanis,
2910 2168 3055 2222 Beda
3089 2173 3138 2221 et
3164 2170 3343 2222 nostri
3376 2172 3578 2237 tempo-

1982 2262 2060 2313 ris
2112 2263 2495 2321 Hereman-nus,
2531 2263 2582 2314 et
2627 2261 2870 2330 deinceps
2909 2261 3136 2330 quilibet
3180 2263 3268 2315 sui
3324 2263 3576 2330 temporis

1982 2356 2349 2425 descm‘ptores.
2386 2355 2636 2424 Quorum
2667 2354 2894 2426 quidem
2924 2353 3133 2410 Bedam
3177 2355 3247 2410 ab
3276 2355 3409 2410 orbe
3439 2371 3577 2410 con-

1982 2446 2098 2503 dito
2128 2465 2301 2520 usque
2332 2447 2401 2503 ad
2425 2464 2659 2520 regnum
2687 2448 2991 2504 Domitiani
3017 2447 3273 2504 dictando
3303 2453 3486 2516 (1189)
3508 2449 3577 2505 ad

1982 2541 2223 2596 litteram
2249 2544 2531 2611 expressit,
2559 2543 2635 2596 ita
2667 2549 2730 2598 ut
2758 2558 2819 2598 ea
2860 2541 2982 2596 libri
3013 2533 3356 2614 parte’plane
3391 2559 3578 2599 carere

1984 2635 2288 2704 possimus;
2352 2633 2546 2690 deinde
2599 2634 2862 2689 Jordanis
2915 2636 3217 2692 sententias
3263 2636 3330 2691 de
3396 2637 3580 2709 regnis

1983 2726 2374 2800 principalibus
2401 2743 2465 2782 ex
2497 2727 2634 2782 libro
2666 2731 2749 2783 De
2793 2745 3089 2801 regnorum
3132 2730 3476 2784 successione
3524 2739 3581 2786 et

1981 2819 2186 2876 Bedam
2216 2823 2300 2875 De
2328 2821 2687 2891 temporibus,
2716 2838 2839 2892 cap.
2874 2825 2937 2876 16
2963 2822 3029 2877 de
3055 2838 3151 2877 sex
3173 2822 3368 2876 mundi
3410 2824 3580 2878 aetati-

1984 2915 2086 2970 bus
2112 2914 2398 2985 excerpsit,
2432 2910 2596 2986 atque
2636 2931 2665 2968 a
2697 2914 2922 2969 Christo
2963 2923 3093 2969 nato
3135 2915 3332 2970 iterum
3359 2931 3582 2971 exorsus

1983 3008 2206 3064 Eusebii
2245 3007 2547 3063 chronicon
2589 3007 2658 3063 ab
2696 3007 3040 3080 Hieronymo
3085 3009 3140 3062 in
3184 3009 3441 3063 Latinam
3484 3009 3580 3064 lin-

1983 3117 2149 3174 guam
2179 3117 2422 3167 versum,
2451 3101 2608 3172 quale
2633 3101 2777 3172 apud
2809 3101 3208 3157 Herimannum
3241 3102 3495 3173 legimus,
3527 3111 3582 3158 et

283 3195 438 3250 tione
468 3194 686 3251 vitanda
717 3203 773 3251 et
791 3194 859 3250 de
879 3196 1053 3251 salute
1076 3197 1426 3266 parvulorum
1455 3195 1524 3251 ad
1562 3210 1874 3252 excommu-
1912 3210 1956 3274 C
1985 3194 2310 3251 Herimanni
2361 3194 2662 3251 chronicon
2700 3211 2875 3266 usque
2916 3195 2981 3250 ad
3033 3211 3084 3250 a.
3128 3201 3262 3250 1054
3310 3195 3582 3250 transcri-

281 3289 480 3345 nicatis
502 3288 903 3360 baptizatorum
923 3293 1103 3356 (1182)
1132 3288 1522 3346 Gebehardum
1552 3290 1873 3361 episcopum

283 3383 660 3454 interpellavit.
711 3388 874 3439 Anno
919 3389 1077 3450 1091,
1127 3399 1252 3438 cum
1282 3382 1683 3440 monachorum
1729 3382 1874 3454 apud

282 3477 545 3533 Sanctum
591 3476 836 3532 Blasium
867 3491 1134 3532 numerus
1174 3477 1247 3531 ita
1276 3476 1622 3545 incresceret,
1646 3485 1708 3531 ut
1735 3493 1874 3532 nova

280 3570 517 3626 aediﬁcia
560 3570 832 3626 veteribus
860 3569 1108 3626 addenda
1137 3586 1256 3625 esse
1285 3579 1584 3637 constaret,
1627 3580 1681 3626 et
1710 3570 1874 3643 paqu

281 3672 408 3720 ante
453 3680 623 3736 quam
657 3666 972 3735 complures
1012 3663 1140 3720 inde
1180 3666 1412 3721 coloniae
1437 3665 1494 3720 in
1538 3665 1873 3721 monasteria

282 3758 684 3830 Wiblingense,
705 3761 984 3827 Murenae,
1013 3759 1406 3826 Gottwicense,
1425 3759 1876 3831 ‘Engelbergense

281 3851 495 3924 aliaque
525 3851 950 3920 deducerentur,
984 3852 1296 3908 Bemoldus
1319 3853 1642 3909 Scafhusam
1671 3853 1727 3907 in
1752 3868 1873 3908 mo-

283 3946 586 4002 nasterium
639 3946 826 4002 Sancti
869 3946 1164 4001 Salvatoris
1207 3947 1628 4018 trausmigrasse
1665 3946 1870 4016 (1183),

281 4039 470 4108 ibique
510 4039 787 4111 reliquum
817 4037 942 4095 vitae
983 4038 1236 4111 deguisse
1264 4039 1496 4096 videtur.
1539 4040 1700 4111 Apud
1731 4043 1875 4097 San-

279 4141 436 4189 ctum
491 4133 735 4189 Blasium
787 4133 1066 4204 exemplar
1113 4140 1301 4187 tamen
1357 4131 1643 4189 Chronicae
1695 4133 1877 4190 medio

279 4242 425 4282 anno
459 4231 584 4283 1091
620 4227 928 4282 subsistens
958 4226 1204 4297 reliquit,
1247 4234 1304 4282 et
1334 4234 1521 4298 postea
1560 4228 1729 4282 etiam
1774 4243 1877 4282 au-

283 4320 524 4376 thentico
563 4337 728 4392 quem
753 4335 944 4377 secum
977 4319 1099 4375 tulit
1124 4320 1264 4376 libro
1289 4321 1612 4376 continuam
1651 4315 1878 4391 operam

279 4412 570 4485 impendit,
611 4421 770 4470 antea
800 4414 1000 4485 scripta
1028 4413 1269 4469 mutavit
1308 4422 1361 4470 et
1399 4413 1728 4482 emendavit,
1778 4429 1880 4469 nec

1983 3291 2110 3363 psit,
2158 3289 2359 3345 additis
2414 3298 2595 3345 tamen
2635 3291 2911 3345 nonnullis
2941 3307 3004 3345 ex
3051 3290 3321 3346 Chronico
3363 3289 3579 3345 Eusebii

1982 3384 2116 3455 ipso,
2155 3386 2452 3455 paucisque
2491 3399 2557 3438 ex
2599 3383 2715 3454 ejus
2751 3382 2996 3439 Historia
3032 3383 3422 3451 ecclesiastica,
3455 3383 3580 3439 Hie-

1983 3493 2216 3550 ronymo
2268 3480 2352 3531 De
2397 3476 2524 3530 viris
2572 3477 2893 3544 illustribus,
2936 3477 3248 3534 Cassiodori
3292 3477 3582 3544 Chronico,

1985 3572 2202 3636 Orosio,
2234 3571 2468 3625 Historia
2500 3570 2760 3637 miscella,
2784 3569 2937 3625 Beda
2969 3574 3050 3626 De
3071 3587 3162 3626 sex
3193 3569 3464 3636 mtatibus,
3495 3570 3581 3624 iu-

1983 3665 2266 3735 terspersis
2296 3663 2462 3720 etiam
2493 3680 2588 3734 per
2618 3672 2798 3718 totum
2842 3679 2978 3734 Opus
3023 3663 3234 3718 notitiis
3269 3681 3335 3719 ex
3375 3667 3580 3719 Roma-

1984 3774 2180 3813 norum
2213 3757 2533 3829 pontiﬁcum
2553 3757 2738 3812 Gestis
2760 3761 2945 3824 (1190)
2973 3766 3028 3812 et
3064 3757 3320 3832 catalogis
3339 3756 3581 3826 diversis,

1985 3868 2047 3909 ex
2072 3851 2392 3907 collectione
2433 3851 2796 3908 conciliorum
2830 3851 3163 3922 Dionysiana
3195 3850 3263 3906 ab
3289 3850 3530 3906 Adriano
3561 3853 3584 3905 Ι

1986 3962 2125 4018 papa
2166 3946 2364 4002 Carolo
2398 3949 2598 4015 Magno
2634 3945 2947 4000 transmissa
2983 3946 3187 4014 (1191,)
3217 3945 3504 4015 Ansegiso,
3536 3953 3592 3999 et

1985 4038 2225 4096 conciliis
2275 4039 2599 4111 Moguntino
2657 4055 2706 4093 a.
2770 4045 2896 4106 847,
2953 4037 3315 4093 Altheimensi
3359 4052 3410 4093 a.
3460 4042 3588 4104 916,

1985 4133 2416 4206 Aquisgraneusi
2468 4149 2520 4188 a.
2575 4139 2702 4197 992,
2730 4132 2843 4205 jam
2893 4130 3201 4202 deperdito,
3261 4131 3591 4200 Seligensta-

1987 4226 2140 4283 densi
2165 4243 2212 4282 a.
2257 4232 2412 4295 1023,
2448 4242 2515 4282 ex
2546 4224 2812 4281 Einhardi
2845 4225 2975 4280 Vita
3017 4225 3195 4279 Caroli
3232 4231 3287 4278 et
3315 4222 3590 4280 Chronico

1983 4319 2284 4391 Reginonis
2307 4319 2594 4390 decerptis.
2630 4320 2803 4389 Igitur
2846 4319 2903 4372 in
2934 4326 3049 4373 tota
3078 4326 3230 4389 parte
3277 4316 3455 4388 operis
3484 4333 3582 4371 au-

1987 4413 2186 4468 teriore
2224 4411 2291 4467 iis
2323 4420 2540 4467 tantum
2564 4411 2697 4467 locis
2727 4411 2948 4482 proprio
2974 4414 3149 4466 Marte
3174 4425 3290 4466 rem
3323 4409 3433 4482 agit
3455 4411 3590 4465 Ber-

1823 4521 2056 4578 NOT/E.

355 4628 538 4691 (1169)
563 4624 772 4683 Chron.
805 4641 855 4681 a.
893 4631 1056 4681 1084.

354 4701 538 4764 (1170)
567 4699 697 4752 Uss.
729 4698 799 4763 II,
827 4713 879 4768 p.
925 4703 1049 4752 312.

356 4773 536 4834 (1171)
567 4768 774 4824 Chron.
807 4784 860 4822 a.
897 4773 1053 4824 1086.

355 4842 540 4907 (1172)
566 4842 696 4914 Uss.
736 4843 806 4906 II,
841 4855 892 4910 p.
922 4846 1032 4895 230
1057 4857 1178 4914 sqq.

355 4915 540 4976 (1173)
580 4911 661 4982 Ib.
699 4927 750 4982 p.
787 4916 890 4965 368
926 4927 1045 4982 sqq.

359 4985 541 5048 (1174)
585 4981 663 5036 1b.
698 4981 750 5052 ρ.
791 4985 892 5037 357
932 4981 1055 5052 sqq.

357 5057 538 5179 (.1b1t75)
585 5055 647 5108 P.
677 5051 778 5109 357
813 5067 870 5108 se
901 5051 1166 5110 ultimum
1209 5051 1434 5110 fratrem
1490 5052 1556 5108 de
1601 5054 1654 5108 S.
1704 5052 1883 5130 Blasio

357 5139 387 5178 τι
432 5140 442 5177 1
476 5165 489 5178 .

278 5124 489 5179 scribit.

356 5197 542 5261 (1176)
569 5185 776 5250 Chron.
805 5211 855 5251 a.
889 5201 1046 5252 1083.

359 5269 402 5334 (1
424 5272 541 5331 177)
562 5269 691 5338 Uss.
723 5268 791 5331 II,
826 5283 876 5336 p.
909 5272 1013 5321 427
1043 5283 1165 5338 sqq.

362 5337 541 5410 (1178)
570 5337 654 5410 Ib.
684 5353 735 5408 p.
777 5344 878 5392 370
905 5354 1027 5410 sqq.

360 5409 542 5477 (1179)
571 5409 652 5464 Ib.
687 5424 738 5478 p.
773 5411 898 5464 374.

360 5484 542 5545 (1180)
573 5479 658 5533 1b.
687 5495 739 5549 p.
775 5485 897 5535 37s.

357 5554 541 5616 (1181)
571 5551 651 5605 Ib.
688 5565 741 5622 p.
774 5557 879 5606 384
914 5565 1032 5622 sqq.

359 5624 543 5688 (1182)
575 5622 667 5693 1b.,
690 5637 745 5693 p.
779 5629 878 5693 397
911 5637 1027 5693 sqq.

359 5695 546 5761 (1183)
575 5690 711 5749 Inde
741 5692 812 5748 ab
839 5709 892 5748 a.
941 5690 1066 5748 1091
1114 5707 1202 5747 res
1231 5690 1597 5747 Scafhusanas
1631 5693 1884 5764 frequen-

289 5763 397 5819 tius
436 5765 678 5837 attingit,
721 5772 782 5819 ut
813 5765 933 5836 jam
985 5765 1037 5819 in
1076 5764 1382 5837 Prodromo
1427 5763 1748 5837 Germanias
1789 5767 1883 5837 Sa-

288 5850 400 5917 crae
428 5838 500 5917 II,
644 5851 786 5917 xv11_
807 5835 934 5917 cols.
979 5835 1212 5917 Gerbert
1245 5835 1486 5917 notavit,
1519 5843 1590 5917 et.
1615 5835 1882 5917 sententia

292 5905 556 5963 Chronici
592 5907 648 5962 in
677 5907 997 5962 authentico
1037 5907 1106 5963 ab
1137 5913 1361 5962 auctore
1398 5906 1519 5978 ipso
1559 5906 1752 5978 deleta,
1787 5907 1882 5964 sed

1914 4628 2048 4694 Din
2098 4627 2333 4700 exempli
2376 4626 2713 4700 Sanblasiani
2757 4622 3072 4696 apographo
3116 4623 3362 4700 Mureusi
3405 4639 3588 4700 super-

2001 4707 2133 4763 stes,
2155 4693 2439 4825 (eisemplar
2466 4698 2608 4753 istud
2636 4698 2752 4769 ipso
2783 4693 2928 4752 anno
2962 4693 3092 4750 1091
3127 4694 3390 4767 scriptum
3424 4693 3590 4751 fuisse

2001 4779 2150 4825 esten
2193 4778 2257 4824 1t.

1997 4771 2257 4825 ostendit.

2067 4845 2250 4909 (1184)
2281 4841 2460 4908 Quia.
2505 4845 2641 4895 1079
2668 4839 2898 4895 obierat.

2065 4915 2247 4980 (1185)
2277 4911 2426 4966 Obiit
2454 4927 2502 4964 a.
2544 4917 2698 4966 1088.

2067 4982 2249 5052 (1186)
2289 4981 2442 5037 Obiit
2470 4997 2517 5034 a.
2556 4987 2713 5036 1091.

2067 5059 2246 5119 (1187)
2272 5055 2520 5109 Usserm.
2551 5052 2587 5106 l.
2621 5069 2692 5119 c.,
2716 5068 2768 5124 p.
2806 5059 2928 5107 178.
2962 5053 3170 5108 Chron.
3201 5051 3585 5108 Scafhusense.

1994 5125 2202 5189 Proleg.
2231 5140 2287 5178 n.
2321 5131 2370 5180 3.

2069 5196 2246 5264 (1188)
2273 5195 2475 5250 Chron.
2496 5211 2544 5249 a.
2575 5199 2727 5250 1086.

2068 5263 2258 5336 (1189)
2285 5268 2348 5322 V.
2385 5265 2522 5320 infra
2551 5267 2756 5333 locum,
2784 5264 2873 5321 ubi
2902 5267 2978 5323 sic
3003 5265 3260 5322 scribitur
3287 5263 3403 5328 (fol.
3461 5266 3544 5336 18_)
3578 5278 3589 5312 :

1993 5341 2053 5395 Si
2077 5334 2253 5413 tamen
2273 5339 2614 5413 parenthesis
2639 5341 2753 5408 ipse
2775 5340 2869 5413 sic,
2895 5347 2994 5393 etc.
3016 5357 3031 5404 ;
3055 5337 3151 5413 ubi
3179 5351 3280 5387 vox
3302 5334 3593 5413 parenthe-

1993 5413 2068 5465 sis
2110 5404 2339 5466 minime
2366 5404 2676 5478 scribenda;
2700 5410 2794 5466 sed
2828 5411 2987 5482 signo
3019 5408 3204 5478 aliquo
3236 5404 3593 5477 eXprimenda

1995 5491 2134 5536 erat.

2068 5555 2247 5625 (1190)
2289 5554 2356 5607 A.
2403 5559 2472 5609 69
2501 5569 2561 5608 ea
2607 5552 2838 5609 Eusebio
2877 5548 3118 5625 praefert,
3153 5563 3320 5625 quem
3355 5555 3586 5625 antea_e.

1994 5639 2044 5694 g.
2077 5621 2138 5678 in
2159 5625 2426 5680 Anacleto
2447 5633 2664 5680 secutus
2685 5631 2834 5694 erat;
2860 5621 2907 5678 εἱ.
2943 5627 3070 5690 605,
3093 5621 3221 5676 inde
3239 5635 3464 5693 pravam
3487 5621 3593 5673 He-

1992 5692 2233 5749 rimanni
2266 5696 2558 5751 lectionem
2591 5692 2870 5750 emendat.

2065 5768 2241 5837 (1191)
2279 5765 2820 5822 Pseudo—Clemeutis
2857 5764 3114 5835 epistolas
3152 5781 3250 5837 pro
3295 5761 3593 5834 suppositi-

1992 5837 2077 5892 tiis
2107 5836 2272 5894 habet
2298 5854 2442 5896 anno
2468 5845 2558 5893 94.
