4062 6182
519 257 655 311 1279

1518 250 1608 304 ΑΙ)
1647 248 1873 305 OPERA
1911 248 1967 304 S.
2009 248 2329 307 GREGORII
2365 248 2800 305 APPENDICES.

3680 254 3699 304 1
3712 254 3811 307 280

514 378 736 448 noldus,
762 377 852 434 ubi
884 376 1038 431 annis
1075 380 1209 430 1044
1236 382 1291 431 et
1318 390 1434 445 sqq.
1468 374 1788 446 pontilicum
1828 377 2109 431 Romano-
2134 382 2187 445 Α
2220 381 2357 431 1135
2397 373 2647 451 Ensdorli
2676 372 3013 446 conscriptos
3041 372 3097 429 in
3125 371 3452 429 bibliotheca
3479 377 3815 445 Argentora-

515 491 638 531 rum
685 481 864 543 partes
907 478 1121 535 tuetur;
1166 468 1263 523 sed
1293 468 1449 538 plane
1479 468 1581 523 alia
1609 469 1824 525 ratione
1871 469 1994 525 inde
2039 469 2108 524 ab

519 583 663 623 anno
708 570 844 619 1055
880 561 1135 633 procedit.
1179 564 1320 616 Nam
1361 561 1531 616 altera
1564 562 1681 615 libri
1726 571 1877 632 parte
1906 561 2109 617 nullius

517 659 669 716 ducis
694 656 915 729 vestigia
946 656 1101 726 legit;
1135 654 1355 726 adjutus
1390 664 1571 710 tamen
1593 654 1825 725 publicis
1854 657 2109 711 Ecclesia:

517 750 793 823 imperiive
840 750 1241 817 monumentis,
1275 748 1519 820 epistolis
1566 749 1820 820 Gregorii
1860 752 1983 817 VII,
2023 765 2109 805 res

516 861 788 902 annorum
844 849 1147 899 1054-1072
1189 859 1297 899 uno
1346 852 1536 898 tenore
1578 844 1927 915 conscripsit,
1975 859 2110 915 quas

518 949 708 1012 postea
738 948 884 994 textu
920 954 1190 993 annorum
1227 944 1383 1005 1051,
1434 943 1590 1005 1055,
1631 944 1783 1004 1056,
1831 943 1967 992 1060
2012 938 2109 992 ad-

516 1034 630 1090 dito
660 1033 916 1104 explevit,
946 1032 1153 1104 reliqua
1176 1030 1384 1097 omnia,
1408 1046 1678 1085 annorum
1711 1030 1910 1085 scilicet
1946 1036 2109 1086 1072-

522 1134 661 1183 1100
693 1126 981 1182 historiam
1011 1125 1126 1197 ipso
1164 1142 1274 1197 quo
1320 1140 1405 1179 res
1446 1124 1799 1195 contigerunt
1840 1124 1921 1179 vel
1952 1125 2000 1178 ei
2032 1124 2112 1179 in-

517 1228 814 1277 notuerunt
856 1226 1099 1289 tempore
1146 1218 1337 1274 litteris
1376 1216 1615 1272 tradidit.
1664 1219 1777 1273 Nec
1818 1233 1881 1272 ea
1928 1225 2114 1272 tamen

523 1331 676 1386 aeque
707 1330 769 1369 ac
794 1313 957 1384 priori
1002 1321 1153 1385 parte
1181 1310 1505 1383 corrigendo
1536 1316 1742 1379 (1192),
1787 1310 2112 1381 explicando

520 1407 881 1480 addendoque
921 1406 1205 1473 abstinuit,
1242 1414 1406 1477 prout
1427 1404 1599 1461 codex
1632 1404 2002 1477 autographus
2031 1404 2113 1460 vel

519 1512 647 1577 post
693 1504 907 1560 obitum
938 1503 1177 1559 auctoris
1227 1500 1605 1557 additionibus
1648 1508 1839 1557 auctus
1878 1499 2114 1557 demon-

521 1606 677 1655 strat.

595 1691 828 1764 Scripsit
870 1689 1062 1747 animo
1092 1691 1147 1744 in
1181 1689 1569 1759 imperatorem
1600 1687 1823 1760 ejusque
1876 1688 2112 1744 asseclas

523 1788 685 1843 laicos
724 1787 878 1858 juxta
910 1794 1074 1857 atque
1112 1786 1342 1840 clericos
1372 1784 1616 1852 inimico,
1648 1783 1833 1840 clades
1861 1783 1909 1839 ei
1939 1784 2117 1840 illatas

521 1881 590 1938 ad
620 1881 835 1936 laudem
862 1888 915 1934 et
943 1880 1175 1951 gloriam
1206 1880 1304 1933 Dei
1328 1878 1579 1934 fidelibus
1612 1878 1864 1934 Ecclesia:
1894 1895 2115 1933 annun-

520 1978 753 2032 tiaturus
783 1978 985 2044 (1193),
1026 1974 1166 2046 stylo
1200 1973 1456 2044 simplici,
1489 1974 1795 2043 perspicuo,
1822 1974 1877 2027 in
1916 1972 2117 2043 priori—

521 2070 625 2127 bus
664 2068 795 2140 ipsis
825 2076 1117 2123 auctorum
1147 2066 1323 2121 verbis
1364 2067 1683 2135 plerumque
1728 2082 1857 2120 usus
1881 2074 1936 2121 et
1975 2082 2117 2120 nexu

522 2162 913 2219 sententiarum
955 2168 1191 2225 servato,
1241 2158 1334 2213 ubi
1371 2167 1423 2212 et
1460 2174 1585 2213 raro
1615 2167 1834 2213 tantum
1868 2159 2046 2228 (1194)
2086 2174 2116 2214 a

520 2254 787 2324 temporis
821 2252 1233 2322 computatione
1276 2252 1490 2322 qualem
1530 2252 1673 2321 apud
1717 2252 2117 2324 Hieronymum

524 2357 579 2405 et
613 2346 1017 2402 Herimannum
1049 2344 1335 2399 invenerat
1380 2344 1608 2411 recedit;
1652 2353 1707 2398 at
1737 2361 1843 2416 qua
1888 2361 1975 2400 res
2016 2345 2115 2416 ipsi

523 2448 831 2511 compertas
871 2438 1059 2505 tradit,
1102 2437 1471 2493 narrationem
1494 2439 1727 2510 justam,
1754 2440 2114 2506 succinctam,

524 2535 680 2591 nullo
720 2532 846 2589 fuco
894 2533 1173 2587 turbatam
1207 2532 1524 2587 laudaveris.
1571 2538 1616 2587 A
1671 2533 1873 2604 regulis
1904 2534 2114 2589 Latinae

525 2629 720 2700 lingua:
748 2627 828 2682 bis
856 2635 1002 2682 terve
1031 2626 1255 2693 recedit,
1284 2625 1417 2681 dum
1444 2626 1685 2698 genitivo
1716 2635 1771 2681 et
1806 2628 2116 2683 accusativo

525 2721 913 2777 vocabulorum
956 2722 1201 2776 Samonia
1259 2728 1313 2774 et
1349 2721 1721 2788 Longobardia
1766 2725 1943 2787 (1195)
1997 2722 2115 2776 loco

526 2819 580 2869 in
607 2818 867 2881 Samonia,
908 2816 971 2869 in
1008 2816 1301 2869 Suetonium
1326 2821 1381 2868 et
1410 2817 1466 2868 in
1496 2815 1879 2883 Langobardia
1908 2815 2112 2882 utitur;

525 2919 580 2965 et
613 2910 876 2979 adjuvare
909 2923 1037 2963 cum
1071 2908 1250 2963 dativo
1290 2906 1490 2977 (1196),
1524 2916 1578 2963 et
1620 2925 1653 2962 α
1692 2910 1943 2964 Πείηνὶεο
1982 2925 2120 2964 cou-

518 3004 716 3076 jungit.
757 3006 814 3057 lu
846 3002 1070 3074 singulis
1097 3002 1325 3057 vocibus
1356 3001 1651 3057 scribendis
1690 3017 1832 3072 saepe
1862 3002 1930 3057 ab
1962 3002 2119 3057 Heri-

526 3113 731 3154 manno
757 3096 980 3164 recedit,
1011 3096 1103 3151 ubi
1124 3096 1475 3160 Alemannia,
1500 3094 1900 3166 Longobardia,
1925 3096 2118 3153 Lotha-
2152 3104 2196 3168 C

526 3192 658 3259 rius,
692 3191 1038 3258 Ludowicus,
1066 3188 1357 3245 Luitoldus
1384 3190 1592 3260 (1197),
1620 3189 1791 3256 litera,
1832 3189 2035 3244 wclesia
2066 3190 2119 3244 in

524 3292 716 3342 nostro
732 3292 1050 3340 constanter
1071 3283 1278 3348 obvias,
1307 3282 1509 3338 frustra
1530 3283 1871 3353 quaesiveris;
1901 3284 1956 3338 in
1978 3283 2115 3352 aliis,

526 3397 575 3435 e.
607 3396 659 3452 g.
695 3378 985 3434 Bertaldus
1034 3382 1216 3445 (1198)
1247 3385 1300 3432 et
1328 3376 1652 3433 Berthaldus
1683 3382 1884 3445 (1199),
1926 3376 2119 3435 Gund-

526 3474 712 3530 harius
758 3477 942 3540 (1200)
977 3479 1031 3528 et
1077 3471 1422 3528 Guntharius
1451 3474 1655 3539 (1201),
1705 3471 1820 3544 ipse
1870 3470 1972 3528 sibi
2007 3487 2120 3527 non

525 3574 759 3623 constat.

595 3659 853 3715 Bernoldi
880 3659 1175 3725 libercum
1215 3658 1432 3713 nonnisi
1486 3657 1553 3713 ad
1594 3673 1804 3714 annum
1834 3663 1964 3714 1091
2003 3675 2121 3729 per-

527 3752 726 3807 ductus
772 3761 937 3818 esset,
978 3753 1097 3823 ipso
1144 3768 1285 3807 anno
1330 3752 1384 3806 in
1433 3752 1686 3808 coenobio
1726 3752 1908 3808 Sancti
1957 3754 2123 3809 Blasii

528 3855 839 3916 excerptus,
888 3845 1097 3915 integer
1142 3854 1327 3899 autem
1384 3845 1656 3900 Bernoldo
1696 3848 1985 3917 superstite
2028 3855 2123 3902 aut

527 3954 639 3993 non
674 3938 769 3993 diu
807 3937 1069 3993 del‘uncto
1114 3939 1170 3992 in
1199 3938 1549 3994 monasteriis
1578 3939 2029 4010 Gengenbacensi
2072 3948 2125 3995 et

527 4032 705 4088 sancti
758 4030 982 4102 Georgii
1031 4030 1349 4101 Villingano
1393 4031 1712 4103 descriptus,
1765 4030 1959 4086 eodem
2012 4032 2125 4088 fere

530 4136 777 4199 tempore
797 4126 865 4183 ab
888 4124 1219 4182 Ekkehardo
1236 4125 1587 4197 Uraugiensi,
1629 4126 1883 4181 Chronici
1915 4128 2126 4184 Wirze-

532 4222 815 4294 burgensis
844 4230 905 4277 ut
941 4220 1154 4276 videtur
1192 4229 1433 4288 auctore,
1478 4220 1711 4292 quodin
1738 4219 1961 4276 annales
2002 4222 2120 4276 Hil-

529 4315 935 4373 desheimenses
965 4323 1020 4370 et
1064 4314 1377 4370 Chronicon
1419 4312 1876 4387 Wirzeburgense
1919 4314 2123 4371 deriva-

529 4418 646 4465 tum
691 4425 869 4480 nuper
902 4425 933 4464 a
974 4412 1040 4465 V.
1091 4411 1158 4465 cl.
1194 4408 1429 4464 Moltero
1476 4409 1806 4480 accepimus,
1854 4424 1884 4463 a
1934 4409 2123 4465 scribis

2144 1739 2192 1803 B

2218 470 2351 525 tensi
2395 470 2592 536 evolvi,
2625 479 2746 525 tum
2787 485 2818 523 a
2861 468 3222 540 scriptoribus
3249 467 3456 524 codicis
3494 468 3813 528 Ekkebardi

2218 562 2555 619 Zwifaltensi
2590 567 2774 629 (1202)
2821 570 2879 618 et
2929 562 3219 619 Annalium
3278 561 3722 618 Zwifaltensium
3763 572 3815 619 et

2218 657 2472 712 Chronici
2508 656 2859 712 Peteshusani
2906 656 3088 711 medio
3130 656 3331 711 saeculo
3375 672 3469 713 xu
3511 658 3815 727 exscriptus

2219 760 2317 806 est.
2350 751 2595 806 Primam
2620 751 2737 823 ejus
2768 750 3059 806 editionem
3090 765 3192 821 ope
3236 749 3486 805 codicum
3520 752 3816 823 Villingani

2220 853 2274 901 et
2302 845 2608 901 Basiliensis
2630 845 2839 900 curavit
2862 844 3136 901 Urstisius
3165 859 3215 898 a.
3262 850 3423 912 1585,
3458 845 3562 901 sub
3591 847 3817 902 nomine

2219 940 2529 995 Hermanni
2550 937 2822 994 Contracti
2856 946 2913 993 et
2935 937 3181 993 Bertoldi
3201 938 3522 1010 presbyteri,
3552 955 3820 1011 expresso

2222 1049 2251 1089 e
2281 1034 2445 1089 latere
2486 1032 2675 1089 codice
2704 1032 3034 1088 Herimanni
3057 1032 3391 1104 Sangallensi
3424 1038 3633 1100 (1203),
3662 1035 3820 1105 cujus

2222 1127 2470 1183 editionis
2490 1135 2745 1197 excerpta
2774 1126 2826 1181 in
2858 1126 3186 1181 collectione
3214 1128 3597 1197 Bouquetiana
3639 1136 3682 1182 t.
3714 1129 3818 1197 Χι,

2224 1226 2315 1289 23,
2344 1222 2498 1288 XIV,
2532 1225 2790 1289 548-564,
2834 1228 2890 1274 et
2931 1225 3168 1275 674-688
3206 1219 3381 1291 legere
3400 1220 3581 1289 ilicet;
3614 1223 3816 1276 saeculo

2223 1330 2381 1371 xvm
2412 1313 2595 1369 medio
2613 1313 2863 1369 OEfelius
2883 1312 3149 1368 lectiones
3170 1314 3457 1369 nonnullas
3480 1316 3817 1387 autograpbi

2224 1424 2335 1465 una
2364 1424 2489 1464 eum
2518 1408 2844 1478 Necrologio
2874 1406 3131 1463 Bernoldi
3162 1415 3217 1463 et
3241 1408 3505 1481 Catalogo
3532 1411 3821 1464 Romano—

2224 1518 2349 1558 rum
2379 1502 2702 1575 pontiﬁeum
2724 1502 3091 1573 Scriptoribus
3122 1501 3301 1557 Boicis
3331 1510 3376 1558 t.
3407 1504 3447 1569 l,
3482 1519 3533 1573 p.
3561 1509 3669 1559 644
3684 1509 3819 1559 ~653

2217 1596 2471 1665 inseruit;
2521 1596 2721 1668 quibus
2750 1604 2805 1650 et
2833 1595 3153 1651 xEmilianus
3204 1598 3656 1666 Ussermanngin
3707 1598 3822 1653 edi-

2223 1689 2373 1745 tione
2418 1706 2514 1745 sua
2560 1705 2690 1745 usus
2733 1689 2850 1744 loca
2896 1689 3157 1745 nonnulla
3189 1689 3514 1753 emendavit,
3555 1691 3823 1747 lectiones

2225 1784 2512 1839 nonnullas
2551 1783 2805 1838 codicum
2854 1782 3254 1850 Gottwieensis,
3297 1784 3571 1839 Murensis
3605 1793 3660 1839 et
3718 1788 3823 1840 En-

2226 1877 2592 1950 gelbergensis
2607 1876 2838 1942 notavit,
2862 1885 3076 1931 textum
3092 1877 3429 1933 Herimanno
3444 1886 3497 1933 et
3519 1878 3820 1935 Bertholdo

2225 1971 2477 2042 subjecit,
2509 1970 2913 2025 observationes
2950 1986 3078 2026 suas
3107 1971 3339 2038 addidit,
3370 1980 3425 2026 et
3454 1988 3517 2027 eo
3544 1973 3822 2044 praecipue

2225 2066 2293 2121 de
2336 2074 2526 2120 nostro
2562 2064 2700 2120 bene
2727 2066 2950 2135 meruit,
2979 2064 3126 2136 quod
3161 2064 3365 2136 reliqua
3401 2066 3521 2137 ejus
3544 2082 3713 2137 opera
3754 2084 3820 2121 ex

2225 2159 2376 2215 libris
2405 2158 2795 2231 manuscriptis
2823 2158 3146 2230 plerumque
3183 2158 3409 2215 collecta
3438 2160 3582 2234 typis
3614 2161 3813 2215 edidit.

2225 2252 2332 2309 Sed
2374 2252 2558 2309 codice
2598 2252 2935 2325 autographo
2975 2254 3245 2325 neglecto,
3277 2254 3513 2308 multum
3554 2254 3711 2309 abest
3764 2264 3825 2309 ut

2225 2354 2436 2402 textum
2463 2348 2679 2417 qualem
2716 2354 2908 2402 auctor
2938 2346 3151 2418 scripsit
3198 2346 3515 2412 restituerit,
3544 2348 3694 2419 quod
3726 2365 3824 2403 no-

2224 2448 2336 2496 stra
2380 2440 2609 2495 demum
2655 2439 2891 2496 editione
2930 2439 3045 2495 ﬁeri
3075 2456 3395 2497 concessrun
3438 2450 3541 2507 est,
3572 2442 3662 2497 cui
3702 2442 3829 2499 base

2225 2532 2464 2590 subsidia
2484 2550 2516 2589 a
2538 2534 2699 2589 nobis
2725 2542 3043 2605 comparata
3074 2534 3437 2590 inservieruut
3469 2553 3483 2589 :

2300 2634 2347 2693 1)
2377 2627 2561 2683 Codex
2611 2627 3005 2699 autographus,
3042 2629 3134 2699 qui
3174 2629 3241 2683 ab
3268 2637 3490 2683 auctore
3518 2628 3650 2683 olim
3680 2631 3824 2685 San-

2225 2730 2315 2778 cto
2344 2723 2609 2778 Salvatori
2643 2721 2976 2777 Seal'husano
3035 2722 3390 2789 contraditus,
3430 2723 3612 2794 ibique
3660 2723 3813 2779 circa

2225 2832 2431 2871 annum
2458 2822 2593 2871 1118
2611 2816 2819 2871 notitiis
2837 2816 2982 2871 hisce
3010 2816 3066 2870 in
3088 2816 3335 2888 margine
3356 2832 3627 2872 annorum
3650 2822 3794 2873 1009
3808 2860 3823 2882 ,

2230 2916 2366 2965 1052
2396 2919 2450 2965 et
2476 2916 2610 2965 1064
2643 2918 2839 2965 auctus
2867 2918 2949 2965 est
2978 2929 2991 2965 ;

2530 3022 2573 3073 Α
2585 3020 2625 3073 Ν
2639 3019 2870 3072 NALES
2910 3017 3470 3073 SCAFHUSENSES.

2304 3126 2464 3175 1009.
2516 3120 2881 3191 Temporibus
2918 3120 3002 3175 his
3053 3119 3210 3176 Ebbo
3243 3136 3429 3175 comes
3471 3120 3538 3175 de
3582 3120 3825 3175 Nellen-

2227 3214 2362 3270 burc
2396 3215 2414 3249 ¹
2446 3213 2835 3270 consobrinam
2866 3214 3104 3270 Heinrici
3134 3215 3292 3286 regis,
3331 3214 3684 3285 Hedewigam
3710 3230 3824 3269 no-

2227 3309 2399 3374 mine,
2432 3307 2499 3363 de
2530 3308 2682 3363 curia
2712 3307 2857 3380 regis
2883 3308 3041 3364 duxit
3068 3324 3317 3364 uxorem.

2305 3407 2460 3457 1052.
2485 3404 2605 3458 Hoc
2625 3417 2769 3457 anno
2800 3401 3003 3458 beatus.
3026 3400 3375 3457 Eberhardus
3395 3417 3584 3458 eomes
3601 3401 3671 3458 de
3692 3403 3824 3457 Nel-

2228 3494 2439 3552 linburc
2492 3494 2917 3552 Seafbusensem
2965 3496 3149 3552 locum
3208 3503 3525 3552 construere
3566 3497 3734 3567 cepit,
3768 3498 3823 3550 in

2227 3606 2337 3662 quo
2364 3597 2586 3646 sanctus
2615 3606 2753 3661 papa
2778 3591 2889 3645 Leo
2920 3591 3023 3657 1X,
3056 3594 3122 3643 10
3147 3590 3273 3644 Kal.
3300 3588 3631 3645 Decembris
3658 3590 3828 3645 altare

2230 3684 2285 3739 in
2336 3683 2545 3739 honore
2582 3682 2863 3739 dominice
2898 3684 3317 3739 resurrectionis
3361 3684 3731 3750 consecravit,
3775 3693 3827 3738 et

2232 3777 2414 3833 locum
2444 3778 2558 3834 suis
2583 3777 2789 3833 sanctis
2829 3776 3305 3833 benedictionibus
3350 3776 3585 3833 initiavit
3618 3787 3676 3833 et
3701 3794 3830 3833 con-

2230 3872 2482 3927 ﬁrmavit.

2308 3972 2467 4022 1064.
2497 3966 2619 4021 Hoc
2645 3965 2807 4021 etiam
2838 3980 2983 4021 anno
3012 3980 3041 4020 a
3069 3964 3383 4021 Ruomuldo
3408 3965 3826 4021 Constaneiensi

2232 4058 2484 4131 episcopo
2524 4059 2766 4115 azcclesia
2791 4059 2961 4115 sancti
3000 4058 3295 4115 Salvatoris
3322 4057 3603 4114 dedicatur
3642 4060 3699 4112 in
3739 4073 3825 4112 ce

2233 4152 2400 4208 nobio
2421 4152 2766 4209 Scafhusensi
2795 4152 2838 4221 ³,
2862 4151 3012 4225 quod
3030 4167 3218 4209 comes
3244 4151 3445 4207 nobilis
3473 4150 3823 4207 Eberhardus

2233 4246 2301 4303 de
2344 4246 2695 4303 Nellemburc
2730 4254 3106 4303 construxerat
3144 4254 3200 4302 et
3239 4246 3463 4318 praediis
3508 4246 3619 4301 suis
3657 4244 3823 4299 dota-

2233 4344 2398 4392 verat.

2301 4426 2511 4481 Smculo
2591 4442 2709 4495 λιν,
2773 4443 2884 4498 quo
2940 4427 3165 4482 ineunte
3226 4424 3510 4483 Scafhusm
3578 4426 3826 4480 servaba-

528 4505 829 4559 Annalium
878 4502 1056 4559 Sancti
1108 4502 1274 4557 Blasii
1323 4518 1418 4557 seu
1468 4502 2013 4573 Engelbergeusium,
2068 4512 2118 4559 et

2236 4524 2323 4569 tur
2346 4519 2553 4583 (1204),
2572 4515 2627 4570 in
2642 4487 2963 4571 Fabariense
2980 4517 3373 4572 monasterium
3394 4515 3611 4571 transiit
3625 4521 3827 4581 (1205),

530 4596 786 4652 Chronici
834 4597 1021 4652 Sancti
1059 4596 1275 4668 Georgii
1306 4596 1364 4650 in
1411 4594 1576 4668 Nigra
1621 4596 1787 4664 Silva,
1818 4612 2030 4652 necnon
2056 4597 2123 4652 ab

530 4698 753 4745 auctore
779 4690 1043 4745 librorum
1077 4706 1173 4745 sex
1214 4690 1282 4745 de
1306 4688 1539 4747 decursu
1565 4698 1883 4763 temporum
1909 4707 2047 4763 quos
2068 4710 2118 4748 a.

2235 4612 2531 4677 posteaque
2560 4604 2904 4661 bibliothecae
2934 4606 3213 4661 Bavaricm
3237 4606 3441 4673 illatus,
3472 4612 3523 4659 et
3554 4606 3705 4659 inter
3734 4607 3829 4659 La-

2234 4695 2377 4749 tinos
2423 4709 2657 4751 numero
2702 4699 2811 4749 452
2853 4695 3099 4766 signatus
3151 4693 3421 4765 hodieque
3477 4702 3606 4764 post
3661 4692 3829 4747 Liud-

1826 4819 2070 4873 VARl/E
2110 4820 2525 4876 LECTIONES.

604 4904 618 4936 ¹
650 4902 1042 4960 Nellenbuerc.
1079 4916 1098 4943 ³
1129 4903 1409 4960 Seafhensi
1436 4922 1479 4961 c.

2060 5007 2292 5065 ΝΟΤᾹΞ.

607 5105 785 5166 (1192)
815 5099 898 5155 Cf.
923 5116 972 5156 e.
996 5117 1047 5172 g.
1082 5117 1240 5158 voces
1270 5119 1321 5157 a.
1354 5108 1482 5158 1061
1510 5101 1725 5172 additas
1751 5110 1807 5155 et
1836 5117 1959 5172 qum
1980 5103 2119 5159 infra

530 5172 597 5228 de
625 5171 1055 5245 correctionibus
1085 5182 1209 5245 post
1243 5190 1453 5229 annum
1488 5178 1617 5229 1091
1662 5171 1728 5226 ab
1754 5171 1977 5227 auctore
2001 5175 2119 5245 ipso

532 5243 788 5316 profectis
818 5243 1196 5316 propositurus
1225 5261 1369 5301 sum.

604 5320 785 5382 (1193)
826 5320 895 5371 A.
933 5323 1094 5372 1086.

605 5391 783 5453 (1194)
827 5390 973 5461 E._g.
1005 5387 1225 5461 Trajani
1266 5392 1493 5461 ann.__1_0
1525 5400 1586 5440 ex
1611 5385 1932 5461 Hieronymi
1961 5402 2020 5461 a._
2064 5393 2118 5454 6,

535 5462 623 5523 12,
660 5464 748 5525 13,
786 5456 1189 5524 εοηῦὲῐυωζθ.
1236 5464 1269 5511 9
1300 5473 1366 5511 ex
1393 5456 1707 5527 Hieronymi
1736 5471 1785 5509 a.
1828 5462 1885 5512 11
1918 5476 1934 5523 ;
1964 5458 2033 5512 cf.
2070 5469 2123 5514 et

530 5545 657 5584 ann.
707 5535 966 5593 844-847,
998 5536 1127 5594 897,
1172 5533 1298 5595 898,
1331 5534 1459 5594 900,
1491 5528 1579 5583 ubi
1623 5528 1775 5599 prius
1818 5538 1960 5584 recte
1989 5530 2121 5585 scri-

530 5608 620 5672 pta
639 5610 825 5671 postea
848 5600 1098 5655 mutavit.

599 5674 789 5739 (1195)
820 5680 969 5741 Ann.
1006 5677 1160 5736 1080,
1192 5677 1350 5737 1088,
1388 5676 1727 5741 1087,1093.

602 5747 784 5807 (1196)
816 5740 1059 5798 Welfoni
1085 5742 1207 5797 duci
1236 5760 1284 5797 θ.
1324 5748 1477 5799 1093.

605 5816 788 5879 (1197)
821 5816 887 5868 Α.
919 5817 1059 5869 1090
1082 5816 1387 5873 Luitoldus.

2302 5106 2479 5176 (1198)
2509 5106 2577 5159 A.
2612 5108 2771 5159 1074.

2300 5181 2478 5241 (1199)
2514 5183 2559 5230 A
2593 5180 2753 5232 1084.

2299 5253 2481 5314 (1200)
2522 5253 2589 5301 Α.
2625 5252 2782 5301 1065.

2304 5320 2480 5389 (1201)
2512 5318 2652 5373 Ibid.
2681 5318 2737 5372 in
2762 5315 2985 5371 additis.

2302 5394 2483 5455 (1202)
2511 5389 2732 5445 Archiv.
2769 5391 2890 5454 Vll,
2920 5393 3045 5445 504.

2302 5465 2483 5525 (1203)
2510 5461 2574 5515 V.
2610 5475 2771 5530 supra
2805 5476 2923 5531 pag.
2960 5466 3050 5514 73.

2301 5536 2483 5597 (1204)
2510 5533 2574 5587 V.
2601 5526 2979 5601 inscriptiones
3008 5546 3053 5585 s.
3090 5546 3190 5587 XIV
3216 5526 3310 5584 fol.
3344 5532 3414 5585 49
3443 5546 3456 5582 :
3484 5527 3577 5583 hec
3617 5530 3823 5651 ποηιέξὲ

2303 5672 2480 5743 (1205)
2511 5674 2628 5728 Hac
2655 5671 3009 5743 inscriptione
3032 5680 3195 5737 teste,
3236 5685 3399 5742 quam
3440 5685 3619 5743 manu
3644 5685 3821 5743 cornva

2229 5744 2324 5800 fol.
2364 5751 2427 5800 81
2466 5740 2705 5815 legimus
2737 5761 2751 5799 :
2782 5740 2920 5803 Nota
2948 5744 3093 5814 quod
3137 5740 3368 5801 domnus
3396 5740 3823 5881 Burkaaggisﬂqt;

3638 5816 3803 5869 ’olmr
