4062 6182
216 291 343 346 1281

1118 287 1404 344 ΑΡΡΕΝΙ).
1444 288 1531 345 Ill.
1570 316 1641 332 —
1676 288 2097 348 MONUMENTA
2136 289 2598 347 GREGORIANA.

3370 294 3507 349 i282

212 413 404 489 prandi
448 411 827 487 autographon
871 412 1006 469 nulli
1057 414 1332 491 secundus
1381 415 1611 486 eminet,
1643 424 1809 491 atque
1838 424 1893 488 Α
1919 418 2064 475 blico
2123 416 2555 490 Wirzburgensi,
2624 415 2681 471 in
2769 431 2888 472 rem
2934 423 3179 473 nostram
3237 418 3508 476 converti.

207 508 440 583 jubente
479 508 833 566 serenissima
862 489 1137 565 Bavariaa‘
1170 522 1300 581 rege
1345 509 1622 583 ﬂagitanti
1661 489 1804 567 mihi

213 602 569 660 transmissus
585 611 684 659 est.
714 602 977 659 Continet
995 601 1220 675 paginas
1245 603 1441 662 veteris
1466 604 1806 663 membranae

214 702 304 765 81,
330 697 390 752 in
427 696 821 769 quaterniones
847 706 1181 754 actonarum
1204 698 1557 771 paginarum,
1598 700 1804 772 primo,

214 790 521 865 penultimo
549 798 603 847 et
633 790 829 847 ultimo
841 789 935 863 qui
967 796 1053 861 11,
1080 795 1144 847 10
1170 799 1225 848 et
1250 797 1285 848 4
1312 792 1526 865 paginis
1553 799 1809 850 constant

214 884 475 958 exceptis,
526 882 868 954 distributas,
924 885 1193 957 scriptura
1249 886 1437 943 saeculi
1488 900 1555 943 χι
1600 903 1807 943 exeun-

217 979 291 1038 tis
313 982 499 1049 (1206)
524 978 731 1051 gracili,
761 977 860 1035 sed
902 979 1281 1052 compluribus
1316 979 1453 1037 locis
1481 980 1710 1038 evanida
1754 988 1809 1037 et

216 1076 428 1133 recenti
454 1073 637 1132 saeculi
681 1072 795 1131 fere
819 1089 953 1132 xvn
979 1090 1155 1131 manu
1180 1076 1501 1133 resuscitata
1524 1084 1621 1133 aut
1645 1077 1809 1150 plane

216 1168 559 1228 obnubilata.
584 1168 850 1225 Diversus
875 1170 1169 1226 atramenti
1202 1170 1354 1227 color
1386 1169 1569 1243 (1207)
1601 1178 1656 1227 et
1678 1170 1811 1228 scri-

226 1271 389 1337 ptura
441 1260 621 1336 (1208)
676 1270 960 1319 auctorem
1004 1279 1142 1335 opus
1188 1264 1413 1337 passim,
1464 1280 1516 1322 e.
1561 1280 1615 1337 g.
1665 1264 1809 1323 circa

223 1373 435 1416 annum
480 1358 640 1426 1088,
688 1362 851 1422 1091,
872 1364 926 1412 et
960 1364 1146 1428 postea
1170 1358 1474 1415 correxisse
1502 1366 1558 1414 et
1590 1359 1810 1416 auxisse

220 1450 550 1520 ostendunt;
573 1458 630 1507 at
657 1458 805 1507 notae
828 1466 1101 1507 annorum
1126 1456 1231 1508 674
1261 1461 1317 1508 et
1346 1458 1485 1509 1096
1529 1450 1599 1509 de
1625 1455 1811 1526 Daga-

224 1546 385 1604 berto
413 1552 469 1602 et
496 1544 723 1602 Judaeiis
750 1543 820 1601 ab
849 1544 1022 1601 aliena
1050 1560 1217 1602 manu
1244 1546 1340 1603 sed
1368 1546 1589 1604 ineunte
1607 1548 1812 1603 saeculo

219 1655 341 1710 xu,
360 1647 507 1697 natm
525 1637 595 1695 de
622 1637 918 1696 comitibus
943 1638 1372 1712 Nellenburgicis
1395 1648 1449 1696 et
1471 1640 1812 1698 monasterio

220 1731 564 1792 Scafbusano
594 1732 742 1789 circa
782 1748 991 1789 annum
1029 1738 1167 1789 1119
1195 1749 1226 1789 a
1252 1735 1430 1790 scriba
1474 1734 1813 1793 Scafhusano

1913 512 2104 570 Scriba
2156 529 2321 586 quem
2397 511 2569 584 priori
2620 517 2774 582 parte
2822 509 3201 568 authenticum
3254 520 3506 570 accurate

1913 615 2165 665 secutum
2219 606 2478 676 vidimus,
2539 606 2598 661 in
2645 613 2799 677 parte
2844 604 3086 661 secunda
3136 606 3318 678 operis
3363 605 3509 662 haud

1913 716 2084 774 pauca
2134 700 2369 770 omittit,
2415 699 2520 756 alia
2568 697 2755 766 addit;
2815 698 3068 755 Heinrico
3112 699 3190 754 IV
3238 698 3512 767 addictus,

1914 794 1974 851 in
2002 794 2320 851 narratione
2347 793 2397 850 ei
2433 792 2660 850 inimica
2684 790 3007 865 dignitatem
3038 792 3237 850 saltem
3280 792 3517 865 impera-

1912 887 2117 945 toriam
2142 887 2283 944 tueri
2311 893 2563 954 conatur,
2614 894 2673 943 et
2697 886 2958 943 conviciis
2985 901 3142 959 aeque
3166 887 3225 942 in
3249 902 3379 944 eum
3419 902 3515 944 as-

1915 981 2191 1054 seclasque
2219 979 2335 1052 ejus
2382 996 2413 1036 a
2440 978 2713 1036 Bernoldo
2742 979 2966 1052 prolatis
3005 992 3070 1035 ac
3096 979 3353 1037 laudibus
3382 981 3516 1038 Gre-

1914 1075 2091 1149 gorio,
2128 1072 2410 1132 Mathildae
2438 1081 2494 1130 et
2537 1088 2729 1129 eorum
2753 1070 3082 1145 sequacibus
3115 1072 3333 1130 tributis
3366 1073 3514 1132 haud

1914 1184 2041 1227 raro
2054 1168 2293 1226 abstinet
2307 1169 2585 1236 (1209-10)
2604 1186 2620 1237 ;
2637 1167 2858 1222 annales
2880 1166 3206 1223 monasterii
3225 1167 3312 1223 sui
3331 1168 3510 1239 primo

1916 1262 2244 1336 inmargine
2268 1260 2467 1318 deinde
2515 1275 2645 1316 vero
2700 1258 2873 1315 textui
2916 1258 3019 1331 ipsi
3063 1259 3240 1316 illatas
3268 1259 3514 1327 exhibet,

1917 1373 2056 1432 quos
2079 1355 2167 1413 hic
2193 1354 2335 1414 serie
2355 1353 2617 1412 continua
2656 1353 2845 1410 sistere
2874 1352 3117 1426 placuit:

2167 1478 2509 1534 ANNALES
2570 1474 3261 1533 GENGENBACENSES.

1930 1610 1935 1615 ν
1999 1599 2150 1650 1027.
2182 1593 2331 1651 Obiit
2350 1590 2692 1663 Reginaldus
2715 1590 2905 1663 abbas.

1994 1672 2154 1722 1034.
2186 1662 2521 1721 Rausteinhs
2558 1663 2727 1719 abbas
2753 1662 2911 1719 abiit.

1997 1741 2155 1794 1052.
2183 1735 2515 1793 Bertboldus
2534 1734 2705 1791 abbas
2724 1733 2875 1790 obiit.

228 1827 454 1901 adjecta
486 1832 636 1895 sunt,
661 1826 753 1883 cui
802 1834 857 1883 et
882 1826 1092 1884 ultimae
1118 1826 1273 1884 lineae
1302 1828 1553 1903 catalogo
1590 1828 1813 1901 pontiﬁ-
1850 1816 1897 1880 Β
2002 1815 2159 1903 ο
2190 1806 2804 1903 ῼξνξξξᾌξρρρθμξξδξιξξξε

224 1938 354 1981 cum
399 1921 644 1996 adjectae,
673 1921 882 1979 scilicet
903 1923 1036 1979 anni
1062 1923 1334 1980 Paschalis
1362 1925 1415 1980 Il
1441 1932 1496 1981 et
1523 1940 1676 1997 papae
1706 1911 1836 1983 Ge?

226 2017 397 2074 lasius
432 2020 484 2073 ll
546 2025 604 2083 et
652 2017 888 2074 Calistus
940 2018 1014 2085 ll,
1062 2015 1350 2074 debentur.
1403 2019 1543 2090 Quae
1588 2017 1723 2074 dum
1758 2018 1816 2074 in

221 2110 451 2185 reliquis
497 2110 775 2167 codicibus
805 2126 836 2167 e
884 2118 1074 2167 nostra
1130 2109 1388 2168 derivatis
1422 2110 1816 2181 desiderantur,

225 2220 323 2263 eos
341 2204 536 2277 primis
555 2204 744 2261 saeculi
771 2220 867 2261 xu
890 2205 1072 2274 annis,
1097 2214 1242 2264 certe
1269 2214 1394 2262 ante
1412 2221 1624 2262 annum
1655 2210 1816 2274 1119,

220 2296 353 2355 inde
381 2306 641 2370 exceptos
662 2312 780 2354 esse
810 2307 1060 2370 oportet;
1093 2314 1329 2372 quorum
1358 2298 1602 2372 quidem.

292 2394 349 2458 2)
397 2392 461 2447 C.
510 2391 643 2447 olim
668 2392 993 2448 monasterii
1032 2392 1510 2464 Gengenbacensis
1553 2391 1700 2449 mbr.
1761 2392 1820 2447 in

222 2483 323 2541 fol.
364 2484 573 2557 optime
597 2492 874 2553 exaratus,
898 2485 1227 2555 scripturam
1259 2485 1442 2542 saeculi
1469 2500 1529 2541 ιι
1571 2484 1823 2541 exeuntis
1856 2496 1865 2509 '

146 2590 149 2591 '
224 2578 317 2636 vel
341 2592 437 2634 χιι
462 2577 710 2634 ineuntis
738 2586 852 2633 tam
876 2585 1065 2650 aperte
1102 2576 1338 2647 exhibet,
1368 2587 1432 2634 ut
1449 2593 1513 2633 ea
1540 2577 1608 2634 de
1635 2593 1696 2633 re
1722 2577 1822 2633 du-

220 2670 398 2729 bietas
448 2672 599 2728 nulla
626 2671 974 2728 intercedere
1002 2670 1195 2744 possit.
1238 2672 1541 2745 Exploravi
1584 2686 1716 2728 eum
1768 2687 1825 2729 a.

227 2770 387 2835 1833,
416 2764 475 2821 in
500 2763 833 2822 bibliotheca
860 2764 1007 2838 regia
1033 2765 1402 2822 universitatis
1430 2764 1825 2839 Wirzburgen-

226 2859 327 2927 sis,
356 2867 413 2915 et
438 2858 776 2916 concedente
801 2858 944 2915 votis
972 2858 1111 2916 meis
1165 2859 1545 2917 liberalissime
1584 2858 1702 2915 viro
1750 2857 1820 2915 el.

225 2952 518 3027 Ludewig,
538 2951 888 3011 bibliotheca
929 2952 977 3010 ei
1023 2951 1279 3027 praefecto
1309 2962 1365 3011 et
1388 2953 1697 3027 professors
1724 2968 1826 3026 pu-

2002 1886 2161 1937 1074.
2192 1879 2455 1937 Acelinus
2470 1876 2658 1935 wabbas
2680 1876 2839 1932 obiit.

2003 1957 2162 2008 1075.
2194 1954 2516 2019 Roupertus
2561 1952 2746 2015 (1211)
2776 1944 3255 2019 Gengenbacensis
3293 1944 3504 2019 cenabii

1928 2023 2251 2080 venerabilis
2295 2018 2642 2086 abbas,'cum
2668 2024 2915 2075 cerneret
2936 2026 3175 2074 cunctos
3215 2018 3312 2086 qui
3354 2033 3527 2073 nova-

1927 2095 2000 2152 lia
2044 2092 2405 2167 possidehant
2443 2090 2719 2167 illius_loci
2746 2089 3042 2161 inlegitima
3056 2088 3179 2160 jura
3196 2087 3318 2167 sibi
3348 2087 3529 2144 vendi-

1927 2158 2074 2232 care',
2105 2165 2336 2222 moleste
2364 2162 2546 2219 ferens
2574 2158 2971 2216 detrimentum
3000 2158 3342 2227 monasterii,
3376 2174 3526 2232 Acan;

1926 2228 2150 2295 strinxit
2214 2249 2408 2292 omnes
2458 2232 2527 2289 ad
2574 2231 3000 2303 persolvendum
3055 2246 3303 2303 censum.
3360 2228 3525 2299 Quod

1927 2308 2136 2365 factum
2173 2323 2302 2364 cum
2341 2302 2649 2361 inviderent
2686 2318 2935 2374 omnes,”
2960 2302 3190 2374 contigit
3233 2302 3422 2374 etiam,
3463 2307 3526 2355 ut

1928 2380 2171 2452 quidam“
2197 2378 2397 2452 milites
2425 2377 2543 2449 ejus
2578 2376 2653 2429 Η.
2684 2383 2739 2452 e_t
2761 2377 2827 2452 (ξ.
2866 2371 3169 2452 11ιί0801118
3205 2371 3527 2452 ediﬁcarent

1929 2443 2315 2507 fnolendinum
2346 2449 2403 2503 in
2422 2443 2559 2518 pago
2587 2445 2733 2518 quod
2776 2443 2980 2501 dicitur
3003 2443 3374 2518 Anteresbach
3399 2458 3530 2498 con-

1930 2530 2013 2593 tra
2043 2523 2161 2593 ejus
2203 2515 2574 2593 voluntatem,
2602 2515 2658 2573 et
2683 2517 2826 2572 viam
2870 2531 2965 2593 per
2993 2515 3276 2593 publicum
3333 2529 3526 2593 agrum

1932 2585 2173 2649 lacerant
2197 2591 2351 2663 juxta
2372 2597 2607 2663 pontum
2635 2585 2954 2644 monasterii
2971 2585 3013 2652 ς’
3032 2596 3118 2663 set
3146 2585 3527 2663 molendinum

1933 2656 2259 2720 auctoritate
2286 2656 2536 2717 advocati
2553 2658 2895 2715 destructum
2926 2666 3030 2729 est,
3049 2657 3167 2729 ipso
3195 2657 3390 2729 abbate
3422 2656 3529 2729 hoc

1932 2736 2280 2808 impetrante.
2312 2735 2526 2804 Agrum
2554 2746 2681 2785 vero
2719 2728 2966 2808 precepit
2992 2726 3087 2800 per
3114 2726 3528 2808 secircumya‘l-

1935 2796 2068 2863 lare.
2095 2809 2344 2876 Cumque
2365 2796 2688 2876 Bperatores
2718 2796 3051 2876 f9derént,_‘a
3089 2798 3355 2854 militibus
3398 2796 3529 2853 inde

1934 2878 2145 2950 expulsi
2164 2870 2311 2933 sunt.
2342 2870 2465 2930 Hoc
2492 2872 2685 2950 videns
2715 2871 2907 2950 abbas,
2928 2870 3043 2950 gelo
3071 2878 3403 2950 commotus,
3430 2883 3530 2950 ve-

1935 2940 2025 3007 nit
2054 2950 2188 3007 illuc
2206 2963 2336 3006 cum
2360 2944 2640 3019 capellano
2674 2958 2796 3001 suo.
2827 2944 2901 2997 At
2925 2941 3005 2998 illi
3024 2941 3103 2997 ira
3129 2942 3413 3013 concitati,
3440 2940 3528 2996 in-

1774 3086 2009 3143 NOTE.

228 3214 310 3267 est
335 3212 656 3266 monasterii
672 3211 812 3279 scaf.
855 3210 973 3267 Fol.
1023 3215 1113 3279 24,
1136 3210 1256 3267 haec
1286 3210 1404 3268 loco
1450 3226 1623 3269 vacuo
1654 3226 1827 3268 manu
1858 3211 1906 3280 C
1938 3210 2170 3265 nasterii
2192 3208 2364 3262 sancti
2394 3204 2564 3280 Lucii,
2590 3207 2641 3259 et
2673 3203 2859 3280 damni
2883 3203 3084 3280 prioris
3113 3200 3298 3280 domus
3328 3200 3523 3280 pradi-

229 3283 417 3339 smculi
436 3297 546 3338 11v
587 3282 827 3337 ineuntis
856 3282 1057 3353 scripta
1086 3292 1217 3339 sunt
1244 3300 1259 3338 :

304 3358 381 3421 (a)
423 3354 584 3409 Anno
608 3354 824 3408 milleno
855 3354 1038 3423 bisque
1064 3360 1277 3410 centeno
1304 3359 1356 3409 et
1398 3358 1598 3424 septem
1629 3353 1702 3425 (a)
1717 3370 1830 3425 pa-

656 3427 796 3480 riter
818 3428 880 3482 F.
898 3433 1167 3496 carpepat
1192 3430 1268 3493 (a)
1293 3428 1418 3482 iter.

304 3496 463 3553 Anno
533 3496 749 3569 milleno
797 3496 1087 3551 ducenteno
1131 3497 1375 3552 duodena
1422 3498 1577 3564 facta
1631 3497 1704 3569 (a)
1752 3500 1830 3552 est

377 3571 482 3623 iter
508 3568 820 3621 Jerosalima
845 3584 944 3638 per
970 3584 1117 3622 mare
1148 3570 1435 3623 stultorum
1449 3568 1754 3637 puerorum.

304 3639 468 3697 Anno
490 3639 711 3695 milleno
733 3642 931 3694 tricena
960 3643 1210 3710 trinoque
1239 3642 1398 3695 trino.

304 3726 427 3779 rege
465 3711 566 3766 sub
593 3712 829 3767 Hanrico
843 3712 1043 3782 populo
1069 3711 1386 3767 Jerosolima
1422 3725 1619 3782 magno

307 3785 555 3853 queritur
591 3786 640 3837 et
672 3781 851 3852 signat
902 3788 1101 3838 terram
1126 3799 1263 3838 crum
1304 3799 1502 3853 equora
1523 3781 1829 3837 obumbrat.

305 3854 468 3909 Anno
521 3853 734 3908 milleno
774 3858 987 3911 centena
1059 3857 1371 3925 octogesimo
1454 3853 1681 3910 secundo
1731 3853 1831 3908 sub

306 3926 505 3981 Alexio
557 3928 898 3996 imperatore.

308 3997 902 4053 Constantinobolitana
941 3997 1011 4066 (a)
1056 4001 1217 4067 capta
1284 4002 1364 4052 est
1406 3997 1738 4051 Hierusalem
1782 4000 1833 4051 et

351 4073 522 4123 totum
545 4085 770 4139 regnum
797 4069 911 4139 ejus
932 4069 1224 4122 christiane
1254 4069 1382 4137 ﬁdei
1407 4069 1722 4137 subjectum.

232 4139 334 4196 Fol
366 4144 457 4203 82,
493 4145 583 4195 83.
611 4136 671 4195 et
720 4136 876 4195 initio
918 4139 1124 4194 codicis
1149 4136 1346 4194 census
1376 4136 1522 4193 anno
1573 4142 1706 4193 1325
1735 4136 1835 4193 Ul-

232 4211 355 4268 riea
401 4210 471 4265 de
518 4210 824 4267 Valendaus
873 4210 1162 4265 solvendus
1212 4209 1505 4279 inscriptus
1552 4208 1828 4265 habetur:

234 4284 419 4339 Primo
448 4283 603 4338 liberi
620 4283 687 4338 de
711 4299 879 4353 supra
905 4283 1045 4338 silva
1066 4283 1155 4338 XL
1172 4296 1409 4349 marcas,
1442 4288 1546 4337 etc.

247 4441 496 4510 Wolfurt
542 4442 826 4498 monachus
861 4442 1180 4498 monasterii
1213 4440 1558 4496 Fabariensis
1595 4440 1835 4510 primam

238 4526 400 4569 suam
442 4516 667 4570 missam
720 4514 1001 4569 celebravit
1026 4516 1083 4567 in
1128 4514 1401 4568 dominica
1456 4513 1545 4567 die
1575 4514 1833 4583 proxima

1938 3287 2178 3337 catorum
2200 3279 2557 3343 Curiensium,
2586 3276 2932 3345 supradictus
2951 3275 3177 3329 domnus
3205 3273 3370 3328 abbas
3392 3274 3533 3327 Bur-

1939 3353 2142 3407 kardus
2167 3352 2278 3418 fuit
2314 3349 2601 3404 ordinatus
2628 3349 2689 3401 in
2729 3347 2996 3418 abbatem.
3034 3360 3211 3418 agmen.

2010 3413 2192 3493 (1206)
2241 3420 2510 3493 Quaedam
2558 3418 2608 3476 ei
2660 3416 2970 3493 peculiaria_
3010 3416 3272 3493 adnotare
3298 3413 3532 3486 juvabit.

1935 3488 2204 3552 Scribitur
2227 3488 2527 3562 saepissime
2571 3505 2636 3553 ae,
2662 3488 2726 3544 'e.
2760 3504 2809 3561 g.
2846 3488 3098 3555 (ecclesia,
3136 3502 3312 3558 persae
3325 3527 3366 3562 ,_
3388 3501 3531 3562 pT(B_,

1932 3571 2133 3638 praeter
2181 3568 2253 3631 (a.
2285 3559 2410 3627 88I,
2453 3567 2605 3625 1083,
2657 3559 2856 3628 1084.),
2913 3564 2952 3638 ﬁ
3001 3575 3097 3631 pro
3141 3574 3289 3638 quis,
3330 3559 3533 3628 'q'uaeri-

1935 3632 2149 3705 monia;
2198 3652 2232 3691 υ
2272 3648 2676 3705 nonnunquam
2718 3632 2976 3705 occurrit,
3029 3646 3182 3705 ang.
3234 3634 3312 3697 ut,
3350 3644 3535 3699 osque,

1935 3702 2284 3776 unanimiter,
2309 3702 2644 3775 wluelirigin,
2695 3704 2993 3776 wlgariter,
3012 3702 3277 3776 videlicet,
3303 3715 3539 3756 venera-

1940 3781 2082 3845 bilis,
2149 3774 2283 3843 vita,
2333 3774 2553 3840 veniret,
2605 3775 2895 3841 lvitaldus;
2946 3774 3537 3845 excommunicatorum,

1938 3843 2241 3918 div,vcuiv',’
2286 3851 2595 3917 associatv';
2644 3852 2675 3902 7
2706 3853 2761 3901 et
2788 3852 2817 3899 7
2844 3849 2963 3916 (pro
3003 3849 3091 3918 et)
3119 3843 3440 3918 conjunctio
3487 3848 3542 3896 et

1940 3917 2275 3990 terminatio,
2325 3936 2375 3976 e.
2423 3935 2475 3991 g.
2530 3919 2590 3973 in
2635 3918 2899 3979 videlicet,
2945 3917 3168 3984 sederet,
3206 3917 3544 3991 consentiret,

1934 3987 2265 4066 proveniret,
2293 3987 2614 4062 usurparet,
2642 3991 2967 4052 immineret,
3017 3991 3374 4066 incoronaret,
3390 3987 3545 4066 poeni-

1938 4063 2046 4144 ret;
2072 4063 2134 4130 id
2158 4088 2258 4146 pro
2286 4072 2346 4127 id
2395 4076 2471 4127 est
2504 4074 2575 4138 (a.
2626 4075 2782 4137 729);
2812 4069 2907 4146 [ὦ
2950 4083 3050 4139 pro
3086 4072 3265 4146 tamen
3307 4064 3542 4146 (101.75.

1939 4136 2054 4216 76.)
2104 4161 2134 4199 ο
2158 4136 2289 4216 ’ρτο
2332 4158 2447 4197 con.
2477 4136 2646 4216 ?'_pro
2676 4136 2777 4204 est,
2812 4140 2864 4194 Η
2894 4136 2991 4209 pro
3020 4140 3195 4194 enim:
3227 4137 3264 4193 h
3293 4152 3392 4208 pro
3429 4136 3544 4198 hoc,

1945 4214 2117 4289 h—pra
2130 4213 2261 4289 hcéc,
2304 4228 2349 4269 s.
2402 4220 2477 4280 et,
2507 4213 2704 4289 S._p_ro
2732 4216 2968 4272 sanctus,
2998 4218 3129 4276 etc.,
3170 4223 3239 4289 qq
3273 4222 3546 4289 proﬂua.

1946 4277 2064 4357 que,
2092 4288 2187 4340 ΒΡ
2221 4277 2321 4355 pro
2361 4277 2726 4352 respublica,
2756 4289 2887 4357 etc.,
2916 4277 3244 4357 occurrunt;
3275 4277 3546 4357 scribitur

1944 4348 2000 4412 et
2034 4348 2344 4428 nunquam,
2384 4348 2654 4428 unquam,
2675 4348 2972 4428 quendam,
3006 4348 3541 4428 eundem,_heresim,

1942 4426 2129 4495 nichil,
2166 4419 2504 4497 'epdomada,
2536 4432 2592 4480 et
2626 4419 2795 4478 Semel
2820 4419 3070 4493 caelum;
3108 4422 3407 4497 natalis_et
3443 4434 3544 4474 na-

1943 4490 2149 4570 tivitas,
2202 4490 2259 4573 é;
2294 4508 2425 4576 (pro;
2463 4490 2566 4576 set)
2591 4508 2645 4557 et
2700 4490 3032 4576 sed;(_2_l—pr_o
3061 4503 3188 4567 900,
3240 4490 3387 4555 CL—l
3445 4513 3546 4569 pro
3636 4524 3663 4539 ε

234 4590 365 4656 post
384 4655 408 4658 μ
426 4655 451 4658 μ
466 4569 667 4658 festum
736 4587 1059 4640 ascensionis
1136 4586 1344 4641 Christi
1360 4656 1372 4658 _
1410 4600 1551 4658 anno
1575 4569 1596 4583 ⁸
1621 4586 1843 4658 gemini
1867 4590 1920 4658 Ι)
1949 4569 2219 4658 901_,-etc.
2246 4569 2557 4658 'marhhach
2607 4579 2663 4628 et
2689 4569 3042 4658 marchha;ch.

240 4654 329 4712 11°
370 4655 516 4711 CCC°
564 4658 799 4712 LXXV°.
838 4658 909 4711 Et
938 4662 1122 4712 postea
1159 4656 1454 4710 venerabili
1515 4659 1573 4708 in
1631 4654 1842 4712 Christo

240 4729 403 4798 patri
427 4728 662 4783 Jahanni
677 4728 742 4782 de
789 4726 1166 4784 Mendelbitren
1206 4727 1335 4780 bone
1374 4727 1621 4798 memorie
1656 4726 1844 4782 abbati

248 4796 389 4853 dicti
424 4801 747 4855 monasterii
788 4800 859 4853 ab
897 4800 990 4853 hoc
1017 4799 1191 4853 secula
1221 4800 1513 4866 migrante,
1539 4796 1681 4850 idem
1708 4799 1844 4852 Bur-

249 4869 458 4925 ltardus
504 4872 694 4926 electus
730 4871 844 4937 fuit
899 4872 957 4924 in
984 4870 1229 4924 abbatem
1280 4870 1496 4939 prefati
1536 4871 1849 4939 monasterii

247 4943 506 4997 unanimi
527 4942 911 4997 deliberatione
937 4956 1156 4995 suorum
1188 4938 1527 5006 confrath
1558 4938 1846 4994 Fabarien-

249 5015 397 5069 sium
452 5028 594 5067 anno
656 5015 872 5068 Domini
925 5012 1446 5067 M°CCC°LXXXVI°
1489 5009 1721 5065 secunda
1757 5011 1847 5066 die

244 5089 373 5156 post
400 5085 600 5152 festum
623 5085 813 5141 Thome
852 5084 1099 5153 apostoli.
1124 5085 1194 5156 Et
1212 5087 1337 5156 post
1368 5081 1715 5156 jamdictam
1734 5082 1847 5136 etc-

248 5154 482 5211 ctionem
525 5158 639 5224 fuit
663 5158 1009 5225 conﬁrmatus
1030 5157 1088 5208 in
1130 5155 1217 5208 die
1251 5155 1395 5208 beati
1431 5154 1693 5207 Johannis
1720 5168 1845 5223 apo-

250 5230 383 5284 stoli
403 5232 454 5283 et
491 5224 830 5296 mangeliste
856 5229 915 5280 in
950 5227 1168 5279 civitate
1187 5224 1436 5279 Curiensi
1462 5240 1563 5295 per
1606 5225 1841 5279 honora-

254 5298 414 5354 bilem
441 5301 504 5353 in
532 5299 743 5354 Christo
776 5303 992 5368 patrem
1020 5296 1273 5351 damnum
1296 5299 1550 5352 Joannem
1591 5296 1739 5350 beate
1766 5310 1849 5350 re-

252 5371 587 5426 cardacionis
608 5367 910 5440 episcopum
940 5367 1261 5440 Curiensem.
1288 5371 1361 5424 Et
1382 5372 1507 5438 post
1542 5368 1702 5440 talem
1724 5382 1845 5422 con-

252 5443 619 5511 ﬁrmacionem
644 5439 912 5496 dominica
947 5439 1039 5494 die
1056 5442 1309 5510 proxima
1346 5444 1473 5509 post
1497 5439 1847 5509 epiphaniam

254 5528 291 5569 a
310 5513 580 5583 jamdicta
605 5514 798 5568 domno
824 5513 1063 5583 episcopo
1088 5514 1147 5565 in
1172 5512 1497 5566 monasterio
1531 5512 1708 5565 sancti
1750 5512 1850 5583 Lu-

256 5582 333 5640 cii
371 5587 511 5654 regis
547 5589 705 5641 ecetra
730 5582 909 5640 inuras
930 5583 1207 5639 Curienses
1247 5585 1448 5637 situate
1488 5583 1549 5635 in
1577 5582 1850 5651 presencia

256 5657 577 5712 venerabilis
598 5659 657 5713 in
678 5656 888 5713 Christo
909 5655 1120 5710 domini
1134 5654 1392 5709 Johannis
1434 5654 1650 5709 abbatis
1677 5667 1853 5707 mona-

256 5729 413 5784 sterii
432 5730 815 5786 Disertinensis
851 5729 948 5797 (a),
980 5726 1166 5784 damni
1205 5727 1469 5796 prepasiti
1489 5726 1709 5796 prefati
1738 5738 1851 5779 mo-

338 5856 414 5922 (a)
438 5855 522 5911 ita
550 5869 596 5911 c.

2022 4640 2203 4716 (1207)
2255 4651 2640 4703 Atramentum
2697 4642 2832 4716 anni
2850 4647 3002 4716 Δ1088
3050 4640 3266 4697 fuscum
3317 4641 3548 4716 cumin

1951 4712 2357 4791 Necrolo'gioet
2396 4717 2656 4786 Catologo
2685 4712 3008 4791 pontiﬁcum
3050 4721 3169 4791 tum
3183 4728 3247 4791 _e.
3287 4728 3349 4791 g.
3369 4714 3437 4791 in
3468 4712 3551 4791 his

1952 4792 2086 4848 locis
2114 4785 2443 4860 conspicitur
2472 4807 2484 4842 :
2537 4785 2695 4842 1060.
2724 4788 2916 4860 Romae
2940 4815 3011 4825 —
3041 4785 3546 4860 anathematizauit.

1957 4863 2115 4919 1065.
2197 4858 2532 4915 Pataviensis
2583 4859 2889 4928 capellanus
2940 4860 3206 4913 successit.
3258 4860 3325 4912 In
3372 4858 3550 4912 eodem

1951 4933 2341 5004 —Symoniace
2373 4931 2661 5004 s_uccessit_._
2688 4931 2846 5004 1066.
2875 4930 3035 4997 Hugo
3072 4960 3152 5004 -ν
3173 4929 3543 5004 substituitur.

1958 5002 2120 5061 1067.
2156 5002 2471 5059 Einhardus
2502 5031 2567 5041 -—
2607 5002 2894 5055 Heinricus
2931 5003 3196 5056 successit.
3251 5003 3402 5055 1080.
3440 5002 3549 5055 Ha-

1953 5080 2242 5133 vennatum
2271 5073 2549 5145 quandam
2572 5102 2644 5112 —
2673 5073 2853 5142 elegit.
2875 5072 2988 5145 vos
3006 5074 3182 5141 gratis
3221 5086 3272 5128 a.
3310 5077 3448 5126 1058
3469 5086 3553 5126 co-

1955 5150 2131 5206 lorem
2164 5142 2383 5203 fuscum
2409 5145 2540 5200 anni
2582 5148 2719 5199 1092
2750 5142 3011 5200 ostendit.

2027 5225 2206 5287 (1208)
2250 5218 2457 5273 Littera
2511 5216 2725 5270 minuta
2781 5214 2833 5269 iu
2883 5214 3001 5287 loco
3053 5229 3180 5270 raso
3226 5226 3275 5287 ρ.
3326 5225 3380 5282 g.
3434 5210 3553 5264 haec

1954 5284 2152 5362 scripta
2189 5284 2357 5345 Sunt:
2412 5291 2567 5362 10551.
2591 5289 2741 5362 ‘Huic
2767 5286 3121 5362 subdiaconus
3152 5284 3411 5362 tetricum,
3444 5290 3549 5362 etc.

1959 5355 2114 5419 1055.
2160 5364 2453 5431 Imperator
2499 5358 2734 5431 Italiam,
2786 5366 2895 5413 etc.
2945 5361 3102 5412 1056.
3140 5355 3396 5431 LVictor,
3440 5360 3546 5407 etc.

1960 5439 2116 5499 1084,
2157 5434 2210 5488 in
2237 5428 2346 5487 ﬁne
2372 5451 2384 5483 :
2411 5432 2573 5498 Quem
2598 5430 2782 5499 pridie
2825 5457 2895 5468 —
2923 5428 3188 5482 concessit.
3346 5460 3353 5463 -

2032 5507 2317 5572 (1209-10)
2346 5500 2428 5577 (3f.
2456 5516 2507 5577 e.
2535 5517 2589 5577 g_.
2612 5514 2821 5555 annum
2857 5503 3016 5577 1085_.
3059 5565 3070 5577 _
3169 5573 3179 5577 _
3284 5565 3296 5577 ο

1958 5565 2143 5644 (I211)
2174 5565 2307 5629 Haec
2353 5565 2667 5629 brevissime
2713 5577 2947 5644 tantum_
2986 5565 3255 5644 habentur
3282 5565 3357 5644 in-
3395 5566 3553 5644 codi-

1959 5636 2514 5711 cibus'Gottwicensi,
2556 5639 2799 5698 Murensi
2828 5646 2885 5694 et
2911 5636 3322 5712 Engclbergensi
3343 5638 3399 5694 in
3444 5639 3554 5694 line

1960 5733 2012 5775 a.
2052 5722 2210 5775 1073.
