4062 6182
536 258 671 311 1283

1533 246 1625 303 AD
1664 244 1888 302 OPERA
1927 243 1981 299 S.
2021 239 2343 297 GREGORII
2379 240 2817 297 APPENDICES.

3690 240 3825 292 1284

530 386 885 437 surrexerunt
923 376 1181 431 adversus
1203 373 1380 438 illum,
1409 380 1463 427 et
1497 372 1921 427 vulneraverunt
1944 368 2124 439 gravi-
2156 372 2206 434 A
2308 370 2510 424 Prmter
2540 367 2754 424 codices
2790 366 3029 439 integros
3079 364 3137 419 in
3175 362 3445 419 calculum
3494 362 3649 418 venit
3692 377 3828 434 apo-

534 462 639 507 ter.
670 451 995 521 Capellanus
1016 462 1142 500 vero
1196 445 1331 514 ejus,
1365 444 1590 521 nomine
1639 446 1795 521 Otto,
1819 442 2124 521 cond_o|ens

536 526 657 579 neci
681 514 814 592 ejus,
839 535 964 592 cum
985 519 1320 587 increpasset
1364 515 1642 592 quendam
1684 514 1915 592 militem
1946 515 2123 584 Egge-

537 585 767 649 bardum
806 585 1044 644 nomine
1069 585 1168 644 cur
1211 604 1319 642 non
1375 585 1688 642 subveniret
1732 585 1959 640 domino
2002 600 2123 651 suo,

533 666 603 720 ab
622 664 815 719 eodem
866 660 1045 732 gladio
1087 658 1565 732 animadvertitur»,
1596 657 1782 728 sicque
1805 656 1895 712 ille
1924 654 2128 732 quievit

532 737 585 790 in
611 750 742 804 pace
784 738 851 786 19
876 730 1128 804 ’Κειριιᾲ
1160 730 1637 804 Januarii._Abbas
1662 737 1873 804 autem
1900 730 2125 804 admo-

536 798 839 861 nasterium
870 802 1139 859 exanimis
1165 802 1396 868 delatus,
1428 800 1704 871 ﬁispositis
1757 798 2127 871 ordinatisque

536 877 639 932 rite
668 876 947 941 omnibus,
987 881 1039 930 2.
1074 874 1200 930 ldus
1230 869 1546 928 Decembris
1574 871 1827 943 migravit
1849 870 1917 927 ad
1936 869 2128 925 Domi-

538 965 695 1003 num.
741 947 841 1004 Cui
864 946 1126 1003 successit
1153 945 1341 1000 Willo.

610 1023 767 1075 1085.
801 1018 966 1073 Willo
1014 1017 1181 1072 abbas
1234 1032 1363 1071 cum
1395 1031 1569 1086 pauco
1602 1023 1849 1084 tempore
1891 1020 2128 1084 preesset

536 1091 873 1147 monasterio
915 1088 1380 1160 Gengenbacensi,
1423 1087 1687 1160 expulsus
1710 1100 1870 1160 causa
1901 1099 2129 1160 excom-

537 1161 949 1238 municationis,
982 1155 1067 1238 set
1092 1169 1156 1238 _ut
1181 1168 1364 1238 postea
1387 1155 1582 1238 clar_uit
1612 1156 1787 1238 magis
1812 1171 1875 1238 ex
1906 1155 2127 1209 invidia.

536 1236 610 1313 Et
635 1234 941 1313 prepositus
975 1227 1200 1313 quidam
1232 1229 1457 1312 clericus
1488 1227 1799 1313 [Sanomine
1818 1227 1884 1308 ab
1906 1243 1970 1281 eo
2000 1242 2131 1281 con-

510 1298 783 1370 stitutus,
814 1304 903 1374 qui
928 1298 1094 1357 etiam
1125 1302 1194 1374 de
1215 1302 1333 1371 ejus
1363 1300 1686 1374 expulsione
1708 1298 2006 1374 infamatus
2026 1306 2127 1366 est,

539 1376 781 1431 eundem
813 1370 992 1429 locum
1026 1390 1117 1444 per
1149 1370 1329 1443 plures
1357 1388 1528 1426 annos
1577 1370 1833 1444 obtinuit.
1862 1371 1979 1444 ipse
2006 1384 2132 1423 vero

539 1447 708 1503 abbas
751 1446 855 1501 hoc
895 1442 1039 1499 anno
1071 1452 1101 1501 3
1132 1446 1315 1499 Nonas
1349 1444 1474 1498 Julii
1520 1442 1814 1513 Mogontiaé.
1859 1442 2134 1513 inimona-

538 1520 702 1574 sterio
732 1517 901 1572 sancti
928 1517 1121 1572 Jacobi
1152 1517 1362 1571 solutus
1387 1522 1469 1569 est
1497 1530 1675 1579 carne,
1708 1512 1803 1567 ubi
1824 1522 1879 1566 et
1911 1512 2127 1567 functus

539 1600 619 1645 est
644 1588 825 1644 ofﬁcio
863 1589 1092 1642 abbatis.

621 1666 771 1716 1096.
808 1663 971 1726 (inter
991 1658 1177 1713 habuit
1211 1662 1262 1711 et
1286 1652 1610 1723 Sigifrcdns)
1645 1658 1795 1723 [lngo
1842 1654 2128 1725 religiosus

2234 456 2503 528 graphum
2556 458 2676 513 libri
2723 472 2868 512 anno
2914 462 3045 511 1091
3089 453 3233 527 apud
3264 455 3529 509 Sanctum
3583 451 3825 506 Blasium

2233 545 2478 599 relictum
2510 545 2664 615 cujus
2720 544 2945 615 vestigia
3000 542 3220 599 nonnisi
3262 542 3319 597 in
3366 540 3646 597 codicibus
3704 540 3827 594 inde

2232 633 2511 700 derivatis,
2552 634 2800 690 Murensi
2831 633 3117 705 praecipue,
3148 640 3359 687 extant.
3404 634 3528 701 Quo
3557 646 3690 686 cum
3741 646 3834 685 an-

2234 724 2503 796 tographo
2538 725 2764 792 collato,
2797 741 2958 781 voces
2992 731 3048 779 et
3099 724 3403 779 sententias
3447 722 3748 779 nonnullas
3782 722 3836 775 in

2235 814 2572 886 autographo
2612 821 2809 884 posta.
2861 816 2991 868 1091
3032 829 3062 867 a
3097 812 3378 868 Bernoldo
3404 811 3616 867 deletas
3650 819 3831 865 muta-

2235 911 2383 958 tasve
2423 902 2776 974 deprehendi,
2808 918 3045 975 quorum
3073 902 3193 958 loco
3238 901 3513 974 hodieque
3551 900 3835 956 membra-

2239 1008 2369 1047 nam
2395 1008 2641 1047 arrasam
2666 992 2830 1048 fuisse
2865 1000 3029 1064 patet.
3066 989 3355 1059 Ejusmodi
3402 1000 3530 1046 sunt
3572 1007 3626 1046 a.
3674 994 3839 1058 1054,

2232 1098 2332 1153 pro
2348 1098 2452 1152 quo
2477 1083 2818 1139 Gebehardus
2836 1113 2906 1123 —
2919 1083 3237 1138 liberaretur
3252 1102 3267 1145 ;
3281 1090 3395 1137 tota
3414 1080 3657 1136 narratio
3669 1095 3844 1135 anno-

2240 1188 2365 1228 rum
2401 1177 2541 1228 1055
2570 1181 2626 1229 et
2647 1178 2814 1240 1056;
2837 1188 2885 1228 a.
2925 1177 3062 1227 1058
3106 1188 3210 1228 vox
3231 1174 3403 1242 gratis
3444 1186 3589 1227 anno
3621 1170 3845 1225 circiter

2246 1272 2383 1323 1092
2405 1266 2623 1335 addita;
2651 1282 2701 1321 a.
2737 1272 2874 1323 1059
2895 1267 3163 1323 sententia
3199 1272 3248 1322 et
3268 1271 3451 1337 postea
3472 1267 3559 1319 illi
3576 1266 3652 1319 ad
3684 1265 3840 1319 dedi-

2242 1365 2438 1417 tionem
2471 1364 2719 1430 veniunt,
2747 1369 2869 1416 tum
2919 1376 3006 1416 res
3035 1361 3162 1416 anni
3202 1366 3364 1427 1060;
3406 1376 3454 1414 a.
3491 1364 3634 1414 1090
3676 1373 3843 1413 voces

2234 1458 2355 1527 jam
2389 1456 2621 1523 dudum,
2654 1463 2843 1525 postea
2870 1456 2964 1509 hoc
2992 1458 3047 1509 in
3069 1472 3205 1509 anno
3233 1453 3569 1519 emendatae;
3588 1469 3639 1507 a.
3672 1455 3833 1517 1091,

2235 1553 2292 1603 in
2329 1551 2571 1620 Augusto
2600 1564 2772 1603 mense
2814 1557 2998 1619 postea
3028 1564 3091 1603 v1
3140 1549 3225 1603 Id.
3266 1548 3431 1616 Aug.;
3473 1563 3522 1601 a.
3578 1551 3745 1611 1088,
3779 1550 3843 1601 Et

2236 1645 2345 1698 haec
2378 1645 2593 1713 quidem
2617 1644 2765 1712 apud
2778 1644 2957 1713 ﬁdeles
2978 1644 3163 1699 Sancti
3184 1644 3334 1697 Petri
3364 1642 3666 1709 agebantur
3690 1641 3841 1710 jam:

539 1732 705 1812 abbas
730 1728 1456 1812 Gengenbacensiscenpbii,
1490 1728 1693 1812 electus
1718 1726 1962 1812 videlicet
1981 1740 2128 1812 anug
2169 1751 2216 1812 Β
2245 1740 2511 1805 Migravit
2553 1744 2734 1793 autem
2783 1740 2857 1794 ad
2909 1740 3194 1793 Dominum
3254 1750 3368 1790 vni
3412 1734 3547 1788 Idus
3590 1734 3840 1802 Aprilis;

540 1804 835 1859 dominicae
860 1796 1260 1858 incarnationis
1316 1805 1471 1866 1089,
1506 1807 1588 1853 set
1631 1798 1818 1854 fraude
1869 1796 2133 1852 Bertholﬁ

543 1876 815 1946 praepositi
863 1883 1029 1946 atque
1076 1871 1344 1950 canonici,
1376 1872 1531 1942 cujus
1576 1879 1629 1950 et
1656 1869 1981 1950 auctoritate
2011 1885 2137 1950 pro-

542 1942 727 2003 motus
752 1955 851 2013 est,
900 1942 1013 2000 non
1062 1946 1240 1999 solum
1274 1942 1482 1997 honore
1538 1942 1938 2013 privatus,iset
1961 1942 2131 1995 etiam

542 2022 786 2074 claustro
824 2010 1115 2087 expulsus,
1159 2022 1366 2087 septem
1406 2010 1579 2069 annos
1622 2010 2134 2087 permnlta_incoiu-

528 2090 705 2146 .moda
759 2082 967 2160 passus,
993 2082 1347 2142 tandem’hoc
1377 2100 1523 2160 anno
1570 2082 1846 2160 annuente
1893 2082 2137 2160 Bertolfo

542 2161 700 2224 duce,
757 2154 851 2226 qui
902 2159 991 2212 illo
1044 2167 1291 2226 tempore
1329 2156 1566 2211 eundem
1600 2156 1779 2209 locum
1813 2169 1906 2223 per
1933 2154 2138 2208 violen-

548 2233 681 2285 tiam
733 2228 1033 2294 obtinebat,
1083 2228 1289 2297 potitus
1332 2236 1415 2282 est
1470 2228 1677 2281 honore
1717 2240 1854 2297 suo,
1891 2233 2139 2297 Aatquea

548 2300 761 2356 cunctis
788 2294 1392 2369 honoriﬁce—susceptus
1416 2306 1498 2352 est
1526 2303 1581 2351 1|
1625 2295 1751 2351 Kal.
1794 2294 1923 2350 Mai.

617 2393 896 2449 Scribendi
930 2392 1075 2447 ratio
1097 2392 1149 2446 in
1184 2393 1303 2461 ipso
1330 2390 1515 2446 codice
1538 2391 1608 2445 ab
1631 2387 1974 2461 autographo
2005 2404 2141 2460 pau-

547 2489 707 2559 lisper
743 2486 965 2548 recedit,
1018 2486 1087 2540 ita
1132 2492 1195 2539 ut
1246 2493 1561 2540 constanter
1610 2485 1990 2554 sollempniter,
2049 2498 2139 2537 as-

542 2586 774 2650 sumpto,
821 2582 1079 2650 inposuit,
1123 2581 1408 2648 inproviso,
1468 2581 1759 2647 inmittere,
1790 2575 1888 2632 sed
1948 2584 2003 2632 et
2043 2579 2139 2631 tm-

544 2677 694 2730 mitti
712 2683 766 2728 et
785 2691 836 2729 a.
876 2678 1010 2729 1083
1031 2676 1258 2727 suueuia
1284 2671 1482 2727 habeat
1509 2672 1714 2743 (1212).

622 2769 670 2830 3)
704 2766 891 2823 Codex
940 2767 1073 2822 olim
1108 2766 1284 2822 Sancti
1317 2766 1539 2838 Georgii
1571 2766 1861 2839 Villingani
1888 2767 1954 2823 ab
1992 2768 2062 2824 Ο.
2094 2781 2143 2821 c.

542 2862 609 2917 ad
630 2877 839 2916 annum
880 2864 1017 2916 1052
1046 2861 1381 2932 pertingens,
1412 2868 1467 2914 et
1492 2860 1630 2915 alter
1663 2861 1936 2916 Francisci
1978 2858 2152 2916 Rech.

546 2955 766 3027 burgeri
801 2955 1006 3010 tribuni
1063 2953 1234 3025 plebis
1278 2953 1595 3009 Basileensis
1642 2970 1915 3010 annorum
1986 2960 2149 3009 1053-

557 3056 708 3117 1100,
739 3065 877 3121 quos
900 3048 1171 3104 Urstisius
1214 3048 1271 3101 in
1315 3047 1553 3103 editione
1584 3063 1678 3102 sua
1711 3048 1999 3119 evulgavit,
2034 3064 2147 3118 non

2247 1847 2296 1886 a.
2335 1837 2492 1897 1088,
2547 1833 2723 1899 Welfo
2741 1832 2852 1903 jam
2885 1832 3051 1897 Welf;
3084 1846 3134 1884 a.
3173 1834 3331 1894 1088,
3359 1827 3413 1881 in
3454 1826 3584 1887 ﬁne,
3613 1828 3705 1879 cui
3732 1842 3841 1879 sua:-

2250 1927 2403 1980 cessit
2448 1926 2771 1980 Oudalrieus
2802 1925 2937 1979 olim
2976 1924 3228 1993 aberant;
3260 1938 3310 1976 a.
3346 1925 3475 1976 1091
3510 1919 3702 1974 ultima
3728 1935 3844 1973 sen-

2243 2019 2412 2073 tentia
2464 2019 2614 2074 Unde
2655 2050 2721 2058 —
2770 2020 3070 2089 depen’rent
3104 2017 3230 2073 aliis
3258 2016 3445 2071 locum
3491 2014 3665 2071 dedit.
3713 2015 3841 2068 Haec

2246 2112 2409 2183 igitur
2453 2112 2521 2167 ab
2560 2121 2784 2167 auctore
2820 2112 2937 2183 ipso
2982 2110 3078 2167 sed
3115 2109 3429 2181 apographo
3485 2107 3842 2164 Sanblasiano

2240 2206 2356 2277 jam
2424 2206 2634 2274 relicto,
2691 2206 2850 2278 igitur
2897 2214 3020 2277 post
3069 2220 3275 2260 annum
3342 2208 3499 2270 1092,
3567 2202 3706 2257 facta
3751 2218 3843 2272 ap-

2251 2307 2423 2370 paret.
3076 2354 3081 2357 η

2320 2397 2374 2457 4)
2423 2392 2826 2449 Gottwiceusis.
2877 2385 2963 2460 4")
3010 2391 3301 2458 Murensis,
3384 2391 3500 2458 4‘")
3553 2387 3845 2461 Engelber-

2253 2487 2433 2559 gensis
2462 2495 2516 2542 et
2570 2491 2622 2556 5)
2665 2486 3045 2558 Sangallensis,
3074 2502 3234 2556 supra
3265 2500 3422 2557 pagg.
3475 2488 3566 2551 73,
3602 2489 3695 2550 74,
3720 2487 3843 2545 264,

2254 2584 2358 2636 265
2395 2580 2588 2648 notati,
2616 2580 2710 2651 qui
2738 2578 3070 2635 Bernoldum
3094 2578 3261 2635 secuti
3292 2577 3559 2649 plurimas
3586 2577 3704 2648 ejus
3731 2592 3847 2631 sen-

2252 2674 2446 2730 tentias
2477 2674 2968 2745 transcripserunt;
2999 2688 3237 2745 quorum
3275 2670 3494 2743 quidem
3528 2670 3844 2741 Sangallen-

2255 2768 2329 2825 sis
2356 2768 2411 2824 in
2450 2767 2625 2823 media
2679 2768 2947 2823 sententia
2997 2767 3122 2821 anni
3173 2770 3331 2833 1066,
3377 2764 3770 2821 Gottvvicensis
3795 2778 3843 2817 a.

2267 2868 2419 2927 1081,
2450 2860 2722 2916 Murensis
2752 2868 2807 2915 et
2837 2859 3283 2932 Engelbergensis
3332 2874 3474 2913 anno
3514 2862 3675 2925 1091,
3712 2855 3847 2912 (1θεὶ-

2260 2963 2416 3011 nunt.
2462 2955 2692 3009 Notitias
2737 2953 3017 3010 codicibus
3037 2960 3090 3020 4,
3122 2948 3205 3020 4",
3237 2946 3322 3008 4‘”
3368 2951 3672 3022 peculiares
3710 2950 3849 3006 indi-

2262 3048 2459 3105 candas
2508 3048 2821 3103 statuimus.

547 3159 612 3199 ex
667 3141 1113 3214 Gengenbacensi
1175 3145 1358 3210 (1213)
1398 3141 1497 3196 sed
1534 3157 1688 3212 aeque
1737 3150 1898 3212 atque
1944 3142 2029 3196 ille
2072 3158 2136 3197 ex
2176 3135 2219 3199 C
2322 3141 2631 3197 Editionem
2654 3156 2859 3197 novam
2902 3139 2972 3195 ita
3018 3138 3248 3206 institui,
3302 3145 3363 3194 ut
3409 3145 3561 3194 textu
3589 3137 3852 3194 Bernoldi

548 3236 887 3309 autographo
922 3234 1179 3305 descripti
1223 3242 1369 3303 sunt,
1394 3243 1687 3307 antequam
1734 3234 1861 3290 huic
1911 3234 2137 3292 Scafhu-

546 3346 693 3388 sana:
732 3330 938 3385 notitiae
982 3328 1341 3385 adderentur.
1391 3330 1622 3396 Textus,
1673 3329 1893 3400 qualem
1950 3328 2139 3385 codice

550 3424 731 3480 Sancti
759 3423 979 3495 Georgii
1011 3423 1062 3477 in
1094 3422 1349 3478 incendio
1401 3423 1714 3478 monasterii
1768 3423 1951 3479 Sancti
1983 3422 2141 3478 Blasii

547 3535 600 3573 a.
639 3523 772 3573 1768
820 3517 1113 3588 absumpto
1164 3521 1340 3583 (1214)
1366 3516 1510 3588 apud
1536 3517 1836 3573 Urstisium
1890 3517 2139 3588 legimus,

550 3612 772 3667 vocibus
826 3610 1070 3676 omissis,
1116 3609 1335 3674 additis,
1369 3610 1589 3664 mutatis
1632 3609 1775 3665 haud
1802 3625 1927 3664 raro
1958 3610 2025 3665 ab
2052 3626 2145 3665 au-

548 3702 815 3774 tographo
872 3702 1104 3768 recedit;
1143 3718 1286 3757 anno
1322 3708 1459 3756 1054
1512 3701 1658 3774 quod
1680 3703 1807 3774 jure
1847 3703 2142 3774 exspectari

550 3801 761 3865 poterat
785 3794 1021 3864 elogium
1058 3795 1398 3860 Herimanni,
1421 3795 1575 3866 cujus
1619 3797 1740 3850 loco
1783 3795 1835 3851 in
1884 3797 2149 3852 membra-

549 3903 619 3941 na
658 3901 839 3939 arrasa
870 3886 1273 3956 autographum
1295 3887 1397 3942 alia
1431 3888 1549 3957 jam
1586 3888 1827 3958 exhibet,
1864 3890 1921 3945 in
1977 3906 2086 3945 uno
2117 3897 2147 3947 3

548 3979 768 4049 legitur,
803 3987 927 4033 eta.
981 3984 1140 4043 1088,
1172 3979 1366 4049 prioris
1407 3981 1629 4051 vestigia
1660 3981 1905 4037 lectionis
1954 3982 2141 4039 hodie-

549 4088 654 4145 que
696 4072 753 4126 in
804 4071 1183 4144 authographo
1229 4073 1715 4145 apparent(1215).
1764 4075 1942 4146 Digna
1983 4076 2144 4148 igitur

548 4165 652 4222 fuit
708 4165 895 4234 editio,
941 4166 1096 4237 cujus
1142 4165 1420 4234 lectiones,
1475 4166 1807 4240 ubicumque
1863 4171 2140 4231 anteriore

550 4259 807 4315 Bernoldi
838 4269 991 4315 textu
1034 4260 1300 4328 nituntur,
1332 4261 1574 4333 integras
1616 4262 1963 4334 exhiberem;
1994 4264 2137 4337 quod

548 4353 617 4409 ibi
642 4361 855 4409 tantum
884 4355 1063 4423 omisi,
1095 4354 1185 4409 ubi
1209 4363 1429 4427 apertus
1453 4356 1649 4412 librarii
1680 4357 1762 4413 vel
1810 4358 2032 4415 editoris
2058 4376 2139 4415 er-

549 4463 663 4516 ror,
695 4463 741 4503 e.
772 4462 826 4520 g.
859 4451 917 4501 in
944 4451 1140 4518 primis
1180 4448 1298 4504 loco
1330 4451 1674 4519 imperatoris
1722 4452 1929 4522 (1216),
1988 4463 2136 4523 pate-

549 4541 663 4608 bat,
691 4542 772 4595 vel
794 4558 897 4596 vox
918 4542 1098 4613 aliqua
1123 4550 1317 4598 notave
1362 4543 1542 4614 (1217)
1568 4544 1902 4615 negligentia
1947 4546 2140 4603 scriba:

548 4633 748 4689 omissa
777 4634 1089 4704 videbatur;
1120 4636 1215 4707 qui
1250 4637 1532 4693 nonnullis
1560 4636 1614 4693 in
1642 4637 1775 4695 locis
1802 4646 1858 4695 et
1882 4638 1984 4695 sibi
2016 4655 2139 4711 pro-

552 4725 667 4798 pria
717 4725 948 4783 inseruit
988 4732 1185 4795 (1218).

2256 3236 2326 3293 ad
2354 3235 2521 3291 ﬁdem
2544 3234 2873 3307 autographi
2904 3249 3072 3306 quam
3101 3232 3421 3288 ﬁdelissime
3469 3231 3580 3287 ﬁeri
3630 3240 3854 3302 poterat

2247 3345 2523 3401 expresso,
2545 3329 2882 3399 reliquorum
2910 3326 3162 3384 codicum
3192 3326 3571 3398 supplementa
3589 3333 3650 3380 et
3672 3325 3853 3381 lectio-

2246 3440 2346 3480 nes
2378 3422 2678 3494 praecipuas
2717 3421 2773 3477 in
2802 3423 2912 3478 ima
2943 3421 3138 3494 pagina
3177 3419 3495 3491 indicarem,
3538 3418 3848 3475 adnotatio-

2255 3533 2353 3572 nes
2395 3515 2761 3573 Ussermanni
2788 3515 2872 3571 vel
2914 3523 3123 3587 partem
3148 3530 3338 3572 earum
3375 3514 3419 3570 si
3457 3529 3627 3585 quam
3654 3513 3849 3570 utilita-

2250 3618 2368 3667 tem
2397 3609 2594 3666 afferre
2624 3618 2850 3682 possent
2881 3610 3193 3679 retinerem,
3212 3624 3467 3679 measque
3496 3606 3784 3663 adderem.

2323 3704 2593 3761 Chronico
2622 3704 2679 3759 in
2708 3703 2893 3759 codice
2911 3702 3257 3775 autographo
3289 3701 3596 3758 Bemoldus
3638 3702 3847 3773 praemi-

2256 3798 2329 3855 sit
2356 3797 2763 3869 Necrologium,
2787 3796 3004 3853 diverso
3033 3805 3337 3853 atramento
3369 3796 3571 3866 passim
3601 3804 3846 3861 auctum,

2256 3901 2311 3948 et
2350 3900 2506 3948 notas
2544 3891 2977 3962 chronologicas,
3027 3890 3174 3947 unde
3222 3890 3481 3962 quaedam
3533 3889 3626 3945 hic
3687 3888 3843 3945 inseri

2252 3986 2476 4058 placuit;
2519 3993 2637 4041 tum
2691 3985 3003 4057 catalogum
3067 3988 3451 4041 Romanorum
3506 3983 3845 4055 pontiﬁcum,

2249 4079 2317 4135 ad
2337 4079 2671 4151 Gregorium
2695 4081 2818 4148 VII,
2852 4087 2905 4133 et
2934 4078 3169 4134 decursu
3187 4079 3459 4150 temporis
3503 4077 3577 4132 ad
3620 4076 3844 4131 Pascha-

2251 4174 2356 4229 lem
2385 4176 2457 4240 ll,
2482 4189 2655 4245 usque
2683 4172 3031 4244 productum,
3080 4188 3243 4244 quem
3275 4171 3579 4228 monachus
3623 4168 3844 4239 quidam

2248 4267 2616 4323 Srafhusanus
2638 4282 2814 4338 usque
2852 4266 2921 4322 ad
2943 4266 3210 4322 Calistum
3241 4269 3317 4334 ll,
3352 4274 3539 4337 postea
3566 4263 3845 4319 continua-

2250 4362 2346 4416 vit.
2371 4362 2509 4430 Quaz
2538 4360 2605 4415 ab
2628 4358 2848 4415 OEfelio
2878 4361 2933 4414 in
2968 4362 3063 4415 SS.
3108 4362 3302 4414 Bavar.
3355 4361 3401 4425 Ι,
3449 4365 3555 4413 640
3582 4374 3702 4430 sqq.
3744 4356 3845 4429 pri-

2252 4470 2407 4508 mum
2435 4453 2596 4521 edita,
2631 4451 2743 4521 hic,
2775 4454 3102 4510 auctoritate
3136 4452 3341 4509 codicis
3370 4451 3695 4524 autographi
3725 4465 3843 4507 suc-

2248 4547 2489 4603 cessione
2518 4548 2838 4603 notitiarum
2864 4546 3033 4603 textui
3060 4546 3324 4618 primario
3367 4562 3395 4601 a
3442 4544 3718 4601 Bernoldo
3762 4543 3846 4599 ad-

2249 4640 2485 4698 ditarum
2526 4641 2772 4697 numeris
2801 4640 3038 4697 indicata
3065 4648 3121 4696 et
3172 4640 3427 4712 subjectis
3472 4638 3843 4695 additionibus

2250 4734 2449 4792 codicis
2485 4734 2986 4809 Geugenbacensis,
3038 4734 3415 4807 proponimus.

2092 4910 2317 4967 ΝΟΤιΕ.

620 5053 807 5124 (1212)
837 5052 944 5124 qdo
960 5069 1059 5126 pro
1080 5057 1317 5124 quando.

621 5130 801 5200 (1213)
842 5127 985 5200 Loca
1016 5129 1161 5200 enim
1223 5128 1347 5183 huic
1391 5128 1675 5200 peculiaria
1706 5144 1817 5185 non
1848 5130 2035 5199 habet,
2086 5140 2144 5188 et

548 5196 617 5253 ab
644 5196 760 5266 ipso
791 5196 989 5252 omissa
1014 5198 1250 5253 exhibet.

619 5273 800 5333 (1214)
864 5270 923 5323 P.
983 5269 1339 5324 Hohenbaum
1379 5286 1481 5326 van
1525 5270 1625 5325 der
1673 5274 1824 5326 Meer
1887 5273 2136 5329 codicem

549 5346 675 5416 ante
716 5340 1033 5416 incendium
1068 5342 1123 5395 S.
1178 5341 1347 5416 Blasii
1370 5357 1427 5396 se
1458 5342 1653 5398 vidisse
1696 5343 1883 5399 scribit
1909 5345 1965 5399 in
2000 5362 2136 5416 pra:-

546 5407 751 5465 fatione
796 5410 993 5467 inedita
1034 5426 1195 5483 supra
1228 5410 1464 5467 laudata.

2322 5063 2503 5131 (1215)
2525 5060 2609 5117 Cf.
2643 5070 2696 5117 et
2717 5077 2767 5117 a.
2800 5066 2959 5117 1091.

2324 5136 2503 5199 (1216)
2534 5139 2596 5188 A.
2629 5140 2782 5189 1095.

2325 5205 2505 5274 (1217)
2556 5208 2613 5259 Ε.
2644 5221 2696 5275 g.
2739 5221 2785 5260 a.
2821 5208 2960 5269 916;
3010 5218 3059 5275 a.
3089 5207 3214 5272 924,
3243 5203 3332 5258 ubi
3378 5217 3480 5258 vox
3522 5204 3835 5263 Vindemia,

2248 5289 2299 5330 a.
2331 5282 2433 5331 937
2466 5277 2558 5330 ubi
2591 5276 2823 5331 Galliam
2852 5276 2903 5329 in
2937 5282 2990 5330 3.
3027 5274 3198 5329 deest.

2319 5352 2495 5412 (1218)
2520 5350 2585 5402 E.
2616 5362 2668 5418 g.
2703 5362 2753 5401 a.
2786 5352 2943 5415 1005,
2978 5350 3132 5401 1007.
