4062 6182
244 314 263 365 1
279 312 381 366 289

634 440 714 492 De
754 437 1040 493 lunaribus
1080 439 1437 508 regularibus.

315 550 536 624 AZgiptii
576 560 629 608 et
657 554 916 623 Romani,
945 570 973 609 a
1004 554 1200 626 quibus
1239 553 1542 611 calculandi
1578 556 1832 627 peritiam

244 647 602 717 sumpsimus,
635 663 799 719 quem
826 648 1069 719 primum
1100 648 1549 706 decennovenalis
1573 650 1706 723 cycli
1738 667 1832 706 an-

243 755 380 795 num
414 738 616 796 habere
642 741 1020 809 instituerunt,
1048 742 1292 814 ejusdem
1334 745 1461 799 anni
1488 744 1834 801 kalendarias

242 833 389 889 lunae
413 843 605 890 aetates
634 851 731 906 pro
767 837 1107 906 regularibus
1134 854 1231 910 per
1260 846 1439 894 totum
1472 842 1708 895 eundem
1739 855 1833 911 cy—

245 926 392 983 clum
420 937 608 985 tenere
639 928 1029 999 decreverunt;
1080 940 1133 987 et
1160 947 1188 987 a
1236 948 1582 1004 quacumque
1626 934 1832 989 Kalen-

243 1020 442 1077 darum
472 1038 677 1078 annum
710 1024 951 1079 eundem
990 1024 1195 1081 iniciati
1236 1035 1387 1093 sunt,
1432 1027 1583 1097 prius
1629 1028 1832 1083 saltum

244 1112 393 1172 luna:
422 1115 862 1187 absumpserunt.
910 1118 1075 1173 Verbi
1120 1119 1291 1190 gratia
1338 1139 1351 1172 :
1394 1120 1637 1175 Romani
1666 1137 1696 1176 a
1736 1123 1835 1177 Ja-

245 1210 461 1279 nuario,
500 1210 717 1282 Aigiptii
748 1227 877 1267 vero
908 1226 937 1266 a
972 1212 1307 1284 Septembri,
1351 1214 1557 1270 scilicet
1600 1222 1835 1285 quatuor

246 1304 521 1360 mensium
564 1305 724 1360 altius
763 1303 1104 1374 inchoantes,
1146 1306 1321 1372 alteri,
1354 1306 1407 1362 id
1441 1317 1525 1363 est
1564 1310 1832 1377 Romani,

246 1399 301 1454 in
347 1399 623 1455 tricesima
654 1398 1002 1463 Novembris,
1048 1399 1227 1466 alteri,
1272 1399 1325 1456 id
1372 1408 1453 1456 est
1501 1402 1736 1474 Egiptii,
1779 1403 1834 1459 in

246 1494 525 1549 tricesima
578 1493 710 1548 Julii
750 1494 951 1549 saltum
995 1492 1232 1549 eundem
1264 1494 1635 1565 perfecerunt;
1680 1504 1734 1551 et
1763 1497 1836 1551 ita

247 1588 463 1659 utrique
497 1587 659 1658 primi
693 1587 777 1642 sui
816 1586 942 1642 anni
986 1586 1309 1643 kalendares
1336 1588 1482 1644 lunae
1511 1596 1699 1645 aetates
1734 1605 1832 1660 pro

247 1680 587 1753 regularibus
638 1680 1003 1745 instituentes,
1034 1689 1095 1736 ut
1125 1681 1501 1753 prazscriptum
1543 1692 1645 1751 est,
1694 1683 1840 1739 ordi-

248 1782 540 1831 naverunt.

666 1881 745 1933 De
788 1879 1122 1947 regularibus
1168 1883 1417 1949 patrum.

323 1987 431 2044 Sed
463 1988 579 2060 jam
618 1996 815 2044 notum
862 1996 965 2057 est,
1002 1988 1347 2046 Herimanno
1388 1988 1841 2061 compotistarum

218 2074 603 2138 "subtilissimo
651 2081 1013 2150 dilucidante,
1059 2084 1301 2154 primum
1348 2083 1842 2139 decennovennalis

252 2176 387 2249 cycli
416 2192 621 2232 annum
661 2193 688 2231 a
716 2176 955 2248 paschali
994 2177 1279 2233 novilunio
1310 2178 1366 2232 in
1398 2183 1450 2231 2.
1484 2180 1609 2232 Non
1641 2178 1843 2248 Aprilis

252 2278 435 2340 patres
481 2270 758 2342 antiquos,
792 2270 1039 2342 AZgiptiis
1086 2271 1247 2326 etiam
1277 2271 1511 2342 quinque
1566 2271 1844 2326 mensium

250 2363 412 2419 altius
442 2362 751 2431 inchoasse,
782 2363 985 2420 scilicet
1015 2380 1080 2420 eo
1122 2381 1287 2431 anno,
1320 2380 1428 2436 quo
1478 2364 1535 2419 in
1580 2363 1845 2421 Kalendis

251 2459 483 2513 Januar.
533 2458 846 2513 vicesimam
898 2458 1193 2529 septimam
1242 2458 1430 2513 lunam
1463 2457 1846 2529 pronunciant,

251 2551 312 2605 in
338 2567 449 2622 quo
470 2559 527 2606 et
549 2552 752 2606 saltum
783 2551 927 2606 lunae
958 2551 1015 2605 in
1040 2557 1092 2607 3.
1117 2550 1241 2606 Kal.
1275 2552 1509 2624 Augusti
1529 2551 1845 2620 absumunt,

252 2660 423 2716 quem
456 2644 623 2700 etiam
653 2659 783 2700 usus
812 2644 1048 2717 vulgaris
1078 2643 1355 2700 decimum
1380 2660 1591 2700 nonum
1616 2661 1846 2717 compu-

254 2746 355 2793 tat.
386 2738 650 2807 Quamvis
684 2737 846 2809 igitur
873 2738 1069 2794 eodem
1094 2755 1241 2794 anno
1268 2738 1571 2795 secundum
1599 2739 1850 2810 antiquos

256 2840 438 2903 patres
466 2832 669 2903 primo,
704 2832 903 2903 cuique
950 2831 1332 2888 Kalendarum
1380 2848 1605 2889 suarum
1650 2832 1854 2888 lunaris

254 2934 391 2982 aetas
427 2925 730 2981 secundum
758 2933 994 2997 aepactas
1022 2941 1243 2997 semper
1271 2925 1530 2993 sufﬁciat,
1566 2926 1648 2982 vel
1689 2925 1851 2980 etiam

256 3019 404 3074 Maio
427 3018 888 3091 superhabundet,
917 3018 1117 3074 scilicet
1147 3018 1320 3091 Aprili
1352 3019 1606 3075 vicesimo
1637 3027 1852 3087 octavo,

258 3113 406 3169 Maio
436 3113 693 3169 vicesimo
724 3128 893 3179 nono,
925 3113 1093 3168 Junio
1118 3113 1425 3180 tricesimo,
1450 3113 1595 3168 Julio
1642 3114 1845 3183 primo,

258 3208 510 3279 Augusto
554 3206 744 3268 tercio,
790 3207 1099 3278 Septembri
1138 3206 1355 3279 quinto,
1405 3214 1460 3262 et
1509 3206 1733 3277 reliquis
1780 3205 1846 3263 ad
1880 3236 1927 3303 α

258 3300 473 3370 Apriles
502 3315 674 3372 usque
697 3299 995 3368 Kalendas,
1036 3300 1374 3372 quicumque
1414 3308 1602 3356 tamen
1630 3299 1847 3356 easdem

260 3394 606 3450 kalendarias
633 3395 775 3451 lunae
808 3402 1000 3450 aetates
1027 3410 1127 3465 pro
1166 3394 1510 3466 regularibus
1547 3402 1731 3451 tenere
1757 3393 1850 3450 de-

261 3489 460 3556 cernit,
489 3488 709 3560 singulis
750 3489 1003 3545 mtatibus
1029 3487 1405 3544 Kalendarum
1433 3496 1671 3559 quatuor
1695 3502 1851 3543 men—

261 3584 409 3638 sium
456 3582 783 3654 primorum,
830 3582 957 3654 quia
1008 3581 1062 3636 in
1106 3580 1193 3637 his
1238 3580 1412 3637 saltus
1458 3580 1621 3649 lunae,
1671 3581 1762 3652 qui
1793 3595 1851 3637 se

264 3676 655 3748 subsequentes
702 3691 916 3747 semper
962 3675 1196 3747 majores
1242 3673 1413 3731 efﬁcit
1452 3683 1662 3742 aetates,
1710 3690 1852 3729 non-

262 3770 398 3828 dum
424 3779 731 3827 transactus
759 3778 861 3837 est,
902 3769 1191 3825 monadem
1237 3786 1415 3826 unum
1466 3768 1714 3841 augendo
1755 3768 1851 3824 ad-

264 3865 388 3934 dat;
424 3867 607 3937 sicque
638 3863 891 3937 prmfatas
920 3864 1165 3935 ejusdem
1196 3866 1324 3921 anni
1362 3865 1682 3922 kalendares
1711 3866 1855 3922 lunae

266 3968 457 4017 aetates
487 3976 585 4031 pro
616 3960 979 4032 regularibus,
1010 3959 1249 4015 maxime
1274 3967 1337 4016 ut
1361 3975 1456 4032 per
1496 3959 1853 4016 embolismo-

266 4071 393 4111 rum
436 4054 686 4111 ordinem
731 4054 982 4110 elucescit
1022 4054 1432 4125 principalibus,
1461 4055 1520 4110 in
1558 4056 1737 4127 primo
1768 4071 1854 4110 re-

266 4149 523 4220 gularum
566 4150 1008 4219 praescriptarum
1042 4146 1228 4202 ordine
1264 4147 1333 4202 ab
1372 4147 1543 4220 Aprili
1573 4147 1859 4204 exordiens

266 4241 543 4313 disponat.
576 4244 712 4297 Haec
737 4242 803 4297 de
832 4240 1166 4313 regularibus
1190 4246 1426 4313 patrum.

342 4338 595 4392 Primum
629 4335 1169 4391 vero'embolismum
1197 4350 1441 4390 mensem
1470 4336 1633 4392 tercio
1659 4334 1859 4392 abhinc

268 4436 476 4487 anno4.
489 4434 637 4487 Non.
656 4429 1319 4497 Decembres,secundum
1329 4436 1480 4486 sexto
1494 4435 1679 4485 anno4
1690 4433 1853 4486 .Non.

266 4524 639 4595 Septembres,
674 4524 904 4580 tercium
935 4532 1125 4579 octavo
1162 4540 1304 4579 anno
1342 4530 1393 4578 2.
1433 4526 1580 4579 Non.
1612 4525 1854 4595 Martias,

1148 314 1435 370 APPEND.
1476 316 1561 370 ιιι.
1600 344 1672 357 -
1707 294 2123 372 MONUMENTA
2162 270 2601 373 GRKGORIANA

3391 326 3528 381 i290

1860 448 1911 511 Α
1941 441 2088 498 hunc
2116 442 2365 498 modum.
2411 442 2571 512 Quod
2599 450 2781 499 autem
2820 442 2933 501 duo
2962 445 3275 503 embolismi
3320 448 3530 505 scilicet

1942 535 2207 607 ogdoadis
2252 544 2305 592 et
2340 535 2631 592 endecadis
2680 547 2789 594 tam
2832 539 3136 596 secundum
3180 541 3443 612 Egiptios
3471 550 3530 597 et

1941 633 2226 685 Romanos
2271 645 2435 701 quam
2480 632 2647 686 etiam
2701 632 3000 688 secundum
3046 641 3226 704 patres
3274 635 3529 706 antiquos

1940 723 2199 779 stabilem
2240 724 2321 779 sui
2362 726 2566 780 tenoris
2614 725 2867 781 ordinem
2918 727 3176 794 retinent,
3228 728 3282 784 id
3311 728 3380 783 ob
3416 727 3524 784 hoc

1941 816 2148 884 evenit,
2188 816 2334 888 quod
2373 818 2427 872 in
2464 818 2569 874 ﬁne
2607 834 2882 875 annorum
2925 828 3143 891 patrum
3173 821 3527 892 antiquorum

1944 910 2312 967 innectuntur.
2365 912 2511 967 Finis
2552 914 2699 968 enim
2743 913 2868 968 anni
2898 914 3188 985 cujuslibet
3229 916 3529 971 secundum

1942 1004 2199 1076 antiquos
2229 1020 2366 1075 pene
2396 1005 2734 1077 principium
2762 1015 2845 1062 est
2876 1008 3175 1063 secundum
3217 1010 3525 1077 Romanos,

1942 1100 2064 1170 quia
2094 1100 2249 1171 quia
2297 1098 2643 1170 paschalibus
2685 1100 2982 1156 noviluniis
3030 1100 3277 1157 lunarem
3324 1118 3528 1157 annum

1945 1192 2188 1262 iucoant,
2220 1201 2275 1249 et
2305 1193 2372 1248 ad
2406 1192 2597 1249 eadem
2623 1193 2912 1262 reducunt,
2943 1195 3265 1250 Januarium
3292 1197 3533 1253 Februa-

1944 1286 2091 1342 rium
2120 1295 2176 1342 et
2221 1287 2479 1341 Martium
2510 1286 2730 1343 ultimos
2760 1303 3031 1343 annorum
3062 1289 3384 1344 eorumdem
3415 1304 3531 1345 esse

1945 1380 2376 1451 deprehendunt.
2409 1382 2549 1436 Sunt
2591 1380 2819 1452 quidam
2863 1381 2954 1452 qui
2996 1381 3248 1453 inquisiti
3293 1381 3535 1453 praefatis

1946 1474 2403 1530 embolismorum
2428 1474 2813 1529 controversiis
2846 1474 2946 1529 hac
2974 1474 3185 1530 ratione
3220 1474 3531 1543 medentur,

1946 1568 2094 1639 quod
2124 1576 2414 1639 postquam
2442 1584 2473 1623 a
2500 1568 2820 1640 Septembre
2858 1578 3073 1639 epactas
3102 1568 3382 1640 sequentis
3409 1569 3535 1624 anni

1946 1678 1977 1717 a
2016 1662 2274 1718 Januario
2304 1660 2603 1718 secundum
2634 1662 2918 1733 vulgarem
2948 1678 3113 1718 usum
3142 1662 3430 1718 inchoandi
3460 1662 3536 1717 in-

1950 1756 2212 1827 ceperint,
2262 1756 2511 1827 quamvis
2558 1755 2615 1810 in
2657 1756 3041 1827 martirologiis
3085 1755 3355 1828 aliquibus
3391 1771 3538 1813 anno

1871 1858 1921 1922 B
1952 1848 2299 1921 praecedenti,
2343 1857 2693 1917 annotentur,
2737 1865 2849 1905 non
2894 1850 3196 1922 incongrue
3239 1849 3309 1906 ad
3348 1851 3540 1907 subse-

1950 1951 2208 2015 quentem
2256 1943 2524 2012 pertinere
2551 1942 2856 1999 videantur.
2908 1942 3014 1999 Sed
3059 1943 3188 1999 huic
3233 1942 3537 2000 defensioni

1951 2036 2128 2092 libens
2153 2036 2540 2105 consentirem,
2573 2036 2620 2092 si
2641 2036 2982 2092 embolismis
3010 2038 3223 2092 cunctis
3246 2037 3387 2093 hanc
3418 2053 3541 2108 pro-

1952 2130 2109 2187 desse
2145 2130 2562 2202 perspexissem.
2606 2132 2710 2197 Sit,
2733 2131 2776 2186 si
2806 2130 2987 2201 aliquo
3015 2130 3180 2185 modo
3208 2130 3323 2186 ﬁeri
3350 2132 3541 2201 possit.

1951 2226 2046 2281 Set
2072 2232 2286 2279 sextum
2310 2223 2697 2279 embolismum
2718 2229 2773 2278 4.
2797 2226 2941 2278 Non.
2974 2226 3115 2295 Aug.
3155 2224 3537 2295 interpositum

1951 2318 2037 2373 cui
2080 2334 2215 2389 rogo
2245 2334 2516 2374 annorum
2558 2318 2830 2373 ascribere
2859 2317 3051 2373 volunt
3069 2321 3098 2392 Ρ,
3118 2320 3207 2372 An
3235 2318 3323 2373 cui
3353 2318 3542 2379 attitu-

1953 2413 2095 2469 latus
2133 2413 2254 2469 est?
2284 2413 2488 2468 scilicet
2512 2420 2666 2467 sexto
2695 2412 2906 2469 decimo
2933 2428 3001 2467 an
3029 2413 3264 2481 septimo
3294 2412 3546 2468 decimo?

1955 2506 2007 2562 Si
2060 2514 2214 2563 sexto
2267 2506 2509 2575 decimo,
2566 2506 2743 2561 sciant
2791 2521 2918 2561 eum
2975 2521 3259 2577 nunquam
3306 2505 3541 2577 regulari

1957 2600 2145 2656 ordine
2186 2600 2572 2655 embolismum
2618 2599 2875 2671 recipere.
2929 2598 2981 2653 Si
3025 2599 3258 2670 septimo
3305 2598 3543 2667 decimo,

1958 2693 2330 2761 meminerint,
2378 2709 2436 2749 se
2490 2702 2708 2765 epactas
2753 2693 2881 2748 anni
2936 2692 3106 2763 ipsius
3154 2692 3403 2748 nondum
3456 2691 3547 2747 in-

1959 2786 2202 2843 choasse.
2232 2787 2334 2843 Sed
2355 2787 2496 2842 hanc
2521 2788 2883 2859 quaestionem
2897 2802 3025 2842 cum
3044 2787 3192 2842 nullo
3214 2786 3384 2843 modo
3408 2800 3548 2859 pra:-

1962 2881 2178 2937 valeant
2206 2880 2460 2948 enodare,
2508 2879 2784 2937 fateantur
2820 2896 3037 2938 necesse
3067 2887 3149 2935 est
3175 2878 3403 2935 rationis
3434 2894 3546 2936 suae

1958 2974 2231 3030 medelam
2260 2990 2371 3030 non
2418 2974 2701 3045 proﬁcere,
2749 2975 2845 3030 sed
2890 2990 3122 3041 errasse,
3173 2981 3227 3029 et
3258 2974 3422 3044 hujus
3472 2972 3549 3028 rei

1962 3068 2250 3139 veritatem
2290 3067 2553 3123 hactenus
2596 3069 2898 3139 ignorasse,
2943 3082 3145 3138 eosque
3180 3066 3408 3138 posthac
3451 3081 3549 3122 ne-

1958 3176 2108 3217 cesse
2134 3169 2218 3217 est
2248 3162 2303 3216 in
2333 3160 2646 3232 hujusmodi
2671 3160 3173 3233 computationibus
3202 3168 3382 3230 patres
3403 3160 3551 3233 antii-

1967 3271 2102 3326 quos
2152 3255 2305 3325 sequi
2354 3255 2533 3325 potius
2582 3270 2749 3326 quam
2800 3257 3103 3311 Romanos.
3154 3253 3330 3325 Hujus
3387 3251 3552 3324 igitur

1958 3348 2277 3421 quaestionis
2308 3348 2581 3419 perplexio
2613 3347 2771 3403 facile
2797 3347 3048 3418 solvitur,
3072 3347 3114 3403 si
3145 3347 3457 3419 diligentius
3486 3346 3555 3403 ad

1958 3442 2239 3497 sententia
2280 3450 2482 3496 nostra:
2510 3440 2785 3511 superiora
2818 3443 3035 3497 animus
3066 3441 3372 3497 reducatur.
3406 3442 3550 3497 Nam

1959 3536 2038 3591 sic
2061 3534 2501 3591 undevicesimus
2519 3536 2905 3590 Romanorum
2922 3551 3100 3591 annus
3113 3534 3417 3591 dinoscitur
3438 3550 3555 3591 esse

1962 3629 2190 3701 primus,
2226 3629 2302 3685 sic
2327 3629 2540 3701 primus
2577 3644 2695 3684 esse
2726 3628 3019 3697 secundus,
3052 3636 3106 3684 et
3130 3629 3402 3685 secundus
3439 3636 3551 3684 ter-

1963 3723 2107 3793 cius;
2131 3722 2430 3794 eodemque
2453 3721 2685 3794 regulari
2714 3722 2932 3778 tramite
2956 3721 3217 3789 deducto,
3250 3729 3442 3778 sextus
3466 3722 3555 3777 de-

1963 3816 2140 3872 cimus
2164 3816 2371 3872 ratione
2393 3816 2699 3873 necessaria
2724 3815 3152 3887 deprehenditur
3169 3832 3287 3872 esse
3311 3816 3556 3873 decimus

1965 3912 2247 3984 septimus.

2212 4041 2288 4094 De
2322 4039 2559 4094 utilitate
2601 4039 2878 4094 lunarium
2920 4039 3277 4107 regularium.

2035 4154 2091 4210 Si
2146 4154 2288 4211 forte
2337 4164 2391 4210 et
2422 4154 2529 4211 hoc
2564 4155 2878 4225 requiritur,
2910 4153 3040 4224 quid
3077 4151 3285 4224 praefati
3330 4152 3552 4206 lunares

1968 4263 2163 4303 omnes
2202 4263 2298 4317 per
2336 4263 2395 4302 se
2424 4248 2636 4301 valeant
2663 4248 2959 4318 regulares,
2988 4245 3274 4301 sciendum
3300 4251 3402 4311 est,
3447 4243 3553 4298 hoc

1970 4340 2274 4411 specialiter
2303 4339 2578 4405 intimare,
2611 4348 2782 4409 quota
2826 4339 2951 4393 luna
2998 4340 3070 4393 sit
3099 4338 3157 4392 in
3189 4335 3454 4392 Kalendis
3484 4352 3549 4392 eo

1967 4450 2112 4491 anno
2140 4450 2247 4506 quo
2269 4433 2433 4489 nullae
2454 4440 2582 4489 sunt
2597 4441 2821 4503 epactm,
2847 4431 3087 4501 exceptis
3104 4438 3340 4501 quatuor
3362 4429 3555 4498 primis

1966 4538 2185 4602 patrum
2215 4528 2562 4601 antiquorum
2603 4523 2954 4598 regularibus,
2987 4523 3080 4596 qui
3116 4523 3187 4579 ob
3235 4521 3553 4594 praedictam
3626 4560 3633 4563 τ

270 4629 527 4690 quartum
559 4618 857 4675 undecimo
886 4634 1035 4676 anno
1065 4625 1116 4673 2.
1149 4616 1292 4674 Neu.
1334 4618 1668 4675 Decembres
1697 4620 1776 4675 vel
1803 4625 1854 4676 3.
1885 4606 1939 4670 D
1972 4625 2140 4682 sanus
2178 4622 2425 4681 nondum
2470 4620 2730 4677 transacti
2778 4618 3052 4674 rationem
3099 4615 3293 4673 eodem
3338 4631 3559 4688 semper

268 4716 420 4769 Non.
471 4714 781 4780 Januarias,
827 4714 1078 4785 quintum
1123 4713 1337 4769 decimo
1381 4722 1577 4783 quarto
1608 4729 1755 4770 anno
1802 4721 1856 4771 4.

269 4809 416 4863 Non.
449 4809 812 4875 Novembres,
854 4816 1071 4864 sextum
1100 4806 1312 4863 decimo
1345 4806 1577 4877 septimo
1615 4823 1760 4863 anno
1803 4818 1857 4867 4.

270 4904 416 4957 Non.
444 4908 733 4975 Augustas,
758 4904 1055 4974 septimum
1078 4900 1487 4957 undevicesimo
1507 4916 1652 4958 anno
1674 4902 1863 4960 ﬁnien-

270 5003 388 5051 tem
417 5002 470 5053 3.
500 5000 645 5053 Non.
679 4996 903 5051 Martias
928 4997 1296 5067 interponunt.

595 5115 672 5170 De
707 5115 1066 5167 controversia
1099 5114 1543 5169 embolismorum.

350 5228 498 5285 Binc
520 5230 687 5288 etiam
717 5236 779 5284 ut
803 5236 1058 5299 putamus
1103 5232 1393 5287 exercitato
1417 5247 1481 5287 ac
1507 5230 1749 5303 diligenti
1774 5247 1865 5288 sa-

278 5324 349 5380 tis
381 5331 530 5395 patet
556 5322 866 5379 calculatori
884 5365 898 5391 ,
930 5331 1111 5395 patres
1135 5324 1492 5397 antiquiores,
1516 5341 1687 5381 annos
1712 5326 1867 5382 luna-

279 5434 369 5475 res
397 5435 429 5475 a
468 5417 775 5489 pascalibus
814 5417 1107 5473 noviluniis
1149 5420 1325 5475 verius
1354 5419 1622 5487 incoasse,
1676 5428 1731 5476 et
1775 5436 1869 5476 or-

281 5512 524 5580 dinasse,
568 5511 714 5582 quod
740 5511 1043 5568 secundum
1072 5512 1334 5584 Egiptios
1360 5521 1415 5567 et
1445 5516 1729 5570 Romanos
1752 5529 1869 5569 em-

284 5604 503 5660 bolismi
537 5604 701 5677 priori
730 5620 945 5677 semper
972 5620 1113 5659 anno
1153 5621 1317 5675 quam
1356 5606 1656 5664 debuerant
1681 5623 1873 5665 occur-

286 5705 441 5767 runt,
471 5697 525 5753 id
575 5706 657 5753 est
686 5714 815 5754 cum
858 5698 1107 5753 interseri
1136 5696 1370 5753 debeant
1397 5700 1566 5755 tercio
1615 5710 1773 5758 sexto
1821 5712 1875 5757 et

288 5791 584 5847 undecimo
608 5806 776 5858 anno,
804 5800 859 5847 et
878 5791 1135 5848 similiter
1155 5792 1368 5857 ceteris,
1390 5804 1655 5862 apparent
1681 5803 1873 5851 contra

286 5886 533 5958 regulam
565 5885 622 5940 in
658 5884 899 5941 secundo
940 5885 1130 5959 quinto
1160 5892 1214 5941 et
1257 5884 1471 5942 decimo
1498 5894 1552 5941 et
1581 5889 1774 5944 ceteris
1820 5889 1879 5943 in

543 5976 775 6032 Pauor"
832 5975 1092 6032 CXLVIII.

1971 4735 2113 4775 anno
2145 4720 2520 4784 minorantur;
2571 4714 2784 4771 caeteris
2813 4728 2939 4770 vero
2981 4712 3142 4769 annis
3179 4711 3249 4769 ad
3278 4712 3557 4784 regulares

1972 4812 2192 4868 eosdem
2213 4810 2532 4882 adjiciantur
2550 4816 2772 4879 inpactae
2793 4807 2928 4863 anni
2950 4807 3257 4878 praesentis,
3280 4814 3335 4861 et
3357 4812 3560 4877 quotus

1974 4904 2117 4962 infra
2148 4906 2369 4977 triginta
2413 4903 2754 4971 remanserit,
2801 4901 2884 4957 vel
2930 4901 3072 4957 ultra
3117 4900 3338 4973 triginta
3366 4915 3556 4956 nume-

1974 5017 2066 5057 rus
2093 4997 2410 5067 excreverit,
2438 4998 2645 5070 rejecto
2669 4995 2960 5053 tricenario
2992 5002 3109 5052 tota
3139 4995 3344 5052 lunatio
3375 4994 3431 5050 in
3456 4995 3559 5049 Ka-

1975 5094 2149 5152 lendis
2178 5095 2298 5150 erit.

2548 5208 2619 5260 De
2653 5204 2796 5261 saltu
2834 5204 2996 5261 Iunce.

2051 5323 2231 5379 Saltus
2256 5322 2399 5378 lunae
2426 5316 2625 5376 crescit
2652 5320 2808 5376 annis
2837 5319 3063 5392 singulis
3090 5316 3225 5371 hora
3263 5320 3317 5369 et
3356 5316 3561 5383 puncto

1980 5426 2035 5473 et
2078 5415 2474 5474 undevicesima
2509 5422 2661 5485 parte
2697 5414 2857 5469 unius
2884 5410 3093 5483 puncti.
3128 5410 3248 5462 Non
3278 5421 3407 5478 ergo
3439 5407 3567 5463 unis

1980 5512 2290 5582 eisdemque
2319 5510 2398 5564 vel
2430 5507 2669 5563 articulis
2693 5515 3007 5576 temporum
3030 5500 3112 5556 vel
3134 5500 3235 5556 celi
3255 5500 3569 5557 climatibus

1984 5607 2130 5661 luna:
2155 5603 2457 5658 celebratur
2502 5600 2771 5666 accensio,
2802 5604 2885 5653 set
2914 5608 3130 5665 semper
3178 5594 3461 5667 aliquanto
3492 5595 3567 5651 cie

1985 5699 2092 5754 tius
2108 5712 2275 5769 quam
2298 5695 2636 5767 praecedente
2657 5706 2847 5749 mense
2872 5696 3219 5760 provenerat,
3240 5697 3302 5744 ut
3328 5688 3402 5743 sit
3426 5686 3573 5743 unde

1988 5808 2129 5848 unus
2159 5790 2493 5846 transiliatur
2522 5788 2655 5843 dies.

2060 5886 2201 5942 Anni
2247 5884 2316 5940 ab
2367 5881 2574 5953 origine
2622 5874 2817 5935 mundi
2858 5881 3149 5933 mutantur
3194 5874 3253 5931 in
3300 5879 3387 5931 15.
3429 5874 3541 5930 Ka.

3157 5966 3218 6020 41
