4062 6182
246 313 273 364 1
288 289 389 365 293

1158 312 1446 369 ΑΡΡΕΝΙ).
1487 312 1573 367 111.
1613 342 1685 354 -
1718 312 2136 372 MONUMENTA
2174 316 2631 374 GREGORIANA.

3404 324 3539 379 1294

254 442 339 492 17.
388 436 639 493 Kalistus
674 436 871 493 martir
915 437 1075 493 annis
1122 442 1180 507 5,
1249 439 1535 495 mensibus
1582 444 1636 495 2.
1680 441 1840 497 Juxta
1869 445 1923 511 Α
1951 447 2036 499 38.
2086 442 2240 498 Felix
2278 447 2357 496 2us
2398 442 2592 499 martir
2638 457 2781 499 anno
2841 458 2973 511 uno,
3020 442 3299 503 mensibus
3340 444 3538 515 tribus,

394 530 652 585 chronica
699 530 912 586 Eusebii
962 546 1136 603 usque
1185 531 1257 587 ad
1282 532 1503 588 tertium
1548 532 1844 589 Alexandri

393 639 623 679 annum.

259 723 341 772 18.
383 717 645 773 Urbanus
686 718 883 774 martir
914 718 1073 775 annis
1112 726 1169 788 8,
1212 720 1490 777 mensibus
1546 727 1631 776 10.
1680 721 1845 778 Juxta

392 810 648 867 chronica
676 812 895 868 Eusebii
925 828 1100 885 usque
1126 813 1197 870 ad
1226 813 1583 871 undecimum
1604 814 1844 877 Alexan-

398 904 484 960 dri
513 921 741 963 annum.

251 1003 337 1055 19.
374 997 678 1056 Pontianus
719 1000 912 1057 martir
956 1000 1117 1058 annis
1143 1006 1198 1069 6,
1239 1001 1524 1060 mensibus
1568 1008 1624 1058 5.
1676 1005 1844 1059 Juxta

395 1091 647 1149 chronica
684 1093 905 1151 Eusebii
949 1109 1124 1167 usque
1172 1093 1243 1151 ad
1290 1097 1512 1152 tertium
1558 1096 1846 1152 Maximini

396 1202 627 1243 annum.

255 1285 341 1336 20.
397 1279 674 1337 Antherus
725 1280 919 1337 martir
988 1297 1183 1339 mense
1233 1298 1373 1351 uno;
1436 1285 1531 1356 qui
1575 1284 1633 1339 in
1682 1284 1846 1340 tertio

394 1373 682 1428 Maximini
712 1390 853 1430 anno
882 1390 1076 1447 passus
1106 1383 1211 1432 est.

258 1472 346 1522 21.
375 1466 645 1523 Fabianus
677 1470 868 1525 martir
909 1470 1068 1527 annis
1092 1468 1264 1527 ferme
1292 1475 1395 1539 15;
1428 1470 1518 1542 qui
1547 1470 1652 1527 sub
1677 1472 1846 1528 Decio

396 1576 590 1633 passus
627 1570 728 1618 est.

259 1661 349 1712 22.
391 1654 679 1712 Cornelius
715 1655 909 1711 martir
936 1656 1093 1713 annis
1120 1656 1356 1727 duobus,
1395 1659 1677 1716 mensibus
1704 1657 1847 1716 duo-

401 1749 536 1815 bus;
570 1748 664 1821 qui
692 1749 795 1806 sub
823 1750 1134 1818 Valeriano,
1182 1753 1263 1808 vel
1293 1760 1356 1808 ut
1396 1752 1492 1809 alii
1518 1753 1620 1809 sub
1650 1752 1847 1823 Decio,

401 1858 594 1914 passus
620 1850 723 1899 est.

263 1944 350 1993 23.
399 1937 602 1994 Lucius
638 1937 841 1993 martir
876 1939 1036 1995 annis
1075 1946 1126 2007 3,
1175 1940 1457 1997 mensibus
1486 1947 1539 2009 3,
1571 1956 1741 2012 usque
1782 1940 1852 1997 ad

402 2031 641 2103 primum
680 2031 956 2088 Valeriani
995 2049 1225 2089 annum.
1258 2036 1423 2091 Juxta
1450 2034 1710 2091 chronica
1740 2038 1852 2091 Eu-

400 2124 533 2180 sebii
562 2133 778 2181 tantum
798 2133 840 2181 ‘8
865 2126 1171 2199 mensibus.

261 2222 348 2274 24.
380 2218 684 2289 Stephanus
713 2220 911 2276 martir
951 2221 1112 2276 annis
1149 2227 1202 2290 6,
1255 2220 1536 2279 mensibus
1587 2227 1642 2277 5.
1690 2224 1854 2279 Juxta

403 2310 661 2369 chronica
684 2313 906 2371 Eusebii
931 2315 1087 2370 annis
1116 2315 1314 2372 tribus.

262 2409 355 2460 25.
399 2404 585 2461 Sixtus
632 2411 710 2461 2ul
750 2406 943 2462 martir
984 2423 1125 2464 anno
1174 2424 1308 2476 uno,
1354 2409 1638 2467 mensibus
1681 2410 1854 2468 ferme

409 2504 495 2567 11,
530 2508 651 2571 post
668 2501 818 2557 hunc
838 2499 1178 2572 praefuerunt
1195 2501 1516 2574 presbyteri.
1553 2505 1618 2557 In
1639 2501 1858 2558 chroni-

408 2592 486 2648 cis
526 2593 748 2651 Eusebii
781 2594 938 2650 annis
989 2600 1075 2661 11,
1122 2610 1297 2667 usque
1344 2594 1412 2651 ad
1466 2601 1597 2651 14um
1624 2596 1857 2653 Gallieni

405 2702 634 2742 annum.

262 2785 354 2836 26.
395 2779 673 2836 Dionisius
714 2780 873 2836 annis
902 2785 956 2849 6,
988 2782 1270 2839 mensibus
1309 2782 1544 2853 duobus,
1591 2798 1763 2856 usque
1789 2782 1862 2840 ad

414 2880 540 2929 l5“nn
603 2873 834 2931 Gallieni
892 2890 1121 2931 annum.
1188 2877 1251 2931 In
1316 2876 1590 2933 chronicis
1646 2876 1861 2933 Eusebii

410 2968 566 3024 annis
593 2973 649 3035 9,
682 2983 855 3040 usque
899 2967 970 3023 ad
1017 2969 1259 3040 primum
1300 2970 1464 3026 Probi
1496 2987 1725 3028 annum.

267 3067 359 3117 27.
402 3060 545 3117 Felix
587 3061 781 3116 martir
806 3060 960 3118 annis
990 3067 1045 3129 4,
1078 3063 1360 3120 mensibus
1390 3062 1562 3119 ferme
1589 3070 1644 3131 4,
1690 3078 1863 3136 usque

411 3154 480 3211 ad
516 3155 740 3211 tertium
771 3155 1044 3211 Aureliani
1085 3172 1308 3212 annum.
1341 3159 1405 3213 In
1448 3157 1725 3213 chronicis
1752 3159 1864 3212 Eu-

411 3249 542 3305 sebii
572 3248 729 3304 annis
754 3254 809 3316 5,
841 3264 1012 3321 usque
1037 3249 1107 3305 ad
1135 3250 1389 3321 quintum
1435 3251 1595 3308 Probi
1625 3268 1854 3308 annum.
1887 3229 1934 3297 ο

267 3348 361 3399 28.
392 3342 752 3399 Eutichianus
777 3344 971 3398 martir
999 3359 1141 3399 anno
1174 3360 1302 3411 uno,
1337 3360 1527 3401 mense
1556 3362 1690 3415 uno,
1720 3362 1865 3403 anno

414 3435 717 3492 Aurieliani
758 3444 970 3507 quarto.
1022 3439 1089 3492 In
1132 3437 1406 3494 chronicis
1448 3439 1661 3495 Eusebii
1703 3456 1866 3497 men-

414 3530 565 3586 sibus
592 3536 625 3586 8
650 3538 886 3598 tantum,
918 3529 974 3586 id
1001 3538 1085 3585 est
1112 3531 1305 3601 quinto
1334 3532 1493 3588 Probi
1521 3549 1686 3588 anno.

272 3628 362 3679 29.
394 3623 564 3680 Gaius
606 3625 800 3680 martir
841 3624 1000 3680 annis
1053 3629 1141 3692 11,
1172 3624 1454 3682 mensibus
1497 3632 1548 3689 4,
1599 3641 1770 3698 usque
1800 3627 1869 3685 ad

414 3717 714 3774 secundum
748 3717 1069 3773 Dioclitiani
1098 3734 1323 3774 annum.
1356 3721 1420 3774 In
1446 3718 1719 3777 chronicis
1748 3723 1863 3777 Eu-

418 3812 545 3868 sebii
581 3817 644 3868 15
681 3812 856 3879 annis,
902 3827 1072 3880 usque
1103 3817 1233 3868 13"”
1264 3813 1567 3869 Dioclitiani
1610 3830 1836 3870 annum.

272 3912 365 3961 30.
392 3906 739 3962 Marcellinus
786 3907 983 3961 martir
1010 3907 1167 3963 annis
1209 3912 1265 3974 9,
1296 3907 1576 3965 mensibus
1603 3914 1657 3975 4,
1698 3924 1870 3980 usque

418 3999 489 4056 ad
521 4006 649 4055 17“In
679 3999 991 4055 Dioclitianl
1018 4014 1244 4056 annum.
1291 4003 1356 4057 In
1383 4001 1656 4058 chronicis
1698 4005 1869 4058 Euse-

420 4092 493 4148 bii
533 4109 702 4165 usque
733 4099 865 4150 20°m
894 4092 1200 4148 Dioclitiani
1247 4109 1484 4162 annum;
1538 4102 1661 4165 post
1704 4111 1869 4167 quem

417 4186 574 4259 juxta
605 4190 929 4243 Romanum
975 4186 1285 4259 pontiﬁcale
1320 4187 1554 4244 cessavit
1581 4188 1868 4260 episcopa-

422 4288 511 4337 tus
535 4280 693 4337 annis
721 4287 774 4349 7,
807 4280 1090 4337 mensibus
1113 4286 1169 4349 6,
1199 4279 1392 4337 diebus
1422 4287 1507 4338 25.

278 4381 370 4430 31.
417 4374 709 4430 Marcellus
751 4374 947 4430 martir
990 4375 1147 4431 annis
1193 4379 1248 4444 5,
1290 4374 1573 4432 mensibus
1599 4374 1776 4434 ferme
1803 4381 1869 4445 8;

422 4468 521 4539 qui
548 4468 601 4524 in
626 4468 899 4525 chronicis
925 4468 1145 4526 Eusebii
1174 4484 1289 4526 non
1330 4469 1583 4527 habetur.

281 4569 371 4617 32.
425 4561 696 4617 Eusebius
760 4561 920 4618 annis
967 4569 1021 4631 6,
1070 4578 1257 4619 mense
1301 4580 1432 4621 uno.
1490 4568 1554 4620 In
1601 4564 1875 4623 chronicis

422 4655 641 4713 Eusebii
672 4655 953 4713 mensibus
980 4661 1036 4726 8,
1067 4672 1215 4713 anno
1254 4663 1394 4714 20m°
1416 4657 1759 4717 Dioclitiani.

282 4754 374 4805 33.
405 4747 701 4805 Melciades
740 4749 899 4807 annis
925 4757 979 4818 4,
1008 4765 1181 4822 usque
1210 4750 1278 4806 ad
1320 4759 1579 4823 quartum
1607 4754 1877 4810 Constan-

425 4841 525 4899 tini
552 4859 781 4901 annum.
946 4832 949 4835 1

285 4941 376 4991 34.
411 4936 665 4993 Silvester
692 4936 853 4993 annis
900 4942 989 5007 23,
1043 4938 1327 5001 mensibus
1374 4944 1459 4995 10.
1506 4941 1571 4994 In
1598 4938 1876 4998 chronicis

429 5031 650 5089 Eusebii
691 5032 844 5089 annis
883 5037 975 5101 22,
1003 5047 1175 5106 usque
1221 5033 1290 5091 ad
1330 5036 1483 5090 25mm
1532 5034 1875 5093 Constantini

432 5140 641 5182 annum
650 5166 662 5182 .

286 5223 379 5276 35.
407 5219 627 5277 Marcus
656 5220 815 5277 annis
856 5219 1093 5293 duobus,
1125 5221 1406 5279 mensibus
1431 5227 1486 5278 9.
1513 5224 1576 5278 In
1603 5222 1879 5282 chronicis

431 5314 689 5370 Ieronimi
744 5315 1023 5371 mensibus
1074 5320 1131 5386 8,
1176 5321 1272 5371 25°
1318 5332 1464 5373 anno
1510 5316 1877 5375 Constantini.

285 5411 382 5464 36.
436 5407 618 5465 Julius
654 5410 810 5465 annis
850 5413 937 5477 15,
982 5410 1260 5467 mensibus
1301 5410 1535 5468 duobus.
1559 5413 1621 5467 In
1665 5411 1880 5469 chroni-

433 5502 513 5557 cis
541 5501 803 5558 Ieronimi
847 5504 1003 5559 annis
1042 5510 1129 5573 16,
1174 5504 1455 5561 mensibus
1510 5512 1563 5572 9,
1598 5520 1767 5578 usque
1812 5504 1883 5562 ad

439 5602 574 5652 12um
599 5596 901 5653 Constantii
932 5612 1163 5653 annum.

286 5693 383 5744 37.
414 5689 667 5745 Liberius
706 5690 865 5746 annis
910 5694 965 5758 6,
995 5690 1276 5747 mensibus
1302 5698 1354 5746 4.
1403 5694 1469 5748 In
1497 5691 1763 5748 chronicis
1803 5694 1886 5746 Ie-

435 5782 637 5838 ronimi
686 5788 748 5839 17
776 5784 956 5853 annis,
1003 5800 1177 5857 usque
1217 5783 1287 5842 ad
1316 5784 1619 5843 secundum
1649 5784 1884 5845 Valenti-

438 5875 588 5931 niani
612 5891 842 5933 annum.

2098 535 2237 591 inter
2278 536 2563 591 exulatum
2612 534 2836 604 Liberii,
2885 552 3029 592 anno
3076 538 3387 595 Constantii
3424 544 3541 595 20°.

1955 633 2046 685 39.
2092 631 2361 684 Damasus
2404 629 2558 685 annis
2604 635 2690 695 18,
2725 629 3010 687 mensibus
3054 631 3240 686 tribus.
3272 635 3335 687 In
3381 631 3544 687 chro—

2096 721 2230 777 nicis
2288 722 2540 793 Prosperi
2589 722 2750 777 annis
2814 728 2901 791 19,
2955 740 3124 796 usque
3174 724 3241 780 ad
3289 725 3541 797 quintum

2097 816 2345 871 Gratiani
2373 832 2601 872 annum.

1953 914 2043 967 40.
2095 909 2321 964 Siricius
2364 910 2524 965 annis
2576 916 2667 979 15;
2713 912 2808 984 qui
2859 913 2918 969 in
2966 912 3239 973 chronicis
3287 914 3543 986 Prosperi

2094 1001 2333 1059 Ursinus
2377 1003 2602 1060 nomine
2640 1005 2783 1061 sedit
2810 1006 2968 1063 annis
3016 1014 3105 1075 14,
3136 1023 3309 1081 usque
3337 1008 3405 1066 ad
3431 1016 3541 1066 ter-

2096 1095 2234 1151 tium
2264 1095 2525 1153 Archadii
2560 1113 2788 1153 annum.

1954 1196 2042 1247 41.
2093 1190 2410 1247 Anastasius
2451 1191 2610 1247 annis
2654 1192 2849 1247 tribus.
2901 1195 2965 1248 In
2993 1191 3264 1255 chronicis
3299 1195 3545 1267 Prosperi

2099 1284 2256 1341 annis
2293 1291 2349 1352 4,
2380 1299 2553 1357 usque
2576 1285 2646 1341 ad
2668 1293 2766 1341 7mn
2789 1285 3051 1343 Archadii
3077 1302 3304 1343 annum.

1955 1383 2043 1434 42.
2095 1378 2451 1434 Innocentius
2495 1380 2652 1435 annis
2702 1385 2786 1449 15,
2838 1380 3118 1436 mensibus
3169 1379 3342 1435 ferme
3383 1386 3437 1435 4.
3483 1381 3548 1437 In

2100 1470 2370 1527 chronicis
2398 1473 2651 1544 Prosperi
2684 1473 2843 1530 annis
2887 1479 2972 1543 14,
3003 1488 3173 1545 usque
3200 1473 3268 1530 ad
3298 1479 3395 1528 8um
3424 1474 3547 1529 Ho-

2098 1565 2242 1621 norii
2283 1581 2514 1622 annum.
2928 1580 2931 1581 '

1956 1664 2048 1716 43.
2078 1658 2340 1718 Zozimus
2376 1659 2533 1716 annis
2561 1659 2757 1729 tribus,
2784 1661 3068 1720 mensibus
3096 1659 3269 1718 ferme
3295 1665 3348 1729 5,
3376 1674 3549 1732 usque

2100 1752 2170 1810 ad
2202 1758 2331 1809 ιιυω
2366 1754 2603 1810 Honorii
2630 1769 2861 1813 annum.

1880 1835 1927 1900 Β
1957 1851 2047 1903 44.
2081 1846 2397 1904 Bonifacius
2438 1847 2595 1903 annis
2621 1848 2818 1919 tribus,
2868 1846 3155 1905 mensibus
3182 1852 3239 1918 8,
3284 1862 3456 1920 usque
3483 1847 3552 1905 ad

2104 1947 2234 1998 15“In
2257 1941 2497 1998 Honorii
2522 1958 2749 1998 annum.

1962 2039 2052 2092 45.
2106 2035 2409 2092 Celestinus
2472 2035 2629 2092 annis
2696 2040 2751 2103 8,
2796 2034 3075 2094 mensibus
3134 2041 3223 2105 10,
3264 2048 3438 2109 usque
3481 2030 3553 2089 ad

2103 2143 2316 2184 nonum
2343 2128 2633 2186 Theodosii
2668 2144 2903 2186 annum.

1963 2225 2053 2278 46.
2104 2221 2289 2279 Sixtus
2331 2228 2412 2278 3‘"
2450 2222 2606 2279 annis
2652 2228 2707 2293 8,
2754 2237 2928 2296 usque
2955 2221 3027 2280 ad
3073 2237 3284 2279 annum
3332 2220 3556 2279 Domini

2103 2320 2231 2372 440.

1964 2415 2051 2466 47.
2086 2410 2199 2464 Leo
2228 2407 2430 2465 doctor
2470 2408 2635 2467 annis
2675 2414 2767 2478 21,
2796 2408 3084 2465 mensibus
3125 2407 3344 2466 duobus
3386 2407 3561 2465 ferme

2109 2516 2281 2574 usque
2323 2502 2393 2558 ad
2421 2519 2625 2558 annum
2654 2503 2880 2559 Domini
2906 2508 3035 2560 462.

1968 2601 2055 2651 48.
2099 2595 2341 2650 Hilarius
2385 2597 2544 2651 annis
2602 2602 2655 2663 6,
2706 2597 2991 2654 mensibus
3033 2596 3229 2665 tribus,
3274 2612 3445 2670 usque
3490 2595 3559 2653 ad

2109 2703 2320 2744 annum
2346 2688 2569 2744 Domini
2601 2695 2728 2745 467.

1968 2786 2058 2838 49.
2106 2781 2419 2852 Simplicius
2480 2782 2641 2838 annis
2704 2787 2792 2853 15,
2855 2798 3045 2841 mense
3097 2799 3230 2851 uno,
3280 2797 3455 2857 usque
3496 2781 3565 2838 ad

2110 2890 2318 2931 annum
2346 2875 2571 2931 Domini
2606 2882 2733 2932 482.

1970 2974 2058 3025 50.
2089 2967 2237 3027 Felix
2267 2975 2343 3025 3us
2371 2969 2529 3026 annis
2566 2968 2742 3027 ferme
2773 2975 2827 3041 9,
2874 2985 3045 3043 usque
3091 2968 3160 3027 ad
3207 2984 3413 3026 annum
3456 2972 3567 3025 Do-

2113 3062 2250 3119 mini
2284 3069 2408 3120 491.

1974 3163 2062 3213 51.
2103 3157 2358 3213 Gelasins
2385 3156 2543 3214 annis
2571 3164 2628 3227 4,
2664 3156 2946 3214 mensibus
2973 3163 3028 3228 8,
3058 3173 3229 3230 usque
3255 3156 3327 3215 ad
3357 3172 3567 3215 annum

2108 3250 2337 3306 Domini
2388 3255 2514 3307 496.

1978 3348 2065 3399 52.
2116 3342 2435 3400 Anastasius
2467 3344 2626 3401 annis
2665 3344 2840 3402 ferme
2884 3344 3121 3416 duobus,
3167 3358 3338 3418 usque
3366 3343 3437 3402 ad
3465 3360 3567 3401 an-

2115 3452 2254 3492 num
2283 3437 2506 3493 Domini
2535 3444 2664 3494 498.

1978 3536 2067 3587 53.
2098 3530 2447 3587 Simmachus
2489 3532 2646 3587 annis
2680 3537 2764 3598 15,
2792 3531 3075 3589 mensibus
3096 3531 3271 3590 ferme
3300 3538 3355 3604 8,
3400 3547 3572 3606 usque

2120 3623 2191 3680 ad
2219 3639 2428 3681 annum
2455 3624 2675 3681 Domini
2705 3629 2831 3681 514.

1904 3778 1921 3793 ,
1978 3722 2072 3775 54.
2100 3718 2383 3774 Hormista
2424 3719 2581 3775 annis
2617 3725 2672 3788 9,
2722 3735 2894 3791 usque
2938 3719 3006 3776 ad
3040 3721 3380 3777 consulatum
3424 3720 3572 3776 Sim-

2119 3811 2299 3869 machi
2334 3819 2390 3868 et
2413 3812 2609 3883 Boetii,
2651 3811 2710 3869 id
2740 3821 2822 3869 est
2851 3813 2923 3870 ad
2961 3830 3168 3870 annum
3192 3814 3419 3871 Domini
3444 3819 3571 3871 523.

1980 3910 2068 3963 55.
2122 3906 2400 3983 Iohannes
2445 3906 2638 3963 martir
2674 3908 2833 3963 annis
2873 3907 3109 3977 duobus,
3174 3907 3458 3965 mensibus
3516 3913 3572 3976 9,

2121 4016 2295 4071 usque
2317 3999 2389 4057 ad
2415 4017 2620 4057 annum
2650 4001 2871 4058 Domini
2899 4006 3025 4057 526.

1982 4098 2070 4151 56.
2097 4094 2251 4153 Felix
2277 4102 2359 4149 4ull
2392 4095 2551 4151 8111118
2598 4102 2653 4163 4,
2705 4094 2982 4152 mensibus
3018 4092 3257 4163 duObus,
3303 4110 3476 4166 usque
3506 4095 3576 4151 ad

2122 4203 2326 4243 annum
2353 4188 2576 4245 Domini
2605 4193 2728 4245 530.

1981 4287 2071 4337 57.
2106 4279 2412 4336 Bonifacius
2441 4286 2521 4334 2‘"
2547 4281 2706 4336 annis
2749 4280 2986 4349 duobus,
3026 4295 3214 4337 mense
3243 4279 3415 4336 ferme
3439 4296 3573 4347 uno,

2123 4388 2297 4444 usque
2321 4371 2388 4429 ad
2415 4389 2618 4429 annum
2644 4374 2872 4429 Domini
2901 4378 3026 4430 532.

1981 4472 2070 4525 58.
2103 4467 2382 4523 Johannes
2410 4471 2511 4536 2ου,
2557 4467 2651 4538 qui
2696 4475 2751 4523 et
2789 4466 3114 4535 Mercurius,
3158 4465 3311 4522 annis
3338 4465 3574 4535 duobus,

2127 4562 2405 4619 mensibus
2428 4565 2481 4629 4,
2509 4578 2679 4633 usque
2706 4560 2773 4618 ad
2796 4577 2999 4617 annum
3028 4559 3257 4617 Domini
3283 4564 3406 4617 534.

1900 4617 1953 4687 Β
1986 4663 2078 4717 59.
2122 4617 2391 4729 néapitus
2418 4617 2563 4712 anno
2589 4617 2765 4711 ferme
2798 4670 2942 4722 uno;
2972 4655 3065 4729 qui
3101 4653 3574 4727 Constantinopoli

2128 4750 2434 4817 defunctus,
2489 4751 2727 4805 Romam
2773 4749 2980 4806 relatus
3026 4757 3109 4806 est
3156 4764 3301 4806 anno
3354 4748 3577 4805 Domini

2131 4848 2283 4899 535°.

1982 4944 2073 4998 60.
2102 4937 2360 4995 Silverius
2388 4937 2581 4993 martir
2627 4952 2773 4994 anno
2798 4953 2933 5006 uno,
2973 4939 3255 4996 mensibus
3283 4945 3350 5008 5;
3403 4938 3493 5011 qui
3522 4937 3579 4993 in

2126 5033 2288 5091 exilio
2316 5032 2457 5089 obiit
2498 5037 2586 5087 12.
2633 5032 2758 5087 Kal.
2796 5031 2906 5087 Jul.
2944 5031 3247 5090 indictione
3292 5036 3404 5097 15⁸,
3435 5046 3578 5087 811110

2127 5126 2350 5185 Domini
2389 5131 2539 5183 537°.

1985 5229 2075 5281 61.
2105 5222 2333 5295 Vigilius
2362 5220 2520 5278 annis
2564 5225 2660 5288 17,
2700 5218 2981 5276 mensibus
3010 5218 3184 5276 ferme
3211 5222 3275 5284 7;
3306 5215 3401 5287 qui
3427 5216 3578 5272 Con-

2129 5314 2485 5387 stantinopoli
2529 5312 2629 5369 diu
2651 5313 2921 5382 exulatus,
2957 5322 3017 5370 et
3042 5311 3273 5367 demum
3306 5308 3580 5364 relaxatus

2130 5409 2269 5466 obiit
2298 5413 2435 5464 554°
2461 5424 2625 5464 anno.
3008 5450 3011 5453 -

1990 5506 2084 5561 62.
2144 5500 2391 5574 Pelagius
2456 5502 2609 5565 annis
2671 5508 2758 5568 11,
2804 5496 3082 5556 mensibus
3151 5502 3234 5565 10,
3281 5510 3455 5568 usque
3509 5495 3583 5555 ad

2131 5610 2339 5653 annum
2369 5595 2597 5651 Domini
2626 5601 2752 5651 565.

1992 5696 2082 5745 63.
2128 5688 2405 5745 Johannes
2433 5694 2512 5745 3‘"
2542 5688 2698 5743 annis
2725 5685 2899 5741 ferme
2932 5687 3019 5752 13,
3070 5682 3339 5755 usquead
3367 5696 3580 5741 annum

2140 5782 2361 5839 Domini
2391 5786 2516 5839 578.
2547 5782 2829 5837 Cessatum
2851 5787 2931 5835 est
2964 5783 3028 5835 10
3057 5777 3360 5835 mensibus.

1994 5881 2079 5933 64.
2116 5875 2443 5934 Benedictus
2487 5874 2642 5931 annis
2684 5878 2742 5942 4,
2788 5872 3070 5931 mensibus
3097 5869 3267 5930 ferme
3306 5877 3364 5940 2,
3407 5883 3584 5943 usque
