4062 6182
519 303 654 359 i295

1517 286 1608 342 AD
1646 280 1874 339 OPERA
1910 277 1965 334 S.
2004 270 2323 330 GREGORII
2360 266 2798 326 APPENDICES.

3672 259 3800 314 £296

663 427 735 484 ad
764 435 973 481 annum
1015 414 1242 476 Domini
1283 418 1410 472 582.
1450 412 1734 469 Cessatum
1774 414 1858 463 est
1897 399 2104 460 mensi-
2133 402 2187 467 Α
2215 402 2308 455 85.
2337 397 2525 455 Conen
2561 392 2846 450 mensibus
2878 396 2966 455 11,
3008 402 3157 445 anno
3196 385 3425 445 Domini
3465 388 3598 442 687.
3622 385 3807 442 Cessa-

662 526 764 580 hus
794 527 848 576 3.

519 624 607 676 65.
657 613 904 685 Pelagius
951 615 1032 665 2us
1072 604 1230 664 annis
1266 609 1351 673 10,
1394 600 1678 661 mensibus
1721 601 1777 665 2,
1809 594 1948 651 obiit
1974 590 2109 649 indi-

658 709 838 765 ctione
896 703 980 771 9",
1041 716 1186 757 anno
1225 698 1451 757 Domini
1516 699 1641 751 592.
1693 692 1982 748 Cessatum
2029 694 2113 742 est

658 800 941 859 mensibus
974 802 1004 851 4
1036 794 1170 851 fere.

516 910 606 983 66.
640 902 943 977 Gregorius
988 899 1183 955 doctor
1226 894 1381 951 annis
1423 898 1510 960 13,
1552 888 1837 946 mensibus
1882 891 1937 951 6,
1979 882 2114 940 obiit

657 997 959 1056 indictione
1006 995 1087 1054 8",
1132 1004 1274 1047 anno
1315 985 1540 1042 Domini
1565 988 1688 1039 605.
1721 983 2006 1037 Cessatum
2032 984 2115 1033 est

657 1090 938 1148 mensibus
969 1092 1023 1143 5.

520 1194 606 1245 67.
659 1184 994 1242 Sabinianus
1045 1193 1188 1235 anno
1244 1183 1292 1245 1,
1340 1174 1624 1231 mensibus
1690 1177 1744 1238 5,
1809 1181 1987 1239 usque
2045 1163 2113 1219 ad

663 1294 871 1335 annum
903 1273 1123 1331 Domini
1153 1278 1277 1326 607.
1305 1271 1587 1327 Cessatum
1613 1275 1694 1324 est
1730 1279 1873 1320 anno
1906 1261 2015 1316 fere
2062 1264 2111 1312 1.

521 1389 610 1442 68.
657 1380 970 1439 Bonifacius
1030 1381 1109 1432 3"“
1154 1374 1438 1445 mensibus
1486 1372 1656 1428 ferme
1716 1376 1771 1437 9,
1823 1380 1995 1438 usque
2047 1361 2115 1417 ad

664 1491 891 1532 annum-
942 1469 1167 1528 Domini
1223 1472 1347 1525 609.
1411 1468 1697 1523 Cessatum
1762 1469 1846 1518 est
1908 1456 2113 1514 mensi-

661 1570 766 1626 bus
808 1575 894 1623 10.

522 1670 611 1723 69.
642 1661 967 1721 Bonifacius
1012 1664 1094 1715 4‘"
1122 1657 1277 1714 annis
1322 1662 1376 1723 6,
1423 1653 1705 1710 mensibus
1744 1656 1799 1718 8,
1846 1662 2018 1719 usque
2047 1644 2115 1701 ad

578 1784 581 1787 ν
662 1772 872 1815 annum
914 1753 1135 1811 Domini
1177 1756 1304 1809 6‘17.
1338 1751 1619 1808 Cessatum
1663 1754 1747 1803 est
1775 1741 2112 1801 mensibus7

664 1852 857 1908 ferme.

523 1954 612 2004 70.
660 1943 967 2003 Deusdedit
1012 1943 1172 1998 annis
1217 1947 1270 2005 3,
1301 1952 1489 1995 mense
1530 1942 1550 1991 1
1601 1935 1788 2001 ferme,
1836 1944 2006 2002 usque
2051 1926 2120 1983 ad

663 2055 869 2096 annum
915 2034 1145 2092 Domini
1192 2038 1319 2090 620.
1351 2033 1636 2088 Cessatum
1674 2035 1757 2083 est
1784 2039 1976 2081 mense
2010 2036 2119 2079 uno

664 2142 719 2189 et
746 2131 929 2187 semis.

524 2234 612 2284 71.
644 2223 964 2281 Bonifacius
1006 2227 1087 2276 5‘“
1124 2219 1283 2275 annis
1320 2224 1375 2285 5,
1418 2231 1589 2287 usque
1630 2212 1700 2270 ad
1749 2225 1955 2268 annum
2004 2211 2118 2265 Do-

664 2318 798 2374 mini
836 2322 960 2372 625.

523 2422 612 2470 72.
669 2414 952 2471 Honorius
1009 2410 1167 2466 annis
1212 2408 1385 2465 ferme
1435 2411 1524 2477 13,
1586 2418 1757 2476 usque
1800 2402 1870 2460 ad
1917 2396 2120 2458 annum

664 2506 889 2566 Domini
940 2512 1065 2562 638.
1124 2502 1407 2560 Cessatum
1466 2507 1552 2558 est
1599 2515 1743 2555 anno
1800 2503 1858 2564 1,
1912 2497 2119 2552 mensi-

668 2603 775 2659 bus
800 2608 851 2657 7.

522 2703 608 2754 73.
662 2695 952 2753 Severinus
991 2692 1271 2749 mensibus
1313 2696 1368 2758 2,
1403 2704 1546 2745 anno
1574 2685 1801 2743 Domini
1831 2690 1963 2741 640.
1995 2684 2121 2740 Ces-

661 2798 843 2847 satum
871 2796 956 2844 est
978 2786 1259 2843 mensibus
1283 2790 1337 2840 5.

521 2898 612 2948 74.
665 2890 945 2948 Johannes
992 2892 1074 2944 4ns
1144 2902 1289 2943 anno
1339 2889 1392 2951 1,
1460 2882 1742 2940 mensibus
1808 2880 1981 2937 ferme
2031 2885 2118 2948 10,

2146 1817 2194 1880 B

2359 500 2479 545 tum
2509 497 2590 545 est
2612 485 2899 543 mensibus
2929 491 2958 540 3
2987 483 3179 540 ferme.

2220 593 2310 643 86.
2357 584 2584 655 Sergius
2614 581 2772 636 annis
2814 585 2900 646 13,
2946 577 3229 634 mensibus
3275 582 3309 632 9
3340 575 3529 639 ferme,
3561 573 3702 629 obiit
3730 573 3810 627 in-

2367 677 2609 734 dictione
2639 680 2749 739 14“,
2780 672 2993 728 Tiberio
3022 672 3374 742 imperatore,
3403 684 3553 725 anno
3589 666 3813 722 Domini

2364 778 2488 827 701.
2524 762 2814 825 Cessatum
2846 774 2928 822 est
2954 764 3238 821 mensibus
3270 769 3300 817 2
3328 762 3519 819 ferme.

2222 873 2311 923 87.
2343 865 2628 921 Johannes
2675 868 2754 917 6us
2803 860 2961 916 annis
3008 865 3061 927 3,
3104 857 3386 913 mensibus
3428 862 3484 922 2,
3521 867 3703 925 usque
3753 851 3817 906 ad

2367 972 2576 1014 annum
2622 954 2847 1011 Domini
2891 957 3016 1007 705.
3048 953 3336 1007 Cessatum
3361 956 3443 1006 est
3468 962 3663 1004 mense
3709 961 3817 1001 uno

2367 1052 2548 1109 semis.

2224 1153 2313 1203 88.
2345 1145 2622 1203 Johannes
2651 1150 2731 1198 7“
2776 1141 2937 1197 annis
2967 1146 3019 1207 2,
3053 1137 3335 1196 mensibus
3362 1144 3396 1192 8
3426 1135 3616 1203 ferme,
3646 1149 3822 1206 usque

2368 1239 2439 1295 ad
2469 1255 2677 1293 annum
2716 1235 2942 1292 Domini
2995 1239 3113 1289 788.
3161 1236 3445 1290 Cessatum
3494 1238 3577 1286 est
3612 1227 3823 1284 mensi-

2366 1335 2470 1389 bus
2501 1339 2549 1387 3.

2225 1434 2312 1484 89.
2346 1426 2613 1485 Sisinnius
2643 1431 2711 1480 20
2747 1423 2962 1491 diebus,
3006 1420 3102 1493 qui
3142 1421 3379 1494 podagra
3418 1419 3600 1476 subito
3647 1416 3825 1472 mori-

2366 1529 2481 1589 tur,
2525 1535 2673 1576 anno
2717 1517 2942 1574 Domini
2998 1522 3121 1572 708.
3188 1519 3475 1571 Cessatum
3527 1521 3613 1569 est
3668 1526 3825 1567 men-

2366 1615 2513 1671 sibus
2549 1620 2605 1669 2.

2225 1716 2314 1767 90.
2359 1707 2757 1765 Constantinus
2802 1705 2964 1760 annis
3006 1711 3058 1771 7,
3104 1717 3278 1774 usque
3330 1700 3400 1757 ad
3444 1715 3657 1755 annum
3708 1701 3819 1753 Do-

2365 1802 2503 1858 mini
2548 1805 2682 1868 715;
2730 1799 2823 1871 qui
2881 1799 2939 1853 in
3001 1797 3256 1854 Greciam
3312 1795 3383 1850 ad
3429 1794 3821 1865 imperatorem

2373 1896 2522 1951 venit
2548 1894 2841 1950 indictione
2885 1898 2967 1960 9e,
3010 1899 3064 1946 et
3103 1906 3353 1946 reversus
3392 1896 3475 1944 est
3504 1888 3556 1943 in
3591 1886 3818 1942 decima.

2226 2005 2312 2057 91.
2365 1998 2669 2070 Gregorius
2713 2000 2794 2061 2"}
2854 1994 3009 2049 annis
3060 1998 3148 2062 15,
3204 1990 3482 2049 mensibus
3545 1995 3582 2045 9
3629 1989 3823 2055 ferme,

2370 2092 2503 2149 obiit
2526 2090 2829 2147 indictione
2862 2092 2977 2143 14“.
3374 2104 3379 2105 ί

2227 2193 2316 2245 92.
2364 2185 2667 2257 Gregorius
2728 2188 2809 2237 3ml
2852 2181 3010 2238 annis
3062 2186 3151 2247 10,
3202 2178 3483 2235 mensibus
3541 2185 3577 2234 9
3622 2177 3823 2245 ferme,

2367 2279 2507 2336 obiit
2534 2278 2830 2335 indictione
2856 2280 2971 2344 10³,
3002 2290 3145 2330 anno
3172 2273 3399 2329 Domini
3428 2279 3554 2329 742.

2226 2387 2317 2440 93.
2372 2381 2662 2438 Zacharias
2710 2380 2873 2436 annis
2936 2384 3017 2446 10,
3065 2377 3343 2433 mensibus
3395 2382 3447 2443 3,
3502 2373 3639 2431 obiit
3689 2370 3823 2428 indi-

2367 2478 2549 2533 ctione
2579 2481 2659 2544 5“,
2698 2490 2845 2530 anno
2869 2473 3091 2528 Domini
3122 2476 3247 2525 752.

2226 2588 2311 2639 94.
2360 2580 2665 2653 Stephanus
2711 2586 2791 2634 2us
2836 2576 2992 2633 annis
3036 2582 3090 2644 5,
3118 2589 3307 2631 mense
3349 2578 3372 2629 1
3409 2570 3605 2635 ferme,
3650 2586 3823 2643 usque

2369 2675 2437 2731 ad
2467 2689 2678 2730 annum
2706 2671 2931 2729 Domini
2971 2676 3097 2725 757.
3190 2700 3193 2701 ν

2227 2783 2315 2835 95.
2364 2778 2567 2834 Paulus
2611 2776 2770 2832 annis
2823 2781 2907 2841 10,
2955 2787 3143 2829 mense
3189 2778 3239 2841 1,
3292 2784 3458 2842 usque
3501 2767 3574 2825 ad
3615 2783 3827 2825 annum

2374 2872 2593 2928 Domini
2626 2876 2749 2926 767.

668 2999 843 3057 usque
892 2982 960 3038 ad
1008 2996 1218 3037 annum
1256 2976 1489 3035 Domini
1536 2980 1663 3031 642.
1711 2976 1996 3032 Cessatum
2040 2979 2124 3028 est
2228 2973 2318 3023 96.
2384 2965 2700 3036 Stephanus
2764 2970 2794 3019 3
2854 2961 3015 3018 annis
3079 2967 3142 3027 4,
3204 2957 3483 3015 mensibus
3548 2963 3583 3013 6
3642 2955 3821 3013 ferme

662 3093 856 3135 mense
886 3091 997 3131 uno
1031 3082 1085 3131 et
1126 3072 1312 3129 semis.

519 3190 611 3241 75.
646 3179 972 3239 Theodorus
1015 3177 1176 3233 annis
1218 3182 1271 3244 6,
1302 3173 1583 3230 mensibus
1624 3171 1799 3227 ferme
1846 3175 1899 3238 6,
1945 3183 2116 3240 usque

658 3274 731 3331 ad
754 3287 965 3329 annum
1005 3268 1231 3327 Domini
1255 3273 1379 3324 649.
1412 3268 1697 3323 Cessatum
1725 3272 1808 3320 est
1834 3260 2117 3318 mensibus

660 3368 921 3439 ferme_2.

517 3471 607 3522 76.
642 3462 920 3521 Martinus
966 3457 1161 3515 martir
1210 3455 1370 3513 annis
1415 3459 1470 3522 6,
1520 3452 1805 3510 mensibus
1844 3458 1876 3507 2
1917 3451 2111 3520 ferme,

661 3571 836 3629 usque
877 3554 946 3612 ad
993 3567 1204 3610 annum
1253 3548 1481 3607 Domini
1528 3553 1664 3616 655;
1708 3547 1799 3620 qui
1849 3546 1906 3602 in
1952 3544 2113 3601 exilio

662 3650 820 3706 obiit.

520 3749 608 3798 77.
641 3740 922 3813 Eugenius
964 3738 1126 3795 annis
1174 3745 1228 3804 2,
1280 3736 1559 3792 mensibus
1606 3742 1671 3791 10
1702 3734 1894 3801 ferme,
1943 3746 2114 3805 usque

665 3834 735 3889 ad
780 3848 989 3887 annum
1031 3830 1257 3887 Domini
1303 3835 1428 3885 658.
1485 3831 1771 3886 Cessatum
1800 3836 1883 3883 est
1910 3825 2114 3882 mensi-

661 3926 768 3981 bus
796 3930 849 3980 2.

521 4028 611 4079 78.
658 4018 973 4078 Vitalianus
1021 4015 1318 4090 annisq_14,
1368 4013 1650 4070 mensibus
1690 4018 1745 4082 6,
1799 4013 1936 4067 obiit
1976 4010 2114 4068 indi-

662 4114 843 4170 ctione
894 4117 1007 4179 15⁸,
1054 4125 1198 4166 anno
1260 4108 1483 4165 Domini
1526 4113 1648 4164 672.
1697 4108 1987 4177 Cessatum
2032 4113 2114 4162 est

661 4205 951 4265 mensibus
978 4211 1033 4261 2.

522 4319 608 4369 79.
666 4309 985 4369 Adeodatus
1027 4306 1188 4362 annis
1256 4311 1310 4375 4,
1376 4305 1660 4362 mensibus
1710 4310 1764 4369 2,
1816 4320 1988 4377 usque
2041 4303 2112 4360 ad

662 4420 873 4462 annum
902 4400 1128 4459 Domini
1159 4405 1283 4457 676.
1317 4401 1632 4457 Cesssatum
1663 4408 1745 4455 est
1771 4399 2054 4455 mensibus
2076 4404 2111 4453 4

662 4509 718 4557 et
744 4497 1001 4555 dimidio.

2370 3075 2541 3132 usque
2570 3058 2641 3114 ad
2666 3073 2871 3114 annum
2902 3055 3123 3112 Domini
3154 3061 3277 3111 772.

2224 3169 2315 3220 97.
2371 3162 2645 3219 Adrianus
2702 3160 2861 3216 annis
2904 3166 2992 3224 24,
3059 3157 3336 3213 mensibus
3381 3161 3466 3223 10,
3517 3168 3693 3225 usque
3749 3154 3823 3210 ad

2366 3272 2572 3313 annum
2604 3253 2825 3311 Domini
2866 3259 2992 3310 796.

2220 3365 2315 3418 98.
2359 3362 2472 3415 Leo
2518 3365 2601 3414 3ιιει
2645 3357 2804 3412 annis
2842 3361 2932 3424 20,
2964 3354 3241 3410 mensibus
3285 3358 3371 3421 10,
3412 3365 3583 3422 usque
3617 3349 3689 3406 ad
3721 3365 3822 3404 an-

2363 3469 2502 3509 num
2529 3452 2754 3507 Domini
2784 3456 2906 3505 816.

2223 3565 2315 3615 99.
2364 3556 2675 3629 Stephanus
2715 3564 2793 3609 4‘"
2826 3553 3105 3609 mensibus
3147 3559 3203 3620 7,
3234 3550 3367 3606 obiit
3406 3564 3555 3605 anno
3588 3545 3816 3603 Domini

2368 3658 2493 3709 817.

2226 3752 2347 3802 100.
2391 3744 2671 3800 Paschalis
2716 3741 2874 3798 annis
2909 3748 2961 3810 7,
3009 3755 3197 3795 mense
3228 3744 3252 3793 1
3293 3736 3488 3803 ferme,
3533 3750 3707 3806 usque
3751 3732 3820 3789 ad

2364 3854 2572 3894 annum
2600 3835 2821 3892 Domini
2847 3839 2972 3890 824.

2226 3941 2346 3993 101.
2390 3936 2665 4006 Eugenius
2690 3939 2771 3989 2us
2799 3933 2956 3987 annis
2984 3938 3041 4001 4,
3065 3929 3342 3987 mensibus
3368 3935 3398 3982 8
3427 3927 3625 3993 ferme,
3652 3940 3818 3998 usque

2362 4031 2430 4086 ad
2459 4046 2669 4086 annum
2707 4028 2928 4083 Domini
2958 4032 3086 4081 828.

2225 4140 2346 4190 102.
2394 4132 2715 4190 Valentinus
2762 4136 2832 4185 40
2862 4129 3081 4195 diebus,
3114 4141 3261 4181 anno
3293 4124 3525 4181 Domini
3562 4128 3681 4178 828.

2226 4245 2345 4295 103.
2374 4236 2670 4311 Gregorius
2698 4240 2780 4289 4‘"
2824 4232 2979 4289 annis
3012 4235 3099 4298 16,
3145 4244 3315 4301 usque
3354 4228 3424 4284 ad
3454 4240 3650 4283 annum
3693 4224 3806 4278 Do-

2364 4332 2501 4388 mini
2541 4336 2665 4385 844.

2229 4433 2345 4482 104.
2377 4426 2600 4497 Sergius
2642 4430 2726 4478 2‘"
2754 4420 2913 4478 annis
2950 4426 3003 4488 5,
3053 4431 3224 4490 usque
3251 4413 3319 4471 ad
3357 4429 3569 4471 annum
3595 4410 3815 4468 Domini

2364 4525 2489 4575 847.

521 4610 610 4659 80.
642 4605 839 4659 Donus
879 4614 1028 4657 anno
1080 4603 1127 4667 1,
1167 4595 1454 4654 mensibus
1482 4601 1537 4663 5,
1585 4610 1756 4668 usque
1798 4593 1870 4650 ad
1899 4610 2111 4652 annum
2147 4617 2199 4680 D
2237 4616 2357 4670 105.
2385 4616 2497 4669 Leo
2525 4614 2609 4668 4118
2634 4609 2791 4666 annis
2810 4613 2866 4677 θ’
2898 4605 3182 4663 mensibus
3208 4610 3264 4673 3,
3308 4615 3481 4674 usque
3510 4599 3582 4656 ad
3610 4613 3819 4655 annum

664 4694 893 4752 Domini
924 4699 1049 4748 678.
1095 4693 1378 4748 Cessatum
1407 4697 1492 4745 est
1520 4689 1799 4745 mensibus
1828 4694 1879 4744 2.

521 4805 609 4854 81.
644 4795 863 4867 Agatho
896 4794 1054 4849 annis
1082 4799 1139 4862 2,
1181 4792 1467 4849 mensibus
1506 4796 1560 4859 6,
1608 4807 1785 4864 usque
1810 4790 1877 4847 ad
1906 4805 2115 4846 annum

664 4887 897 4945 Domini
938 4892 1079 4956 681;
1123 4886 1226 4942 sub
1271 4902 1381 4958 quo
1438 4894 1591 4942 sexta
1616 4885 1938 4942 universalis
1967 4885 2117 4940 sino-

662 4981 786 5052 dus,
820 4979 1119 5037 indictione
1146 4984 1227 5035 9⁸.
1279 4979 1568 5036 Cassatum
1592 4987 1676 5035 est
1701 4994 1846 5035 anno
1879 4985 1928 5049 1,
1960 4994 2117 5034 men-

666 5076 819 5133 sibus
848 5082 905 5130 7.

521 5186 613 5237 82.
641 5182 756 5237 Leo
786 5184 871 5235 2‘"
901 5176 1181 5233 mensibus
1212 5175 1382 5232 ferme
1414 5181 1500 5243 11,
1532 5190 1677 5232 anno
1710 5174 1941 5231 Domini
1973 5181 2112 5247 683;

663 5274 766 5331 sub
794 5288 904 5346 quo
932 5269 1229 5327 indictione
1262 5272 1354 5324 11³ι
1388 5274 1471 5324 16.
1504 5269 1632 5324 Kal.
1664 5270 1800 5340 Apr.
1828 5268 1957 5325 luna
1988 5270 2117 5325 ecli-

665 5369 788 5440 psin
816 5381 972 5439 passa
999 5371 1099 5421 est.
1133 5365 1420 5421 Cessatum
1468 5370 1552 5419 est
1579 5376 1724 5418 anno
1767 5378 1880 5418 uno
1908 5361 2107 5419 ferme.

523 5472 611 5525 83.
644 5468 974 5525 Benedictus
1014 5471 1096 5522 20'
1138 5464 1422 5522 mensibus
1469 5470 1555 5529 10,
1586 5471 1710 5534 post
1748 5463 1950 5535 pascha
1980 5464 2118 5521 obiit

668 5578 814 5618 anno
861 5560 1089 5617 Domini
1133 5565 1260 5616 685.
1309 5560 1597 5615 Cessatum
1640 5566 1723 5614 est
1758 5560 2042 5616 mensibus
2080 5565 2114 5613 2

658 5655 848 5714 semis.

519 5765 608 5816 84.
647 5758 931 5816 Johannes
957 5760 1041 5812 5ml
1082 5771 1224 5812 anno
1256 5761 1307 5821 1,
1332 5771 1494 5812 anno
1539 5756 1766 5813 Domini
1809 5760 1934 5811 686.
1984 5758 2114 5812 Ces-

659 5862 844 5912 satum
870 5859 956 5911 est
992 5850 1273 5911 mensibus
1303 5855 1333 5906 3
1361 5848 1554 5907 ferme.

2367 4706 2591 4764 Domini
2618 4711 2745 4762 856.

2230 4807 2350 4859 106.
2379 4801 2704 4859 Benedictus
2729 4800 2808 4853 3us
2845 4796 2997 4852 annis
3043 4800 3098 4863 2,
3129 4791 3412 4849 mensibus
3450 4792 3505 4857 6,
3548 4802 3727 4860 usque
3758 4783 3822 4841 ad

2366 4912 2570 4953 annum
2599 4892 2827 4949 Domini
2852 4896 2979 4945 859.

2229 5007 2352 5058 107.
2379 5000 2639 5057 Nicolaus
2665 4995 2821 5053 annis
2842 5000 2898 5063 9,
2924 4991 3203 5049 mensibus
3231 4995 3286 5057 9,
3314 5000 3486 5058 usque
3512 4983 3587 5041 ad
3615 4997 3820 5039 annum

2238 5172 2258 5185 δ
2369 5093 2590 5151 Domini
2613 5097 2737 5147 868.

2230 5174 2351 5247 108.
2396 5188 2673 5245 Adrianus
2718 5192 2800 5240 2"
2842 5181 3000 5238 annis
3045 5185 3100 5248 5,
3141 5192 3312 5249 usque
3357 5174 3428 5232 ad
3469 5187 3687 5230 annum
3717 5174 3818 5226 Do-

2366 5282 2501 5337 mini
2528 5285 2653 5336 873.

2229 5382 2350 5433 109.
2390 5375 2668 5431 Johannes
2705 5378 2789 5427 8ml
2825 5369 2982 5426 annis
3030 5373 3116 5436 10,
3145 5379 3316 5437 usque
3354 5361 3423 5420 ad
3469 5374 3683 5417 annum
3709 5359 3819 5415 Do-

2366 5469 2498 5524 mini
2528 5473 2651 5523 883.

2230 5570 2351 5620 110.
2380 5562 2627 5617 Marinus
2657 5575 2800 5616 anno
2829 5564 2881 5626 1,
2913 5556 3196 5613 mensibus
3220 5557 3277 5617 6,
3302 5565 3476 5623 usque
3514 5547 3589 5606 ad
3617 5559 3812 5603 annum

2366 5656 2590 5713 Domini
2619 5660 2743 5711 885.

2230 5758 2350 5810 111.
2396 5750 2668 5808 Adrianus
2709 5755 2789 5804 3'“
2831 5760 2975 5802 anno
3019 5750 3068 5814 1,
3125 5740 3403 5799 mensibus
3442 5740 3475 5789 4
3548 5750 3726 5807 usque
3753 5729 3811 5786 ad

2367 5861 2572 5904 annum
2599 5842 2823 5901 Domini
2846 5845 2971 5896 886.
