4062 6182
281 295 416 348 1297
1181 296 1467 351 APPEND.
1507 297 1591 352 III.
1633 325 1706 337 —
1740 298 1851 355 MOI

1963 284 2156 359 [ΕΝΤᾸ
2193 288 2651 360 GREGORIANA.
3441 314 3577 369 1298

278 422 399 474 112.
457 410 764 490 Stephanus
802 424 880 475 5η·
933 418 1092 474 annis
1132 420 1295 491 paulo
1324 420 1445 492 plus
1472 426 1539 489 6,
1580 437 1752 496 usque
1797 425 1866 483 ad
1893 430 1947 494 Α
1980 434 2102 484 138.
2141 428 2465 486 Benedictus
2495 436 2594 498 7ου,
2645 429 2842 487 Sutria:
2869 432 3024 504 prius
3065 434 3370 509 episcopus,
3419 436 3576 495 annis

436 527 647 568 annum
673 512 903 569 Domini
929 517 1058 567 892.
2145 527 2200 591 9,
2226 538 2397 594 usque
2420 522 2490 579 ad
2505 540 2715 580 annum
2735 525 2959 580 Domini
2983 531 3110 583 983.

276 612 395 662 113.
447 608 766 673 Formosus,
820 606 1133 662 Portuensis
1165 606 1315 678 prius
1359 609 1668 681 episcopus,
1719 613 1879 668 annis
1989 621 2107 673 139.
2148 616 2425 675 Iohannes
2454 624 2584 685 14‘",
2628 619 2720 689 qui
2757 628 2813 674 et
2842 622 3034 676 Petrus
3064 622 3244 693 Papiae
3284 626 3437 695 prius
3467 626 3575 699 epi-

440 705 494 767 4,
522 700 800 756 mensibus
826 704 880 769 7,
910 716 1084 772 usque
1107 700 1173 755 ad
1202 717 1408 757 annum
1428 703 1653 759 Domini
1680 709 1807 761 896.
2144 725 2363 782 scopus,
2394 712 2678 767 mensibus
2700 718 2755 781 8,
2787 729 2933 769 anno
2965 715 3189 771 Domini
3232 723 3357 774 984.

273 798 395 849 114.
446 792 755 849 Bonifacius
797 800 876 851 6‘"
917 794 1108 851 diebus
1148 800 1246 864 15;
1290 796 1384 868 qui
1431 796 1669 869 podagra
1724 814 1878 856 mor-
1989 808 2110 858 140.
2152 803 2465 860 Bonifacius
2494 812 2592 874 7‘",
2635 822 2778 862 anno
2828 814 2851 862 1
2886 806 3081 878 ferme,
3112 810 3206 883 qui
3238 811 3387 882 prius
3428 813 3574 869 male

446 895 574 942 tuus
604 896 685 943 est
706 887 903 944 eodem
931 904 1099 945 anno.
2144 897 2430 955 ordinatus
2471 907 2526 955 et
2571 901 2826 972 expulsus
2872 899 3071 969 fuerat,
3103 911 3157 959 et
3197 904 3397 962 iterum
3435 906 3575 963 male

272 984 394 1037 115.
447 980 752 1053 Stephanus
805 987 904 1049 6‘",
958 983 1116 1054 prius
1182 984 1500 1054 Campaniae
1567 985 1875 1057 episcopus,

446 1090 590 1130 anno
627 1083 673 1142 1,
705 1090 893 1131 mense
929 1082 989 1144 1;
1022 1076 1117 1148 qui
1159 1076 1321 1149 digne
1354 1085 1576 1150 propter
1614 1077 1879 1136 effossum

428 1169 761 1224 Formosum
790 1169 995 1242 ejectus
1022 1172 1204 1242 periit.

268 1265 388 1317 116.
447 1263 736 1319 Romanus
799 1263 1083 1321 mensibus
1123 1271 1157 1319 5
1203 1264 1397 1335 ferme,
1453 1280 1603 1322 anno
1654 1266 1880 1323 Domini

438 1360 567 1411 898.

266 1454 389 1504 117.
421 1448 749 1506 Theodorus
768 1456 845 1506 2η·
864 1450 1056 1508 diebus
1079 1457 1169 1520 20,
1194 1468 1341 1509 anno
1382 1469 1489 1525 quo
1512 1468 1697 1525 supra.

270 1548 396 1599 118.
453 1541 725 1599 Johannis
760 1546 1025 1601 9mannis
1074 1553 1131 1615 2,
1180 1562 1354 1619 usque
1384 1547 1454 1604 ad
1504 1562 1707 1604 annum
1754 1550 1875 1606 Do-

2145 1006 2410 1058 reversus,
2442 992 2677 1063 pessime
2714 1002 2992 1065 postremo
3034 998 3217 1067 periit.

1988 1087 2108 1139 141.
2149 1083 2428 1141 Iohannes
2470 1091 2582 1142 15'“
2608 1086 2767 1143 annis
2805 1093 2894 1156 10,
2916 1089 3192 1147 mensibus
3217 1097 3273 1158 7,
3306 1107 3476 1163 usque
3504 1093 3572 1150 ad

2147 1193 2355 1234 annum
2378 1179 2607 1235 Domini
2626 1185 2754 1237 996.

1988 1273 2111 1327 142.
2150 1271 2449 1344 Gregorius
2490 1279 2591 1340 δυ’,
2630 1275 2721 1346 qui
2762 1281 2818 1331 et
2845 1277 3054 1344 Bruno,
3082 1277 3239 1333 annis
3283 1282 3337 1346 3,
3368 1278 3570 1336 mensi-

2145 1364 2247 1421 bus
2273 1370 2331 1432 9,
2356 1382 2529 1439 usque
2549 1367 2619 1423 ad
2646 1384 2850 1424 annum
2876 1370 3094 1425 Domini
3121 1377 3245 1427 999.

1988 1462 2109 1516 143.
2150 1459 2406 1516 Silvester
2433 1466 2532 1529 2‘",
2577 1462 2669 1533 qui
2702 1471 2758 1517 et
2798 1463 3098 1520 Gerbertus
3138 1465 3321 1536 primo
3365 1468 3569 1522 Remo-

2143 1568 2270 1609 rum
2308 1562 2429 1625 post
2469 1557 2875 1612 Ravennatium
2929 1557 3386 1631 archiepiscopus,
3433 1574 3571 1632 papa

429 1636 563 1691 mini
596 1642 722 1692 900.

268 1733 389 1786 119.
443 1729 772 1787 Benedictus
797 1738 876 1786 4|"
918 1733 1075 1790 annis
1103 1739 1159 1803 3,
1203 1734 1487 1793 mensibus
1515 1741 1568 1805 5,
1597 1752 1771 1808 usque
1795 1736 1866 1794 ad

425 1838 634 1880 annum
672 1825 901 1881 Domini
934 1830 1057 1882 904.

264 1918 388 1971 120.
419 1918 545 1974 Leo
578 1925 657 1975 5υ·
681 1919 967 1976 mensibus
1020 1927 1051 1976 2
1080 1919 1275 1991 ferme,
1306 1937 1452 1979 anno
1482 1924 1710 1981 Domini
1755 1940 1863 1997 quo

422 2008 606 2083 supra;

2141 1656 2429 1719 promotus
2456 1648 2597 1706 sedit
2631 1650 2789 1707 annis
2811 1656 2866 1720 5,
2908 1667 3081 1725 usque
3122 1652 3191 1709 ad
3218 1668 3427 1710 annum
3450 1656 3569 1711 Do-

2144 1741 2276 1796 mini
2310 1748 2466 1799 1004.

1982 1837 2102 1889 144.
2134 1833 2415 1892 Iohannes
2447 1842 2561 1893 16‘"
2588 1851 2730 1892 anno
2759 1852 2890 1893 uno.

1976 1932 2098 1984 145.
2138 1928 2423 1985 Iohannes
2467 1936 2599 1999 17‘",
2642 1931 2733 2001 qui
2773 1938 2827 1986 et
2871 1932 3135 1999 Fasanus,
3176 1932 3336 1988 annis
3375 1938 3427 2002 6,
3472 1947 3569 1991 us-

2131 2037 2236 2093 que
2272 2022 2324 2077 in
2353 2038 2557 2079 annum
2582 2022 2811 2081 Domini
2839 2028 2996 2080 1010.

264 2110 384 2161 121.
425 2105 858 2178 Christophorus
895 2109 1183 2166 mensibus
1231 2117 1297 2179 4;
1345 2111 1439 2183 qui
1482 2110 1724 2183 dejectus
1778 2120 1864 2169 est
1974 2119 2096 2170 146.
2137 2116 2359 2187 Sergius
2388 2121 2467 2172 4υ¹
2504 2131 2679 2174 annos
2709 2123 2763 2187 3,
2810 2132 2983 2189 usque
3010 2115 3065 2173 in
3091 2131 3301 2175 annum
3342 2120 3567 2177 Domini

420 2215 567 2255 anno
598 2200 819 2256 Domini
847 2218 955 2274 quo
976 2218 1167 2274 supra.

258 2297 383 2347 122.
426 2294 645 2365 Sergius
674 2302 754 2351 δυ’
778 2295 935 2351 annis
968 2302 1023 2366 7,
1052 2296 1333 2354 mensibus
1358 2303 1412 2366 3,
1445 2313 1616 2371 usque
1646 2298 1715 2356 ad
1757 2316 1857 2356 an-

418 2401 558 2442 num
600 2389 831 2443 Domini
871 2394 997 2444 912.

256 2484 386 2534 123.
440 2481 761 2537 Anastasius
794 2485 873 2534 2us
900 2483 1056 2539 annis
1085 2490 1137 2553 2,
1184 2485 1462 2540 mensibus
1492 2494 1543 2554 2,
1580 2502 1749 2559 usque
1787 2487 1857 2544 ad

416 2590 627 2630 annum
660 2575 886 2631 Domini
910 2582 1034 2633 914.

256 2675 376 2723 124.
417 2668 612 2725 Laudo
643 2669 926 2725 mensibus
954 2677 1008 2739 5,
1040 2686 1184 2726 anno
1216 2671 1445 2727 Domini
1474 2678 1601 2728 915.

256 2768 376 2817 125.
416 2765 531 2817 Leo
560 2768 641 2817 δυ’
684 2764 966 2819 mensibus
993 2771 1025 2819 2
1074 2762 1267 2833 ferme,
1301 2781 1447 2821 anno
1485 2765 1712 2822 Domini
1742 2782 1852 2840 quo

412 2872 594 2928 supra.

252 2955 375 3005 126.
413 2950 690 3006 Iohannes
737 2956 849 3006 1οω
878 2952 1033 3008 annis
1064 2957 1153 3022 14,
1178 2952 1467 3010 mensibus
1496 2959 1551 3020 2,
1581 2969 1752 3025 usque
1781 2954 1851 3010 ad

414 3060 619 3099 annum
648 3044 868 3103 Domini
897 3052 1023 3101 929.

254 3141 374 3193 127.
417 3137 719 3209 Stephanus
745 3144 824 3192 7‘"
850 3138 1007 3195 annis
1036 3146 1089 3208 2,
1121 3154 1309 3195 mense
1340 3147 1392 3204 1,
1437 3155 1606 3212 usque
1644 3140 1711 3196 ad
1741 3156 1838 3196 au-

408 3247 539 3286 num
572 3232 797 3287 Domini
826 3238 923 3287 931
938 3275 950 3287 .

250 3331 371 3382 128.
394 3325 673 3383 Iohannes
701 3332 812 3383 11η·
827 3327 985 3383 annis
1008 3332 1063 3395 4,
1088 3343 1261 3399 usque
1291 3326 1360 3383 ad
1384 3343 1593 3383 annum
1612 3327 1842 3385 Domini

405 3424 530 3476 935.

250 3518 371 3569 129.
412 3514 525 3571 Leo
554 3518 632 3568 ‘7us
659 3513 815 3569 annis
847 3521 900 3583 3,
932 3514 1213 3571 mensibus
1242 3521 1294 3585 6,
1337 3531 1505 3588 usque
1531 3515 1602 3572 ad
1631 3532 1839 3573 annum

412 3608 639 3664 Domini
667 3614 794 3665 938.

245 3707 367 3759 130.
409 3702 719 3774 Stephanus
766 3709 846 3758 8us
898 3702 1054 3758 annis
1104 3709 1157 3770 3,
1216 3702 1496 3759 mensibus
1541 3709 1577 3759 4
1626 3701 1833 3773 ferme,

408 3812 577 3867 usque
597 3795 665 3852 ad
694 3812 900 3852 annum
931 3796 1161 3852 Domini
1191 3802 1315 3853 942.

242 3895 367 3945 131.
409 3891 656 3946 Marinus
677 3896 755 3943 2ιιι
784 3891 944 3947 annis
975 3899 1029 3960 3,
1055 3891 1341 3947 mensibus
1365 3896 1417 3959 6,
1445 3908 1617 3966 usque
1641 3892 1711 3950 ad
1734 3909 1832 3949 an-

403 3999 537 4039 num
570 3984 795 4039 Domini
825 3989 952 4039 945.

244 4083 371 4133 132.
418 4078 679 4149 Agapitus
710 4086 787 4133 2‘"
818 4077 972 4135 annis
1006 4084 1067 4133 10
1095 4076 1294 4146 ferme,
1324 4095 1496 4151 usque
1525 4078 1593 4135 ad
1623 4095 1831 4136 annum

400 4170 621 4226 Domini
645 4177 768 4227 955.

239 4269 366 4323 133.
405 4264 684 4321 Iohannes
742 4270 854 4321 12*"
897 4264 992 4339 qui
1039 4273 1094 4321 et
1155 4264 1503 4333 Octavianus,
1566 4267 1721 4323 annis
1779 4274 1835 4335 8,

398 4358 685 4415 mensibus
730 4362 799 4427 4;
830 4358 922 4430 qui
965 4360 1233 4414 Ottonem
1272 4360 1663 4431 imperatorem
1702 4360 1838 4432 fugit

394 4468 541 4508 anno
572 4453 800 4509 Domini
830 4458 957 4521 963,
1000 4461 1053 4508 et
1077 4462 1198 4524 post
1222 4469 1391 4508 unum
1422 4469 1626 4509 annum
1653 4456 1833 4527 periit.

234 4552 359 4602 134.
404 4549 519 4603 Leo
549 4554 629 4603 8us
656 4562 802 4602 anno
851 4552 902 4615 1,
932 4547 1211 4603 mensibus
1242 4553 1309 4616 3;
1340 4564 1448 4620 quo
1476 4547 1702 4621 depulso
1733 4552 1835 4606 Be-
1867 4556 1915 4617 D

400 4640 656 4696 nedictus
684 4656 713 4695 a
732 4640 1004 4697 Romanis
1029 4640 1330 4697 ordinatur.

236 4740 361 4792 135.
403 4734 727 4791 Benedictus
754 4739 834 4788 5‘“
860 4734 1140 4790 mensibus
1168 4739 1233 4801 2;
1262 4749 1370 4806 quo
1399 4733 1593 4805 ejecto,
1618 4737 1731 4791 Leo
1763 4736 1830 4791 ah

2134 2213 2295 2265 1013.

1971 2307 2094 2357 147.
2152 2301 2477 2358 Benedictus
2520 2308 2599 2358 8us
2623 2318 2799 2360 annos
2844 2308 2928 2371 11,
2986 2318 3236 2361 mensem
3290 2310 3314 2360 1
3366 2303 3565 2376 ferme,

2125 2412 2295 2467 usque
2324 2395 2394 2451 ad
2421 2412 2626 2452 annum
2646 2396 2871 2453 Domini
2906 2400 3065 2452 1024.

1970 2494 2093 2544 148.
2132 2489 2406 2544 Iohannes
2460 2496 2575 2545 18‘"I
2603 2505 2778 2546 annos
2806 2495 2862 2557 9,
2892 2506 3066 2562 usque
3103 2490 3170 2547 ad
3219 2507 3429 2549 annum
3458 2494 3565 2548 Do-

2124 2582 2259 2636 mini
2294 2587 2455 2637 1033.

1969 2678 2088 2730 149.
2132 2674 2463 2729 Benedictus
2511 2680 2611 2743 9‘",
2661 2675 2750 2747 qui
2810 2683 2863 2731 et
2908 2675 3354 2747 Theophilactus,
3393 2693 3567 2736 annos

2126 2774 2212 2833 12;
2245 2767 2336 2839 qui
2385 2775 2607 2839 propter
2634 2768 2835 2824 scelera
2882 2769 3103 2839 pulsus,
3136 2770 3446 2840 iterumque
3475 2785 3566 2826 re-

2121 2876 2329 2929 versus,
2360 2868 2414 2915 et
2452 2862 2604 2915 viciis
2651 2859 2894 2929 deditus,
2936 2878 2967 2916 a
3016 2870 3217 2933 papatu
3244 2871 3446 2935 sponte
3470 2878 3559 2920 re-

2119 2954 2281 3009 cessit
2317 2969 2461 3009 anno
2500 2954 2732 3010 Domini
2762 2959 2922 3010 1046.

1958 3051 2081 3103 150.
2125 3047 2381 3103 Silvester
2412 3053 2511 3117 3‘",
2558 3048 2653 3120 qui
2706 3048 2881 3120 ejecto
2925 3047 3218 3105 Benedicto
3272 3048 3563 3125 ordinatus

2109 3142 2404 3214 statimque
2431 3141 2691 3213 depulsus
2734 3150 2815 3197 est
2838 3158 2980 3198 anno
3010 3143 3238 3199 Domini
3293 3150 3451 3199 1044.

1956 3240 2072 3291 151.
2114 3236 2434 3307 Gregorius,
2465 3236 2558 3307 qui
2585 3246 2639 3291 et
2666 3237 2991 3303 Gratianus,
3027 3253 3199 3308 quem
3228 3238 3561 3297 Benedictus

2115 3345 2173 3386 se
2212 3329 2392 3401 ipsum
2422 3327 2706 3401 deponens
2734 3346 2833 3402 pro
2875 3345 2934 3387 se
2976 3330 3224 3387 ordinari
3252 3331 3384 3389 fecit
3413 3350 3557 3390 anno

2112 3423 2337 3479 Domini
2366 3428 2525 3479 1046.

1955 3520 2075 3572 152.
2115 3516 2371 3573 Clemens
2412 3524 2512 3585 2‘",
2555 3517 2649 3589 qui
2686 3526 2743 3573 et
2781 3517 3110 3589 Suidegerus
3136 3517 3555 3592 Babinbergen-

2110 3610 2185 3665 sis
2213 3611 2521 3683 episcopus,
2547 3612 2809 3668 Gratiano
2840 3612 3021 3668 locum
3047 3612 3212 3669 dante
3254 3610 3555 3680 ordinatus,

2105 3702 2244 3760 sedit
2280 3719 2498 3761 menses
2550 3711 2603 3774 9,
2637 3721 2784 3762 anno
2813 3705 3040 3762 Domini
3083 3712 3241 3763 1047.
3273 3707 3555 3762 Cessatum

2111 3805 2196 3853 est
2224 3813 2440 3854 menses
2470 3804 2535 3855 10
2566 3797 2763 3855 ferme.

1949 3895 2070 3947 153.
2113 3895 2389 3948 Damasus
2418 3898 2517 3961 2'",
2561 3894 2654 3965 qui
2687 3901 2743 3948 et
2787 3896 2973 3965 Poppo
3001 3893 3295 3949 Brixiensis
3336 3893 3550 3966 episco-

2101 4000 2225 4056 pus,
2269 4002 2369 4042 nec
2402 3992 2425 4042 1
2473 4001 2726 4042 mensem
2755 3986 2897 4043 sedit
2946 4002 3093 4044 anno
3123 3987 3351 4045 Domini
3391 3992 3547 4044 1048.

2099 4080 2386 4136 Cessatum
2413 4088 2467 4135 et
2495 4096 2714 4137 menses
2745 4086 2799 4135 6.

1949 4179 2069 4230 154.
2105 4174 2219 4229 Leo
2262 4178 2363 4240 9‘",
2410 4174 2500 4244 qui
2546 4182 2600 4229 et
2643 4176 2828 4227 Bruno
2870 4175 3183 4229 Leucorum
3219 4173 3545 4243 episcopus,

2109 4280 2283 4320 annos
2302 4271 2356 4332 5,
2386 4280 2559 4336 usque
2586 4265 2654 4320 ad
2682 4281 2892 4321 annum
2912 4267 3134 4322 Domini
3170 4269 3327 4321 1054.

1953 4364 2067 4414 155.
2111 4358 2299 4414 Victor
2356 4362 2456 4425 2³⁸,
2512 4356 2604 4428 qui
2654 4366 2711 4412 et
2762 4358 3120 4415 Gebehardus
3188 4358 3545 4415 Aureatensis

2105 4451 2413 4523 episcopus,
2442 4450 2599 4507 annis
2619 4449 2791 4507 ferme
2818 4457 2869 4521 3,
2899 4467 3071 4522 usque
3094 4451 3165 4507 ad
3193 4466 3402 4507 annum
3432 4454 3543 4507 Do-

2109 4545 2245 4601 mini
2279 4549 2438 4601 1057.

1947 4642 2062 4695 156.
2106 4639 2413 4711 Stephanus
2440 4644 2541 4707 9‘",
2573 4637 2665 4710 qui
2695 4646 2751 4694 et
2796 4636 3129 4706 Fridericus,
3159 4637 3443 4695 mensibus
3469 4646 3535 4709 9;

2100 4733 2191 4805 qui
2222 4732 2366 4805 apud
2395 4731 2734 4788 Florentiam
2763 4726 3010 4804 sepultus
3043 4740 3143 4788 est.

396 4827 727 4900 imperatore
769 4829 1052 4886 restitutus
1092 4826 1235 4883 sedit
1281 4826 1435 4882 annis
1483 4828 1603 4898 plus
1646 4828 1833 4885 minus
1942 4830 2062 4883 157.
2106 4825 2362 4882 Nicolaus
2390 4830 2491 4894 2³³,
2514 4824 2605 4897 qui
2650 4834 2703 4881 te
2731 4824 3064 4895 Gerhardus,
3102 4826 3394 4883 Florentiae
3423 4828 3537 4900 epi-

395 4921 630 4980 duobus.

231 5020 361 5072 136.
400 5015 681 5073 Iohannes
744 5020 872 5085 13",
921 5015 1070 5087 prius
1131 5013 1455 5071 Narniensis
1517 5014 1826 5087 episcopus,

393 5111 553 5166 annis
574 5116 603 5164 7
634 5108 829 5179 ferme,
858 5109 949 5182 qui
980 5109 1256 5181 expulsus,
1287 5116 1342 5164 et
1370 5108 1573 5165 iterum
1605 5109 1825 5165 restitu-

394 5212 483 5260 tus
523 5212 579 5260 et
606 5203 922 5272 vindicatus,
954 5202 1091 5260 sedit
1128 5218 1298 5275 usque
1339 5202 1407 5259 ad
1458 5219 1663 5259 annum
1712 5207 1828 5260 Do-

403 5298 539 5353 mini
569 5303 702 5354 972.

230 5397 363 5448 137.
405 5388 741 5447 Benedictus
783 5394 863 5446 6‘"
905 5405 1047 5446 anno
1096 5396 1148 5458 1,
1190 5389 1470 5447 mensibus
1512 5392 1606 5458 10;
1661 5391 1758 5463 qui
1797 5406 1831 5447 a

314 5486 317 5487 ⁷
399 5484 711 5541 Crescentio
763 5484 1031 5555 relegatus
1077 5491 1131 5539 et
1172 5482 1546 5555 strangulatus
1593 5493 1696 5553 est,
1737 5499 1833 5540 eo-

394 5593 499 5649 que
553 5577 767 5635 vivente
809 5575 1131 5633 Bonifacius
1175 5576 1484 5647 ordinatus,
1538 5578 1833 5650 statimque

395 5671 585 5744 pulsus
608 5679 711 5742 est,
746 5686 893 5729 anno
920 5670 1145 5729 Domini
1170 5676 1298 5729 974.

2100 4934 2319 4990 scopus,
2363 4917 2505 4975 sedit
2530 4918 2686 4975 annis
2732 4924 2763 4974 3
2806 4917 3000 4987 ferme,
3032 4934 3201 4993 usque
3230 4921 3289 4976 in
3329 4936 3538 4980 annum

2102 5012 2331 5068 Domini
2366 5018 2522 5069 1061.
3486 5066 3493 5069 .

1947 5115 2067 5166 158.
2111 5106 2418 5164 Alexander
2444 5114 2544 5177 2‘",
2587 5106 2678 5179 qui
2704 5115 2758 5163 et
2793 5106 3090 5164 Anselmus
3131 5108 3397 5163 Lucensis
3424 5107 3537 5179 epi-

2104 5218 2320 5273 scopus,
2358 5201 2513 5258 annis
2582 5206 2669 5271 12,
2736 5217 2906 5273 usque
2939 5202 2999 5257 in
3050 5216 3259 5257 annum
3314 5200 3535 5256 Domini

2116 5300 2269 5354 1073.

1948 5396 2069 5450 159.
2110 5390 2407 5463 Gregorius
2450 5395 2547 5459 τοι,
2594 5390 2688 5461 qui
2734 5397 2788 5445 et
2833 5384 3225 5445 Hiltebrandus
3266 5386 3538 5444 Romana

2104 5485 2346 5541 ecclesiae
2382 5483 2812 5550 archidiaconus,
2858 5496 3003 5538 anno
3029 5493 3138 5550 quo
3180 5494 3347 5550 supra
3389 5470 3536 5539 erdi-

2101 5587 2284 5649 natus,
2312 5576 2456 5635 sedit
2480 5578 2527 5613 ιο
2573 5592 2747 5634 annos
2774 5580 2839 5631 12
2867 5582 2923 5631 et
2949 5588 3193 5631 mensem
3219 5590 3413 5643 unum,
3443 5591 3536 5632 us-

2100 5687 2208 5744 que
2250 5672 2317 5732 in.
2342 5688 2548 5730 annum
2588 5668 2815 5729 Domini
2855 5672 3014 5739 1085;
3066 5668 3223 5741 cujus
3260 5669 3452 5727 merita
3480 5676 3535 5724 et

1524 5772 1774 5827 VARLE
1811 5772 2125 5829 LECTION
2135 5771 2228 5827 ES.

306 5864 356 5897 ιο
383 5858 596 5917 sedit—
621 5860 703 5923 M.
733 5858 1028 5928 LXXXV,
1054 5860 1163 5916 alio
1191 5863 1515 5917 atramento.
