4062 6182
493 264 629 321 1299
1493 257 1587 311 ΑΙ)
1623 254 1849 312 OPERA
1886 254 1941 309 S.
1980 248 2302 308 GREGORII
2338 244 2767 305 APPENDICES.
3628 245 3767 299 1300

656 393 787 443 ante
825 383 1036 440 obitum
1074 380 1190 452 ejus
1235 387 1290 435 et
1335 386 1521 450 postea
1567 379 1760 435 multis
1803 376 2081 434 miraculis
2107 381 2161 445 Α
2346 381 2528 429 satum
2558 378 2641 427 est
2667 383 2886 427 menses
2904 376 2954 426 5.

660 480 972 535 claruerunt
998 473 1060 530 ¹⁸.
1109 476 1174 529 In
1202 473 1362 545 cujus
1387 476 1448 529 7°
1471 488 1617 529 anno
1644 473 1941 530 Guibertus
1968 473 2073 527 Ρω-
2184 473 2306 527 161.
2346 466 2605 523 Urbanus
2645 471 2744 533 2'",
2773 465 2867 536 qui
2896 472 2952 520 et
2991 465 3128 521 Otto
3171 463 3321 534 prius
3359 460 3627 517 Ostiensis
3650 462 3771 533 epi-

656 585 856 627 vennas
893 567 1233 624 heresiarcha
1280 567 1469 624 sedem
1511 566 1867 638 apostolicam
1910 565 2076 621 tiran-
2342 576 2558 632 scopus,
2585 575 2734 616 anno
2767 557 2986 615 Domini
3018 561 3177 625 1088,
3208 555 3491 613 ordinatus
3533 554 3604 623 ‘3,
3631 554 3781 612 sedit

652 664 777 719 nice
819 661 1032 726 invasit,
1063 676 1296 734 eamque
1322 675 1493 733 usque
1529 667 1655 731 post
1700 659 1911 716 obitum
1941 658 2077 713 Gre-
2272 700 2275 705 μ
2348 670 2523 712 annos
2555 659 2641 721 11,
2673 667 2892 709 menses
2925 658 2979 721 5,
3011 666 3185 723 usque
3224 650 3283 706 in
3320 663 3528 706 annum
3550 649 3784 705 Domini

652 756 788 829 gorii
844 764 997 828 papae
1034 756 1216 828 plures
1258 769 1434 811 annos
1482 753 1777 810 infestavit.
1826 751 1990 810 Unde
2028 759 2085 808 et
2356 751 2513 805 1099.
2548 750 2835 804 Cessatum
2862 752 2947 803 est
2979 750 3043 802 15
3069 744 3207 801 dies.

657 850 799 908 duos
828 865 1005 907 annos
1030 849 1261 907 cessavit
1286 848 1653 920 episcopatus.
2196 848 2318 901 162.
2356 841 2627 899 Paschalis
2663 846 2761 909 2'“,
2792 840 2887 913 qui
2932 847 2985 896 et
3022 839 3067 877 ιδ
3105 835 3469 911 Reginherius
3514 834 3788 907 presbiter

501 949 624 1003 160.
667 944 860 1002 Victor
887 949 984 1014 3‘",
1010 944 1105 1017 qui
1152 951 1207 1000 et
1238 941 1553 999 Desiderius
1588 943 1856 997 Romanae
1899 938 2085 995 teccle-
2355 935 2642 993 cardinalis
2669 950 2735 991 ex
2760 934 2921 990 titulo
2950 932 3139 991 Sancti
3166 930 3482 998 Clementis,
3507 944 3658 988 anno
3677 944 3793 1002 quo

658 1038 754 1097 siaa
794 1037 1094 1095 cardinalis
1120 1045 1176 1093 et
1201 1036 1369 1093 abbas
1401 1034 1769 1102 Cassinensis,
1799 1048 1942 1089 anno
1971 1034 2087 1088 Do-
2357 1044 2523 1102 supra
2557 1028 2842 1087 ordinatus
2868 1028 2933 1082 ιε.

660 1131 796 1189 mini
822 1136 982 1200 1087,
1011 1129 1312 1200 ordinatus,
1342 1143 1556 1186 menses
1592 1133 1629 1183 4
1661 1126 1808 1185 sedit
1845 1126 1908 1180 1’.
1953 1126 2089 1181 Ces-

982 1364 1221 1481 H/E
1257 1342 1311 1386 ¹⁶
1400 1362 1756 1481 SUNT
1847 1357 2450 1479 GRONIC'A
2541 1355 3232 1474 BERNOLDI
3266 1434 3306 1505 ,

570 1614 838 1722 QUZE
909 1611 1699 1708 CONTRADIDIT
1767 1605 2495 1703 MONASTERIO
2560 1606 2924 1700 DOMNI
2994 1598 3744 1697 SALVATORIS.

1953 1843 2365 1858 ————

509 2032 773 2073 INCIPIUNT
790 2031 1052 2072 cnnomca
1079 2030 1416 2069 VENERABILIS
1436 2030 1581 2069 sana:
1608 2028 1922 2069 passuram
1949 2026 2113 2068 JUXTA
2140 2015 2188 2077 B
2220 2009 2547 2081 evangelista
2587 2006 2838 2063 Matheus
2876 2006 3008 2063 certi
3036 2005 3278 2079 mysterii
3307 2004 3479 2077 gratia
3524 2008 3590 2058 14
3634 2002 3806 2075 ponit.

982 2123 1282 2162 unaunam
1309 2122 1624 2161 VERITATEM.
2212 2106 2259 2160 A
2286 2118 2392 2174 qua
2442 2102 2587 2157 velut
2625 2100 2864 2174 juvenali
2902 2108 3063 2157 actate
3110 2099 3166 2154 in
3215 2097 3416 2171 populo
3457 2097 3563 2153 Dei
3616 2112 3810 2169 regum

583 2201 767 2257 Prima
794 2205 977 2269 (1268)
1005 2209 1087 2256 est
1116 2200 1278 2271 hujus
1306 2199 1499 2256 mundi
1531 2208 1665 2256 aetas
1694 2198 1762 2254 ab
1791 2197 1975 2253 Adam
2004 2213 2098 2253 us-
2208 2204 2454 2267 tempore
2484 2202 2788 2267 cmperunt.
2821 2197 2956 2251 Ηωο
2985 2208 3224 2264 namque
3251 2200 3385 2249 aetas
3412 2193 3454 2227 ²ι
3486 2191 3541 2246 in
3570 2190 3811 2247 homini-

512 2309 620 2368 que
642 2293 712 2349 ad
740 2295 879 2361 Noe,
910 2293 1198 2350 continens
1223 2308 1401 2349 annos
1421 2292 1576 2364 juxta
1605 2292 1932 2348 Hebraicam
1958 2290 2101 2347 veri-
2210 2289 2313 2345 bus
2340 2298 2462 2360 apta
2488 2288 2842 2361 gubernando
2876 2287 3015 2344 solet
3044 2286 3274 2343 existere
3300 2301 3485 2359 regno.

511 2396 680 2443 tatem
724 2391 886 2457 1656,
924 2386 1079 2460 juxta
1113 2386 1450 2459 septuaginta
1503 2386 1822 2458 interpretes
1875 2390 2019 2440 2240
2052 2398 2099 2435 νι
2280 2383 2483 2455 Quinta
2513 2383 2663 2455 quasi
2695 2382 2876 2439 senilis
2921 2390 3075 2449 aetas,
3124 2398 3154 2436 a
3201 2378 3687 2452 transmigratione
3718 2381 3814 2435 Ba-

511 2478 890 2554 generationes
911 2477 1064 2552 juxta
1092 2487 1383 2552 utramque
1414 2478 1709 2535 editionem
1736 2494 1967 2534 numero
1999 2484 2093 2533 10.
2210 2476 2405 2533 bilonis
2435 2492 2611 2549 usque
2639 2476 2695 2531 in
2742 2476 3040 2532 adventum
3067 2473 3283 2530 domini
3312 2473 3610 2530 Salvatoris
3657 2475 3713 2528 et
3740 2472 3816 2528 iu-

512 2577 652 2647 Qua:
678 2573 974 2630 universali
1003 2582 1089 2629 est
1115 2572 1293 2630 deleta
1315 2571 1548 2639 diluvio;
1577 2573 1717 2628 sicut
1747 2572 1985 2644 primam
2012 2588 2102 2628 cu-
2208 2571 2609 2638 carnationem,
2652 2569 3095 2644 generationibus
3118 2576 3173 2624 et
3196 2568 3309 2640 ipsa
3344 2572 3427 2636 14,
3460 2583 3631 2639 porro
3664 2566 3821 2622 annis

508 2667 706 2741 jusque
733 2665 970 2723 hominis
1012 2666 1210 2723 oblivio
1270 2666 1588 2738 demergere
1636 2667 1922 2723 consuevit
1968 2673 2101 2723 aita-
2210 2671 2317 2720 570
2344 2666 2388 2699 ²²
2414 2671 2656 2733 extenta,
2704 2664 2758 2719 in
2787 2680 2890 2736 qua
2921 2671 2983 2719 ut
3009 2661 3161 2735 gravi
3194 2669 3468 2717 senectute
3508 2659 3679 2729 fessa,
3708 2675 3817 2716 ma-

514 2769 645 2817 tem.
679 2759 893 2831 Quotus
916 2760 1063 2817 enim
1092 2757 1319 2833 quisque
1347 2768 1447 2831 est,
1479 2760 1575 2834 qui
1602 2775 1759 2817 suam
1788 2759 2103 2818 recordetur
2210 2759 2272 2815 lis
2301 2756 2838 2829 crebrioribusjplebs
2866 2756 3079 2812 Hebrea
3107 2765 3419 2828 quassatur.

514 2851 835 2910 infantiam?
2283 2854 2445 2909 Sexta
2486 2868 2609 2925 qua:
2646 2868 2795 2909 nunc
2822 2852 2999 2924 agitur
3028 2858 3184 2919 tetas,
3215 2850 3363 2905 nulla
3399 2850 3823 2922 generationum

585 2946 837 3004 Secunda
878 2954 1067 3005 aztasa
1094 2950 1211 3005 Noe
1249 2962 1420 3020 usque
1447 2947 1515 3004 ad
1551 2946 1847 3015 Abraham,
1880 2962 2102 3020 genera-
2213 2946 2295 3002 vel
2341 2954 2657 3019 temporum
2705 2946 2843 3001 serie
2912 2952 3081 3012 certa,
3124 2951 3210 3000 set
3250 2952 3313 2998 ut
3349 2951 3479 3000 aetas
3519 2943 3821 3015 decrepita,

512 3042 690 3098 tiones
751 3040 903 3112 juxta
944 3040 1270 3097 Hebraicam
1331 3041 1612 3097 veritatem
1668 3040 1947 3113 complexa
2016 3045 2104 3109 10,
2213 3040 2325 3113 ipsa
2372 3042 2555 3097 totius.
2586 3040 2756 3097 seculi
2808 3046 2987 3095 morte
3036 3038 3426 3096 consumenda.
3474 3039 3590 3092 Has
3634 3053 3826 3093 erum-

515 3150 689 3192 annos
712 3143 899 3190 autem
928 3138 1055 3203 292,
1087 3149 1254 3206 porro
1270 3133 1431 3206 juxta
1460 3134 1802 3206 septuaginta
1832 3134 2105 3207 interpre-
2214 3149 2375 3189 nosas
2404 3134 2694 3205 plenasque
2728 3132 3005 3189 laboribus
3030 3130 3225 3189 mundi
3260 3136 3467 3201 aetates,
3496 3130 3672 3186 sancti
3704 3130 3827 3203 qui-

514 3238 599 3286 tes
647 3243 818 3285 annos
859 3233 1019 3299 1072,
1057 3227 1435 3300 generationes
1480 3243 1607 3285 vero
1659 3234 1743 3283 11.
1776 3230 1910 3284 Haec
1956 3226 2108 3301 quasi
2215 3245 2319 3303 que
2350 3229 2491 3285 felici
2522 3237 2700 3285 morte
2728 3229 2991 3285 vicerunt.

521 3322 761 3395 puericia
785 3320 888 3377 fuit
915 3320 1097 3393 gentis
1134 3320 1327 3394 populi
1355 3322 1476 3393 Dei,
1510 3330 1565 3378 et
1591 3322 1710 3379 ideo
1740 3320 1795 3377 in
1825 3322 2005 3394 lingua
2028 3323 2109 3378 in-
2288 3324 2529 3397 Septima
2547 3324 2666 3396 jam
2693 3322 2903 3379 sabbati
2928 3321 3179 3396 perennis
3205 3329 3367 3379 aetate
3385 3320 3637 3393 suscepti,
3669 3329 3828 3378 octa-

426 3438 429 3439 ν
527 3424 688 3471 venta
723 3423 824 3485 est,
856 3414 914 3471 id
942 3421 1024 3471 est
1051 3415 1288 3471 Hebrea.
1320 3417 1367 3472 Α
1398 3414 1635 3488 puericia
1678 3431 1921 3488 namque
1948 3414 2114 3472 homo
2147 3400 2192 3464 C
2224 3434 2349 3474 vam
2392 3418 2564 3474 beatae
2614 3417 3028 3474 resurrectionis
3072 3424 3313 3486 aetatem,
3355 3416 3410 3472 in
3452 3431 3558 3489 qua
3602 3431 3827 3490 semper

524 3509 715 3582 incipit
738 3508 884 3581 loqui
915 3524 1077 3566 nosse
1107 3518 1231 3581 post
1260 3507 1573 3578 infantiam,
1600 3525 1723 3582 quae.
1750 3509 1879 3565 hinc
1928 3509 2113 3582 appel-
2221 3528 2350 3569 cum
2378 3511 2620 3568 Domino
2650 3520 2897 3583 regnent,
2928 3518 3236 3581 expectant.

525 3603 628 3659 lata
667 3612 769 3671 est,
796 3602 944 3674 quod
970 3602 1077 3658 fari
1106 3618 1218 3658 non
1247 3612 1391 3675 post.
2544 3611 2806 3663 Decursus
2830 3606 3225 3678 praedictarum
3253 3608 3499 3659 (ctutum.

596 3696 785 3751 Tercia
812 3695 856 3732 ιδ
871 3695 937 3750 ab
960 3695 1237 3752 Abraham
1266 3711 1440 3768 usque
1459 3695 1528 3753 ad
1571 3696 1769 3765 David,
1801 3696 2112 3769 generatio-
2293 3700 2476 3756 Prima
2514 3700 2684 3772 igitur
2711 3706 2873 3755 aetate
2900 3698 3071 3755 seculi
3106 3698 3404 3765 nascentis,
3453 3695 3631 3769 prima
3661 3696 3828 3768 hujus

524 3802 621 3844 nes
642 3787 799 3858 juxta
840 3796 1133 3859 utramque
1171 3788 1553 3844 auctoritatem
1582 3794 1669 3854 14,
1719 3806 1890 3846 annos
1927 3800 2113 3848 autem
2223 3793 2329 3861 die,
2360 3792 2490 3849 fecit
2534 3795 2682 3849 Deus
2725 3793 2928 3860 lucem,
2978 3807 3149 3865 quam
3189 3790 3481 3864 appellavit
3526 3789 3697 3847 diem.
3730 3792 3825 3847 Se-

527 3886 632 3935 842
664 3892 712 3929 l9
753 3880 1135 3949 complectens.
1167 3884 1301 3936 Haec
1328 3882 1578 3952 quaedam
1608 3883 1753 3938 velut
1793 3884 2113 3940 adulescen-
2223 3886 2403 3943 cunda
2449 3886 2859 3943 ﬁrmamentum
2906 3886 3031 3942 coeli
3077 3885 3130 3940 in
3175 3883 3359 3942 medio
3398 3883 3615 3940 libravit
3658 3900 3826 3956 aqua-

525 3973 605 4029 tia
626 3972 729 4029 fuit
755 3972 946 4045 populi
967 3973 1088 4042 Dei,
1112 3988 1219 4045 qua
1248 3981 1407 4030 aetate
1428 3974 1617 4047 incipit
1645 3975 1814 4031 homo
1841 3992 1999 4048 posse
2024 3991 2117 4050 ge-
2224 3996 2369 4050 rum,
2404 3979 2532 4050 ipsis
2556 3981 2711 4052 aquis
2737 3996 2802 4036 ac
2830 3988 2975 4037 terra
3002 3994 3132 4036 cum
3158 3980 3435 4052 superiore
3468 3978 3609 4035 cmlo
3638 3987 3692 4032 et
3716 3978 3825 4033 vir-

526 4080 739 4125 nerare.
768 4067 1066 4140 Propterea
1082 4066 1332 4124 Matheus
1358 4068 1679 4142 evangelista
1705 4068 2118 4143 generationum
2223 4074 2455 4141 tutibus,
2491 4089 2615 4146 quae
2645 4075 2702 4129 in
2732 4090 2797 4130 eo
2843 4072 3184 4131 conditorem
3228 4072 3533 4143 laudarent,
3576 4080 3700 4127 ante
3724 4071 3824 4128 ho-

526 4177 593 4219 ex
642 4158 928 4219 Abraham
970 4161 1205 4234 sumpsit
1260 4161 1578 4235 exordium;
1610 4164 1703 4236 qui
1755 4164 1917 4221 etiam
1965 4172 2119 4237 pater
2226 4183 2351 4224 rum
2380 4184 2474 4225 sex
2503 4167 2716 4224 dierum
2750 4167 3030 4224 exordium
3064 4168 3277 4237 creatis,
3322 4172 3426 4224 etc.
3470 4207 3487 4224 .
3523 4209 3537 4225 .
3576 4207 3593 4223 .
3626 4207 3643 4223 .
3679 4207 3695 4223 .
3740 4208 3753 4223 .
3799 4204 3815 4217 .

527 4253 775 4327 gentium
818 4255 1150 4312 constitutus
1196 4263 1298 4327 est,
1337 4256 1558 4329 quando
1599 4266 1871 4315 mutatum
1917 4274 2119 4317 nomen
2226 4267 2288 4318 ut
2316 4263 2462 4333 apud
2489 4262 2691 4318 Bedam
2719 4263 2784 4317 de
2809 4277 2903 4317 sex
2930 4263 3188 4317 aetatibus
3219 4262 3434 4317 mundi.

530 4349 754 4421 accepit.
2296 4355 2579 4428 Josaphat,
2626 4355 2765 4412 ﬁlius
2820 4359 2949 4424 Asa,
2990 4355 3147 4411 annis
3185 4359 3273 4414 ‘25.
3319 4355 3505 4411 Helias
3544 4352 3832 4426 Thespites

603 4445 806 4515 Quarta
836 4459 868 4500 a
894 4443 1068 4501 David
1097 4459 1268 4517 usque
1292 4443 1363 4500 ad
1392 4446 1933 4518 transmigrationem
1959 4446 2119 4503 Babi-
2229 4456 2340 4504 tres
2363 4448 2529 4504 semis
2562 4464 2734 4505 annos
2767 4448 3011 4520 pluviam
3050 4449 3325 4505 continuit
3352 4456 3576 4521 propter
3604 4456 3831 4521 peccata

532 4536 694 4605 lenis,
756 4536 964 4595 habens
1016 4553 1190 4593 annos
1233 4539 1391 4611 juxta
1448 4539 1776 4595 Hebraicam
1837 4540 2119 4597 veritatem
2230 4541 2420 4597 Achab
2441 4549 2496 4597 et
2512 4540 2696 4613 populi
2714 4541 2934 4598 Israhel.
2959 4543 3027 4597 Et
3048 4542 3192 4598 inter
3211 4551 3410 4599 caetera
3426 4542 3703 4614 magnalia
3723 4544 3833 4597 He-

531 4632 636 4684 460
663 4627 729 4699 '°,
763 4629 922 4702 juxta
950 4631 1291 4703 septuaginta
1330 4631 1749 4690 translationem
1781 4638 1845 4689 l2
1875 4634 2128 4706 amplius,
2162 4644 2212 4706 1)
2240 4635 2454 4704 liseum,
2485 4634 2658 4690 ﬁlium
2688 4635 2911 4708 Saphat,
2940 4636 3032 4707 qui
3060 4635 3161 4691 fuit
3182 4634 3249 4691 de
3268 4636 3612 4703 Abelmaula,
3646 4651 3749 4709 pro
3777 4651 3836 4692 se

532 4721 910 4792 generationes
932 4724 1095 4796 juxta
1118 4732 1375 4805 utrosque
1403 4726 1621 4784 codices
1651 4734 1747 4797 17;
1773 4741 1907 4800 quas
1935 4736 2121 4785 tamen
2231 4728 3417 4802 unxitinprephmtamJeronimus”inlibro
3432 4727 3834 4788 Hebraicarum

1822 4855 2069 4911 VARle
2103 4855 2419 4911 LECTION
2428 4854 2526 4911 ES.

606 4950 649 5035 ίξ
679 4953 1158 5036 Quw‘sequuntur,
1191 4956 1302 5036 alio
1325 4961 1630 5036 atramento
1656 4963 1860 5036 scripta
1887 4967 2031 5016 sunt.
2112 4961 2153 4994 ¹²
2182 4962 2452 5036 Ιιίηο-αιὼ
2477 4965 2801 5036 atramento.
2827 5033 2840 5036 _
2860 4959 2917 5036 >¹⁸
2950 4976 3071 5031 qua
3098 4965 3394 5036 sequuntur
3417 4975 3589 5030 usque
3628 4961 3838 5036 Regin-

532 5023 744 5102 herius,
779 5023 1242 5102 alip_’_at2_'ament9_
1268 5031 1327 5083 in
1355 5030 1461 5085 loco
1491 5046 1630 5087 raso.
1716 5023 1903 5101 l"qua:
1931 5038 2246 5101 sequuntur,
2276 5034 2380 5088 alio
2409 5037 2708 5089 atramento
2731 5033 2925 5089 addita
2956 5023 3102 5089 sunt.
3160 5023 3230 5070 ἰ⁵
3274 5039 3385 5088 tum
3426 5023 3595 5087 manu
3631 5023 3833 5102 aliena,

532 5095 963 5186 ζῑρζιηΒεζζξριάςζ
1146 5099 1357 5186 adiecta
1402 5102 1653 5186 leguntur:
1700 5121 1717 5153 :
1762 5095 1920 5186 sédit‘
1940 5095 2114 5158 annos
2146 5110 2234 5169 19,
2266 5120 2481 5186 nienses
2509 5112 2562 5172 6,
2587 5119 2763 5186 usque
2800 5104 2856 5158 in
2883 5119 3087 5160 annum
3114 5104 3388 5161 dominice
3430 5095 3835 5186 incarnationis

536 5170 694 5249 1119.
752 5170 873 5223 163.
921 5168 1177 5249 Qelasius
1218 5168 1321 5238 ’2'",
1354 5168 1537 5242 qui'et
1563 5172 1844 5249 Iohannes
1881 5174 2145 5249 Romanae
2186 5168 2446 5249 aecclesia:
2492 5168 2922 5249 archidiaconus,
2954 5191 3111 5249 anno
3163 5192 3271 5248 quo
3318 5190 3479 5246 supra
3522 5174 3831 5249 ordinatus,

533 5237 675 5311 sedit
706 5253 898 5294 .unum
944 5237 1115 5297 ferme
1159 5237 1387 5298 annum.
1442 5248 1563 5299 164.
1608 5243 1838 5299 Calistus
1879 5248 1983 5313 2³⁸,
2031 5247 2123 5316 qui
2170 5254 2225 5301 et
2265 5247 2433 5305 Wido
2475 5247 2801 5303 Viennensis
2859 5237 3313 5319 archiepiscopus,
3357 5237 3503 5302 anno
3552 5237 3834 5302 dominice

532 5325 953 5410 incarnationis
978 5334 1130 5386 1120.
1198 5330 1482 5410 ordinatus
1526 5340 1627 5387 est.
1720 5331 1771 5410 ξ’
1809 5336 1889 5410 ita
1908 5340 1972 5410 _1.
2009 5347 2065 5396 ,ιτ
2096 5321 2439 5410 ΪῙὩΟΧΙᾸΙ.
2468 5351 2606 5392 corr.
2632 5324 2921 5410 1—1.C(_JXL.
2952 5342 3000 5393 1.
3059 5336 3130 5410 )3
3158 5337 3268 5410 ‘hic
3308 5339 3380 5410 in,
3416 5338 3670 5410 margine
3698 5338 3834 5410 legi:

536 5402 629 5482 tur
669 5417 685 5454 :
716 5400 786 5482 Hi
820 5408 965 5482 _s_unt
991 5410 1243 5457 auctores
1278 5402 1626 5482 cronicorum
1674 5405 2010 5482 :__1_".usebius,
2038 5407 2368 5482 Ieronimus,
2400 5408 2663 5482 Prosper,
2707 5406 3012 5482 Dionisius,
3041 5407 3323 5482 ,Jordanis,
3352 5400 3630 5482 Bedaget
3658 5400 3829 5482 nostri

534 5471 1220 5549 tempqisgeremannus,
1242 5480 1316 5549 _et_
1330 5471 1587 5549 deinceps
1615 5475 1843 5549 quilibet
1862 5476 1943 5531 sui
1964 5471 2226 5549 temporis
2240 5471 2616 5549 descriptorés.
2650 5471 2659 5476 ’
2697 5471 3161 5537 I9DCCCCXLll.
3189 5471 3332 5535 corr.
3363 5479 3740 5535 DCCCXLII.
3777 5486 3827 5533 1.

532 5538 579 5623 το
604 5538 1042 5625 ccccnxxm.
1233 5538 1542 5625 ccccnx;
1565 5550 1614 5598 1.
1630 5538 1649 5545 ·
1678 5546 1733 5625 ἐξ
1764 5562 1870 5603 vos:
1899 5538 2102 5606 addita?
2122 5564 2290 5619 supra
2318 5538 2500 5605 linit.
2576 5550 2622 5585 ιι
2645 5551 3097 5609 DLxxxvun.
3129 5567 3269 5608 corr.
3294 5551 3532 5609 DLxx.
3568 5556 3616 5608 ι.
3649 5550 3694 5585 ³³
3716 5552 3825 5605 haec

536 5615 595 5670 in
620 5615 866 5684 margine
892 5615 987 5670 sed
1014 5616 1195 5671 eadem
1221 5631 1384 5671 manu
1414 5621 1464 5672 1.
1496 5615 1689 5672 desunt
1713 5624 1768 5676 3.
2179 5615 2203 5619 ”
2779 5666 2789 5677 .

608 5800 785 5870 (1268)
816 5802 894 5856 Ex
918 5799 1064 5857 Beda
1093 5804 1176 5858 De
1204 5818 1298 5859 sex
1326 5803 1583 5862 aetatibus
1612 5805 1825 5862 mundi.
2058 5719 2292 5775 NOTAE.
