4062 6182
276 308 407 363 1301

1174 310 1460 364 APPEND.
1498 310 1588 365 Ill.
1628 339 1695 350 -
1734 310 2150 367 MONUMENTA
2186 311 2652 369 GREGORIANA.

3425 318 3561 377 1302

271 432 623 504 questionum
643 432 854 502 asserit,
873 434 1087 490 Heliam
1103 447 1221 490 esse
1238 433 1461 499 Fineen,
1483 434 1577 506 qui
1601 433 1723 490 zelo
1746 437 1859 492 Do-
1886 440 1943 505 Α
1970 436 2172 493 mentis
2200 437 2439 494 consulis
2464 452 2531 493 ex
2556 452 2745 494 sorore
2762 439 2960 511 neptis,
2982 440 3039 496 in
3058 439 3298 499 insulam
3322 442 3555 501 Pontia-

269 526 405 582 mini
435 542 693 583 accensus
720 527 945 584 Zambri
993 543 1123 584 cum
1152 526 1448 584 Moabitide
1487 526 1856 585 fornicantem
1967 544 2098 588 nam
2126 531 2196 588 ob
2226 530 2355 587 ﬁdei
2385 531 2768 590 testimonium
2786 533 3051 590 exiliatur.

266 620 554 676 transﬁxit.
586 621 812 692 Proprie
839 629 1027 678 autem
1078 630 1306 678 vocatur
1350 621 1556 690 Finees,
1602 638 1733 677 nam
1776 622 1845 678 ab

268 724 470 772 eventu
508 714 695 772 Helias
740 716 958 773 dicitur.
988 719 1129 774 Cum
1158 716 1305 773 enim
1360 715 1510 772 idem
1536 717 1732 773 Finees
1779 716 1849 773 ab

266 808 559 864 Israelitico
602 810 800 881 populo
844 810 1154 867 mitteretur
1198 809 1269 865 ad
1311 809 1520 866 tribum
1573 796 1772 866 Ruben
1800 817 1855 866 et

262 901 429 967 Gath,
460 917 584 973 quae
608 904 852 959 enormis
882 904 1273 976 magnitudinis
1318 905 1489 960 altare
1528 913 1851 961 construxe-

260 1004 403 1063 rant,
433 994 537 1051 hoc
563 996 632 1051 ab
680 995 758 1052 eis
802 1012 1128 1069 responsum
1170 998 1539 1054 excusationis
1588 999 1798 1069 accepit
1833 1015 1847 1055 :

260 1088 619 1146 Fortissimus
669 1092 816 1146 Deus
846 1092 1121 1147 Dominus
1157 1091 1274 1163 ipse
1298 1092 1470 1148 novit.
1497 1095 1574 1148 Ex
1593 1094 1849 1164 'quorum

261 1198 522 1253 responso
570 1183 684 1255 ipse
728 1184 958 1241 Phinees
991 1193 1219 1242 vocatus
1242 1194 1326 1242 est
1351 1186 1561 1254 Helias,
1591 1185 1737 1258 quod
1760 1186 1848 1242 in-

260 1283 633 1349 terpretatur:
662 1280 812 1335 Deus
834 1280 1132 1347 Dominus,
1154 1284 1258 1337 etc.
1297 1319 1313 1335 .
1356 1320 1372 1337 .
1418 1319 1433 1335 .
1478 1321 1492 1336 .
1537 1321 1552 1336 .
1598 1324 1611 1337 .
1654 1321 1669 1336 .
1715 1320 1728 1333 .
1773 1322 1788 1336 .
1832 1323 1846 1337 .

330 1371 513 1427 Roma
532 1370 752 1427 condita
771 1372 828 1427 in
850 1380 1037 1428 monte
1056 1371 1319 1441 Palatino,
1355 1379 1442 1429 11.
1474 1373 1601 1430 Kal.
1638 1373 1789 1441 Maii,
1819 1390 1850 1430 a

259 1463 492 1536 geminis
519 1464 698 1521 Remo
743 1473 798 1521 et
826 1466 1089 1533 Romulo,
1119 1466 1248 1523 ﬁliis
1274 1466 1450 1524 Rheae
1478 1467 1693 1538 Silvizef,
1725 1483 1848 1540 qua

255 1566 372 1613 erat
398 1557 509 1615 ﬁlia
527 1558 830 1615 Numitoris
872 1560 1054 1616 fratris
1079 1561 1221 1633 regis
1245 1561 1471 1627 Amulii,
1493 1561 1643 1633 virgo
1672 1569 1848 1618 vesta-

258 1650 345 1719 lis,
366 1652 465 1709 sed
487 1660 841 1724 constuprata
865 1654 923 1709 in
940 1653 1139 1710 salibus
1152 1654 1298 1711 ludis
1330 1655 1401 1711 ".
1420 1655 1631 1712 Sabina:
1661 1663 1849 1727 rapta,

258 1759 401 1801 anno
422 1745 491 1801 ab
529 1747 663 1803 urbe
688 1747 908 1804 condita
926 1748 1116 1805 tercio.
1150 1751 1349 1806 Remus
1378 1754 1562 1806 ruter’o
1584 1749 1632 1787 ³⁵
1660 1758 1844 1822 pasto-

256 1838 412 1895 ralia
436 1840 630 1909 Fabio,
679 1842 902 1897 Romuli
930 1841 1091 1909 duce,
1149 1844 1379 1901 occisus.

324 1934 605 2003 Ezechias,
663 1934 809 1992 ﬁlius
866 1935 1064 2005 Achaz,
1115 1937 1273 1994 annis
1332 1942 1422 1994 29.
1467 1938 1645 2010 Hujus
1695 1953 1843 1995 anno

252 2034 407 2083 sexto
432 2028 771 2085 Salmanasar
799 2045 895 2085 rex
950 2031 1319 2103 Assyriorum,
1364 2040 1518 2102 capta
1568 2032 1839 2099 Samaria,

249 2121 526 2176 transtulit
550 2122 755 2177 Israhel
779 2122 836 2177 in
862 2124 1136 2195 Assyrios.
1155 2123 1325 2195 Cujus
1344 2140 1578 2195 regnum
1604 2140 1632 2178 a
1655 2124 1835 2196 primo

252 2214 547 2271 Jeroboam
585 2224 809 2272 steterat
837 2217 991 2273 annis
1035 2220 1159 2286 360,
1208 2222 1305 2273 etc.
1351 2259 1365 2273 .
1408 2258 1423 2274 .
1468 2260 1481 2273 .
1529 2260 1542 2273 .
1589 2260 1603 2273 .
1763 2260 1778 2274 .
1824 2259 1838 2274 .

319 2309 426 2380 Qui
456 2318 643 2367 autem
670 2311 863 2382 reliqui
894 2310 1118 2367 fuerunt
1135 2312 1311 2378 Judei,
1344 2310 1757 2384 transfugerunt
1784 2312 1839 2368 in

252 2402 550 2475 Egiptum.
581 2406 701 2475 Qua
719 2411 846 2476 post
864 2420 1039 2459 annos
1068 2405 1307 2477 quinque
1336 2422 1589 2478 percussa
1618 2424 1651 2462 a
1680 2405 1840 2463 Chal-

248 2495 383 2564 deis,
416 2498 474 2551 in
507 2497 847 2553 Babiloniam
874 2506 1004 2553 sunt
1032 2506 1087 2553 et
1113 2498 1215 2570 ipsi
1263 2499 1658 2571 transmigrati.

674 2644 749 2695 De
772 2642 965 2710 quinta
1001 2645 1162 2696 (etate
1200 2643 1409 2696 mundi.

316 2780 514 2851 Quinta
562 2779 759 2836 mundi
788 2788 922 2837 aetas
974 2781 1043 2836 ab
1073 2781 1403 2837 exterminio
1458 2781 1624 2854 capit
1687 2784 1837 2855 regni

245 2874 483 2942 Judaici,
515 2875 661 2947 quod
676 2875 834 2946 juxta
883 2874 1232 2947 prophetiam
1264 2875 1518 2933 Jeremias
1564 2883 1637 2932 70
1679 2877 1838 2933 annis

258 2968 1835 3040 permansit,etc....................

316 3061 606 3117 Consentit
642 3061 728 3117 his
770 3061 1067 3132 Iosephus,
1108 3062 1164 3116 in
1186 3062 1400 3118 decimo
1436 3062 1837 3135 Antiquitatum

249 3154 386 3211 libro
414 3155 672 3223 scribens,
697 3155 965 3227 templum
1002 3164 1057 3211 et
1073 3157 1379 3212 Jerusalem
1414 3165 1468 3213 et
1487 3172 1713 3213 omnem
1742 3159 1839 3212 Ju-

245 3248 409 3304 deam
424 3254 494 3302 70
529 3249 687 3304 annis
726 3250 1090 3320 permansisse
1116 3249 1437 3306 desolatam.
1479 3248 1583 3321 Qui
1616 3266 1834 3307 rursum

244 3341 617 3398 enumerando
640 3357 796 3414 reges
823 3342 1100 3400 Babilonis
1135 3373 1206 3384 —
1229 3344 1274 3399 si
1308 3352 1492 3400 tamen
1539 3342 1585 3378 ⁸⁸
1620 3344 1746 3415 ipse.
1762 3344 1838 3400 sic

241 3432 474 3503 scripsit,
516 3440 571 3487 et
596 3447 709 3487 non
737 3431 909 3489 codex
932 3432 1066 3489 fallit
1088 3433 1388 3490 mendosus
1409 3464 1476 3475 -—
1499 3442 1720 3491 centum
1750 3434 1838 3491 l'a-

244 3541 366 3581 cere
389 3524 434 3559 ²⁷
455 3541 631 3581 annos
655 3526 724 3581 ab
753 3542 941 3583 eversa
969 3527 1279 3583 Jerusalem
1310 3543 1482 3599 usque
1507 3528 1577 3585 ad
1597 3528 1835 3587 eversio-

241 3635 370 3676 nem
400 3618 551 3692 regni
578 3619 939 3676 Chaldeorum
972 3619 1098 3676 facit
1123 3621 1328 3692 colligi,
1364 3626 1461 3677 ctc.
1508 3663 1521 3676 .
1579 3664 1592 3677 .
1641 3662 1654 3675 .
1700 3663 1714 3677 .
1760 3663 1772 3677 .
1819 3662 1833 3676 .

314 3716 474 3769 Auno
509 3719 574 3769 18
604 3713 820 3785 imperii
848 3714 1052 3770 Tiberii
1083 3715 1359 3772 Dominus
1414 3730 1513 3770 sua
1563 3715 1823 3787 passione

244 3806 790 3878 mundumjredemit,
818 3817 875 3864 et
894 3807 1242 3879 przedicaturi
1260 3825 1357 3881 per
1375 3809 1565 3867 Judeaa
1583 3809 1833 3883 regiones

245 3901 499 3972 apostoli,
524 3902 792 3957 Iacobum
814 3900 1041 3958 fratrem
1059 3904 1290 3959 Domini
1311 3904 1656 3961 Jerosolimis
1678 3903 1829 3963 ordi-

244 4002 383 4050 nant
410 3994 745 4067 episcopum.
776 3994 1050 4052 Ordinant
1070 4005 1123 4051 et
1144 4003 1172 4050 7
1203 3995 1489 4067 diacones;
1511 4006 1567 4055 et
1592 3998 1830 4069 lapidato

242 4087 518 4159 Stephano
564 4088 770 4144 mclesia
816 4104 913 4160 per
954 4089 1211 4159 regiones
1236 4090 1435 4167 Judeze
1479 4100 1534 4147 et
1572 4093 1831 4150 Samaria:

242 4181 570 4255 dispergitur
607 4181 673 4237 ³⁸.
708 4183 947 4254 Agrippa
997 4190 1367 4255 cognomento
1392 4185 1665 4252 Herodes,
1691 4185 1833 4242 ﬁlius

241 4275 541 4332 Aristoboli
570 4276 668 4331 ﬁlii
697 4276 936 4333 Herodis
964 4277 1128 4349 regis,
1160 4286 1444 4333 accusator
1467 4277 1707 4334 Herodis
1742 4287 1831 4335 te-

238 4367 476 4426 trarcha‘.
516 4371 757 4425 Romam
813 4368 1114 4442 profectus,
1160 4387 1189 4425 a
1241 4370 1458 4426 Tiberio
1518 4371 1573 4426 in
1617 4370 1829 4427 vincula

237 4462 465 4520 coicitur
491 4462 535 4498 ³³
578 4462 674 4519 ubi
704 4463 963 4534 plurimos
992 4464 1095 4520 sibi
1144 4464 1333 4519 ascivit
1381 4465 1448 4521 ad
1491 4465 1825 4535 amiciciam,

2278 629 2354 681 De
2396 628 2443 693 (ι
2457 630 2579 689 269)
2618 628 2795 695 regnis
2821 628 3233 697 principalibus.

2038 718 2285 773 Primum
2304 728 2533 789 regnum
2561 719 2903 777 Assiriorum
2932 737 2965 777 a
3003 721 3168 789 Nino,
3190 720 3299 778 Beli
3331 721 3465 792 ﬁlio,
3491 732 3549 782 et

1966 809 2327 867 Semiramide
2371 827 2544 868 uxore
2565 812 2681 885 ejus
2701 813 2869 885 cepit,
2890 822 2943 870 et
2968 816 3266 886 permansit
3292 831 3464 890 usque
3482 817 3555 876 ad

1964 903 2537 961 Thonoscon-coleron
2566 922 2771 978 regem,
2814 909 2909 978 qui
2938 909 3110 965 Grece
3134 909 3554 982 Sardanapallus

1964 1006 2210 1066 vocatur,
2241 1013 2407 1069 quem
2432 998 2672 1055 Abarces
2700 999 2988 1071 praefectus
3006 1003 3296 1059 Medorum
3318 1003 3464 1071 vicit,
3494 1012 3549 1061 et

1961 1107 2195 1164 regnum
2224 1091 2357 1148 illud
2388 1091 2443 1147 in
2471 1092 2661 1149 Medos
2696 1095 2992 1150 transtulit.
3028 1099 3094 1150 In
3141 1112 3205 1152 eo
3252 1104 3548 1168 regnatum

1960 1193 2045 1242 est
2070 1202 2101 1241 a
2138 1184 2358 1258 regibus
2397 1191 2466 1241 36
2491 1186 2651 1242 annis
2684 1191 2841 1255 1240,
2882 1187 3040 1243 factis
3074 1188 3144 1244 ab
3169 1188 3325 1247 initio
3353 1190 3546 1248 mundi

1960 1288 2088 1335 ante
2117 1278 2280 1352 hujus
2302 1280 2456 1352 regni
2481 1289 2735 1337 exortum
2768 1280 3072 1337 secundum
3100 1282 3419 1340 chronicam
3441 1286 3547 1341 Eu-

1956 1372 2095 1430 sebii
2135 1373 2295 1430 annis
2321 1378 2478 1429 3142.
2512 1373 2692 1446 Hujus
2719 1374 2873 1446 regni
2902 1384 3065 1446 caput
3098 1375 3331 1432 Babilon
3357 1375 3549 1435 civitas

1958 1466 2159 1524 extitit.
2209 1469 2328 1523 Hoc
2376 1467 2673 1537 destructo,
2718 1476 2949 1540 regnum
2995 1468 3288 1526 Medorum
3329 1470 3545 1542 incipit,

1955 1560 2103 1633 quod
2147 1577 2178 1617 a
2203 1576 2327 1634 rege
2355 1561 2567 1617 Abarce
2596 1576 2769 1633 usque
2797 1562 2866 1618 ad
2889 1562 3167 1635 Astrigen,
3196 1578 3362 1635 quem
3391 1564 3549 1620 Cirus

1953 1655 2246 1725 superavit,
2277 1663 2501 1711 steterat
2526 1655 2677 1710 annis
2705 1660 2809 1711 259
2826 1655 2927 1711 sub
2956 1656 3177 1727 regibus
3201 1663 3255 1723 8,
3286 1656 3557 1730 Chaldeis

1952 1747 2169 1804 interim
2188 1748 2244 1804 in
2264 1747 2531 1804 Babilone
2553 1765 2665 1805 non
2683 1765 2849 1821 parva
2870 1757 3139 1821 potestate
3162 1750 3541 1821 regnantibus.

1880 1821 1929 1883 Β
1954 1842 2095 1897 Exin
2133 1858 2360 1915 regnum
2387 1845 2696 1911 Persarum,
2730 1842 2878 1915 quod
2905 1843 3079 1915 Cyrus
3106 1843 3321 1915 adjecto
3349 1843 3543 1900 Medo-

1950 1952 2076 1992 rum
2127 1936 2603 2008 Chaldeorumque
2641 1952 2809 2009 regno
2831 1936 3118 2009 magniﬁce
3136 1936 3436 2007 ampliavit,
3475 1936 3546 1993 ab

1950 2031 2069 2102 ipso
2121 2031 2262 2104 Cyro
2288 2047 2460 2103 usque
2504 2029 2577 2086 ad
2622 2030 2853 2087 Darium
2879 2046 3092 2103 regem,
3124 2030 3342 2086 Arsami
3370 2030 3544 2087 ﬁlium

1951 2130 2177 2179 steterat
2220 2125 2378 2180 annis
2418 2129 2522 2183 231
2566 2124 2667 2181 sub
2695 2125 2917 2197 regibus
2966 2130 3049 2179 14.
3082 2126 3205 2180 Hoc
3234 2122 3545 2181 Alexander

1949 2220 2182 2290 Magnus
2225 2233 2321 2273 rex
2365 2217 2737 2273 Macedonum
2798 2216 2983 2274 occiso
3022 2218 3193 2273 Dario
3249 2216 3539 2285 destruxit,

1949 2325 2285 2382 omnemque
2297 2310 2521 2366 sibimet
2538 2311 2809 2366 orientem
2825 2310 3062 2382 subegit,
3081 2319 3137 2367 et
3149 2309 3540 2366 Alexandriam

1949 2404 2005 2460 in
2034 2406 2250 2477 zEgipto
2278 2403 2546 2460 condidit.

2019 2498 2230 2555 Deinde
2286 2514 2517 2571 regnum
2563 2499 2869 2553 Grecorum
2897 2511 2994 2552 seu
3020 2496 3539 2564 Alexandrinorum,

1947 2592 2017 2648 ab
2044 2593 2163 2663 ipso
2192 2590 2505 2648 Alexandro
2528 2594 2728 2663 Magno
2758 2606 2927 2662 usque
2949 2589 3017 2646 ad
3041 2592 3386 2647 Ptolomeum
3413 2591 3543 2647 Dio-

1946 2685 2149 2741 nisium
2179 2693 2237 2740 et
2264 2700 2511 2740 sororem
2550 2684 2666 2756 ejus
2693 2685 3043 2755 Cleopatram
3088 2684 3327 2756 Juliique
3362 2685 3541 2741 Caesa-

1948 2778 2021 2835 ris
2066 2778 2466 2842 monarchiam,
2513 2793 2842 2849 permanens
2865 2777 3021 2833 annis
3059 2783 3155 2833 281
3195 2778 3296 2835 sub
3320 2778 3544 2851 regibus

1955 2877 2043 2939 11,
2092 2872 2341 2943 quamvis
2388 2871 2581 2927 eadem
2629 2872 2918 2943 Cleopatra
2961 2880 3151 2943 postea
3191 2870 3542 2944 permittente

1947 2965 2097 3021 Julio
2120 2971 2190 3020 20
2234 2966 2393 3021 annis
2420 2965 2750 3038 regnaverit,
2782 2981 2959 3038 usque
2999 2965 3070 3022 ad
3106 2966 3391 3024 Octaviani
3423 2970 3539 3023 Au-

1949 3058 2090 3131 gusti
2129 3074 2339 3113 annum
2402 3063 2491 3115 15.

2018 3154 2150 3208 Post
2177 3152 2281 3208 hoc
2308 3152 2831 3208 excellentissimum
2861 3168 3093 3224 regnum
3122 3155 3539 3222 Romanorum,

1947 3245 2095 3321 quod
2124 3246 2241 3317 jam
2283 3246 2491 3317 pridem
2506 3246 2607 3302 sub
2638 3245 2854 3317 regibus
2885 3253 2938 3301 et
2975 3246 3292 3303 consulibus
3343 3246 3533 3303 adole-

1946 3348 2120 3407 verat,
2151 3340 2220 3395 ab
2246 3338 2362 3411 ipso
2400 3339 2546 3396 Julio
2588 3340 2801 3397 Caesare
2846 3348 2902 3396 et
2929 3340 3235 3396 Octaviano
3286 3345 3537 3413 Augusto

1944 3449 2300 3505 consurgens,
2330 3434 2487 3489 omni
2514 3449 2686 3506 prope
2731 3433 2934 3491 mundo
2962 3433 3253 3504 imperavit
3279 3442 3332 3490 et
3358 3450 3533 3506 usque

1944 3529 2013 3587 ad
2057 3527 2178 3583 haec
2205 3536 2458 3599 tempora
2494 3527 2751 3599 paulatim
2781 3526 3153 3583 decrescendo
3193 3526 3527 3598 perduravit.

2015 3624 2151 3680 Haec
2178 3629 2305 3677 sunt
2332 3620 2649 3693 principalia
2674 3636 2835 3692 regna
2854 3636 2952 3691 per
2975 3635 3198 3676 cursum
3220 3627 3533 3692 mmporum

1942 3716 2047 3773 sibi
2072 3715 2313 3771 invicem
2340 3714 2706 3780 succedentia,
2731 3713 3046 3786 reliquaque
3074 3729 3240 3786 regna
3264 3712 3532 3773 bellorum

1943 3808 2359 3881 tempestatibus
2403 3807 2721 3879 quatientia.

2014 3906 2165 3960 Inter
2184 3902 2302 3961 haec
2315 3900 2467 3959 fuere
2482 3902 2585 3958 alia
2607 3902 2844 3974 plurima
2866 3917 3052 3974 regna,
3072 3901 3285 3958 minora
3307 3901 3532 3974 quidem

1939 3997 2262 4068 supradictis
2300 4003 2387 4053 set
2430 4005 2614 4055 tamen
2644 3995 3026 4052 historicorum
3058 3995 3203 4052 stilis
3238 3995 3530 4052 celeberri-

1939 4107 2051 4160 ma,
2073 4091 2144 4148 de
2165 4089 2369 4162 quibus
2391 4089 2752 4147 eminentiora
2775 4098 2904 4147 sunt
2926 4089 3045 4147 haec
3069 4109 3081 4145 :
3115 4089 3526 4160 Sycioniorum,

1939 4184 2322 4257 lEgiptiorum,
2340 4184 2691 4253 Argivorum,
2714 4183 3083 4251 Hebreorum,
3101 4180 3527 4238 Atheniensium

1939 4277 2300 4342 Micenarum,
2330 4275 2899 4343 Lacedemoniorum,
2938 4274 3365 4341 Corinthiorum,
3400 4275 3524 4330 Ma-

1940 4370 2238 4436 cedonum,
2293 4368 2586 4437 Lidorum,
2641 4368 2815 4437 Siriae,
2855 4370 3024 4437 Asiae,
3068 4370 3396 4426 Latinorum
3438 4368 3530 4441 qui

1940 4472 2122 4534 postea
2151 4462 2389 4519 Romani
2414 4462 2667 4534 appellati
2698 4470 2845 4517 sunt.
2882 4463 2998 4531 {Set
3022 4461 3089 4518 de
3133 4462 3343 4517 Latinis
3388 4476 3528 4531 quo~

236 4566 289 4613 et
318 4558 559 4613 maxime
579 4558 887 4613 Germanici
908 4558 1083 4615 ﬁlium
1111 4560 1333 4624 Gaium,
1364 4564 1459 4615 etc.
1509 4601 1524 4616 .
1570 4601 1584 4614 .
1622 4598 1635 4613 .
1692 4602 1704 4614 .
1751 4602 1763 4615 .
1812 4600 1825 4615 .
1860 4563 1915 4625 Ι)
1941 4558 2103 4615 modo
2151 4557 2219 4614 ad
2247 4558 2630 4614 Romanorum
2656 4555 3033 4612 excellentiam
3052 4554 3317 4621 venerint,
3346 4554 3528 4626 paucis

305 4652 657 4708 Domitianus
686 4650 856 4707 frater
883 4650 991 4708 Titi
1016 4653 1223 4722 junior,
1257 4668 1431 4709 annos
1462 4657 1558 4719 15,
1604 4669 1826 4710 menses

238 4751 292 4799 5.
323 4745 428 4800 Hic
473 4744 744 4802 secundus
791 4754 918 4816 post
960 4747 1237 4801 Neronem
1283 4745 1607 4801 christianos
1646 4762 1828 4817 perse-

234 4838 439 4911 quitur.
470 4838 583 4895 Sub
611 4854 721 4911 quo
747 4839 1026 4911 apostolus
1049 4838 1332 4895 Johannes
1360 4838 1417 4894 iu
1450 4838 1711 4895 Pathmos
1741 4841 1824 4895 in-

234 4932 416 4989 sulam
459 4932 723 5005 relegatus
752 4940 857 5000 est,
888 4941 944 4990 et
978 4932 1156 4990 Flavia
1184 4931 1484 5001 Domitilla,
1510 4931 1681 4988 Flavii
1706 4932 1825 4989 Cle-

1936 4652 2204 4709 dicamus.

2005 4749 2148 4802 Ante
2179 4745 2481 4818 Trojanum
2518 4742 2961 4802 famosissimum
2989 4742 3194 4800 bellum
3231 4743 3525 4816 Trojaaque

1936 4838 2205 4894 excidium
2248 4839 2306 4893 in
2350 4837 2503 4895 Italia
2530 4845 2930 4910 regnaverunt:
2977 4838 3167 4907 Ianus,
3235 4838 3526 4904 Saturnus,

1934 4931 2111 4998 Picus,
2154 4932 2395 5001 Faunus,
2422 4932 2653 4990 Latinus
2696 4932 2851 4990 annis
2881 4936 3000 4989 150.
3034 4930 3248 4991 Deinde
3268 4940 3394 5003 post
3410 4940 3528 4990 ter-

1516 5085 1764 5139 VARI/E
1815 5084 2240 5140 LECTIONES.

306 5216 351 5289 ἓξ
370 5220 450 5272 ita
471 5222 517 5272 1.
544 5223 597 5273 2.
627 5218 1001 5287 distinguunt;
1034 5222 1409 5289 constuprata.
1438 5216 1992 5289 Consualibus_ludis
2016 5222 2133 5274 3.ut
2150 5218 2317 5273 Beda.
2391 5216 2436 5249 “
2462 5220 2669 5272 ita1.2.
2686 5221 2786 5289 i.q.
2803 5226 3058 5274 rutro.—
3085 5224 3264 5289 rastro
3282 5220 3334 5269 3.
3356 5215 3525 5289 Bede.

233 5286 278 5320 ²⁶
300 5288 355 5343 Si
388 5296 575 5343 tamen
602 5286 936 5359 parenthesis
961 5288 1076 5359 ipse
1101 5288 1179 5343 sic
1207 5286 1313 5344 122.
1427 5288 1470 5321 ’⁷
1495 5286 1607 5343 fere
1640 5295 1691 5343 3.

1800 5287 1845 5319 ²⁸
1871 5289 1963 5343 hoc
1997 5291 2339 5359 potissimsz
2379 5290 2482 5343 loco
2529 5286 2791 5359 sistimus,
2851 5307 2971 5360 qua:
3020 5292 3083 5360 in
3099 5287 3285 5360 codice
3316 5289 3361 5340 ι.
3394 5286 3526 5360 folio

236 5364 327 5414 20.
359 5354 617 5433 adulatus-7
646 5361 890 5433 historice
923 5354 1575 5433 PtolamwigPhiladelphi
1590 5361 1696 5414 alio
1727 5363 1903 5433 tamen
1920 5354 2229 5433 atramento
2249 5361 2605 5433 scribuntur,
2635 5354 2892 5433 Quinque
2930 5358 3109 5433 sinodi
3136 5354 3434 5433 traduntur
3457 5356 3525 5433 ab

238 5430 755 5501 apostolisihabitze,
788 5432 962 5501 prima
987 5431 1039 5486 in
1067 5431 1330 5488 electione
1354 5426 1596 5498 Matinae,
1627 5430 1869 5487 secunda
1907 5429 1975 5485 de
2005 5431 2266 5486 electione
2294 5440 2502 5501 septem
2539 5426 2917 5498 diaconorum,
2946 5428 3110 5501 tercia
3141 5443 3206 5501 ne
3235 5426 3527 5482 circumci-

235 5498 321 5583 sio
350 5498 1032 5583 gentibusimponeretur,
1060 5510 1252 5574 quarta
1290 5519 1360 5560 ne
1387 5503 1550 5561 Judei
1582 5501 2004 5576 prohiberentur
2049 5518 2085 5559 a
2123 5502 2259 5575 lege,
2316 5498 2509 5575 quinta
2535 5519 2665 5561 cum
2709 5501 2941 5577 apestoli
2971 5499 3039 5556 ab
3084 5498 3325 5556 invicem
3376 5507 3531 5556 erant

236 5570 548 5629 discessuri.
577 5571 623 5606 ²⁹
649 5570 938 5645 conjicitur
969 5580 1019 5631 3.

1769 5673 2006 5730 NOTAE.

312 5798 495 5871 (1⁸269)
542 5797 832 5857 Anteriora
861 5795 1045 5856 omnia
1081 5812 1149 5854 ex
1190 5797 1340 5855 Beda
1367 5796 1641 5871 descripta
1687 5805 1840 5867 sunt;
1873 5764 1998 5871 qua:
2038 5805 2344 5871 sequuntur
2388 5798 2462 5856 cf.
2503 5813 2629 5856 cum
2678 5793 2918 5854 Jordane
2963 5798 3046 5853 De
3086 5810 3381 5869 regnorum
3407 5809 3531 5853 suc-

238 5866 508 5929 cessione.
