4062 6182
518 253 652 309 1303

1519 250 1609 303 AD
1646 248 1870 303 OPERA
1907 246 1964 302 S.
2003 244 2325 303 GREGORII
2360 245 2797 303 APPENDICES.
2852 260 2861 271 ‘

3656 254 3781 307 1305

516 376 665 434 cium
712 390 915 433 annum
944 373 1248 431 exterminii
1302 372 1516 445 Trojaa,
1545 372 1692 444 quod
1738 378 1841 427 877
1866 371 1911 406 ³ο
1951 371 2098 444 regni
2130 374 2184 439 Α
2210 371 2321 429 dita
2386 374 2538 439 752°,
2564 368 2879 442 olimpiadis
2925 370 3053 426 193*
3113 385 3260 426 anno
3302 371 3501 438 tercio,
3547 371 3789 431 dominus

520 471 871 541 Assyriorum
903 468 1131 539 contigit
1174 482 1338 534 anno,
1372 468 1561 522 Encas
1600 465 1863 539 profugus
1893 466 2021 522 inde
2044 466 2100 521 in

521 564 733 621 Italiam
762 562 1004 627 veniens,
1031 560 1200 615 ﬁliam
1218 560 1399 616 Latini
1427 560 1721 615 Laviniam
1745 561 1951 631 accepit
1974 576 2108 616 uxo-

511 638 657 723 ‘rem,
687 669 961 726 regnoque
989 653 1285 709 succedens
1314 654 1429 725 ipse
1453 661 1507 709 et
1533 654 1731 725 posteri
1754 654 1871 725 ejus
1904 658 1987 721 15,
2014 654 2109 725 qui

522 764 714 805 omnes
758 748 905 804 Silvii
936 748 1307 820 cognominati
1339 755 1487 817 sunt,
1532 763 1703 819 usque
1732 747 1803 803 ad
1831 747 2109 803 Amulium

520 842 767 909 Silvium,
794 840 1100 897 Numitoris
1126 840 1376 910 fratrem,
1407 842 1461 896 in
1489 840 1629 897 Alba
1657 841 1897 908 civitate,
1942 857 2107 912 quam

523 936 792 993 Ascanius
844 938 1027 991 Encas
1068 935 1208 991 ﬁlius
1253 934 1516 1002 condidit,
1566 944 1931 1007 regnaverunt
1956 936 2113 991 annis

527 1036 656 1087 426.
689 1033 901 1085 Interea
936 1038 1203 1100 regnante
1246 1028 1488 1095 Amulio,
1519 1028 1678 1085 Rhea
1720 1028 1879 1085 Silvia
1909 1044 2031 1099 quae
2059 1036 2113 1084 et

528 1124 651 1179 Alia
680 1122 720 1157 “
778 1123 1083 1179 Numitoris
1124 1121 1257 1190 ﬁlia,
1308 1123 1458 1193 virgo
1486 1122 1720 1187 vestalis,
1770 1137 1827 1177 se
1876 1138 1907 1176 a
1936 1124 2113 1177 Marte

526 1231 897 1289 compressam
917 1215 1162 1283 mentita,
1186 1232 1251 1271 ex
1272 1223 1459 1286 stupro
1480 1217 1719 1269 Remum
1739 1223 1794 1269 et
1812 1215 2113 1270 Romulum

526 1311 778 1383 geminos
823 1309 978 1365 enixa
1007 1317 1110 1365 est.
1161 1310 1313 1377 Quos
1356 1310 1507 1380 Lupa
1548 1307 1826 1380 quaedam,
1874 1309 2114 1364 Faustuli

526 1404 655 1475 regii
691 1403 926 1475 pastoris
969 1418 1128 1469 uxor,
1158 1402 1399 1457 nutrivit.
1447 1402 1555 1470 Qui
1602 1402 1977 1457 adolescentes
2003 1405 2116 1459 Ro-

527 1513 679 1553 mam
695 1495 1075 1563 condiderunt,
1097 1496 1608 1567 occisoqueRemo,
1637 1497 1910 1551 Romulus
1934 1500 2119 1552 Amu-

532 1590 601 1645 lio
646 1591 815 1646 Silvio
844 1588 1158 1657 succedens,
1209 1590 1321 1661 ipse
1377 1600 1429 1645 et
1458 1606 1553 1645 sex
1602 1605 1944 1647 successores
2001 1591 2117 1663 ejus

528 1698 698 1756 usque
734 1682 805 1738 ad
847 1682 1204 1755 Tarquinium
1232 1684 1538 1755 Superbum
1563 1692 1932 1756 regnaverunt
1963 1685 2119 1741 annis

530 1780 654 1833 243.
686 1776 897 1833 Deinde
924 1777 1218 1848 Tarquinio
1274 1776 1525 1849 expulso,
1576 1778 1837 1851 regioque
1891 1780 2117 1835 nomine

527 1869 795 1934 abdicato,
826 1871 1078 1927 consules
1104 1887 1136 1926 a
1166 1874 1339 1927 Bruto
1368 1886 1485 1929 esse
1514 1881 1797 1943 ceperunt.
1838 1875 1971 1929 Post
2018 1873 2120 1930 hos

528 1964 730 2020 tribuni
782 1964 954 2036 plebis
1006 1980 1069 2019 ac
1123 1964 1443 2033 dictatores,
1486 1974 1542 2020 et
1595 1965 1793 2021 iterum
1841 1967 2116 2035 consules,

528 2072 647 2113 rem
699 2056 972 2128 publicam
1000 2057 1352 2114 obtinuerunt
1379 2074 1473 2129 per
1501 2074 1673 2114 annos
1715 2066 1820 2115 464
1850 2076 2023 2132 usque
2052 2060 2119 2116 ad

530 2149 660 2205 Julii
689 2151 921 2205 Caesaris
953 2150 1234 2207 dictatoris
1262 2152 1665 2221 monarchiam,
1701 2152 1757 2207 in
1801 2154 2001 2224 quibus
2030 2153 2118 2209 di-

530 2241 701 2297 versis
731 2242 888 2297 bellis
916 2245 1236 2299 Romanum
1264 2259 1497 2315 regnum
1546 2245 1800 2299 excrevit.
1836 2246 2049 2301 Deinde
2089 2263 2119 2303 a

524 2333 670 2389 Julio
723 2336 939 2391 Caesare
970 2344 1025 2390 et
1052 2336 1354 2392 Octaviano
1386 2340 1636 2408 Augusto
1683 2338 2077 2409 ampliﬁcatum
2102 2383 2117 2409 ,

528 2433 712 2482 totum
750 2442 887 2498 pene
930 2427 1121 2483 orhem
1164 2428 1273 2485 suis
1302 2429 1511 2501 legibus
1552 2431 1803 2503 subjecit,
1837 2433 2120 2505 multoque

525 2528 770 2591 tempore
798 2521 1067 2593 singulare
1094 2522 1389 2594 imperium
1424 2523 1483 2578 in
1512 2524 1643 2580 orbe
1704 2527 1899 2594 tenuit,
1948 2527 2122 2584 donec

531 2614 943 2671 succedentium
991 2616 1205 2688 ignavia
1236 2617 1569 2690 principum,
1601 2626 1655 2674 et
1682 2619 1924 2693 undique
1962 2620 2010 2659 ³³
2036 2622 2118 2678 in-

532 2709 873 2779 surgentium
918 2709 1263 2766 immanitate
1286 2710 1554 2767 bellorum
1610 2711 1682 2768 ad
1738 2713 1881 2770 hunc
1953 2731 2121 2788 quem

534 2800 698 2858 hodie
726 2801 976 2858 videmus
998 2804 1304 2875 perveniret
1324 2804 1621 2861 defectum.

852 2907 949 2960 DE
969 2905 1113 2961 SEX
1140 2908 1385 2963 MUNDI
1404 2910 1637 2964 ᾹΞΤΑΤΙ
1648 2910 1800 2965 BUS.

549 3003 559 3011 '
606 2998 784 3069 (BEDA
812 3002 888 3055 De
919 3000 1241 3069 temporibus
1271 3017 1319 3055 c.
1357 3006 1469 3067 16.)
1515 3005 1618 3057 Sex
1648 3002 1835 3060 mundi
1871 3004 2122 3061 aetatibus

2146 1734 2193 1797 B

2208 475 2397 522 noster
2436 467 2594 521 Jesus
2641 464 2892 521 Christus
2935 464 2991 518 in
3032 464 3313 520 Bethleem
3346 464 3504 521 Judee
3533 469 3784 535 nascitur,

2211 559 2503 614 transactis
2543 559 2612 614 ab
2666 558 2830 630 inicio
2879 557 3071 613 mundi
3117 557 3419 614 secundum
3471 560 3786 617 Hebraicam

2214 654 2499 709 veritatem
2526 652 2683 708 annis
2710 657 2871 719 3952,
2900 650 3203 708 secundum
3242 653 3587 724 septuaginta
3622 654 3786 710 inter-

2217 755 2397 820 pretes
2422 762 2550 801 vero
2578 750 2737 800 5199.

2285 846 2374 895 44.
2400 843 2621 907 (Hum)
2650 838 2896 895 Infantes
2941 854 3040 911 pro
3078 839 3319 894 Domino
3348 839 3704 896 trucidantur
3732 842 3793 897 ab

2216 934 2458 991 Herode.

2289 1034 2381 1083 46.
2413 1027 2635 1083 Asinius
2682 1027 2868 1082 Pollio‘
2898 1034 3087 1082 orator
3116 1026 3373 1082 moritur.

2290 1128 2381 1177 47.
2410 1120 2657 1177 Herodes
2685 1135 2781 1175 rex
2806 1119 2979 1176 Judee
3006 1134 3134 1175 cum
3159 1136 3361 1191 magno
3381 1121 3632 1176 cruciatu
3653 1120 3803 1190 obiit,

2219 1231 2319 1289 pro
2365 1231 2473 1288 quo
2508 1214 2808 1270 Archelaus
2838 1214 3089 1286 regnavit
3117 1214 3277 1269 annis
3323 1219 3376 1269 9.

2292 1315 2379 1365 48.
2413 1311 2606 1365 Fames
2636 1323 2839 1379 magna
2868 1306 3010 1363 facta
3034 1314 3117 1363 est
3143 1310 3339 1363 Roma:
3362 1310 3453 1376 (A.
3487 1313 3551 1364 D.
3579 1313 3662 1373 9).

2294 1409 2382 1459 50.
2424 1402 2687 1475 Tyberius
2744 1403 2930 1458 Caesar
2975 1401 3262 1457 Dalmatas
3308 1404 3701 1475 Sarmatasque
3767 1403 3805 1440 ³³

2224 1498 2459 1569 subegit.

2294 1596 2383 1647 53.
2412 1590 2535 1646 Jani
2585 1598 2758 1661 porta
2788 1593 2852 1645 12
2883 1588 3039 1646 annis
3075 1589 3191 1661 jam
3218 1590 3285 1646 ab
3315 1592 3562 1663 Augusto
3620 1591 3811 1649 clausa:

2225 1685 2560 1757 aperiuntur.

2301 1784 2387 1835 54.
2439 1778 2675 1834 Messala
2712 1778 2978 1833 Corvinus
3008 1784 3194 1833 orator
3231 1776 3488 1833 moritur.

2301 1878 2389 1927 55.
2415 1872 2648 1944 Eclipsis
2674 1872 2805 1927 solis
2844 1870 2985 1926 facta
3015 1878 3115 1925 est.
3454 1884 3457 1885 '

2300 1972 2386 2021 56.
2420 1964 2716 2020 Archelaus
2756 1966 2813 2019 in
2838 1965 3106 2019 Viennam
3141 1963 3333 2019 Gallia:
3373 1963 3567 2018 urbem
3608 1965 3682 2019 ab
3717 1968 3810 2019 Au-

2229 2067 2387 2131 gusto
2414 2059 2703 2130 relegatur,
2734 2065 2790 2113 et
2834 2060 3115 2129 Augustus
3157 2058 3413 2124 moritur,
3443 2073 3588 2111 anno
3648 2060 3813 2113 aetatis

2230 2168 2341 2208 sua:
2370 2157 2464 2206 76°
2492 2194 2506 2219 ,
2529 2160 2584 2207 et
2602 2150 2781 2207 Judea
2806 2150 3092 2207 tetrarchis
3114 2151 3487 2207 committitur
3504 2154 3597 2217 (A.
3618 2155 3686 2206 D.
3712 2154 3813 2220 15).

2304 2246 2675 2303 TYBERIUS
2727 2251 2840 2314 2‘15,
2898 2245 3177 2317 privignus
3248 2244 3501 2318 Augusti,
3574 2246 3815 2317 regnavit

2231 2339 2391 2396 annis
2409 2346 2498 2395 23.

2304 2440 2352 2489 1.
2398 2433 2645 2490 Herodes
2691 2432 2964 2489 tetrarcha
3010 2432 3319 2490 Judeorum
3366 2448 3600 2506 regnum
3653 2434 3819 2491 tenuit

2230 2528 2386 2584 annis
2412 2533 2501 2583 24.

2302 2628 2354 2677 2.
2387 2621 2769 2678 Mathematici
2785 2621 2937 2677 Urbe
2971 2620 3266 2693 pelluntur.
3616 2678 3625 2695 ε

2307 2722 2355 2772 3.
2390 2717 2580 2772 Livius
2602 2715 3013 2788 historiograt'us
3042 2716 3298 2772 moritur.
3322 2713 3549 2773 Ovidius
3573 2725 3745 2789 poeta
3770 2718 3819 2773 in

2232 2811 2391 2868 exilio
2412 2811 2664 2866 moritur.

2302 2912 2356 2960 4.
2389 2904 2750 2961 Germanicus
2788 2918 2820 2959 a
2847 2902 3083 2975 Tyberio
3113 2902 3313 2960 missus
3338 2905 3652 2961 Germanos
3677 2907 3818 2961 vicit.

2301 3006 2353 3054 5.
2389 3000 2704 3065 (CASSIOD.)
2731 2996 3019 3054 Tredecim
3048 2997 3213 3055 urbes
3246 3006 3566 3055 terraemotu
3604 3015 3825 3057 corrue-

533 3100 784 3163 tempora
812 3092 1241 3165 distinguuntur.
1276 3095 1461 3149 Prima
1493 3104 1625 3151 aetas
1656 3096 1724 3151 ab
1744 3096 1922 3152 Adam
1952 3114 2123 3170 usque
2157 3106 2206 3175 ο
2231 3100 2378 3148 runt.
2405 3092 2768 3149 Germanicus
2784 3106 2955 3147 caesar
2982 3092 3240 3148 moritur.

532 3186 600 3243 ad
622 3188 760 3253 Noe,
790 3186 1470 3257 continens‘generationes
1499 3194 1586 3256 10,
1606 3205 1782 3245 annos
1806 3205 1939 3247 vero
1963 3197 2127 3261 1656,

535 3294 659 3351 quae
688 3286 803 3335 tota
833 3279 992 3350 periit
1020 3278 1241 3349 diluvio,
1274 3281 1417 3336 sicut
1446 3280 1737 3338 infantiam
1769 3299 2015 3356 mergere
2044 3301 2129 3342 so-

534 3373 610 3429 let
633 3371 865 3429 oblivio.
894 3373 1144 3430 Secunda
1171 3390 1204 3430 a
1227 3376 1345 3431 Noe
1380 3390 1556 3448 usque
1587 3376 1658 3432 ad
1694 3377 1995 3443 Abraham,
2030 3396 2122 3451 ge-

533 3467 844 3523 nerationes
868 3467 1117 3524 similiter
1144 3470 1427 3541 complexa
1460 3476 1547 3539 10,
1579 3486 1753 3527 annos
1776 3482 1965 3528 autem
1994 3479 2122 3542 296,

534 3574 658 3632 qua:
681 3560 738 3615 in
761 3561 945 3633 lingua
970 3560 1194 3617 inventa
1222 3570 1325 3630 est,
1358 3562 1414 3618 id
1443 3572 1527 3620 est
1555 3564 1611 3619 in
1638 3564 1873 3621 Hebrea.
1905 3569 1955 3619 A
1996 3582 2126 3637 pue-

532 3652 669 3708 ricia
700 3670 940 3726 namque
969 3654 1141 3712 homo
1170 3655 1365 3728 incipit
1393 3672 1555 3712 nosse
1582 3658 1733 3730 loqui
1777 3668 1901 3729 post
1950 3660 2123 3715 infan-

534 3744 670 3800 tiam
701 3762 825 3816 quae
854 3746 953 3801 fari
976 3764 1086 3802 non
1106 3756 1301 3820 potest.
1325 3751 1519 3806 'l‘ercia
1549 3751 1618 3807 ab
1649 3752 1929 3808 Abraham
1955 3770 2126 3826 usque

535 3834 603 3891 ad
632 3837 833 3905 David,
882 3839 1262 3909 generationes
1300 3846 1387 3909 14,
1430 3858 1605 3899 annos
1636 3859 1763 3899 vero
1794 3851 1902 3901 940
1952 3846 2124 3902 conti-

533 3943 698 3995 nens;
728 3937 783 3984 et
826 3930 954 4000 quia
982 3931 1051 3985 ab
1099 3932 1468 3988 adolescentia
1517 3935 1713 4007 incipit
1742 3936 1912 3993 homo
1965 3954 2123 4009 posse

532 4036 809 4093 generare,
823 4022 1076 4080 Matheus
1086 4025 1499 4096 generationum
1512 4042 1573 4082 ex
1595 4027 1874 4085 Abraham
1892 4032 2126 4103 sumpsit

533 4114 851 4182 exordium,
898 4118 987 4189 qui
1036 4126 1093 4174 et
1148 4126 1302 4189 pater
1348 4120 1597 4191 gentium
1640 4123 1963 4181 constitutus
2018 4134 2121 4183 est.

535 4211 741 4281 Quarta
764 4228 797 4269 a
822 4212 999 4268 David
1037 4228 1211 4285 usque
1250 4214 1320 4271 ad
1341 4218 1877 4290 transmigrationem
1907 4221 2123 4279 Babilo-

529 4305 634 4373 nis,
677 4306 1055 4377 generationes
1078 4323 1235 4381 aeque
1270 4315 1334 4364 14
1382 4310 1530 4381 juxta
1584 4312 1891 4383 Matheum,
1947 4333 2119 4374 annos

530 4407 713 4455 autem
759 4404 864 4456 483
911 4402 1210 4473 complexa,
1244 4420 1273 4459 a
1304 4419 1408 4475 qua
1447 4420 1639 4477 regum
1686 4415 1935 4480 tempora
1966 4426 2120 4482 cepe-

2303 3192 2357 3242 6.
2389 3185 2689 3242 Fenestella
2713 3184 3181 3257 historiographus
3195 3194 3251 3241 et
3271 3197 3430 3259 poeta
3456 3189 3717 3244 moritur.

2304 3287 2357 3337 7.
2388 3280 2655 3353 Tyberius
2675 3278 2880 3335 multos
2906 3295 3062 3352 reges
3091 3280 3163 3338 ad
3191 3296 3249 3337 se
3277 3288 3493 3339 vocatos
3521 3280 3654 3338 dolo
3686 3297 3827 3339 nun-

2233 3390 2400 3449 quam
2440 3373 2669 3429 remisit.

2303 3475 2353 3524 8.
2387 3468 2633 3539 Pompeii
2664 3466 2944 3523 theatrum
2974 3469 3255 3524 incensum
3312 3477 3411 3525 est.

2304 3568 2358 3619 9.
2386 3562 2651 3634 Tyberius
2702 3564 2946 3618 Drusum
2974 3571 3291 3619 consortem
3332 3563 3485 3635 regni
3531 3561 3688 3635 fecit,
3735 3564 3825 3636 qui

2233 3656 2431 3714 eodem
2453 3672 2599 3712 anno
2630 3672 2839 3712 veneno
2860 3656 3033 3728 periit.

2307 3757 2392 3806 12.
2427 3750 2633 3806 Pilatus
2654 3765 2851 3820 praeses
2878 3749 3066 3807 Judeat
3097 3765 3128 3806 a
3146 3750 3380 3823 Tyberio
3414 3750 3683 3807 mittitur.

2312 3852 2396 3900 15.
2422 3843 2471 3888 34
2497 3845 2771 3900 Dominus
2794 3845 2949 3899 Jesus
2973 3843 3223 3900 Christus
3250 3860 3279 3899 a
3309 3844 3559 3900 Johanne
3588 3846 3822 3916 baptiza-

2231 3947 2339 4006 tur,
2369 3937 2642 3994 tricesimo
2672 3953 2818 3992 anno
2847 3937 3021 3995 atatis
3050 3953 3165 3996 suae
3192 3938 3483 3996 inchoante
3523 3947 3580 3993 et
3624 3939 3819 4011 praedi-

2232 4046 2356 4088 care
2373 4032 2617 4102 cepit(A.
2646 4035 2712 4085 D.
2741 4033 2855 4100 30).

2308 4131 2390 4199 17.
2421 4125 2702 4181 Iohannes
2723 4124 2957 4195 baptista
3008 4124 3077 4181 ab
3101 4124 3317 4183 Herode
3340 4124 3491 4182 thetr
3502 4125 3663 4183 arcba
3711 4124 3809 4181 de-

2232 4218 2487 4276 collatur.
3474 4226 3481 4235 '

2303 4319 2387 4367 18.
2410 4312 2685 4367 Dominus
2720 4312 3057 4368 lerosolimis
3085 4326 3275 4383 passus
3296 4321 3377 4369 est
3404 4321 3459 4369 et
3489 4312 3809 4369 resurrexit.

2230 4405 2454 4477 Eclipsis
2486 4405 2620 4460 solis
2644 4414 2699 4461 et
2724 4405 2949 4461 maximi
2974 4415 3136 4463 terra:
3163 4414 3347 4463 motus
3390 4405 3517 4462 facti
3558 4415 3711 4462 sunt.

530 4501 678 4548 runt.
742 4495 1009 4550 Juvenilis
1056 4497 1201 4552 enim
1262 4473 1719 4572 dignitas'regno
1760 4473 1843 4557 est
1898 4473 2113 4560 habilis.
2144 4473 2197 4538 Β
2300 4473 2383 4559 19.
2411 4504 3338 4571 (11133.)JacobusfraterDomini,
3368 4505 3820 4562 Ierosolimorum

529 4586 728 4655 Quinta
767 4587 960 4643 deinde
990 4605 1160 4661 usque
1188 4590 1258 4646 ad
1278 4590 1569 4647 adventum
1593 4594 1888 4650 Salvatoris
1917 4596 1975 4650 in
1999 4612 2117 4652 car-

526 4692 676 4746 nem,
725 4681 1163 4749 generationibus
1187 4692 1241 4739 et
1300 4684 1421 4755 ipsa
1456 4693 1540 4754 14,
1572 4688 1728 4743 annis
1775 4696 1961 4745 autem
2009 4697 2114 4746 589

528 4778 769 4826 extenta.
820 4775 883 4827 In
913 4789 1020 4845 qua
1048 4783 1111 4830 ut
1134 4776 1282 4849 gravi
1332 4787 1611 4836 senectute
1652 4783 1794 4838 fessa
1820 4783 1979 4840 malis
2005 4800 2117 4840 cre-

527 4861 799 4920 brioribus
838 4865 989 4936 plebs
1032 4867 1241 4926 Hebrea
1264 4881 1568 4942 quassatur.
1612 4876 1778 4931 Sexta
1820 4892 1942 4949 quae
1969 4893 2114 4933 nunc

528 4958 733 5031 agitur,
791 4960 939 5015 nulla
1004 4964 1414 5033 generationum
1469 4968 1551 5024 vel
1599 4977 1915 5040 temporum
1976 4971 2111 5028 serie

528 5060 698 5121 certa,
721 5060 806 5108 set
824 5061 886 5109 ut
912 5062 1047 5112 tetas
1072 5056 1369 5130 decrepita,
1391 5059 1508 5133 ipsa
1530 5062 1701 5118 totius
1727 5060 1893 5120 seculi
1931 5071 2109 5121 morte

528 5142 785 5202 ferienda.

597 5242 757 5296 Anno
785 5246 855 5295 42
883 5243 1162 5299 Octaviani
1198 5246 1427 5316 Augusti
1475 5247 1723 5315 Caesaris,
1776 5264 1843 5305 ex
1870 5265 1978 5322 quo
2007 5268 2107 5307 au-

522 5341 631 5391 tem
684 5337 932 5409 Egiptus
959 5338 1013 5395 in
1035 5339 1366 5411 provinciam
1391 5340 1612 5399 redacta
1646 5353 1726 5400 est
1745 5353 1800 5401 et
1826 5345 2107 5418 Cleopatra

522 5443 652 5485 cum
688 5430 935 5488 Antonio
965 5432 1108 5489 victa
1146 5432 1237 5490 28°
1265 5448 1432 5505 anno,
1479 5436 1547 5494 ab
1591 5438 1744 5495 Urbe
1788 5455 1915 5495 vero
1968 5456 2102 5497 con-

2223 4598 2511 4669 episcopus
2551 4597 2618 4653 ab
2644 4598 2906 4669 apostolis
2935 4598 3228 4665 ordinatus,
3256 4598 3396 4655 sedit
3426 4600 3587 4655 annis
3617 4602 3709 4655 30.

2225 4693 2527 4762 Stephanus
2556 4694 2854 4762 lapidatum
2879 4694 3081 4749 Paulus
3100 4695 3429 4748 convertitur
3458 4692 3529 4749 ³⁵.

2296 4795 2384 4845 20.
2414 4790 2624 4847 Pilatus
2644 4792 2938 4864 imaginem
2964 4792 3185 4849 caesaris
3214 4793 3274 4849 in
3307 4793 3516 4865 templo
3541 4801 3821 4861 statuens,

2223 4883 2553 4941 seditionem
2582 4886 2831 4942 excitavit
2858 4887 2951 4954 (Α.
2982 4890 3050 4941 D.
3083 4890 3191 4954 35).

2294 4984 2381 5034 21.
2406 4979 2617 5035 Pilatus
2643 4983 2880 5036 Romam
2909 4980 3072 5045 venit,
3097 4989 3155 5036 et
3172 4979 3241 5037 de
3260 4980 3543 5037 miraculis
3580 4982 3817 5038 Domini

2222 5073 2389 5128 cesari
2419 5074 2717 5129 nunciavit.

2291 5166 2379 5216 22.
2422 5161 2685 5234 Tyberius
2736 5176 2798 5216 ea
2840 5177 2960 5233 quae
3003 5178 3033 5216 a
3076 5162 3257 5219 Pilato
3306 5162 3555 5221 audierat
3590 5163 3813 5221 senatui

2218 5254 2511 5323 nunciavit,
2532 5264 2615 5310 set
2644 5262 2867 5312 senatus
2882 5255 3238 5329 contempsit.

2290 5354 2375 5406 23.
2402 5348 2666 5421 Tyberius
2687 5349 2950 5421 pepulum
2974 5353 3294 5409 Romanum
3317 5352 3559 5424 graviter
3590 5349 3820 5416 aﬂlixit,

2219 5450 2275 5499 et
2300 5442 2415 5514 ipse
2436 5457 2646 5500 veneno
2676 5444 2860 5517 periit.

1797 5603 2045 5659 VARUE
2077 5604 2404 5661 LECTION
2412 5604 2511 5663 ES.

593 5726 937 5821 ’:_l?6_’tt§q1tc
963 5735 1404 5821 morteferienda
1440 5740 1730 5821 inﬂabat;
1755 5745 1940 5799 eadem
1969 5749 2066 5802 col.
2098 5748 2292 5804 desunt
2321 5753 2374 5803 3.
2452 5747 2496 5786 31
2524 5752 2739 5819 corrige
2769 5748 2885 5807 Ilia.
2915 5748 2962 5785 ³³
2991 5747 3139 5804 unde
3171 5756 3221 5805 1.
3247 5747 3299 5786 ³³
3327 5749 3697 5821 salmatasque
3756 5757 3803 5803 1.

519 5797 569 5842 34
602 5800 713 5855 haec
731 5797 887 5870 prius
916 5821 1062 5861 anno
1096 5813 1181 5876 14,
1205 5810 1331 5866 Joh.
1368 5840 1437 5851 —
1466 5797 1770 5870 d'ecollatur
1794 5797 1940 5872 anno

2802 5820 2850 5859 ³⁵
2874 5822 2982 5880 haec
3004 5824 3061 5879 in
3091 5837 3269 5894 marg.
3288 5824 3401 5879 alio
3415 5820 3718 5879 atramento
3752 5826 3807 5876 1.
