4062 6182
303 328 439 382 1305

1209 322 1496 378 APPEND.
1536 322 1624 376 Ill.
1662 349 1734 361 -—
1768 320 2185 377 MONUMENTA
2218 321 2678 378 GREGORIANA.

3451 324 3588 378 i306

370 451 499 508 GAI
510 449 595 506 US
615 447 983 505 CALICULA
1011 453 1108 513 3'",
1134 460 1308 503 annos
1333 445 1436 516 4³⁸,
1457 460 1668 503 menses
1690 451 1746 514 6,
1767 444 1886 503 dies
1911 450 1968 515 Α
1994 462 2248 520 magnam
2272 453 2484 518 partem
2517 449 2718 502 Romae
2744 445 3115 502 concremavit
3137 447 3230 514 (Α.
3259 451 3325 503 D.
3361 451 3474 515 65).

301 551 358 614 8,
390 545 469 599 vir
502 543 940 599 scelestissimus.
1195 585 1198 588 .

375 644 427 695 1.
459 635 706 693 Herodes
720 635 960 708 Agrippa
986 649 1084 692 rex
1107 634 1296 692 Judere
1317 650 1349 691 a
1373 634 1513 693 Gaio
1530 633 1885 702 constitutus,

302 730 557 804 regnavit
586 729 745 785 annis
766 736 823 784 7.

372 829 425 879 2.
453 825 485 878 J
492 822 613 880 udei
628 821 773 893 apud
786 821 1172 879 Alexandriam
1190 823 1733 895 proﬂigantur(A.D.
1765 827 1883 893 40);

301 933 404 991 pro
431 916 628 990 quibus
671 915 829 972 Philo
874 915 1210 974 clarissimus
1237 917 1471 990 scriptor
1499 917 1646 989 apud
1684 917 1886 976 Gaium

300 1011 678 1082 interpellans,
709 1009 873 1065 nichil
904 1009 1126 1081 profuit.

373 1111 425 1160 3.
451 1103 662 1160 Pilatus
688 1104 1045 1174 semetipsum
1093 1103 1380 1174 interiecit,
1414 1106 1630 1178 magnis
1679 1122 1711 1162 a
1740 1107 1882 1165 Gaio

301 1196 706 1255 calamitatibus
735 1211 1046 1268 oppressus.

371 1298 423 1348 4.
477 1291 722 1348 Matheus
767 1291 1104 1363 evangelium
1149 1291 1406 1349 hebraice
1443 1293 1678 1364 scripsit.
1713 1293 1886 1351 Gaius

303 1384 568 1442 occiditur
591 1400 621 1440 a
649 1385 1049 1456 protectoribus
1073 1385 1209 1441 suis.

372 1479 745 1536 CLAUDIUS
770 1487 872 1547 4'”,
904 1494 1078 1535 annos
1109 1485 1192 1542 13,
1225 1494 1445 1536 menses
1481 1486 1535 1547 8,
1571 1479 1690 1536 dies
1719 1487 1811 1537 28.

371 1580 424 1628 2.
442 1577 638 1629 Petrus
667 1572 949 1644 apostolus
962 1575 1204 1628 Romam
1239 1574 1416 1642 venit,
1471 1574 1662 1647 ibique
1689 1590 1787 1646 per
1814 1579 1884 1630 25

303 1681 476 1723 annos
497 1666 808 1738 predicans,
838 1666 1212 1738 episcopatum
1240 1667 1436 1723 tenuit.

373 1766 427 1816 3.
465 1759 720 1816 Herodes
748 1760 990 1832 Agrippa
1021 1759 1091 1815 ab
1127 1760 1321 1832 angelo
1350 1776 1641 1832 percussus
1669 1761 1889 1833 expira-

298 1853 402 1922 vit;
454 1869 554 1926 pro
583 1869 693 1925 quo
720 1824 860 1909 ﬁlius
883 1824 1001 1926 ej-us
1032 1824 1275 1926 Agrippa
1327 1824 1576 1926 regnavit
1601 1824 1757 1912 annis
1791 1861 1882 1912 26.
1918 1824 1966 1887 B

301 1950 525 2004 Marcus
549 1947 606 2002 in
631 1947 844 2018 Egipto
890 1946 1208 2019 prmdicavit
1247 1948 1342 2015 (A.
1371 1952 1440 2004 D.
1473 1953 1584 2015 45).

372 2046 426 2096 4.
452 2043 648 2098 Fames
689 2055 888 2114 magna
934 2040 1076 2098 facta
1105 2050 1206 2098 est.
1236 2040 1496 2098 Claudius
1541 2042 1889 2101 Britanniam

302 2134 532 2206 subegit.

370 2234 422 2283 5.
457 2231 609 2284 Nova
640 2228 814 2284 insula
835 2233 902 2285 30
917 2228 1224 2286 stadiorum
1252 2229 1310 2285 in
1335 2229 1474 2286 mari
1504 2230 1741 2300 aparuit.

369 2327 425 2377 6.
456 2322 609 2378 Cives
636 2323 875 2378 Romani
904 2339 936 2378 a
963 2323 1189 2380 Claudio
1226 2322 1500 2380 numerati
1527 2323 1732 2381 inventi
1760 2333 1891 2380 sunt

297 2415 541 2487 sexagies
593 2415 785 2473 novies
839 2424 1066 2473 centum
1120 2425 1176 2473 et
1218 2403 1581 2490 quadraginta
1653 2427 1890 2490 quatuor

299 2511 456 2565 milia
492 2508 559 2563 ³⁷.
1295 2574 1298 2575 ,

370 2609 428 2659 7.
462 2601 770 2660 Judeorum
790 2604 849 2658 in
864 2602 1130 2660 seditione
1159 2608 1358 2672 30,000
1378 2611 1652 2660 necantur
1683 2605 1740 2660 in
1771 2605 1888 2662 die-

300 2698 404 2754 bus
441 2697 750 2753 azimorum
779 2699 868 2763 (A.
893 2702 964 2753 D.
996 2703 1111 2763 49).

367 2796 422 2847 9.
451 2789 713 2847 Claudius
736 2791 941 2847 Judeos
965 2791 1117 2846 Urbe
1144 2792 1370 2862 expulit.

376 2889 457 2940 10.
488 2887 686 2956 Magna
705 2883 880 2940 fames
905 2887 1101 2941 Romae
1127 2884 1265 2940 facta
1288 2892 1389 2939 cst.

375 2985 460 3034 11.
493 2977 750 3035 Claudius
775 2978 1006 3034 Felicem
1037 2985 1452 3049 procuratorem
1511 2976 1702 3033 Judea:
1738 2976 1883 3032 fecit.

374 3078 460 3128 12.
490 3073 588 3128 His
613 3072 954 3143 temporibus
978 3073 1183 3144 Symon
1200 3087 1415 3145 magus,
1444 3071 1777 3144 symoniacae
1793 3070 1889 3127 he-

295 3181 484 3224 reseos
511 3174 705 3222 auctor
723 3166 917 3222 extitit.
953 3167 1045 3233 (A.
1077 3169 1143 3221 D.
1178 3170 1286 3233 55).

374 3266 460 3317 13.
510 3261 775 3334 Egiptius
805 3260 1029 3333 quidam
1060 3259 1534 3332 pseudopropheta
1579 3259 1884 3318 Judeorum
1929 3239 1973 3262 u

301 3356 480 3428 plures
507 3354 791 3423 seducens,
831 3371 864 3411 a
891 3355 1069 3411 Felice
1093 3355 1438 3427 opprimitur.

374 3454 459 3504 14.
511 3448 772 3506 Claudius
822 3463 1035 3506 veneno
1091 3457 1346 3507 mortuus
1399 3457 1504 3518 est,
1562 3464 1706 3506 anno
1753 3459 1884 3506 aeta-

298 3544 369 3602 tis
402 3547 520 3600 64°.
1021 3555 1026 3558 '

371 3639 576 3695 NERO
603 3643 700 3707 5‘”,
734 3652 908 3693 annos
939 3641 1026 3706 13,
1056 3650 1273 3692 menses
1302 3642 1355 3700 7,
1387 3635 1500 3692 dies
1516 3642 1602 3693 28.
1640 3639 1748 3692 Iste
1774 3636 1882 3694 ﬁa-

298 3733 526 3805 gitiosus
562 3733 622 3787 in
651 3732 885 3799 cunctis,
923 3730 1161 3803 primam
1189 3729 1245 3786 in
1273 3729 1599 3788 christianos
1625 3746 1886 3804 persecu-

297 3827 508 3883 tionem
550 3824 807 3882 exercuit.

372 3925 422 3977 1.
450 3918 656 3976 Seditio
695 3917 754 3975 in
790 3919 1036 3976 Caesarea
1060 3925 1199 3986 orta,
1222 3918 1405 3990 plures
1426 3917 1745 3975 Iudaeorum
1771 3933 1890 3992 per-

297 4015 462 4074 didit.

367 4113 421 4165 2.
444 4110 644 4166 Paulus
669 4108 948 4181 apostolus
977 4109 1223 4163 Romam
1243 4122 1276 4164 a
1297 4109 1460 4165 Festo
1491 4106 1722 4179 praeside
1750 4108 1887 4165 mit-

296 4204 453 4261 titur.

374 4297 476 4352 3³⁸.
502 4297 801 4368 Hucusque
832 4295 972 4351 liber
995 4297 1238 4352 Actuum
1285 4294 1683 4367 apostolorum,
1712 4296 1893 4352 conti-

194 4461 199 4464 _
298 4406 437 4449 nens
476 4407 506 4447 a
532 4389 781 4462 passione
799 4388 1028 4445 Domini
1057 4404 1232 4445 annos
1259 4393 1353 4446 27.

367 4494 421 4542 4.
461 4484 669 4542 Statius
697 4491 858 4554 poeta
887 4483 1065 4539 clarus
1103 4483 1334 4539 habetur
1364 4485 1454 4547 (A.
1490 4489 1558 4541 D.
1595 4489 1704 4551 60).

2068 548 2157 596 11.
2196 543 2340 596 Nero
2371 542 2633 596 Senecam
2678 541 3008 610 magistrum
3029 556 3192 596 suum
3240 541 3512 598 interfecit
3535 542 3586 593 ³9

1991 637 2291 689 Ieronimus
2321 637 2378 688 in
2405 636 2542 689 libro
2583 635 2650 689 de
2701 636 2840 689 viris
2864 637 3168 690 illustribus
3201 655 3216 690 :
3243 639 3436 692 Lucius
3465 638 3588 692 An-

1994 729 2118 782 nius
2167 731 2364 784 Seneca
2412 728 2811 795 Cordubiensis,
2871 731 3050 784 Fotini
3072 732 3224 783 stoici
3265 731 3584 799 discipulus,

1989 827 2219 893 patruus
2267 825 2474 879 Lucani
2514 830 2708 893 pocae,
2748 824 2947 878 multas
2976 825 3228 893 epistolas
3257 827 3473 894 scripsit
3514 826 3588 879 ad

1992 917 2226 971 Paulum
2259 918 2558 987 apostolum
2587 923 2637 972 et
2681 918 2882 973 Paulus
2906 918 2979 971 ad
3007 918 3198 983 illum;
3229 921 3393 988 quise
3423 920 3587 974 talem

1992 1011 2135 1065 inter
2164 1026 2285 1066 suos
2313 1012 2430 1077 fore
2454 1013 2680 1081 optavit,
2730 1012 2909 1080 qualis
2941 1013 3144 1067 Paulus
3178 1011 3475 1068 habebatur
3503 1015 3587 1068 in-

1994 1109 2076 1159 ter
2102 1106 2440 1160 christianos.

2070 1204 2156 1253 12.
2190 1198 2555 1270 Vespasianus
2586 1199 2698 1255 dux
2751 1199 3026 1254 exercitus
3064 1198 3332 1255 adversus
3364 1197 3586 1255 Judaeos

1992 1290 2323 1348 rebellantes
2343 1309 2372 1348 a
2402 1296 2616 1350 Nerone
2646 1292 2904 1348 mittitur.

2073 1394 2156 1446 13.
2203 1392 2398 1445 Petrus
2431 1397 2487 1445 et
2515 1389 2713 1445 Paulus
2739 1404 2769 1443 a
2795 1391 3010 1444 Nerone
3035 1395 3258 1459 propter
3283 1387 3586 1460 Symonem

1994 1499 2219 1557 magum
2270 1481 2617 1538 trucidantur
2671 1487 2724 1537 3.
2769 1483 2892 1537 Kal.
2933 1483 3039 1537 Jul.
3110 1480 3154 1514 ⁴⁰
3182 1489 3237 1537 et
3289 1480 3592 1552 pestilentia

1992 1581 2190 1635 Romae
2256 1576 2400 1633 facta
2477 1583 2582 1644 est,
2669 1577 2925 1648 Neroque
2986 1576 3233 1647 seipsum
3314 1574 3592 1632 interfecit

1993 1673 2084 1739 (A.
2117 1677 2181 1728 1).
2209 1675 2317 1738 69).

2070 1766 2219 1834 [Cod.
2253 1767 2310 1819 in
2333 1781 2508 1834 marg.
2544 1783 2560 1820 :
2596 1767 2740 1818 .Hazc
2771 1766 2982 1819 cronica
3009 1764 3064 1819 in
3093 1765 3438 1820 successione
3473 1766 3591 1819 Ro-

2142 1851 2432 1891 manorum
2477 1835 2800 1907 pontiﬁcum
2829 1835 3077 1906 sequitur
3106 1835 3406 1907 Eusebium
3426 1875 3440 1900 ,
3473 1851 3586 1907 non

2139 1905 2505 1979 pontiﬁcalem
2561 1907 2782 1974 librum,
2841 1905 2925 1979 cui
2955 1915 3138 1979 tamen
3166 1907 3336 1976 magis
3387 1905 3444 1960 in
3491 1906 3591 1960 hac

2139 1977 2504 2049 descriptione
2559 1987 2701 2033 esset
2753 1977 3109 2044 credendum,
3153 1987 3214 2033 ut
3243 1986 3399 2049 puto_
3428 1992 3592 2046 quem

2139 2047 2411 2105 Damasus
2442 2066 2578 2121 papa
2600 2058 2794 2120 rogatu
2813 2049 2986 2106 sancti
3014 2047 3269 2105 Ieronim’i
3300 2049 3345 2092 41
3373 2047 3600 2119 diligen-’

2136 2121 2350 2177 tissime
2380 2121 2691 2192 descripsit.
2719 2125 2737 2188 ]

2065 2215 2244 2271 Linus
2273 2214 2483 2287 primus
2511 2229 2541 2268 a
2582 2213 2741 2270 beato
2774 2216 2937 2269 Petro
2963 2229 3098 2284 papa
3126 2211 3268 2268 sedit
3307 2213 3468 2269 annis
3502 2219 3589 2282 12,

1991 2323 2186 2381 passus
2216 2315 2269 2363 6.
2300 2310 2426 2363 Kal.
2460 2309 2705 2364 Decemb.
2731 2307 2800 2361 θ’.

2069 2400 2381 2458 Antiochia:
2434 2399 2710 2457 secundus
2757 2398 3046 2471 episcopus
3087 2397 3374 2455 ordinatur
3427 2403 3590 2470 Igna-

1998 2497 2120 2553 tius.

2061 2590 2308 2645 GALBA
2337 2595 2434 2656 δυ’,
2468 2603 2686 2644 menses
2721 2594 2952 2659 septem.
2996 2585 3201 2643 OTHO
3230 2601 3445 2643 menses
3476 2593 3530 2644 3.

1998 2669 2339 2738 VITELIUS
2371 2696 2587 2736 menses
2603 2687 2656 2736 8.

2066 2775 2560 2830 VESPASIANUS
2589 2778 2688 2840 7|",
2713 2773 2768 2828 in
2791 2773 2967 2830 Judea
2997 2789 3264 2845 pugnans,
3292 2772 3588 2848 imperato;

1996 2867 2066 2924 ab
2097 2870 2335 2924 exercitu
2376 2870 2755 2937 constituitur,
2786 2877 2841 2925 et
2888 2878 3083 2939 regnat
3125 2885 3300 2925 annos
3336 2876 3389 2937 9,
3437 2859 3591 2924 men-

1996 2977 2086 3018 ses
2119 2968 2202 3032 11,
2232 2963 2348 3018 dies
2377 2970 2464 3031 22,
2496 2963 2577 3018 vir
2604 2963 2834 3019 militari
2859 2963 3065 3018 virtute
3101 2963 3433 3034 praecipuus.

2069 3071 2120 3121 1.
2158 3066 2316 3122 Titus
2364 3065 2412 3110 4³
2459 3064 2661 3122 Judeos
2706 3065 3062 3122 inenarrabili
3114 3064 3260 3122 fame
3321 3064 3588 3120 cruciatos

2003 3157 2238 3215 obsedit.

2071 3259 2126 3307 2.
2165 3253 2465 3309 Jerusalem
2516 3270 2546 3308 a
2579 3255 2705 3309 Tito
2745 3262 3048 3327 expugnata
3086 3254 3410 3324 destruitur,
3438 3269 3585 3309 anno

1993 3363 2024 3401 a
2053 3346 2301 3418 passione
2332 3347 2478 3415 42“,
2510 3363 2539 3402 a
2566 3349 2746 3419 prima
2766 3365 2892 3405 vero
2926 3349 3243 3405 conditione
3261 3348 3453 3419 templi
3483 3346 3584 3403 sub

1992 3439 2282 3496 Salomone
2314 3457 2460 3496 anno
2494 3447 2632 3496 1089
2658 3437 2730 3497 4‘.

2062 3541 2114 3590 5.
2170 3537 2291 3591 Hoc
2328 3543 2579 3606 tempore
2619 3533 2889 3607 Josephus
2940 3533 3352 3608 historiograqu
3396 3534 3574 3590 clarus

1992 3627 2246 3685 habetur.

2065 3729 2116 3775 7.
2158 3721 2417 3779 Colossus
2463 3729 2678 3778 erectus
2703 3729 2806 3791 est,
2855 3721 3058 3778 habens
3087 3720 3386 3787 altitudinis
3415 3720 3579 3794 pedes

1995 3819 2118 3870 107.
3575 3828 3578 3830 '

2063 3923 2116 3974 9.
2149 3917 2458 3974 Pestilentia
2487 3919 2686 3974 Romae
2699 3916 2845 3974 facta
2872 3925 2982 3989 est;
3012 3925 3436 3976 etterraemotus
3473 3926 3586 3976 tres

1992 4012 2243 4069 civitates
2266 4012 2412 4084 Cipri
2436 4011 2723 4068 subvertit.

2068 4120 2156 4172 10.
2181 4115 2545 4187 Vespasianus
2572 4115 2843 4186 proﬂuvio
2907 4116 3115 4173 ventris
3153 4117 3213 4172 in
3260 4116 3384 4170 villa
3439 4116 3585 4172 circa

1993 4209 2226 4266 Sabinos
2249 4209 2408 4264 obiit.

2066 4312 2280 4367 TITUS
2308 4317 2409 4382 8‘",
2436 4311 2759 4382 Vespasiani
2788 4311 2950 4380 ﬁlius,
2984 4327 3160 4368 annos
3186 4319 3238 4379 2,
3271 4326 3492 4368 menses
3522 4318 3580 4379 2,

1994 4405 2077 4462 vir
2105 4406 2258 4460 omni
2285 4420 2477 4478 genere
2505 4404 2774 4462 virtutum
2799 4404 3086 4473 mirabilis,
3119 4406 3192 4461 ita
3223 4414 3285 4462 ut
3311 4405 3511 4461 delitia:
3535 4405 3585 4440 ‘5

1995 4508 2050 4556 et
2077 4514 2235 4555 amor
2262 4497 2488 4555 humani
2513 4499 2726 4572 generis
2751 4497 3043 4554 diceretur.

366 4582 601 4674 5-_N°"°_
619 4577 936 4674 Δ’ἕέἔτίνίηδτη
981 4585 1219 4634 mairem
1248 4593 1404 4636 suam
1433 4587 1491 4636 θῖ
1516 4594 1764 4637 sororem
1788 4594 1882 4651 Pa"
1917 4585 1969 4649 D
2073 4608 2124 4658 1.
2152 4603 2308 4658 Titus
2334 4599 2780 4674 anphitbeatrum
2799 4603 2996 4658 Roma:
3011 4599 3336 4670 construxit,
3352 4599 3408 4657 in
3427 4600 3585 4673 cujus

297 4668 396 4725 tris
429 4665 717 4724 interfecit.

369 4764 426 4814 6.
455 4760 601 4814 Nero
627 4755 840 4812 inﬁnita
871 4755 1083 4812 luxuria
1110 4763 1166 4813 et
1191 4755 1413 4812 lascivia
1442 4756 1764 4828 ignaviaque
1793 4760 1885 4814 ba-

296 4847 511 4903 chatur.

365 4941 423 4992 7.
449 4937 646 5003 (Hier.)
700 4935 941 4994 Jacobus
971 4933 1136 4992 frater
1184 4934 1410 4993 Domini
1460 4933 1704 4993 aJudeis
1743 4936 1880 5009 lapi-

297 5021 480 5084 datur.

367 5121 422 5172 8.
473 5117 682 5174 Marcus
726 5115 1053 5189 evangelista
1083 5113 1228 5188 apud
1271 5114 1664 5173 Alexandriam
1695 5132 1886 5188 passus

295 5213 406 5264 est.

366 5299 424 5351 9.
448 5295 774 5352 Neroniana:
792 5294 1026 5352 thermae
1047 5309 1080 5350 a
1105 5297 1328 5351 Nerone
1351 5295 1704 5352 ediﬁcantur.

373 5389 461 5440 10.
481 5384 629 5440 Nero
659 5391 720 5440 ut
746 5382 1160 5441 similitudinem
1183 5384 1364 5456 Troiae
1394 5385 1634 5442 ardentis
1658 5385 1885 5458 videret,

1991 4696 2335 4754 dedicatione
2364 4702 2504 4752 5000
2533 4695 2773 4755 ferarum
2801 4694 3021 4752 occidit.

2063 4807 2118 4855 2.
2170 4799 2473 4856 Anacletus
2499 4815 2638 4870 papa
2668 4803 2768 4866 2“,
2799 4797 2943 4854 sedit
2966 4797 3121 4854 annis
3147 4804 3210 4853 12
3229 4815 3423 4869 passus
3452 4797 3501 4836 ‘5
3524 4804 3578 4852 6.

1998 4895 2121 4950 Kal.
2151 4895 2292 4950 Maii
2326 4895 2451 4948 Post
2497 4891 2543 4942 ⁵7
2575 4895 2767 4949 Linum
2814 4908 3025 4962 papam
3068 4893 3290 4963 quidam
3334 4895 3462 4948 libri
3490 4893 3586 4946 ha-

1995 4990 2116 5045 bent
2141 4988 2346 5044 Cletum
2375 4991 2425 5042 et
2447 4991 2572 5056 post
2602 4986 2917 5042 Clementem
2947 4987 3284 5051 Anacletum,
3315 4993 3394 5042 set
3425 4987 3585 5040 histo-

1990 5086 2080 5138 ria
2106 5082 2324 5138 Eusebii
2352 5080 2556 5137 Cletum
2569 5097 2773 5153 papam
2797 5084 3008 5136 omnino
3029 5083 3298 5152 praeterit.

2062 5187 2220 5243 Titus
2248 5185 2303 5241 in
2327 5183 2520 5242 eadem
2549 5185 2673 5242 villa
2703 5201 2812 5258 qua
2832 5195 2888 5242 et
2918 5192 3071 5256 pater
3094 5183 3246 5250 obiit,
3274 5196 3416 5237 anno
3446 5188 3588 5238 mta-

1995 5281 2065 5337 tis
2094 5295 2209 5336 suae
2230 5286 2319 5334 42.

2065 5381 2521 5439 DOMITIANUS
2547 5387 2647 5452 9'",
2681 5380 2848 5438 frater
2890 5380 3019 5448 Titi,
3067 5379 3222 5435 annis
3256 5385 3340 5450 I5,
3377 5379 3587 5435 mensi-

1582 5502 1831 5560 VABIIE
1869 5500 2286 5562 LECTIONES.

369 5605 422 5645 ³6
451 5607 534 5663 III
561 5621 702 5662 corr.
734 5605 838 5660 IIII
861 5609 910 5659 1.
941 5603 987 5643 ³⁷
1019 5605 1170 5660 LXel
1197 5608 1401 5662 VIIII“
1426 5592 1478 5665 δ
1488 5617 1544 5664 et
1564 5594 1748 5666 ﬁll—1
1781 5616 1831 5666 1.

297 5685 323 5735 1
340 5719 353 5732 .
379 5679 687 5748 adscriptas
714 5682 825 5740 est;
855 5679 933 5730 ita
958 5682 1006 5731 et
1034 5679 1189 5744 infra
1216 5679 1394 5743 LXX,
1422 5684 1472 5736 et
1489 5681 1608 5734 alii.

292 5749 692 5806 “Ieronimil.
802 5746 848 5785 θ’
867 5749 928 5802 Ρ.
958 5750 1048 5803 Vl.
1070 5751 1223 5805 K.D.
1257 5752 1366 5805 alio
1393 5757 1498 5806 atr.
1533 5758 1608 5806 1.‘

1720 5682 1770 5732 ³9
1791 5684 1902 5738 hac
1928 5681 1986 5736 in
2014 5696 2195 5748 marg.
2231 5680 2338 5733 alio
2369 5681 2692 5733 atramento.

802 5746 853 5821 "_
867 5749 928 5802 P.
958 5750 1048 5803 Vl.
1070 5751 1223 5805 K.D.
1257 5752 1366 5805 alio
1393 5757 1498 5806 atr.
1533 5758 1584 5808 1.
1607 5753 1652 5786 ‘3
1673 5770 1851 5809 errore
1879 5755 2110 5808 additur
2130 5746 2279 5806 VIII.
2304 5752 2446 5821 quod
2471 5754 2519 5804 et
2549 5749 2702 5814 infra
2722 5763 2818 5803 suo
2839 5750 2947 5821 loco
2979 5749 3205 5821 habetur
3243 5754 3293 5802 1.
3317 5752 3365 5821 1_.

1978 5607 2050 5663 ³⁸.
2083 5610 2224 5663 Huic
2253 5621 2394 5661 anno
2432 5621 2612 5660 errore
2629 5605 2862 5675 quodam
2889 5621 3138 5661 numerus
3170 5605 3289 5661 LX.
3322 5607 3380 5659 in
3409 5607 3588 5661 codice

2806 5675 2853 5708 ‘°
2881 5678 2956 5731 Ill
2991 5676 3080 5732 Kl.
3114 5677 3220 5732 Jul.
3251 5677 3358 5730 alio
3385 5682 3585 5731 atram.

2806 5750 2947 5801 >loco
2979 5749 3205 5801 habetur
3243 5752 3365 5801 1.1.
3479 5745 3588 5801 “Il

297 5828 352 5879 et
374 5823 400 5876 Ι
441 5821 633 5897 addita
662 5821 775 5897 alio
796 5819 910 5897 alia
957 5824 1064 5897 atr.
1101 5827 1151 5875 1.
1190 5821 1235 5864 4⁸
1266 5821 1478 5897 diuitiae
1512 5830 1559 5877 1.
1590 5831 1642 5878 2.
1677 5824 1725 5871 4°
1749 5841 1804 5897 p.
1836 5827 1929 5882 VI.
1981 5826 2054 5880 Κ.
2085 5827 2162 5880 Μ.
2193 5824 2296 5881 alio
2311 5817 2638 5879 atramento
2666 5835 2756 5875 nec
2780 5820 2852 5874 ad
2889 5819 3212 5876 Anacletum
3252 5819 3345 5874 sed
3375 5818 3449 5876 ad
3475 5817 3588 5871 Cle-

295 5900 402 5952 tem
429 5893 728 5961 referenda.
764 5890 808 5942 ‘7
841 5892 950 5947 hwc
972 5893 1032 5946 in
1057 5909 1230 5962 marg.
1262 5895 1443 5949 eadem
1471 5910 1639 5950 manu
1671 5903 1722 5950 1.
