4052 6196
516 290 650 342 1307

1512 283 1602 336 AD
1640 282 1864 338 OPERA
1902 284 1955 338 S.
1999 281 2318 338 GREGORII
2355 279 2789 337 APPENDICES.

3664 282 3682 332 1
3696 280 3798 333 308

436 400 451 413 ’
513 414 616 470 bus
660 420 715 469 5.
766 414 869 467 Hic
905 407 1161 465 omnibus
1199 406 1435 465 infectus
1488 407 1805 475 sceleribus,
1857 407 2100 466 secundo
2130 410 2180 473 A
2212 410 2519 480 Palicarpus
2588 410 2833 477 Smyrna:
2884 404 3180 476 episcopus,
3234 404 3597 474 apostolorum

521 505 863 580 persequitur
889 502 1237 559 christianos.

588 608 635 656 1.
667 598 1013 654 Domitianus
1042 595 1322 653 eunuchos
1352 595 1467 652 ﬁeri
1493 595 1786 668 prohibuit.

583 698 635 748 2.
666 695 903 748 Decreto
919 700 1139 747 senatus
1157 690 1317 747 Titus
1342 691 1486 747 inter
1514 690 1645 746 deos
1668 691 1917 746 refertur.

585 791 634 842 3.
677 787 811 842 Tres
856 784 1091 859 virgines
1138 787 1317 841 Vesta
1356 784 1427 840 ob
1464 792 1715 856 stuprum
1767 784 2100 841 damnantur

513 880 604 946 (Α.
630 881 694 935 D.
721 882 831 944 85).

581 978 632 1028 4.
676 974 920 1029 Anianus
972 972 1184 1043 primus
1226 980 1351 1043 post
1403 974 1651 1027 Marcum
1706 973 2097 1045 evangelistam

509 1067 793 1138 episc0pus
814 1052 1176 1133 Alexandria,
1204 1073 1327 1137 post
1356 1080 1530 1121 annos
1561 1071 1630 1119 22
1656 1065 1827 1133 obiit;
1865 1082 1962 1137 pro
1987 1082 2098 1138 quo

514 1161 732 1216 Abilius
766 1165 846 1216 2‘"
868 1159 1005 1215 sedit
1034 1158 1188 1215 annis
1223 1163 1304 1213 13.

578 1260 629 1310 6.
665 1254 1017 1310 Domitianus
1044 1268 1107 1311 se
1128 1255 1309 1310 Deum
1339 1259 1397 1309 et
1425 1252 1711 1308 dominum
1727 1253 1949 1324 apellari
1974 1254 2098 1326 jus-

515 1348 603 1402 sit.

578 1444 629 1496 8.
661 1441 1037 1513 Quintilianus
1060 1438 1250 1497 rethor
1276 1442 1473 1496 Roma
1510 1439 1691 1496 clarus
1740 1440 1976 1497 habetur
2004 1443 2094 1508 (A.

512 1540 578 1592 D.
630 1540 738 1603 90).

578 1633 631 1684 9.
673 1629 776 1684 Hic
800 1628 1007 1685 heresis
1029 1627 1310 1685 Menandri
1338 1628 1486 1701 magi
1519 1638 1574 1685 et
1600 1630 2023 1687 Hebionitarum
2042 1639 2097 1688 et

510 1722 950 1781 Cherinthiorum
977 1731 1031 1779 et
1052 1723 1454 1780 Nicolaitarum
1479 1724 1742 1779 exoritur.

2204 506 2384 574 palus.

2276 603 2330 654 9.
2371 599 2490 652 Hoc
2538 603 2787 666 tempore
2837 592 3043 649 Plinius
3085 590 3384 658 Secundus,
3437 590 3799 665 philosophus

2208 693 2408 758 clarus,
2441 707 2539 762 pro
2569 688 2886 745 christianis
2907 687 3205 761 Trajanum
3237 688 3471 759 mitigat.

2284 791 2367 841 10.
2400 785 2588 841 Terra
2616 790 2805 839 motus
2820 783 3023 838 multas
3051 781 3214 837 urbes
3237 780 3521 848 subvertit,
3556 792 3610 838 et
3629 798 3796 840 aurea

2205 879 2404 936 domus
2424 879 2657 935 Neronis
2677 876 2928 933 incendio
2945 876 3125 948 periit,
3154 883 3209 931 et
3234 875 3539 949 pantheum
3562 876 3799 936 fulmine

2206 981 2617 1030 concrematum
2639 980 2721 1027 est
2745 973 2832 1038 (A.
2869 976 2939 1025 D.
2972 969 3115 1040 109).

2278 1072 2363 1122 12.
2400 1064 2701 1122 Alexander
2729 1080 2876 1136 papa
2902 1068 3002 1132 50',
3054 1061 3198 1119 sedit
3246 1064 3406 1119 annis
3436 1068 3503 1121 10
3521 1065 3594 1131 ⁸³,
3614 1069 3717 1135 qui
3744 1071 3793 1122 5.

2207 1163 2381 1219 Nonas
2404 1162 2597 1216 Martii
2623 1160 2878 1214 martirio
2905 1162 3184 1213 coronatus
3212 1162 3309 1213 est.

2282 1260 2366 1309 13.
2416 1252 2753 1311 Alexandria
2782 1251 3000 1308 Primus
3055 1250 3341 1324 episcopus
3369 1259 3625 1325 quartus,
3657 1251 3799 1310 sedit

2212 1351 2277 1403 12
2304 1348 2476 1404 annis.

2279 1446 2363 1496 14.
2415 1443 2549 1499 Post
2573 1442 2795 1499 Iustum
2824 1438 3157 1497 Ierosolima
3196 1440 3512 1512 episeOpum
3541 1438 3796 1497 Zacheus

2208 1533 2367 1589 sedit.
2948 1580 2951 1585 .

2284 1635 2365 1685 15.
2415 1631 2600 1687 Terra
2646 1618 2833 1686 motus
2861 1642 3001 1701 pene
3041 1640 3221 1691 totam
3273 1630 3629 1689 Antiochiam
3667 1627 3799 1685 sub-

2207 1723 2337 1779 ruit.

582 1823 669 1873 10.
696 1819 817 1873 Hoc
855 1826 1097 1891 tempore
1135 1817 1374 1874 Romani
1410 1816 1642 1890 plurima
1682 1818 1819 1875 mala
1860 1835 1891 1875 a
1918 1835 2101 1878 cesare
2130 1788 2177 1851 Β
2286 1823 2370 1873 16.
2400 1816 2669 1888 Trajanus
2710 1817 3056 1885 Asmeniam,
3096 1814 3366 1873 Assiriam
3395 1822 3452 1872 et
3480 1816 3802 1886 Mesopota-

514 1920 570 1968 et
596 1912 663 1968 ab
692 1912 940 1969 hostibus
956 1912 1312 1984 pertulerunt.

586 2011 668 2062 ll.
694 2007 1042 2063 Domitianus
1065 2006 1132 2064 de
1161 2008 1325 2063 Dacis
1346 2015 1400 2062 et
1420 2007 1711 2063 Germanis
1740 2008 2059 2081 triumphat.

585 2106 665 2155 12.
715 2100 973 2156 Clemens
1018 2107 1095 2155 3us
1154 2117 1317 2172 papa,
1366 2100 1507 2156 sedit
1559 2102 1718 2156 anuis
1746 2109 1795 2157 9.
1853 2103 2099 2158 Cornelia

510 2194 661 2264 virgo
692 2193 906 2247 vestalis
937 2193 1007 2248 ob
1042 2200 1291 2264 stuprum
1323 2194 1442 2246 viva
1471 2192 1692 2249 defossa
1716 2203 1813 2250 est.

590 2285 718 2356 [Cod
735 2287 794 2339 in
838 2302 1010 2353 marg.
1043 2305 1060 2339 :
1088 2288 1229 2340 Nota
1262 2285 1307 2322 ‘3
1355 2286 1716 2355 repugnantia
1757 2286 1951 2355 videri,
1978 2287 2097 2344 Cle-

651 2365 898 2427 mentem
927 2372 1122 2427 papam
1154 2362 1249 2411 320
1276 2371 1419 2411 anno
1466 2365 1589 2427 post
1618 2365 1853 2412 mortem
1906 2360 2095 2414 Jacobi

652 2425 840 2499 fratris
866 2425 1093 2481 Domini
1122 2427 1435 2499 intronizrari
1454 2425 1767 2497 apostolica
1794 2429 1932 2499 sedi,
1959 2438 2014 2486 et
2028 2430 2097 2486 ad

652 2498 893 2553 eundem
924 2499 1102 2569 aliqua
1127 2498 1419 2553 decretalia
1452 2499 1845 2572 constituisse]

586 2598 669 2647 13.
704 2592 1046 2647 Domitianus
1074 2592 1275 2647 multos
1306 2590 1578 2649 nobilium
1610 2592 1828 2649 occidit.

582 2692 665 2739 14.
697 2684 979 2741 Johannes
1003 2685 1283 2757 apostolus
1306 2685 1363 2741 in
1384 2686 1647 2741 Pathmos
1666 2687 1901 2743 insulam
1926 2705 1955 2744 a
1987 2691 2098 2745 Do-

511 2779 739 2834 mitiano
770 2779 827 2833 in
853 2778 1071 2835 exilium
1100 2780 1322 2848 missus,
1352 2782 1687 2852 apocalipsin
1715 2782 1949 2854 scripsit.

463 2925 477 2939 ,
581 2878 665 2927 15.
693 2872 1041 2929 Domitianus
1075 2873 1315 2929 Flaviam
1355 2875 1699 2931 Domitillam
1740 2892 1868 2931 cum
1905 2877 2096 2934 multis

510 2966 630 3022 aliis
662 2967 719 3022 in
747 2967 970 3022 exilium
995 2982 1093 3038 pro
1120 2966 1227 3022 ﬁde
1255 2967 1457 3023 Christi
1482 2969 1772 3042 relegavit.

586 3066 669 3116 16.
698 3062 1054 3118 Domitianus
1081 3078 1207 3117 cum
1250 3062 1421 3117 multa
1452 3064 1594 3119 mala
1620 3066 1839 3136 egisset,
1895 3064 2091 3122 crude-

508 3156 632 3211 liter
660 3171 688 3210 a
710 3156 823 3212 suis
852 3155 1170 3211 interfectus
1209 3164 1309 3212 est.

576 3251 830 3305 NERVA
862 3254 992 3316 ιουι,
1023 3264 1211 3319 senex,
1235 3266 1446 3306 annum
1481 3257 1531 3320 1,
1570 3267 1786 3309 menses
1809 3257 1869 3320 4,
1892 3252 2009 3310 dies
2038 3258 2091 3309 8.

508 3344 615 3398 Hic
638 3342 819 3414 primo
847 3341 1027 3398 edicto
1052 3358 1154 3399 suo
1193 3358 1386 3399 omnes
1413 3344 1596 3400 exules
1624 3346 1915 3401 revocavit.

576 3444 626 3492 1.
667 3438 902 3493 Sanctus
926 3437 1209 3494 Iohannes
1243 3438 1526 3510 apostolus
1552 3440 1618 3495 ab
1651 3440 1843 3496 exsilio
1875 3440 2093 3497 rediens
2160 3448 2167 3453 ’

502 3531 845 3601 evangelium
874 3532 1112 3603 scripsit.
1159 3534 1335 3587 Nerva
1363 3532 1560 3589 morbo
1607 3534 1891 3589 confectus
1937 3535 2092 3590 obiit.

575 3626 950 3680 TRAJANUS
998 3632 1131 3693 11"“,
1179 3642 1374 3698 genere
1426 3628 1726 3699 Hispanus,
1776 3644 1945 3683 annos
2008 3635 2093 3697 19,

504 3732 718 3772 menses
749 3724 802 3784 6,
831 3717 948 3772 dies
972 3720 1066 3785 '15,
1097 3718 1176 3772 vir
1206 3720 1280 3774 rei
1312 3720 1544 3791 publica
1574 3722 1745 3791 utilis,
1782 3721 1876 3777 sed
1906 3738 2094 3779 errore

505 3808 780 3879 deceptus,
812 3811 983 3865 tercio
1010 3813 1353 3883 persequitur
1376 3814 1730 3871 christianos.

579 3907 626 3957 1.
668 3901 1016 3958 Alexandria
1076 3904 1253 3958 Cerdo
1308 3906 1594 3976 episcopus
1668 3908 1888 3977 tercius,
1951 3910 2094 3967 sedit

504 3993 659 4050 annis
694 3999 779 4049 12.

576 4093 629 4142 2.
662 4090 901 4144 Joannes
929 4088 1209 4161 apostolus
1245 4090 1388 4161 apud
1414 4090 1692 4163 Ephesum
1733 4092 1993 4149 dormivit
2035 4095 2092 4151 in

503 4199 653 4256 pace,
687 4199 834 4239 anno
860 4199 890 4238 a
921 4182 1174 4255 passione
1208 4185 1432 4239 Domini
1462 4191 1551 4241 68.

574 4278 697 4333 3".
728 4277 899 4333 Liber
953 4278 1129 4334 sancti
1191 4278 1456 4334 leronimi
1508 4279 1576 4335 de
1628 4281 1759 4336 viris
1790 4281 2094 4340 illustribus

502 4374 720 4442 asserit,
766 4372 1101 4428 Clementem
1133 4389 1333 4444 papam
1362 4373 1453 4428 hic
1482 4373 1659 4429 obisse
1688 4381 1741 4429 9.
1789 4377 1916 4432 Kal.
1951 4380 2087 4433 Dec.

517 4467 569 4505 ⁵ο
610 4475 664 4523 et
692 4475 951 4539 quartum
981 4482 1010 4522 a
1031 4467 1191 4523 beato
1213 4470 1378 4523 Petro
1405 4466 1591 4523 fuisse.

2212 1911 2383 1967 miam
2412 1911 2714 1983 provincias
2735 1910 2867 1967 facit
2895 1913 2989 1978 (A.
3009 1916 3077 1967 D.
3113 1916 3263 1979 115).

2284 2015 2371 2064 17.
2401 2010 2645 2082 Ignatius
2670 2007 2981 2066 Antiochia
3004 2008 3291 2079 episcopus
3311 2005 3712 2063 martirizatur.

2285 2116 2370 2166 18.
2422 2111 2584 2168 Judei
2612 2113 2873 2168 commoti
2905 2129 3131 2185 magnas
3168 2113 3329 2169 cedes
3382 2112 3681 2169 hominum
3721 2109 3800 2165 fa-

2208 2202 2375 2273 ciunt,
2414 2214 2500 2260 set
2541 2206 2597 2260 in
2642 2206 2971 2263 Alexandria
3009 2207 3135 2264 victi
3165 2207 3235 2263 ab
3288 2206 3551 2263 omnibus
3603 2206 3803 2276 ubique

2208 2298 2568 2354 trucidantur.

2283 2398 2365 2448 19.
2414 2393 2685 2466 Trajanus
2730 2396 2873 2468 apud
2933 2395 3237 2452 Seleuciam
3297 2393 3568 2467 proﬂuvio
3600 2391 3803 2449 ventris

2208 2487 2461 2554 moritur,
2491 2504 2636 2543 anno
2664 2490 2841 2545 atatis
2869 2495 2961 2546 64.
3568 2504 3571 2505 '

2277 2590 2539 2647 HELIUS
2562 2594 2942 2649 ADRIANUS
2978 2598 3084 2647 12m
3104 2593 3259 2647 anuis
3278 2597 3364 2647 21.
3400 2591 3507 2646 Hic
3538 2606 3642 2661 per
3672 2606 3803 2661 qua—

2205 2681 2429 2739 dratum
2459 2684 2788 2756 discipulum
2812 2687 3191 2757 apostolorum
3221 2694 3276 2741 et
3292 2684 3593 2740 Aristidem
3622 2685 3799 2740 virum

2202 2777 2505 2847 sapientem
2531 2778 2677 2835 libris
2705 2779 3055 2853 apologeticis
3085 2779 3335 2845 edoctus,
3372 2778 3522 2834 mitis
3560 2776 3803 2834 efﬁcitur

2205 2873 2532 2930 christianis.

2279 2974 2328 3023 1.
2359 2969 2632 3026 Adrianus
2666 2970 3055 3028 Alexandriam
3084 2969 3317 3043 publicis
3343 2969 3675 3025 restauravit
3707 2985 3802 3025 ex-

2208 3076 2406 3132 pensrs.

2132 3156 2178 3220 C
2276 3162 2328 3211 2.
2362 3156 2635 3214 Adrianus
2662 3158 2862 3213 iterum
2884 3158 3088 3215 Judeos
3130 3158 3387 3230 proﬂigat
3416 3159 3508 3224 (A.
3543 3161 3611 3213 D.
3651 3162 3805 3223 120).

2278 3266 2328 3314 3.
2362 3260 2541 3315 Sixtus
2570 3275 2707 3331 papa
2732 3265 2832 3329 6'",
2877 3261 3019 3318 sedit
3048 3276 3221 3317 annos
3246 3264 3329 3316 12.
3365 3260 3635 3316 Adrianus
3666 3260 3805 3332 plu-

2206 3355 2346 3411 rima
2372 3351 2581 3410 tributa
2607 3353 2833 3411 relaxat.

2278 3463 2329 3512 4.
2368 3460 2549 3513 Terra
2578 3465 2760 3513 motus
2787 3457 2967 3514 factus
2990 3464 3092 3514 est.
3126 3458 3340 3515 Bellum
3366 3466 3561 3514 contra
3591 3459 3798 3514 Sauro-

2205 3560 2386 3609 matas
2406 3559 2641 3624 gestum.

2276 3654 2329 3703 5.
2363 3645 2636 3701 Adrianus
2664 3644 2721 3700 in
2748 3644 2987 3715 Libiam,
3015 3660 3140 3719 qua
3159 3661 3189 3702 a
3214 3644 3404 3702 Judeis
3424 3652 3643 3702 vastata
3672 3644 3799 3702 fue-

2204 3747 2321 3809 rat,
2346 3739 2588 3795 colonias
2621 3738 2858 3795 deducit.

2273 3845 2330 3898 6.
2385 3837 2728 3895 Alexandria
2751 3837 2997 3894 Justinus
3024 3838 3312 3909 episcopus
3346 3842 3447 3903 5‘”,
3499 3836 3645 3894 sedit
3693 3851 3797 3894 an-

2203 3934 2288 3989 nis
2322 3938 2406 3989 11.
2433 3933 2706 3989 Adrianus
2735 3931 2907 4003 legem
2932 3930 3085 3988 dedit
3108 3930 3559 3987 Atheniensibus.

2273 4044 2325 4093 7.
2376 4036 2710 4093 lerosolimis
2738 4042 2861 4108 post
2893 4035 3202 4110 Philippum
3246 4037 3546 4110 episcopus
3583 4037 3795 4094 Seneca

2207 4138 2338 4187 10‘”.
2371 4132 2464 4197 (A.
2491 4134 2558 4185 D.
2592 4134 2734 4197 125).

2270 4243 2324 4292 8.
2352 4237 2473 4291 Hoc
2496 4243 2747 4305 tempore
2768 4234 2966 4306 Aquila
2988 4234 3257 4305 interpres
3287 4231 3549 4291 habetur.

2271 4346 2324 4395 9.
2371 4338 2647 4394 Adrianus
2683 4337 3032 4410 apologeticis
3068 4347 3390 4395 nostrorum
3436 4336 3694 4410 acceptis,
3721 4336 3791 4393 li-

2199 4442 2342 4488 teras
2366 4447 2464 4503 pro
2494 4430 2804 4487 christianis
2826 4432 2995 4489 misit.

577 4566 627 4615 4.
660 4534 954 4616 ΕζἮηεωε
984 4577 1115 4632 papa
1145 4567 1250 4628 με,
1289 4560 1431 4617 sedit
1477 4561 1635 4616 annis
1664 4568 1697 4616 8
1724 4578 1913 4632 passus
1956 4564 1997 4599 δι
2030 4572 2080 4620 6.
2117 4546 2165 4607 ι)
2271 4542 2356 4591 11.
2389 4534 2489 4632 His
2510 4534 2851 4632 temporibus
2865 4537 3200 4632 §aturniuus
3244 4534 3518 4593 Basilides
3555 4542 3613 4591 et
3645 4534 3787 4591 Car-

506 4654 631 4708 Kal.
664 4655 943 4710 Novembr.
994 4654 1257 4726 Trajanus
1285 4654 1352 4711 de
1394 4656 1558 4710 Dacis
1587 4664 1639 4711 et
1693 4656 1891 4713 Scithis
1921 4658 2089 4714 triuu-

506 4745 658 4818 phat.

571 4846 625 4896 5.
664 4840 928 4913 Trajanus
962 4841 1162 4898 multas
1212 4851 1400 4915 gentes
1428 4846 1684 4901 Romano
1712 4844 1945 4918 subjecit
1978 4846 2084 4903 im-

503 4935 678 5005 perio.

569 5034 623 5085 6.
653 5031 773 5085 Hoc
798 5036 1047 5100 tempore
1096 5031 1358 5101 Symeon,
1391 5030 1607 5103 Cleopa
1637 5030 1800 5101 ﬁlius,
1832 5034 2085 5091 lerosoli-

506 5123 615 5180 mis
682 5122 969 5196 episcopus
1041 5123 1392 5195 cruciﬁgitur.
1484 5126 1727 5196 lgnatius
1779 5127 2084 5186 Antiochia

508 5216 793 5288 episcopus
816 5219 999 5275 clarus
1023 5217 1216 5274 doctor
1245 5216 1501 5273 habetur.
1540 5219 1629 5287 (A.
1664 5223 1729 5274 D.
1763 5224 1908 5287 105).

574 5319 627 5367 8.
661 5313 881 5376 (Hum)
907 5315 1096 5369 Terra
1125 5318 1313 5368 motus
1334 5327 1572 5384 magnus
1595 5313 1870 5371 52.Aclhuc
1896 5318 2087 5384 ﬂoruit

2198 4637 2446 4703 pocratcs
2473 4628 2717 4685 heresim
2744 4629 3128 4687 condiderunt.

2272 4740 2355 4789 12.
2420 4732 2695 4789 Adrianus
2754 4740 2908 4805 pater
2967 4732 3160 4804 patria
3207 4730 3422 4803 primus
3482 4730 3804 4803 appellatur

2196 4828 2285 4893 (Α.
2328 4833 2391 4884 D.
2440 4831 2586 4895 130).

2275 4932 2353 4981 13.
2408 4924 2715 4981 Antiochia
2758 4923 3040 4981 Cornelius
3071 4924 3360 4997 episcopus
3401 4923 3799 4981 constituitur.

2193 5019 2472 5091 Nicopolis
2500 5028 2555 5074 et
2582 5021 2825 5076 Casarea
2852 5027 3015 5075 terra
3040 5026 3198 5075 motu
3219 5024 3567 5074 corruerunt.

2268 5127 2353 5176 14.
2377 5123 2563 5177 Status
2584 5120 2625 5153 ⁵⁵
2649 5138 2797 5190 papa
2815 5121 2913 5175 sub
2942 5120 3192 5176 Adriano
3232 5124 3562 5191 imperatore
3590 5135 3804 5190 passus

2194 5218 2291 5276 est,
2319 5221 2374 5270 8.
2402 5215 2528 5269 Idus
2558 5215 2788 5285 Aprilis.

2272 5323 2354 5374 15.
2376 5315 2775 5389 Thelesphorus
2802 5331 2944 5390 papa
2974 5324 3076 5388 7‘“,
3100 5316 3242 5376 sedit
3262 5314 3419 5374 annis
3446 5322 3478 5371 7
3504 5335 3522 5385 ;
3537 5316 3733 5387 juxta
3761 5316 3806 5352 ⁸⁵

1773 5513 2013 5569 νΑῐὶΙιΕ
2052 5515 2467 5571 LECTIONES.

564 5695 611 5731 ⁸⁸
652 5696 762 5750 alio
802 5698 1188 5775 atramentoin
1209 5707 1466 5775 Ματρί-1.
1517 5698 1560 5732 ⁴⁹
1588 5700 1696 5775 (uec
1744 5705 2043 5775 atramento
2056 5704 2307 5775 paullum
2344 5704 2553 5759 diverso
2579 5706 2781 5760 inserta
2803 5706 2925 5775 suat
2966 5708 3017 5756 1.
3058 5698 3105 5733 ⁸ο
3147 5700 3334 5775 γιιιι.
3358 5697 3480 5775 Kal.
3511 5701 3651 5775 Dec.
3687 5700 3799 5775 alio

493 5772 601 5823 alr.
634 5774 682 5822 1.
799 5767 842 5805 ⁵³
870 5782 1059 5840 passus
1075 5772 1179 5840 7V1.
1216 5767 1342 5826 Kal.
1374 5773 1517 5825 Nov.
1550 5771 1657 5826 alio
1686 5775 1792 5829 atr.
1821 5780 1871 5829 1.

501 5840 609 5896 alio
642 5844 748 5897 atr.
770 5845 821 5899 1.
871 5838 887 5840 ⁷
937 5838 984 5879 ⁵⁵
1010 5839 1133 5896 i.h.
1173 5843 1237 5897 E.
1265 5857 1297 5899 a
1324 5842 1555 5897 XLalio
1580 5846 1690 5900 atr.

1983 5774 2032 5813 ⁵³
2063 5777 2171 5835 hac
2197 5775 2305 5834 alio
2334 5780 2441 5835 atr.
2485 5775 2681 5832 addita
2710 5780 2762 5831 1.

2875 5772 2921 5811 ⁵³
2945 5774 3229 5845 sequentia
3254 5772 3363 5828 alio
3384 5774 3497 5827 αττ.
3523 5776 3574 5827 1.
3609 5768 3662 5806 ⁵⁸
3684 5772 3801 5827 lure
