3988 6188
185 307 322 360 1309

1083 296 1370 359 ΑΡΡΕΝΙ).
1413 302 1497 357 llI.
1539 331 1608 343 —-
1645 294 2061 360 MONUMENTA
2102 303 2561 360 Gl‘lEGORlANA.

3332 306 3470 358 1310

181 429 481 499 hysto-riam
499 427 679 494 (1270)
695 425 911 484 Eusebii
933 428 1089 482 annis
1112 431 1198 482 11.
1230 429 1426 484 Passus
1469 428 1517 466 ⁸⁸
1541 432 1593 484 4.
1625 430 1764 486 Νοη.

1949 437 2038 486 21.
2067 429 2427 502 Jerosolymis
2454 436 2578 500 post
2589 432 2842 486 Marcum
2865 393 3042 485 factus
3066 435 3152 484 est
3178 427 3467 500 episcopus

182 523 462 578 Januarii.

257 619 345 671 16.
393 613 553 672 Judei
612 615 672 670 in
716 627 872 671 arma
923 614 1092 682 versi,
1132 613 1474 670 Palestinam
1521 613 1769 686 depopu-

181 711 383 766 lantur.

257 809 345 860 17.
373 801 722 859 Alexandriae
761 803 1040 860 Eumenes
1065 801 1356 875 episcopus
1383 807 1488 868 6....
1517 799 1656 859 sedit
1675 815 1772 857 an-

181 896 271 953 nis
302 902 367 952 13
396 896 491 963 (A.
523 899 590 952 D.
630 899 774 962 135).

255 993 346 1046 18.
371 988 532 1046 Judei
553 988 755 1046 iterum
780 989 1070 1059 commoti,
1091 987 1304 1060 magnis
1328 988 1534 1062 ubique
1549 988 1772 1047 cedibus

180 1092 502 1141 enecentur.

257 1181 345 1233 19.
393 1176 699 1232 Jerusalem
734 1176 802 1232 ab
829 1175 987 1233 Helio
1015 1176 1064 1228 57
1107 1177 1352 1233 Adriano
1375 1184 1624 1249 reparata
1671 1183 1773 1243 est,

181 1278 243 1326 et
270 1285 338 1326 ex
356 1270 473 1343 ejus
499 1270 728 1326 nomine
757 1270 912 1326 Helia
940 1260 1272 1343 nuncupata,
1299 1278 1354 1327 et
1370 1268 1563 1327 Judeis
1589 1283 1663 1326 ne
1683 1269 1772 1325 in-

178 1364 416 1421 troirent
439 1362 756 1421 interdicta.

258 1462 350 1513 20.
399 1457 620 1514 Primus
668 1472 733 1513 ex
792 1456 1044 1528 gentibus
1093 1456 1434 1514 lerosolimis
1486 1456 1774 1529 episcopus

185 1552 412 1608 Marcus
439 1550 748 1618 ordinatur,
776 1565 906 1608 cum
927 1550 1048 1624 jam
1089 1557 1155 1608 15
1183 1549 1253 1608 de
1274 1550 1580 1608 Judeorum
1613 1557 1776 1622 gente

181 1645 446 1703 obissent.

254 1746 343 1797 21.
367 1738 644 1797 Adrianus
666 1739 864 1798 morbo
887 1740 1175 1798 intercutis
1197 1755 1356 1814 aqua
1378 1742 1635 1809 moritur,
1665 1755 1775 1797 ma-

167 1835 266 1907 jor
293 1835 658 1908 sexagenario.

254 1928 690 1997 ANTONINUS,
716 1937 1086 2003 cognomento
1113 1930 1242 1988 Pius
1269 1935 1402 1999 13M,
1428 1931 1586 1987 annis
1607 1935 1677 1987 23
1699 1929 1774 1998 ⁵⁸,

179 2025 466 2082 mensibus
489 2031 542 2081 3.
575 2028 681 2082 Iste
709 2040 804 2098 per
823 2027 1225 2098 apologeticum
1251 2026 1470 2095 Justini,
1501 2025 1774 2084 christiani

179 2118 495 2192 philosophi
528 2119 579 2169 59
626 2128 682 2176 et
721 2127 914 2192 postea
949 2120 1216 2191 martiris,
1245 2120 1493 2191 edoctus,
1530 2121 1772 2178 clemens

175 2212 418 2270 efﬁcitur
447 2214 672 2270 nostris.

256 2314 308 2365 1.
339 2307 556 2380 Yginus
592 2323 729 2381 papa
751 2313 852 2379 ειη,
877 2307 1024 2366 sedit
1048 2309 1208 2366 annis
1231 2315 1266 2364 4
1295 2308 1370 2366 5°.
1399 2311 1500 2366 Hic
1528 2310 1772 2366 discessth

175 2408 233 2458 4.
261 2401 389 2459 Idus
414 2405 537 2458 Jan.
569 2404 659 2470 (A.
689 2405 745 2458 D.
773 2403 918 2476 140).

255 2501 306 2554 2.
333 2497 653 2553 Antoninus
675 2505 826 2568 pater
846 2497 1038 2569 patria
1060 2497 1344 2568 apellatur.

256 2595 307 2646 3.
357 2590 682 2646 Valentinus
709 2599 766 2647 et
801 2590 1003 2660 Cerdo,
1053 2599 1107 2646 et
1134 2599 1259 2662 post
1299 2591 1405 2646 hos
1442 2590 1693 2647 Marcion
1721 2600 1775 2648 et

175 2686 401 2741 Marcus
438 2683 708 2741 aclesiam
733 2683 913 2742 heresi
943 2685 1289 2757 impugnant.

255 2784 308 2834 4.
359 2777 666 2834 Justinus61
709 2777 1072 2851 philosophus
1109 2793 1208 2850 pro
1247 2776 1556 2835 christianis
1585 2778 1773 2851 apolo-

176 2871 404 2944 geticon
428 2872 716 2928 Antonino
743 2871 982 2944 scripsit.

257 2971 308 3021 5.
341 2967 494 3022 Prius
515 2981 652 3038 papa
679 2972 779 3036 θυι,
807 2965 952 3023 sedit
974 2965 1131 3023 annis
1155 2965 1290 3022 15⁸³*
1322 2967 1427 3023 Hic
1443 2966 1688 3023 discessit
1711 2971 1765 3022 4.

175 3059 314 3117 Idus
341 3061 500 3117 Julii.

256 3161 308 3210 6.
340 3153 646 3213 Antiochia
681 3154 1038 3213 constituitur
1055 3153 1346 3228 episcopus
1375 3157 1556 3212 Heroa
1585 3156 1678 3225 (Α.
1706 3159 1773 3212 D.

182 3252 333 3317 145).

253 3348 310 3399 9.
367 3341 712 3401 Alexandria
751 3343 972 3400 Marcus
1005 3343 1291 3416 episcopus
1343 3350 1444 3411 7‘",
1491 3342 1632 3400 sedit
1673 3358 1773 3399 an-

172 3437 274 3494 nis
304 3444 386 3492 10.
1269 3442 1277 3447 ‘

265 3539 330 3587 10
364 3530 426 3585 53.
471 3534 598 3588 Pius
631 3547 782 3603 papa
808 3532 980 3601 juxta
1011 3532 1386 3601 baptisterium
1413 3536 1612 3587 sancta:
1649 3533 1780 3586 Pra-

170 3627 344 3683 xedis
367 3629 689 3683 consecrauit
717 3626 937 3682 titulum
963 3628 1138 3680 sancti
1163 3627 1398 3694 Hermae,
1426 3627 1492 3681 de
1513 3642 1616 3696 quo
1633 3628 1776 3696 Apo-

177 3723 350 3778 stolus
379 3721 453 3775 ad
491 3725 754 3778 Romanos
795 3737 811 3770 :
847 3737 873 3771 «
913 3721 1159 3776 Salutate
1184 3719 1588 3791 Phlegontham,
1637 3723 1774 3776 Her-

179 3830 324 3878 men,
369 3837 396 3863 »
430 3814 587 3883 cujus
631 3811 869 3868 creditur
911 3827 1017 3869 esse
1057 3813 1191 3868 liber
1232 3814 1324 3867 ille
1348 3815 1618 3880 Pastoris;
1654 3815 1776 3869 licet

178 3909 484 3981 apocrifus,
515 3910 613 3978 qui
638 3907 785 3978 apud
806 3905 993 3962 Grecos
1012 3908 1242 3962 multum
1269 3909 1525 3964 usitatur.

259 4005 349 4056 13.
378 3998 702 4071 Apollonius
749 4006 804 4054 et
842 3998 1108 4055 Basilides
1146 3999 1452 4072 philosophi
1495 4001 1627 4057 clari
1669 4001 1773 4058 .ba-

178 4095 384 4151 bentur
407 4093 502 4158 (A.
542 4095 613 4148 D.
660 4095 804 4160 152).

264 4193 350 4244 17.
384 4189 645 4245 Crescens
670 4187 890 4244 Cinicus
915 4186 1294 4259 philosophus,
1327 4187 1545 4243 Justino
1587 4197 1777 4247 nostro

171 4281 511 4358 philosopho
533 4281 975 4354 persecutionem
995 4280 1315 4349 commovit,
1339 4281 1396 4337 in
1423 4296 1532 4354 qua
1560 4281 1652 4339 ille
1677 4297 1776 4354 pro

171 4376 400 4435 Christo
431 4375 704 4433 occubuit.

264 4476 348 4528 18.
379 4469 728 4528 Alexandria
752 4469 1011 4528 Celadion
1039 4470 1331 4544 episcopus
1360 4475 1470 4540 8'",
1495 4470 1642 4528 sedit
1669 4487 1777 4529 an-

172 4565 275 4624 nis
314 4571 401 4622 14.

1877 525 2178 582 Cassianus
2197 530 2308 578 17us
2329 523 2422 590 (A.
2450 527 2516 578 D.
2548 525 2693 593 160).

1949 623 2044 673 22.
2082 617 2394 674 Antoninus
2412 618 2542 674 Pius
2561 616 2709 689 apud
2729 617 2956 673 Lorium
2983 617 3142 683 obiit,
3165 631 3309 672 anno
3331 626 3460 676 ata-

1881 712 1952 769 tis
1981 718 2048 767 '77
2080 711 2153 766 ⁵⁸.
3043 765 3045 768 .

1948 806 2248 862 MARCUS
2272 807 2678 862 ANTONINUS
2700 806 2950 862 VERUS
2980 811 3115 872 14‘“,
3143 820 3270 859 cum
3301 803 3467 861 fratre

1880 900 2054 956 Lucio
2080 899 2304 956 Aurelio
2335 899 2666 967 Commodo,
2697 899 2856 955 annis
2881 906 2967 968 19,
2997 915 3186 956 mense
3220 905 3270 954 1.

1955 999 2005 1049 1.
2036 993 2108 1048 Hi
2135 994 2383 1067 primum
2411 1009 2570 1065 aquo
2583 993 2707 1066 jure
2743 993 3266 1050 administraverunt
3290 992 3467 1064 impe-

1881 1087 2046 1144 rium.

1949 1186 2002 1237 2.
2065 1181 2237 1237 Lucio
2283 1181 2453 1238 cesari
2498 1181 2731 1237 Athenis
2806 1180 3158 1249 sacriﬁcanti,
3205 1179 3349 1253 ignis
3399 1178 3472 1236 ab

1880 1275 2091 1332 oriente
2128 1274 2468 1331 occidentem
2504 1275 2560 1330 in
2587 1277 2704 1331 celo
2740 1274 2865 1330 ferri
2902 1275 3053 1330 visus
3081 1283 3184 1330 est.

1954 1375 2013 1426 8.
2040 1370 2250 1425 Fronto
2279 1377 2462 1426 orator
2483 1370 2708 1441 insignis
2733 1367 2963 1424 habetur
2993 1369 3082 1435 (A.
3115 1372 3180 1424 D.
3219 1367 3367 1436 165).

1959 1469 2013 1518 4.
2043 1465 2288 1520 Caesares
2316 1462 2384 1520 de
2413 1463 2628 1519 Parthis
2652 1449 3005 1535 triunphant.

1950 1563 2009 1614 5.
2065 1557 2178 1614 Sub
2226 1557 2313 1613 his
2367 1557 2698 1630 principibus
2742 1566 2935 1629 quarta
2966 1555 3274 1628 persecutio
3321 1561 3469 1619 orta,

1882 1651 2032 1723 apud
2070 1652 2258 1708 Asiam
2285 1651 2635 1723 Poliearpum
2659 1667 2786 1708 cum
2808 1650 3080 1723 plurimis,
3113 1656 3166 1706 et
3201 1649 3262 1705 in
3290 1646 3472 1705 Gallia

1881 1745 2086 1802 multos
2113 1753 2428 1802 sanctorum
2458 1745 2756 1802 coronavit.

1801 1833 1850 1895 B
1956 1845 1989 1894 7
2010 1837 2085 1893 ‘7.
2139 1842 2261 1896 Hoc
2301 1848 2549 1911 tempore
2575 1839 2816 1896 maxima
2864 1839 2982 1895 lues
3008 1838 3213 1894 multas
3253 1834 3479 1892 vastavit

1885 1932 2070 2000 urbes,
2100 1942 2154 1989 et
2177 1935 2474 1990 exercitum
2503 1937 2822 1990 Romanum
2849 1947 2986 2004 pene
3015 1931 3230 1989 delevit.

1952 2043 2008 2092 8.
2036 2036 2236 2093 Sother
2263 2053 2399 2108 papa
2438 2041 2570 2106 11M,
2597 2037 2740 2094 sedit
2767 2036 2927 2092 annis
2957 2043 2994 2092 9
3022 2035 3095 2091 6⁸.
3137 2039 3237 2091 Hic
3273 2033 3326 2083 69
3366 2034 3475 2088 dis-

1883 2131 2037 2185 cessit
2077 2135 2162 2185 11.
2195 2132 2315 2185 Kal.
2349 2132 2504 2185 Maii.
2549 2129 2854 2185 Antiochia
2892 2127 3233 2200 Theophilus
3262 2127 3473 2200 episco-

1882 2239 2003 2296 pus,
2031 2223 2109 2278 vir
2133 2223 2373 2295 sapiens,
2395 2222 2680 2279 ordinatur
2699 2225 2794 2289 (Α.
2834 2226 2898 2277 D.
2936 2223 3082 2291 170).

1956 2322 2042 2373 10.
2083 2316 2429 2374 Alexandria
2477 2323 2556 2372 9us
2613 2314 2942 2389 Agrippinus
2988 2317 3278 2386 episcopus
3330 2312 3476 2371 sedit

1883 2411 2038 2468 annis
2071 2418 2152 2468 10.
2193 2411 2400 2467 Lucius
2432 2425 2584 2466 cesar
2609 2406 2860 2482 apoplexi
2888 2410 3173 2465 extinctus
3202 2416 3304 2465 est.

1959 2522 2043 2570 11.
2068 2517 2294 2583 (Hum)
2340 2514 2434 2569 His
2463 2513 2804 2585 temporibus
2841 2513 3164 2586 Egesippus,
3198 2511 3508 2588 Dionisius,

1883 2607 2129 2665 Corinthi
2153 2607 2459 2679 episcopus,
2490 2607 2717 2680 Pynitus
2744 2609 2920 2663 Creta
2949 2609 3253 2679 episcopus,
3294 2607 3480 2662 Theo—

1887 2700 2072 2774 philus
2093 2700 2390 2757 Antiochia
2411 2701 2718 2772 episcopus,
2741 2699 3032 2755 Modestus
3053 2705 3233 2768 (1271)
3255 2701 3466 2765 Melito,

1885 2794 2221 2868 Apollinaris
2249 2802 2305 2849 et
2341 2793 2431 2849 alii
2474 2793 2696 2866 plurimi
2734 2792 2994 2849 doctores
3023 2793 3155 2848 clari
3183 2791 3472 2848 habentur.

1961 2898 2047 2950 13.
2076 2891 2481 2965 Katafrigarum
2512 2891 2719 2947 heresis
2747 2890 2937 2946 oritur.

1953 2992 2037 3043 14.
2080 2990 2201 3044 Hoc
2228 2995 2476 3060 tempore
2508 2986 2776 3042 Datianus
2803 2984 2848 3018 ⁷ο
2876 2983 3111 3041 heresim
3150 2983 3472 3038 Encratica-

1885 3102 2009 3144 rum
2039 3085 2244 3142 condit.

1962 3187 2046 3238 15.
2081 3178 2397 3237 Antoninus
2426 3177 2803 3236 Commodum
2841 3177 3019 3234 ﬁlium
3048 3183 3363 3233 consortem
3388 3190 3477 3230 re-

1887 3283 1977 3357 gni
2002 3282 2149 3340 fecit.

1965 3383 2044 3433 16.
2074 3379 2440 3448 Imperatores
2463 3375 2530 3433 de
2553 3373 2806 3431 hostibus
2839 3372 3184 3445 triumphant
3212 3380 3266 3426 et
3293 3370 3476 3427 debita

1887 3469 2028 3542 plebi
2054 3470 2320 3528 relaxant.

1962 3576 2044 3624 17.
2081 3567 2404 3624 Eleutherus
2429 3567 2471 3602 τί
2511 3582 2647 3639 papa
2679 3572 2791 3622 12‘"
2821 3565 2963 3622 sedit
2985 3565 3145 3621 annis
3179 3571 3263 3620 13.
3296 3567 3396 3620 Hic
3425 3565 3475 3616 7'

1885 3663 2126 3718 discessit
2150 3669 2203 3718 8.
2227 3664 2347 3718 Kal.
2379 3665 2506 3718 Jun.
2526 3661 2736 3718 Lucius
2759 3659 3057 3717 Britannia
3085 3676 3183 3716 rex
3210 3659 3278 3715 ab
3306 3658 3475 3716 Eleu-

1884 3765 2006 3813 tero
2038 3772 2173 3828 papa
2199 3764 2258 3812 ut
2283 3755 2609 3812 christianus
2633 3753 2930 3822 efﬁciatur,
2962 3754 3242 3826 impetrat.

1971 3866 2060 3916 18.
2092 3858 2406 3915 Antoninus
2431 3858 2487 3912 in
2512 3857 2791 3914 Pannonia
2821 3857 3052 3913 moritur
3079 3858 3170 3923 (A.
3220 3860 3287 3911 D.
3332 3861 3471 3923 180).

1956 3963 2224 4020 LUCIUS
2279 3962 2703 4018 ANTONINUS
2745 3960 3295 4024 COMMODUSJ5“
3351 3967 3475 4030 post

1884 4065 2119 4115 mortem
2149 4056 2320 4129 patris
2343 4071 2516 4112 annos
2540 4061 2605 4111 13
2634 4054 2893 4127 regnavit.
2925 4055 3031 4110 Hic
3059 4054 3366 4109 Germanos
3394 4049 3478 4108 fe-

1885 4150 2059 4207 liciter
2082 4151 2234 4218 vicit;
2267 4157 2530 4205 caterum
2558 4148 2826 4204 obscenus
2853 4155 2909 4202 et
2947 4161 3148 4217 pravus
3177 4144 3297 4201 fuit.

1962 4260 2010 4308 1.
2052 4252 2401 4329 Alexandria
2429 4251 2678 4307 Julianus
2722 4250 3010 4322 episcopus
3043 4255 3153 4304 10‘"
3187 4247 3328 4304 sedit
3377 4264 3477 4303 an-

1884 4346 1969 4402 nis
1998 4351 2081 4401 10.

1959 4447 2010 4496 2.
2039 4439 2256 4512 Serapis
2282 4437 2548 4511 templum
2580 4435 2926 4493 Alexandria
2951 4436 3239 4492 incensum
3262 4441 3364 4490 est.

1961 4549 2011 4598 3.
2036 4545 2157 4600 Hoc
2186 4551 2433 4614 tempore
2460 4543 2738 4597 Pantenus
2766 4547 2821 4596 et
2848 4539 3104 4596 Clemens
3137 4538 3475 4597 Alexandria

263 4663 348 4714 19.
379 4659 644 4714 Anicetus
672 4672 815 4730 papa
839 4664 976 4728 10“,
1008 4657 1147 4716 sedit
1175 4659 1340 4715 annis
1369 4666 1452 4716 11.
1485 4659 1774 4719 Martirio’“

1935 4637 2018 4694 ari
2048 4637 2321 4693 habentur
2350 4637 2442 4704 (Α.
2474 4639 2540 4690 D.
2581 4637 2722 4702 185).

172 4758 464 4812 coronatus
488 4758 572 4809 16.
605 4755 731 4808 Kal.
766 4756 903 4810 Maii
929 4773 946 4806 :
981 4753 1148 4825 Cujus
1178 4754 1226 4792 6⁵
1256 4760 1493 4825 tempore
1520 4762 1777 4812 memorat

173 4849 498 4919 Egesippus,
525 4862 580 4903 se
603 4851 825 4905 Romam
848 4851 1070 4914 venisse,
1101 4850 1282 4919 ibique
1307 4864 1474 4919 usque
1497 4851 1571 4906 ad
1623 4850 1782 4907 Eleu-

175 4949 336 5001 trum
359 4958 557 5014 papam
573 4943 956 5014 permansisse.

1957 4750 2012 4796 4.
2049 4738 2382 4796 lerosolimis
2405 4737 2686 4794 Maximus
2715 4737 3003 4809 episcopus
3021 4735 3307 4796 ordinatur
3348 4745 3481 4797 27'".

1960 4850 2014 4901 5.
2045 4842 2460 4902 Commodiana
2487 4843 2717 4901 therma
2749 4845 2944 4901 Roma
2971 4841 3128 4902 facta
3155 4853 3302 4902 sunt.

1963 4954 2016 5006 6.
2039 4947 2306 5021 ',Origenis
2342 4948 2486 5021 apud
2513 4947 2910 5006 Alexandriam
2937 4949 3202 5007 nascitur.

1479 5083 1722 5138 VARI/E
1759 5083 2168 5142 LECTIONES.

261 5203 304 5276 ἕο
333 5206 393 5260 Ρ.
426 5206 548 5276 llll.
588 5205 657 5260 N.
701 5206 743 5260 Ι.
777 5205 886 5260 alio
910 5206 1105 5276 iterum
1128 5171 1242 5262 at-r.
1286 5205 1336 5256 57
1369 5207 1598 5262 rubrum
1641 5207 1717 5274 (h)
1762 5215 1812 5263 1.
1847 5206 1894 5243 ⁵⁸
1926 5211 2110 5266 XXII.
2151 5226 2287 5266 corr.
2311 5212 2532 5268 XXIII.
2570 5216 2618 5267 1.
2643 5210 2688 5244 5°
2715 5211 2774 5268 in
2803 5213 2910 5269 loco
2950 5228 3070 5268 raso
3112 5217 3158 5265 1.
3184 5209 3236 5245 6ο
3279 5209 3486 5276 reliqua

179 5274 298 5347 alio
346 5281 457 5330 alr.
501 5274 544 5312 ⁶¹
592 5277 780 5331 Justus
832 5281 885 5333 1.
934 5274 976 5308 ”
1028 5278 1235 5347 reliqua
1279 5279 1390 5333 alio
1429 5283 1536 5333 atr.
1593 5285 1639 5333 1.
1689 5279 1738 5314 6³
1789 5280 1902 5336 hac
1938 5283 2046 5336 alio
2102 5287 2402 5337 atramento
2453 5288 2505 5338 1.
2559 5284 2618 5337 in
2659 5284 2828 5339 Gestis
2874 5289 3044 5347 ponit.
3093 5274 3482 5336 desiderant—ur.

181 5345 232 5380 ⁸⁸
276 5362 351 5401 m.
387 5348 617 5421 cLXVI
666 5349 861 5421 ΚᾏΜ.
908 5345 1157 5421 alioatr,
1198 5354 1246 5404 1.
1291 5349 1336 5385 ⁸⁵
1387 5349 1555 5421 Cujus
1589 5381 1660 5392 ——
1696 5352 2054 5418 permansisse
2082 5355 2190 5408 alio
2214 5356 2411 5408 iterum
2440 5359 2738 5411 atramento
2782 5361 2828 5410 1.

178 5433 361 5473 annus
409 5418 596 5473 XIIII.
645 5419 858 5474 XXllI.
908 5417 959 5471 δ’]
1007 5419 1116 5473 hac
1143 5422 1199 5473 in
1255 5422 1360 5475 loco
1403 5417 1524 5477 raso
1591 5417 1706 5478 1.”
1754 5425 1900 5479 Vlll.
1956 5441 2093 5480 corr.
2147 5427 2317 5480 Vllll.
2385 5432 2431 5481 1.
2487 5425 2533 5462 θ’
2595 5429 2666 5482 Η.
2714 5425 2773 5481 d.
2823 5428 2924 5481 XI.
2972 5427 3044 5479 Κ.
3095 5423 3171 5476 Μ.

2889 5356 2913 5391 δ
2951 5356 3056 5408 alio
3096 5356 3203 5404 atr.
3254 5351 3486 5405 advlitur

3225 5422 3331 5475 alio
3375 5428 3483 5478 atr.

181 5499 242 5570 ’ζῇ
290 5490 404 5560 lege
439 5489 711 5570 'i‘atianus.
759 5487 801 5522 '"
933 5491 1173 5570 p._XI_l._
1194 5507 1238 5544 s.
1279 5508 1325 5546 a.
1356 5494 1988 5570 _X1All_.‘_p1_'imumiinitio
2017 5499 2152 5551 amri
2185 5502 2266 5552 15.
2298 5500 2522 5570 scripta,
2564 5503 2677 5554 tum
2699 5513 2838 5553 anno
2884 5502 2966 5552 16.
3003 5493 3257 5563 subjecta,
3290 5499 3339 5549 ct
3376 5495 3486 5551 alio

182 5562 386 5616 iterum
413 5565 614 5618 atram.
647 5576 787 5619 anno
817 5566 906 5618 17.
937 5562 1212 5632 adscripta
1239 5567 1384 5620 sunt.
1419 5564 1466 5615 7'
1493 5562 1650 5623 Hfd.
1681 5567 1780 5622 III.
1815 5569 1889 5622 Κ.
1921 5571 1966 5624 l.
2001 5570 2109 5624 alio
2137 5572 2319 5628 atram

1719 5693 1952 5750 NOT/E.

257 5813 440 5889 (1270)
469 5811 684 5889 S_cilicet
703 5811 1005 5889 Chronicon
1030 5812 1345 5885 Hieronymi
1375 5822 1430 5871 et
1455 5816 1612 5874 Gesta
1633 5825 1807 5889 pontt.
1842 5823 2007 5878 Rom.

261 5882 447 5954 (1271)
480 5885 644 5940 Deest
672 5883 818 5956 apud
847 5882 1266 5954 Hieronymum.
