4052 6196
513 311 642 364 1311

1514 305 1603 357 AD
1640 303 1867 359 OPERA
1904 304 1959 358 S.
2000 302 2321 359 GREGORII
2358 304 2793 360 APPENDICES.

3664 305 3789 357 1312

582 442 635 489 7.
668 434 781 489 Hoc
824 442 1070 502 tempore
1110 432 1406 486 Montanus
1447 428 1673 501 quidam
1710 427 2099 501 catafrigarum
2128 433 2181 495 Α
2280 447 2333 499 7.
2366 430 2678 485 Antoninus
2706 426 3050 494 interﬁcitur,
3079 441 3225 483 anno
3262 426 3388 483 vita
3421 432 3505 483 43.

511 529 750 587 heresim
778 526 985 581 condit.

581 631 632 679 8.
660 622 952 687 Hireneus,
992 616 1368 690 Lugdunensis
1391 618 1695 690 episcopus,
1720 625 1774 673 et
1798 618 1886 674 alii
1910 616 2099 675 docto-

510 732 598 771 res
625 714 958 769 claruerunt.

578 814 631 864 9.
679 807 1010 879 Capitolium
1040 809 1239 862 Roma
1278 814 1331 861 et
1358 805 1688 863 bibliotheca
1718 806 1941 862 fulmine
1974 822 2095 863 cre-

509 910 732 958 mantur
761 903 852 968 (A.
885 905 953 956 D.
992 905 1136 965 190).

583 1002 669 1051 10.
698 997 885 1051 Victor
910 994 959 1045 73
986 1010 1124 1066 papa
1155 999 1267 1049 13us
1294 993 1434 1050 sedit
1471 994 1629 1049 annis
1658 998 1744 1049 11.
1782 995 2097 1051 Demetrius

505 1090 849 1146 Alexandria
898 1096 1007 1145 11us
1054 1088 1359 1159 episc0pus,
1408 1088 1567 1142 annis
1598 1093 1689 1143 43.
1748 1088 2097 1144 Commodus

506 1184 702 1239 colossi
755 1182 932 1254 capite
980 1182 1217 1250 sublato,
1266 1196 1378 1238 sua
1429 1181 1679 1253 imaginis
1729 1190 1894 1251 caput
1931 1182 2099 1253 jussit

506 1277 740 1349 imponi.

580 1375 663 1426 12.
695 1372 895 1441 Magna
920 1369 1133 1440 questio
1158 1368 1225 1425 de
1246 1368 1440 1440 pascha
1467 1368 1659 1438 oritur,
1700 1377 1755 1425 et
1776 1370 1833 1425 in
1861 1368 2098 1425 domini-

506 1480 568 1520 ca
599 1463 691 1520 die
716 1464 974 1519 celebrari
994 1463 1238 1535 jubetur.

583 1564 665 1613 13.
690 1557 1030 1613 Commodus
1051 1557 1261 1613 cunctis
1286 1556 1695 1622 incommodus,
1722 1558 1779 1612 in
1798 1557 1968 1613 domo
1989 1560 2095 1614 Ve-

504 1650 626 1707 stali
656 1651 1040 1722 strangulatur.
1072 1653 1345 1707 HELIUS
1372 1651 1749 1707 PERTINAX
1780 1657 1913 1719 16‘",
1944 1668 2096 1707 men-

504 1744 653 1801 sibus
680 1752 729 1798 7.
777 1747 937 1800 Hunc
974 1745 1339 1801 JULIANUS
1380 1745 1523 1815 juris
1569 1746 1772 1817 peritus
1819 1745 2091 1813 occidens,

505 1839 755 1909 regnavit
782 1854 999 1895 menses
1027 1845 1081 1893 7.

574 1935 905 1992 SEVERUS
941 1940 1071 2003 17*“,
1108 1949 1306 2006 genere
1346 1932 1499 2001 Afer,
1531 1948 1707 1989 annos
1740 1940 1825 1989 17.
1859 1934 1963 1989 Hic
1990 1937 2095 1989 Ju-

505 2026 711 2083 lianum
756 2027 899 2083 civili
930 2028 1116 2099 pralio
1154 2028 1304 2097 vicit,
1343 2036 1398 2084 et
1436 2042 1493 2083 se
1530 2027 1875 2083 Pertinacem
1904 2027 2095 2099 appel-

503 2120 654 2177 lavit.

578 2214 682 2267 3.7‘
720 2216 842 2269 Hoc
870 2223 1120 2284 tempore
1166 2215 1454 2270 Narcissus
1499 2215 1948 2270 Ierosolimorum
1976 2214 2093 2285 epi-

502 2322 721 2377 scopus,
754 2316 811 2362 et
836 2307 1175 2378 Theophilus
1202 2308 1578 2371 Caesariensis,
1612 2307 1918 2378 Policarpus
1955 2323 2095 2377 quo-

501 2415 609 2470 que
647 2409 702 2455 et
737 2400 1023 2455 Bacchilus
1055 2399 1271 2467 Asiani,
1316 2408 1373 2455 et
1412 2399 1500 2455 alii
1560 2400 1797 2471 episcopi
1857 2400 2095 2473 insignes

503 2491 791 2548 habentur.

566 2594 625 2643 5.
669 2586 959 2641 Judaicum
989 2594 1044 2640 et
1078 2586 1465 2641 Samariticum
1496 2586 1701 2642 bellum
1730 2596 1947 2644 motum
1989 2597 2090 2643 est.

574 2686 626 2734 6.
656 2681 889 2736 Severus
926 2678 1159 2736 Parthos
1201 2688 1255 2736 et
1290 2679 1602 2738 Adiabenos
1644 2681 1960 2753 Arabasque
1993 2699 2095 2739 su-

502 2774 712 2845 peravit
737 2773 827 2840 (A.
862 2779 930 2830 D.
960 2779 1111 2841 200).

571 2874 623 2923 8.
676 2867 930 2923 Therma
977 2869 1281 2925 Severiana
1328 2868 1474 2940 apud
1526 2871 1882 2926 Antiochiam
1932 2871 2093 2929 facta

501 2970 649 3017 sunt.
683 2962 734 3012 75
774 2964 955 3017 Victor
980 2979 1129 3033 papa
1146 2965 1521 3018 Martirizatus
1551 2970 1629 3019 est
1658 2972 1739 3020 12.
1775 2964 1890 3019 Kal.
1928 2969 2086 3021 Maii.

580 3062 633 3111 9.
676 3055 1015 3127 Zepherinus
1048 3073 1185 3128 papa
1232 3062 1343 3111 14us
1378 3057 1447 3124 ⁷⁸,
1493 3061 1588 3127 qui
1628 3060 1870 3114 discessit
1897 3064 1948 3113 7.
1986 3064 2091 3116 Ka-

497 3150 636 3205 lend.
670 3150 1014 3220 Septembris,
1044 3150 1183 3205 sedit
1212 3166 1338 3205 ann.
1371 3150 1414 3182 ⁷⁷
1449 3149 1554 3205 17f.

574 3250 659 3298 10.
692 3246 920 3299 Severus
949 3244 1137 3314 quinta
1179 3245 1550 3315 persecutione
1579 3245 1847 3317 plurimos
1880 3253 2093 3302 sancto-

502 3354 627 3393 rum
652 3338 959 3394 coronavit.
994 3340 1138 3393 Inter
1174 3353 1313 3409 quos
1351 3348 1503 3411 pater
1533 3339 1790 3411 Origenis
1820 3340 2095 3397 Leonides

501 3448 629 3487 cum
664 3432 853 3487 multis
882 3432 1001 3487 aliis
1033 3432 1416 3488 martirizatur.

576 3532 659 3581 12.
708 3528 978 3597 Perpetua
1015 3533 1071 3581 et
1097 3502 1351 3582 Felicitas
1382 3525 1485 3582 hac
1522 3526 1903 3600 persecutione
1952 3528 2096 3600 apud

498 3620 891 3691 Carthaginem
922 3620 1111 3676 bestiis
1137 3620 1486 3692 deputantur.

577 3719 657 3766 13.
692 3716 812 3767 Hoc
842 3723 1089 3784 tempore
1128 3714 1480 3771 Simmachus
1509 3724 1564 3771 et
1605 3714 1961 3772 Theodocion
2008 3715 2096 3771 in-

500 3812 770 3875 terpretes
798 3804 1089 3862 habentur.

577 3899 660 3950 14.
702 3898 927 3952 Severus
956 3898 1156 3953 vallum
1182 3900 1325 3969 apud
1355 3900 1648 3957 Britannos
1678 3918 1775 3972 per
1809 3908 1910 3957 132
1942 3902 2094 3958 milia

504 4004 763 4061 passuum
792 4004 819 4045 a
852 3990 990 4043 mari
1020 3989 1091 4045 ad
1124 4007 1280 4045 mare
1313 3989 1460 4046 fecit.

576 4088 659 4138 16.
708 4083 1077 4140 Tertullianus
1142 4082 1275 4140 Afer
1322 4084 1659 4144 clarissimus
1720 4086 1951 4145 habetur
1999 4090 2087 4159 (A.

498 4186 564 4237 1).
594 4186 744 4248 210).

574 4281 659 4329 17.
692 4276 923 4330 Severus
956 4273 1012 4329 in
1042 4274 1323 4330 Britannia
1353 4275 1605 4331 moritur.

583 4370 1004 4425 ANTONINUS
1040 4370 1478 4426 CARACALLA
1510 4376 1641 4439 18...,
1682 4374 1840 4430 annis
1873 4380 1923 4429 7.

576 4468 623 4516 1.
688 4461 995 4518 Antiochia
1056 4462 1414 4534 Asclepiades
1466 4464 1755 4537 episcopus
1808 4466 2092 4525 ordinatur

508 4571 705 4610 DODUS.

575 4654 624 4701 2.
648 4651 770 4704 Hoc
794 4657 1042 4722 tempore
1064 4649 1377 4706 Alexander
1397 4652 1687 4724 episcopus
1714 4653 2035 4724 Capadocia
2060 4672 2090 4712 a

512 4742 771 4797 Narcisso
803 4743 1250 4799 Ierosolimorum
1280 4745 1563 4817 episcopus
1597 4748 1958 4804 constituitur.

572 4843 624 4891 3.
657 4836 967 4891 Antoninus
993 4837 1290 4907 Caracalla,
1316 4848 1538 4910 propter
1562 4856 1729 4912 genus
1755 4842 1917 4899 vestis
1942 4842 2090 4913 quod

502 4933 702 4986 Roma
730 4929 1013 5001 erogabat,
1047 4931 1488 5003 cognominatur.

569 5030 619 5079 5.
656 5025 971 5080 Antoninus
1016 5027 1215 5082 Roma
1259 5026 1499 5083 thermas
1553 5028 1638 5083 sui
1683 5029 1926 5085 nominis
1963 5028 2090 5085 adi-

499 5116 698 5175 ﬁcavit.

568 5216 620 5267 6.
650 5212 963 5269 Antoninus
984 5212 1329 5283 impatientia
1353 5212 1592 5271 libidinis
1616 5230 1913 5271 novercam
1932 5231 2086 5271 suam

495 5306 700 5362 Juliam
726 5305 884 5363 duxit
912 5321 1160 5362 uxorem.

2280 522 2651 592 OPHNUSJ8
2682 523 3064 577 MACRINUS
3097 525 3229 587 19°“,
3262 536 3467 576 annum
3496 526 3550 575 1.

2284 624 2329 671 1.
2363 618 2640 672 Macrinus
2668 632 2796 671 cum
2830 615 2945 671 ﬁlio
2971 613 3316 670 Diadumeno
3355 614 3643 671 occiditur.
3680 618 3797 671 An-

2205 710 2404 767 tiochie
2433 709 2481 759 ⁷9
2505 710 2747 764 Philetus
2766 710 3047 779 episcopus
3080 714 3189 762 10‘"
3213 708 3582 763 constituitur.

2278 805 2583 860 MARCUS
2622 804 2997 860 AURELIUS
3040 804 3470 859 ANTONINUS
3518 808 3659 867 20“,
3706 818 3804 857 an-

2206 914 2310 974 nos
2337 906 2389 954 4.

2282 1000 2329 1047 1.
2364 991 2599 1048 Calistus
2626 1006 2765 1061 papa
2808 996 2939 1060 15'",
2973 990 3127 1058 sedit;
3149 1005 3324 1046 annos
3352 996 3406 1057 5,
3450 993 3549 1059 qui
3594 990 3647 1027 ⁸ο
3676 1006 3805 1061 pas-

2206 1103 2296 1143 sus
2326 1093 2404 1141 est
2447 1088 2546 1140 sub
2586 1083 2904 1141 Alexandro
2935 1087 3261 1155 imperatore
3288 1092 3341 1140 2.
3387 1085 3512 1141 Idus
3559 1085 3807 1141 Octobris

2207 1165 2301 1249 (Α.
2336 1186 2401 1237 1).
2437 1184 2580 1246 220).

2277 1281 2329 1329 2.
2362 1274 2623 1345 Ypolitus
2647 1273 2934 1344 episcopus
2958 1272 3137 1327 clarus
3163 1270 3413 1327 habetur.

2282 1374 2333 1422 3.
2374 1370 2439 1422 1n
2473 1367 2745 1422 Palestina
2789 1365 3088 1437 Nicopolis,
3119 1380 3246 1437 qua
3275 1365 3425 1436 prius
3458 1368 3669 1421 Emaus
3708 1382 3812 1423 vo-

2206 1461 2453 1527 cabatur,
2492 1461 2713 1517 condita
2748 1468 2851 1515 est.

2276 1563 2331 1610 4.
2363 1554 2619 1609 Aurelius
2642 1556 2883 1609 tumultu
2910 1553 3133 1609 militari
3161 1555 3361 1609 Roma
3382 1553 3673 1609 occiditur.

2281 1651 2652 1706 AURELIUS
2690 1649 3143 1703 ALEXANDER
3186 1655 3328 1714 21‘“,
3362 1663 3539 1703 annos
3569 1654 3657 1703 13.
3702 1647 3813 1703 Hic

2204 1745 2262 1800 in
2290 1753 2522 1800 matrem
2549 1758 2705 1798 suam
2735 1742 2893 1797 unice
2918 1742 3041 1813 pius
3067 1740 3170 1796 fuit
3197 1749 3252 1795 et
3277 1744 3490 1797 cunctis
3515 1759 3698 1798 carus.

2270 1848 2318 1896 1.
2351 1839 2654 1894 Alexander
2674 1840 2899 1892 Xerxen
2929 1853 3115 1908 regem
3140 1839 3428 1892 Persarum
3448 1837 3597 1892 vicit.

2278 1938 2331 1991 2.
2363 1934 2625 1989 Urbanus
2663 1948 2799 2004 papa
2827 1938 2963 1999 16‘”,
3000 1931 3141 1987 sedit
3168 1946 3341 1986 annos
3367 1936 3417 1985 8.
3466 1931 3572 1985 Hic
3599 1930 3807 1985 multos

2204 2026 2473 2083 nobilium
2510 2026 2579 2082 ad
2615 2026 2786 2081 ﬁdem
2808 2026 3006 2083 Christi
3034 2025 3327 2091 convertit,
3354 2028 3449 2095 qui
3476 2031 3530 2080 8.
3560 2027 3689 2079 Kal.
3716 2027 3807 2079 Ju-

2203 2124 2286 2176 nii
2304 2137 2371 2176 ea:
2398 2122 2497 2175 hac
2533 2122 2645 2175 luce
2674 2121 2913 2175 discessit
2942 2120 2985 2157 εί
3017 2120 3111 2186 (A.
3144 2123 3209 2174 D.
3243 2124 3385 2183 225).

2275 2220 2326 2269 4.
2360 2214 2631 2283 Ulpianus
2657 2213 2797 2285 juris
2830 2213 3112 2269 consultus
3143 2212 3369 2283 insignis
3399 2211 3659 2267 habetur.

2273 2313 2326 2362 5.
2358 2307 2689 2363 Neroniana
2718 2308 2951 2363 therma
2972 2306 3358 2363 Alexandrina
3384 2313 3673 2361 vocantur.

2276 2407 2326 2457 6.
2388 2402 2656 2457 Geminus
2702 2401 3005 2473 presbyter,
3034 2400 3293 2473 Ypolitus
3339 2408 3393 2456 et
3422 2399 3659 2456 Berillus
3687 2401 3807 2471 epi-

2202 2497 2347 2567 scopi
2377 2504 2431 2551 et
2454 2498 2752 2551 Bostrenus
2776 2492 2911 2551 clari
2937 2494 3231 2550 habentur.

2274 2597 2326 2645 7.
2368 2589 2678 2645 Antiochia
2720 2588 3008 2662 episcopus
3045 2589 3339 2644 Zebennus
3384 2594 3518 2644 11'".

2273 2689 2326 2738 8.
2358 2686 2654 2751 Mammea,
2679 2692 2861 2739 mater
2887 2682 3205 2749 Alexandri,
3232 2684 3529 2755 Origenem
3553 2682 3804 2738 celeber-

2201 2777 2410 2833 rimum
2438 2777 2723 2833 doctorem
2762 2776 2832 2833 ad
2874 2793 2932 2833 se
2962 2786 3219 2833 vocatum
3246 2775 3434 2832 audire
3461 2776 3681 2831 curavit
3714 2778 3805 2841 (A.

2200 2875 2268 2926 1).
2299 2876 2461 2938 230).

2274 2970 2357 3020 10.
2380 2963 2684 3020 Pontianus
2705 2979 2841 3035 papa
2874 2970 3006 3030 17‘",
3039 2963 3183 3019 sedit
3203 2963 3364 3020 annis
3382 2970 3434 3031 6,
3464 2966 3565 3033 qui
3588 2964 3639 3002 δ’
3660 2981 3803 3034 pas-

2198 3075 2286 3115 sus
2306 3064 2383 3114 est
2415 3060 2511 3114 sub
2537 3061 2837 3114 Mamimino
2878 3060 3209 3128 imperatore
3244 3064 3325 3113 12.
3380 3059 3510 3113 Kal.
3551 3060 3807 3117 Decemb.

2127 3177 2172 3242 ο
2280 3158 2369 3208 11.
2420 3150 2758 3208 Alexandria
2797 3152 3059 3209 Heracles
3100 3152 3391 3224 episcopus
3421 3158 3551 3216 12‘”,
3601 3152 3686 3207 vir
3714 3168 3810 3208 sa-

2205 3246 2376 3318 piens,
2401 3245 2539 3301 sedit
2575 3252 2634 3300 14
2647 3288 2659 3299 .

2276 3344 2361 3395 13.
2425 3338 2738 3396 Alexander
2800 3340 3050 3397 tumultu
3098 3338 3322 3396 militari
3371 3338 3628 3396 occiditur
3691 3342 3797 3407 (A.

2202 3438 2267 3489 1).
2299 3438 2444 3500 235).

2272 3529 2705 3584 MAXIMINUS
2752 3533 2886 3595 22M,
2926 3527 3081 3583 annis
3124 3532 3175 3582 3.
3220 3530 3328 3583 Iste
3375 3526 3701 3583 christianos
3741 3536 3797 3583 et

2200 3621 2443 3677 maxime
2485 3630 2728 3678 rectores
2750 3622 2975 3679 aclesia
3004 3630 3156 3678 sexto
3188 3630 3314 3693 post
3352 3624 3633 3677 Neronem
3678 3638 3804 3693 per-

2202 3716 2468 3787 sequitur.

2278 3818 2323 3865 1.
2349 3812 2545 3881 (H1311.
2577 3826 2665 3865 an.
2698 3812 2824 3879 213)
2854 3810 3169 3867 Alexander
3197 3810 3657 3867 Ierosolimorum
3684 3810 3809 3883 epi-

2201 3919 2396 3976 scopus
2426 3910 2561 3962 35'".

2271 4003 2329 4053 2.
2394 3998 2695 4055 Pontianus
2740 4014 2877 4070 papa
2930 4006 2985 4054 et
3036 4012 3315 4054 successor
3356 3996 3477 4069 ejus
3525 3997 3803 4053 Antherus

2208 4098 2320 4154 1.8"
2346 4110 2483 4169 papa
2512 4103 2635 4167 post
2678 4094 2920 4165 primum
2948 4108 3204 4150 mensem
3245 4090 3603 4165 pontiﬁcatus
3637 4090 3704 4160 ⁸³,
3743 4096 3801 4145 3.

2200 4194 2317 4247 Non
2348 4194 2577 4246 Ianuar.
2607 4188 3046 4244 martirizantur.

2273 4290 2324 4339 3.
2376 4282 2649 4339 Fabianus
2684 4298 2821 4353 papa
2854 4288 2987 4349 19‘",
3029 4279 3171 4337 sedit
3197 4280 3355 4336 annis
3406 4284 3494 4335 14.
3538 4277 3796 4333 Maximi-

2203 4394 2307 4432 nus
2334 4375 2599 4448 Aquileia
2627 4374 2907 4430 occiditur.

2269 4470 2704 4527 GORDIANUS
2733 4474 2868 4531 23‘",
2898 4467 3055 4524 annis
3083 4473 3135 4523 6.

2118 4558 2170 4619 D
2272 4571 2321 4619 2.
2365 4562 2639 4632 Pupienus
2676 4570 2731 4616 et
2777 4561 3029 4628 Albinus,
3079 4560 3173 4632 qui
3202 4560 3494 4632 imperium
3547 4561 3811 4633 arripue-

2201 4666 2346 4723 rant,
2378 4656 2439 4710 in
2467 4654 2662 4725 palatio
2688 4654 2852 4709 occisi
2878 4662 3005 4710 sunt
3034 4654 3124 4719 (A.
3155 4659 3220 4711 D.
3254 4658 3398 4720 240).

2273 4757 2324 4807 3.
2356 4752 2477 4806 Hoc
2512 4756 2763 4819 tempore
2790 4748 2963 4804 Julius
2993 4746 3304 4805 Affricanus
3340 4748 3817 4821 chronographus

2201 4845 2380 4900 clarus
2412 4844 2665 4899 habetur.

2270 4944 2320 4991 4.
2340 4939 2457 4992 Hac
2471 4943 2795 5008 tempestate
2814 4936 3083 5007 Origenes
3107 4935 3459 4992 Theodorum
3485 4935 3534 4971 ⁸⁸
3551 4944 3605 4991 et
3630 4938 3815 4993 Athe-

2199 5029 2476 5087 nodorum
2521 5029 2733 5096 fratres,
2773 5038 2963 5101 postea
3004 5029 3293 5102 episcopos
3328 5028 3566 5098 nobiles,
3610 5030 3817 5086 divina

2197 5124 2396 5180 imbuit
2426 5122 2796 5195 philosophia.

2268 5224 2320 5273 6.
2364 5218 2679 5275 Gordianus
2720 5232 2847 5272 cum
2878 5217 3053 5273 victor
3086 5232 3119 5273 a
3160 5215 3378 5272 Parthis
3406 5225 3815 5286 reverteretur,

2197 5311 2329 5368 haut
2357 5312 2521 5386 longe
2556 5311 2607 5349 ⁸⁵
2633 5326 2662 5367 a
2692 5312 2950 5369 Romano
2983 5310 3103 5369 solo
3131 5309 3480 5367 interﬁcitur.

1807 5455 2052 5509 VARUS
2068 5455 2481 5513 LECTIONES.

566 5582 609 5615 ⁷³
636 5584 839 5661 Victor.
862 5615 937 5661 —_
952 5588 1163 5643 XLIII.
1186 5589 1497 5661 priusanuo
1525 5592 1766 5657 sequenti
1792 5590 2073 5661 adscripta
2101 5597 2257 5645 erant
2284 5592 2340 5644 in
2366 5598 2413 5645 1.
2446 5592 2509 5645 In
2541 5590 2787 5644 chronica
2808 5590 3409 5659 HieronymiIDemetrii
3430 5603 3625 5661 nomen
3658 5606 3813 5659 qucr—

494 5658 660 5710 stioni
691 5656 757 5709 de
782 5658 987 5725 pascha
1030 5656 1313 5714 antecedit.
1349 5658 1394 5691 ⁷⁸
1429 5660 1553 5714 huic
1587 5656 1731 5715 anno
1773 5678 1943 5716 annus
1974 5656 2164 5717 inundi
2185 5668 2345 5717 4150.
2384 5668 2433 5716 et
2463 5661 2670 5717 Christi
2698 5664 2821 5715 200.
2858 5656 3243 5716 adscribuntur
3286 5662 3342 5715 in
3376 5666 3425 5714 1.
3470 5659 3512 5692 ⁷⁵
3549 5656 3813 5715 hac—alio

492 5726 887 5802 at_rm_nen.to._76
917 5728 1011 5797 qui
1040 5758 1114 5802 -τ
1141 5730 1476 5801 Septembris
1509 5732 1617 5785 alio
1645 5738 1749 5786 atr.
1784 5746 1833 5784 77
1864 5735 2072 5789 XVIII.
2114 5751 2247 5788 corr.
2280 5735 2463 5789 XVII.
2504 5738 2551 5786 1.
2602 5733 2652 5782 78
2684 5735 2764 5787 ita
2814 5739 2860 5788 1.
2910 5739 2961 5787 2.
2995 5733 3209 5802 Opilius
3241 5737 3291 5785 3.
3326 5743 3378 5781 79
3432 5736 3495 5787 A.
3542 5761 3616 5771 -—
3663 5748 3812 5787 con-

496 5799 738 5873 stituitur
784 5800 893 5873 aiio
941 5806 1049 5873 atr.
1096 5798 1146 5835 ⁸ο
1192 5798 1283 5873 qui
1322 5803 1665 5858 —Octobris
1697 5805 1804 5858 alio
1842 5810 1950 5860 air.
1999 5806 2046 5844 ³¹

2092 5806 2185 5875 qui
2219 5834 2291 5845 —
2318 5804 2569 5861 discessit
2595 5806 2702 5859 alio
2730 5809 2857 5875 patr.
2909 5804 2957 5843 ³²
2990 5804 3083 5875 qui
3114 5834 3183 5844 —
3224 5802 3492 5859 Decemb.
3543 5804 3655 5858 alio
3693 5810 3809 5858 atr.

502 5867 547 5904 ⁸⁸
572 5870 672 5924 III.
702 5873 773 5927 N.
804 5872 936 5929 Jan.
966 5872 1072 5928 alio
1101 5867 1225 5929 atr.’
1246 5873 1291 5912 “
1320 5884 1687 5945 cognomento
1716 5876 2045 5949 Gregorium
2073 5867 2251 5938 addit.
2283 5882 2336 5935 5.
2368 5878 2442 5947 (υ.
2469 5893 2521 5933 a.
2550 5880 2699 5943 266.)
2724 5874 2772 5915 ⁸⁵
2805 5890 2973 5946 supra
2999 5867 3194 5934 iuteam
3228 5880 3282 5931 1.
