4062 6182
279 326 414 380 1313
1181 323 1474 381 APPEND.
1509 323 1596 380 ΠΙ.
1637 354 1708 366 —-
1745 325 1883 382 ΜΟΝ

1964 325 2164 383 ΙΕΝΤΑ
2200 327 2659 386 GREGORIANA.
3432 333 3568 388 13H

347 449 733 507 PHILIPPUS
754 453 889 516 24'",
908 463 1040 506 cum
1063 447 1173 506 ﬁlio
1199 448 1472 522 Philippo,
1498 451 1663 506 annis
1687 459 1740 507 7.
1762 452 1864 507 Hic
1886 457 1940 519 Α
2045 458 2098 508 9.
2130 453 2230 518 (Cf.
2268 456 2447 512 Hlnn.
2473 471 2524 511 a.
2558 458 2704 521 266.)
2737 455 2954 526 Grecia,
2976 456 3314 527 Macedonia,
3336 460 3566 530 Pontus,

275 543 488 613 primus
515 545 767 600 omnium
795 545 1191 615 imperatorum
1210 543 1539 600 christianus
1567 543 1687 601 fuit.
1719 545 1764 579 ⁸⁸
1792 552 1868 603 De
1976 547 2107 602 Asia
2143 547 2546 620 depopulantur
2569 565 2666 620 per
2689 549 2924 607 Gothos.

274 640 369 693 hoc
413 639 662 709 Philippo
712 642 911 709 legitur
954 643 1012 695 in
1041 641 1387 695 aclesiasttca
1431 641 1688 709 historia,
1721 643 1866 712 quod
2050 645 2135 697 11.
2183 644 2380 708 (Hmn.
2412 659 2462 698 a.
2497 643 2643 715 267.)
2678 644 3020 702 Alexandria
3047 645 3324 704 Maximus
3363 635 3566 720 episco-

273 735 330 786 in
356 735 475 802 ipsa
500 733 589 787 die
613 735 827 803 pascha
855 750 972 789 cum
1000 736 1390 789 communicare
1416 733 1594 802 vellet,
1637 737 1705 790 ab
1748 738 1861 806 epi-
1976 750 2076 806 pus
2101 741 2235 804 14‘",
2265 737 2404 793 sedit
2428 753 2556 793 ann.
2591 744 2677 795 18.

272 842 422 896 scopo
463 827 565 881 loci
609 842 717 882 non
738 831 1166 897 permitteretur,
1198 845 1363 898 usque
1409 830 1539 884 dum
1581 833 1864 900 pramissa
2051 835 2137 885 12.
2167 831 2290 885 Hoc
2331 839 2580 903 tempore
2621 833 2967 902 Theodorus,
3021 834 3112 906 qui
3138 842 3196 890 et
3233 836 3562 907 Gregorius,

271 922 594 988 confessione
611 927 950 990 peccatorum
969 927 1112 978 inter
1129 925 1422 993 penitentes
1441 926 1790 990 satisfaceret.
1974 918 2330 974 Neocaisariae
2368 920 2654 992 episcopus
2682 922 2977 978 virtutibus
3003 925 3222 981 claruit.

348 1019 397 1069 1.
449 1013 736 1086 Philippus
786 1015 960 1072 ﬁlium
1004 1033 1166 1072 suum
1196 1016 1505 1088 Philippum
1550 1027 1862 1074 consortem
2047 1017 2134 1066 13.
2185 1013 2520 1071 lerosolima
2565 1016 2889 1087 Hymeneus
2940 1018 3227 1090 episcopus
3273 1020 3564 1076 constitui-

270 1107 420 1179 regni
445 1107 526 1162 sui
551 1106 680 1163 fecit
699 1109 788 1173 (A.
812 1113 876 1164 D.
900 1114 1042 1175 245).
1973 1112 2062 1160 tur
2091 1111 2223 1162 371".

346 1206 400 1256 3.
442 1203 640 1266 (Bina.
673 1217 703 1257 a
738 1207 862 1270 249)
904 1202 1245 1260 Alexandria;
1290 1207 1401 1258 13m
1422 1202 1705 1260 Dionisius
1749 1204 1860 1275 epi-
2046 1204 2133 1254 14.
2163 1199 2448 1257 Dionisius
2474 1217 2612 1274 papa
2637 1209 2774 1272 24M,
2805 1203 2944 1260 sedit
2973 1219 3106 1261 ann.
3141 1211 3195 1262 9.
3227 1209 3326 1262 Hic
3369 1209 3565 1263 disces-

269 1309 468 1364 scopus
495 1295 672 1351 clarus
699 1294 896 1352 doctor
924 1296 1066 1353 sedit
1108 1297 1264 1352 annis
1309 1303 1396 1353 19.
1434 1296 1480 1335 ⁸⁷
1525 1299 1631 1365 Qui
1668 1301 1728 1352 in
1768 1314 1863 1354 suo
1970 1293 2043 1346 Sit
2070 1297 2122 1347 6-
2159 1295 2264 1347 Kal
2289 1297 2544 1350 Januarii
2568 1308 2640 1350 99.

271 1392 503 1460 tempore
529 1389 892 1445 Sabellianam
919 1391 1148 1446 heresim
1175 1393 1325 1462 apud
1365 1393 1748 1447 Ptolomaidan
1775 1407 1863 1448 as-
2046 1391 2133 1441 15.
2175 1386 2451 1444 Gallienus
2495 1390 2789 1446 Mediolani
2841 1391 3134 1447 occiditur.

270 1484 398 1537 serit
419 1487 913 1552 exortam(1271*).
2045 1481 2412 1538 CLAUDIUS
2442 1489 2586 1550 28'",
2628 1499 2751 1538 ann.
2792 1489 2840 1551 1,
2883 1499 3062 1540 mens.
3109 1490 3162 1540 9.
3215 1487 3325 1540 lste
3351 1485 3567 1542 Gothos

339 1580 397 1630 4.
427 1576 756 1634 Millesimus
783 1593 960 1633 annus
983 1578 1050 1634 ab
1078 1578 1230 1635 Urbe
1259 1578 1484 1635 condita
1512 1578 1704 1635 festive
1729 1579 1864 1634 cele-
1964 1571 2081 1644 jam
2109 1589 2204 1644 per
2231 1580 2296 1630 15
2325 1591 2499 1633 annos
2528 1577 2788 1634 Illiricum
2817 1578 3307 1650 Macedoniamque
3346 1589 3566 1636 vastan-

272 1668 477 1725 bratur.
1967 1673 2049 1722 tes
2078 1677 2317 1739 superat.

339 1766 391 1818 5.
426 1763 695 1836 Origenes
723 1763 992 1836 presbiter
1031 1765 1116 1820 his
1151 1766 1494 1837 temporibus
1529 1773 1679 1822 tanta
1720 1766 1860 1822 scri-
2047 1767 2097 1815 1.
2141 1762 2344 1820 Paulus
2393 1763 2461 1820 de
2516 1765 2840 1821 Samosathe
2901 1765 3211 1822 Antiochia
3278 1766 3564 1838 episcopus

271 1856 400 1928 psit,
446 1865 509 1914 ut
552 1859 861 1914 Ieronimus
889 1859 1129 1932 quodam
1178 1860 1302 1917 loco
1332 1861 1575 1932 quinque
1604 1859 1751 1916 milia
1791 1859 1857 1915 li-
1889 1839 1938 1902 Β
1968 1853 2240 1912 hereticus
2273 1873 2393 1914 esse
2439 1861 2798 1917 convincitur.
2859 1860 2923 1899 ι⁰⁰
2951 1864 3052 1916 Hic
3080 1861 3421 1918 Anthiochice
3451 1865 3563 1932 epi-

269 1950 500 2008 brorum
524 1953 643 2026 ejus
667 1969 726 2010 se
755 1954 947 2027 legisse
975 1954 1124 2011 dicat
1154 1960 1356 2023 (1272).
1969 1965 2156 2020 scopus
2201 1954 2536 2018 feminarum
2577 1957 2846 2010 consortio
2893 1956 3276 2023 delectabatur,
3327 1957 3474 2024 quod
3516 1961 3567 2010 et

337 2053 392 2102 7.
432 2047 714 2120 Philippus
757 2049 939 2105 senior
981 2052 1236 2119 Verona,
1260 2050 1454 2122 junior
1481 2065 1609 2106 vero
1640 2053 1860 2119 Romae,
1972 2046 2178 2100 clericis
2202 2049 2319 2116 suis
2343 2051 2618 2111 concessit,
2645 2065 2712 2103 ne
2745 2050 2855 2103 sibi
2875 2049 2973 2104 hoc
3000 2052 3195 2103 crimen
3222 2054 3440 2118 possent
3463 2052 3564 2103 im-

273 2140 550 2198 occiditur.
1964 2142 2192 2207 putare,
2243 2142 2444 2209 quippe
2498 2144 2713 2196 astricti
2749 2143 2932 2196 eodem
2975 2145 3216 2196 crimine.
3257 2146 3356 2197 Hic
3398 2145 3563 2197 etiam

336 2236 602 2293 DECIUS
649 2240 785 2305 2505,
815 2252 962 2293 anno
1019 2243 1072 2305 ι,
1118 2237 1400 2293 mensibus
1448 2244 1499 2293 3,
1537 2241 1645 2294 Iste
1687 2237 1858 2308 septi-
1972 2230 2245 2286 Christum
2292 2234 2556 2288 hominem
2595 2239 2884 2289 communis
2932 2240 3146 2290 natura
3175 2239 3428 2290 asseruit.
3463 2239 3563 2291 Hic

266 2343 417 2385 mam
444 2329 505 2383 in
533 2329 856 2386 christianos
877 2332 1311 2402 persecutionem
1339 2330 1609 2388 excitavit.
1971 2339 2090 2379 cum
2118 2327 2409 2381 damnatus
2441 2329 2604 2382 nollet
2641 2330 2708 2382 ab
2745 2331 2979 2384 acclesia
3021 2330 3307 2393 discedere,
3353 2330 3428 2383 ad
3467 2346 3559 2383 cu-

346 2429 394 2478 1.
437 2422 713 2479 Fabianus
737 2424 1110 2480 martirizatur
1146 2431 1230 2479 13.
1283 2424 1330 2462 ³⁸
1359 2427 1486 2480 Kal.
1520 2427 1704 2492 Febr.,
1754 2439 1860 2495 pro
1971 2420 2174 2473 mulum
2225 2422 2312 2474 sui
2355 2421 2625 2476 dedecoris
2669 2423 2888 2492 publica
2933 2438 3095 2476 manu
3148 2424 3445 2492 expellitur
3495 2423 3563 2476 ab

267 2532 376 2588 quo
405 2516 688 2572 Cornelius
727 2531 866 2588 papa
903 2522 974 2572 2o
990 2527 1038 2555 υε
1060 2517 1200 2572 sedit
1225 2533 1352 2572 ann.
1404 2523 1455 2572 3.
1495 2518 1696 2574 Decius
1732 2534 1860 2573 cum
1966 2513 2202 2575 ccclesia,
2232 2518 2294 2567 ut
2312 2519 2508 2568 narrat
2527 2516 2869 2570 ecclesiastica
2889 2517 3395 2584 hysteria(Eusnn.
3446 2530 3562 2582 vn,

268 2611 382 2667 ﬁlio
407 2626 510 2667 suo
539 2611 802 2668 occiditur
829 2615 888 2667 in
905 2610 949 2643 ⁸9
982 2615 1174 2667 Tracia
1202 2628 1236 2665 a
1265 2612 1468 2667 Gothis.
1731 2641 1734 2644 ~
1971 2619 2021 2658 ϐ.
2053 2608 2143 2675 23,
2174 2608 2266 2673 24)
2294 2607 2387 2672 [Α.
2423 2610 2492 2660 D.
2525 2612 2669 2675 270].

338 2702 634 2760 GALLUS
693 2708 809 2759 26“s
859 2720 987 2762 cum
1042 2705 1340 2761 Volusiano
1399 2705 1546 2773 ﬁlio,
1606 2720 1736 2761 ann.
1803 2711 1860 2774 2,
2041 2701 2102 2752 2.
2165 2697 2427 2754 Claudius
2478 2701 2681 2756 Sirmio
2741 2702 2997 2768 moritur,
3055 2717 3154 2773 pro
3217 2718 3327 2774 quo
3395 2702 3563 2758 frater

266 2812 443 2855 mens.
472 2802 527 2852 4.
1970 2792 2415 2862 QUINTILLUS
2452 2793 2700 2864 regnavit
2738 2793 2852 2850 dies
2897 2798 2984 2861 17,
3019 2803 3076 2850 et
3121 2796 3384 2866 Aquileia
3413 2796 3554 2851 occi-

341 2897 390 2947 1.
421 2892 694 2962 Origenes
715 2889 759 2922 ⁰⁰
781 2905 927 2946 anno
959 2891 1138 2947 atatis
1167 2892 1856 2964 septuagesimo'moritur.
1971 2882 2137 2940 (litur-

267 2983 307 3020 ἰ
373 2986 618 3040 Novatus
663 2984 932 3056 presbiter
961 2989 1214 3041 Romana
1255 2988 1472 3041 aclesite
1519 2998 1596 3050 91,
1653 2986 1861 3043 heresis
2045 2979 2535 3037 AURELIANUS
2555 2986 2691 3049 29‘“,
2713 2996 2840 3036 ann.
2873 2987 2928 3050 5,
2962 2995 3136 3037 mens.
3158 2986 3212 3037 6.
3240 2981 3342 3036 Hic
3366 2981 3443 3036 rei
3468 2998 3564 3054 pu-

265 3086 454 3134 auctor
480 3077 661 3134 extitit
688 3081 1131 3147 Nooatianorum,
1163 3083 1261 3148 qui
1286 3095 1340 3135 se
1387 3082 1652 3145 catha-ros,
1688 3082 1748 3135 id
1784 3085 1862 3136 est
1968 3070 2126 3128 blica
2156 3073 2327 3140 utilis,
2357 3074 2537 3145 primo
2579 3075 2820 3131 clemens
2844 3075 3191 3144 christianis,
3223 3083 3408 3147 postea
3432 3091 3560 3146 per-

265 3173 509 3236 mundos,
537 3171 582 3205 ⁹³
608 3173 884 3226 dixerunt.
933 3175 1226 3229 Nouatiani
1270 3172 1313 3205 9‘
1344 3177 1400 3228 in
1425 3177 1648 3229 crimine
1691 3176 1860 3246 lapsis
1885 3212 1932 3278 Ο
1969 3175 2191 3222 secutor
2219 3166 2340 3222 fliit.

263 3269 476 3321 veniam
499 3266 783 3342 denegarat,
817 3269 918 3320 etsi
941 3267 1105 3339 digne
1128 3270 1424 3336 peniteant.
1887 3259 1932 3278 ν
2039 3266 2093 3314 2.
2121 3259 2363 3315 Zenobia
2399 3259 2464 3297 ιθι
2505 3261 2701 3332 regina
2743 3261 2970 3318 orientis
2999 3263 3254 3320 vincitur.

335 3367 391 3415 2.
424 3361 626 3425 (HIBB.
653 3375 704 3414 a.
735 3364 884 3425 256.)
917 3360 1109 3416 Gallus
1129 3368 1185 3415 et
1212 3362 1541 3417 Volusianus
1567 3364 1856 3418 Teramna
2040 3359 2088 3407 3-
2125 3353 2480 3410 Aurelianum
2520 3356 2720 3411 Romae
2759 3356 3194 3428 triumphantem
3224 3357 3475 3414 Tetricus
3503 3367 3560 3414 et

265 3451 539 3509 interfecti
566 3462 715 3510 sunt.
1065 3497 1068 3502 .
1965 3447 2200 3503 Zenobia
2229 3447 2428 3519 captivi
2456 3458 2864 3520 pracesserunt.

336 3544 805 3600 VALERIANUS
833 3547 970 3610 270',
1000 3558 1127 3598 cum
1159 3543 1410 3600 Gallieno
1451 3559 1580 3599 ann.
1625 3550 1710 3600 15.
1745 3548 1856 3603 Iste
2035 3547 2092 3596 4.
2131 3540 2461 3597 Aurelianus
2503 3544 2772 3614 templum
2822 3544 2931 3601 Soli
2973 3544 3230 3613 adiﬁcat,
3284 3553 3340 3601 et
3378 3560 3558 3601 nonus

264 3645 514 3692 octavam
542 3637 972 3708 persecutionem
1000 3637 1247 3693 exercuit
1272 3636 1325 3691 in
1357 3637 1712 3695 christianos.
1964 3636 2405 3707 persecutionem
2435 3637 2492 3691 in
2521 3636 2844 3693 christianos
2864 3639 3166 3704 excitat(A.
3192 3643 3257 3694 D.
3301 3639 3446 3711 275).

338 3738 389 3786 1.
421 3730 702 3787 Cornelius
729 3745 862 3802 papa
887 3729 1083 3786 martir
1103 3729 1340 3786 efﬁcitur
1358 3736 1443 3786 18.
1477 3733 1614 3786 Kal.
1643 3734 1854 3789 Octobr.
2038 3735 2090 3786 5.
2122 3731 2327 3799 (Hum.
2359 3746 2406 3785 a.
2432 3733 2582 3797 278.)
2613 3733 2942 3788 Aurelianus
2964 3733 3148 3788 divino
3185 3732 3414 3788 fulmine
3444 3741 3556 3788 ter-

260 3825 309 3860 ⁹⁵
334 3825 542 3881 Lucius
590 3841 728 3896 papa
757 3829 896 3892 21"”,
945 3823 1087 3881 sedit
1128 3841 1349 3882 menses
1377 3831 1432 3894 8,
1477 3841 1671 3896 passus
1714 3826 1758 3861 ⁹⁶
1799 3831 1852 3882 4.
1964 3823 2122 3892 ritus,
2147 3821 2291 3880 inter
2315 3824 2627 3881 Bizantium
2664 3833 2719 3881 et
2746 3826 3016 3881 Eracliam
3049 3843 3078 3881 a
3113 3826 3379 3882 militibus
3404 3825 3556 3881 occi-

261 3922 380 3978 Non
394 3921 605 3976 ‘Martii
624 3922 717 3986 (Α.
747 3924 813 3975 D.
849 3924 994 3986 255).
1967 3917 2132 3974 ditur.
2523 3967 2535 3977 .

338 4019 392 4069 2.
420 4014 733 4085 Stephanus
758 4028 892 4084 papa
922 4018 1059 4080 22‘",
1091 4011 1232 4069 sedit
1256 4029 1432 4070 annos
1458 4019 1510 4068 2.
1539 4017 1639 4084 qui
1662 4017 1855 4070 marti-
2037 4011 2141 4083 (Ib.
2169 4027 2225 4097 a.
2265 4016 2418 4078 279.)
2465 4004 2731 4070 TACIUS
2760 4018 2896 4083 δουε,
2957 4029 3136 4070 mens.
3172 4020 3227 4082 6,
3269 4020 3378 4084 quo
3411 4013 3554 4084 apud

258 4103 343 4155 rio
367 4107 645 4159 coronatus
666 4106 745 4156 est
768 4106 822 4156 4.
845 4104 1026 4158 Nonas
1054 4102 1288 4168 Augusti
1308 4101 1375 4156 9".
1649 4149 1657 4157 .
1964 4103 2207 4156 Pontum
2227 4101 2429 4169 occiso,
2451 4103 2870 4159 FLORIANUS
2891 4101 3210 4175 reguatdies
3225 4107 3391 4172 88,_et
3415 4102 3559 4172 apud

337 4196 388 4246 3.
430 4192 738 4264 Cyprianus
772 4189 970 4246 doctor
998 4190 1237 4246 eximius
1262 4190 1711 4264 Carthaginensis
1740 4195 1856 4264 epi-
1964 4193 2235 4250 Tharsum
2260 4192 2605 4247 interﬁcitur.

261 4293 460 4352 scopus
488 4281 743 4336 martirio
763 4287 1075 4336 coronatur.
1539 4321 1541 4325 ι
2040 4289 2091 4337 1.
2121 4281 2268 4338 Felix
2299 4297 2436 4351 papa
2461 4287 2598 4348 25“,
2623 4282 2766 4338 sedit
2794 4299 2925 4338 ann.
2959 4289 3061 4350 5‘",
3087 4281 3156 4324 ὀδ
3185 4284 3283 4351 qui
3304 4283 3556 4336 martirio

337 4377 389 4426 4.
412 4373 606 4436 (Hrnn.
634 4385 686 4424 a.
720 4373 978 4425 260-262.
1004 4371 1207 4425 Hann.
1235 4385 1285 4425 a.
1326 4372 1475 4436 259.)
1504 4370 1689 4425 Sixtus
1715 4385 1854 4443 papa
1965 4376 2246 4428 coronatus
2268 4376 2345 4425 est
2367 4377 2418 4425 3.
2450 4373 2579 4426 Kal.
2599 4375 2768 4427 Junii.

260 4467 402 4526 23'",
434 4460 574 4517 sedit
600 4476 729 4515 ann.
767 4467 848 4528 11,
878 4458 924 4495 98
955 4463 1048 4529 qui
1073 4477 1175 4529 pro
1206 4461 1419 4516 Christo
1453 4461 1744 4517 decollatus
1779 4467 1856 4518 cst
2035 4461 2325 4516 PROBUS
2365 4465 2502 4527 31“,
2534 4476 2660 4516 ann.
2699 4466 2754 4526 6,
2789 4474 2967 4515 mens.
2996 4465 3048 4514 4.

260 4557 318 4608 8.
349 4550 475 4606 Idus
503 4551 762 4618 Augusti.
787 4548 1114 4604 Valerianus
1141 4557 1420 4605 commota
1450 4551 1850 4624 persecutione,
1885 4603 1932 4624 η
2037 4555 2090 4606 1.
2138 4547 2328 4605 Gallia
2375 4563 2406 4603 a
2449 4547 2700 4604 barbaris
2731 4536 2973 4615 vastata,
3023 4563 3053 4602 a
3084 4546 3263 4603 Probo
3294 4551 3552 4604 Romano

267 4603 317 4608 η
504 4603 553 4605 η
597 4603 623 4618 υ
752 4603 760 4604 ,
905 4603 992 4604 η-
1450 4603 1850 4624 Γνηηηπη
2151 4603 2171 4605 _
2286 4603 2317 4604 κν

260 4657 290 4696 a
320 4642 522 4712 Sapore
551 4656 678 4712 rege
714 4644 1001 4696 Persarum
1032 4648 1247 4712 captus,
1287 4648 1342 4696 et
1383 4641 1554 4697 oculis
1589 4641 1852 4712 privatus,
1884 4603 1934 4666 Β
1964 4639 2328 4696 restituuntur
2367 4637 2622 4708 imperio.

260 4732 316 4786 in
339 4731 602 4786 servitute
634 4729 926 4785 miserabili
957 4729 1326 4797 consenescit;
1361 4737 1416 4785 et
1444 4730 1717 4788 Gallienus
1742 4739 1851 4788 ter-
2033 4736 2085 4785 2.
2119 4728 2445 4784 Anatholius
2475 4725 2747 4782 Laodicia
2775 4724 3062 4796 episc0pus
3090 4725 3269 4783 clarus
3295 4727 3547 4784 habetur.

256 4820 418 4888 ritus,
446 4835 634 4892 pacem
663 4817 901 4875 reddidit
925 4818 1252 4874 christianis.
1389 4832 1394 4837 '
2034 4825 2086 4874 3.
2121 4820 2310 4872 Manes
2339 4815 2590 4888 quidam,
2623 4829 2820 4886 genere
2857 4816 3039 4884 Persa,
3079 4816 3327 4874 insanam
3373 4819 3551 4874 Mani-

329 4913 384 4965 8.
416 4909 676 4966 Germani
722 4907 952 4976 Italiam,
983 4907 1276 4964 Alemanni
1312 4907 1520 4964 Gallias
1550 4914 1606 4964 et
1633 4905 1850 4964 Italiam
1961 4908 2222 4965 cheorum
2240 4905 2475 4962 heresim
2499 4903 2747 4960 condidit
2771 4906 2860 4970 (A.
2894 4907 2958 4958 D.
3004 4911 3150 4982 280).

253 5000 610 5073 populantur.
2031 5004 2082 5052 4.
2107 4994 2418 5052 Antiochia
2439 4994 2723 5066 episcopus
2744 4993 3008 5067 Quirillus
3027 4997 3383 5055 constituitur
3413 5003 3547 5056 18⁸³⁵.

1550 5106 1793 5160 VARLE
1854 5105 2168 5163 LECTION
2175 5103 2281 5159 ES.

330 5206 376 5239 ⁸⁸
403 5221 524 5276 qua
547 5208 866 5276 sequuntur,
896 5206 1214 5276 ingmargine
1242 5205 1444 5276 scripta
1468 5207 1610 5257 sunt.
1686 5202 1728 5235 ⁸⁷
1755 5221 1876 5273 qua:
1904 5209 2222 5276 sequuntur,
2250 5203 2358 5256 alio
2381 5205 2578 5256 atram.
2657 5199 2704 5240 ⁸³
2728 5201 2886 5276 Xlll.
2919 5203 2992 5256 K.
3021 5205 3085 5258 F.
3107 5204 3213 5257 alio
3241 5206 3348 5256 atr.
3372 5271 3388 5276 _
3410 5200 3468 5276 γδῗ
3494 5202 3549 5256 in

252 5281 321 5334 T.
358 5293 388 5333 a
413 5269 484 5333 G.
514 5269 628 5331 alio
643 5281 750 5331 alr.
825 5269 870 5307 9°
894 5269 1125 5346 origenis
1155 5280 1202 5328 1.
1278 5274 1319 5309 ⁹ι
1345 5269 1405 5330 et
1432 5274 1485 5329 in
1508 5283 1628 5345 tyro
1653 5269 1910 5346 sepelitur
1937 5269 2082 5331 Mur.
2159 5269 2210 5309 9"
2232 5291 2274 5328 r.
2296 5289 2362 5330 a.
2391 5289 2560 5342 supra
2587 5288 2690 5327 scr.
2759 5269 2806 5309 93
2836 5274 2868 5327 i.
2899 5289 2973 5330 m.
3003 5291 3173 5343 supra
3197 5289 3298 5326 scr.
3369 5271 3417 5316 94
3443 5273 3552 5346 liae

252 5354 316 5405 in
340 5365 511 5417 marg.
537 5352 760 5418 scripta.
840 5345 898 5395 95
919 5345 1123 5400 XVlll.
1154 5346 1283 5418 Kal.
1314 5348 1436 5401 Oct.
1467 5348 1575 5400 alio
1603 5345 1728 5400 atr.’
1789 5345 1836 5382 95
1867 5364 1920 5417 p.
1950 5349 2065 5418 llll.
2104 5349 2171 5401 Ν.
2206 5348 2282 5400 Μ.
2316 5346 2423 5399 alio
2451 5349 2559 5399 atr.
2639 5356 2689 5395 97
2717 5360 2770 5416 q.
2799 5361 2874 5399 m.
2911 5361 2958 5400 c.
2994 5361 3040 5400 e.
3078 5347 3201 5398 llll.
3234 5347 3411 5418 ΔΝηᾉ.
3442 5345 3551 5418 alio

255 5428 372 5477 atr.
450 5413 499 5470 εἶθ
532 5413 785 5474 Ιιιεοάἰίο
817 5423 920 5471 atr.
998 5428 1049 5466 99
1077 5419 1148 5471 H.
1187 5417 1242 5488 d.
1283 5419 1378 5472 Vl.
1404 5421 1470 5472 K.
1517 5420 1558 5470 Ι.
1596 5419 1704 5471 alio
1743 5413 1882 5471 at-rf
1934 5417 2004 5453 ¹⁰⁰
2034 5420 2141 5472 hac
2169 5419 2228 5471 in
2251 5419 2494 5485 margine
2523 5413 2795 5488 superiore
2824 5419 3040 5485 pagina:
3079 5422 3125 5469 1.
3211 5413 3275 5451 ¹⁰ι
3307 5415 3548 5471 Cenobia

257 5494 451 5549 littera
479 5493 522 5548 C
552 5491 720 5545 rubra
748 5491 821 5556 cf.
856 5504 984 5543 ann.
1017 5503 1124 5558 seq.
1161 5487 1227 5524 ¹⁰²
1251 5491 1344 5544 VI.
1379 5505 1491 5546 cor.
1513 5491 1578 5543 V.
1615 5491 1828 5559 reliqua
1865 5491 1973 5544 alio
2001 5495 2102 5544 atr.
2138 5497 2186 5543 1.

339 5627 344 5630 -
1790 5589 1834 5642 N
1845 5590 2025 5644 ΟΤίΕ.

331 5677 543 5746 (1271*>
570 5678 800 5733 Factum
841 5675 897 5731 id
933 5691 964 5730 a
993 5681 1181 5746 sancto
1212 5672 1414 5746 Babyla
1442 5674 1695 5746 episcopo
1732 5678 1850 5730 An-
1960 5675 2130 5730 fuisse
2155 5681 2322 5744 negat
2350 5688 2477 5729 cum
2497 5672 2614 5746 aliis
2648 5669 2894 5746 eruditis.
2916 5671 3054 5746 Uss.

252 5741 536 5804 tiocheno'
554 5747 724 5803 refert
764 5744 1230 5817 Eusebiungist.
1263 5741 1589 5813 ecclesfvr,
1623 5741 1714 5816 27,
1744 5762 1854 5817 quo
2036 5749 2218 5811 (1272)
2233 5741 2497 5817 ‘Fortasse
2533 5745 2587 5798 in
2615 5743 2841 5817 epistola
2867 5741 3217 5817 ad_Paulam,
3258 5744 3315 5797 in
3345 5758 3453 5816 qua
3487 5759 3545 5800 se

259 5827 450 5876 tamen
503 5819 822 5876 testimonio
861 5833 974 5873 non
1016 5816 1269 5888 obStante
1314 5817 1510 5886 Pagius
1536 5818 1613 5888 fin
1663 5813 1854 5873 critica
1964 5832 2191 5888 operum
2220 5816 2471 5888 Origenis
2491 5815 2799 5884 catalogum
2816 5813 3306 5888 texuissetestatur
3323 5813 3440 5886 cap.
3476 5822 3541 5870 54

251 5892 482 5949 Baronii
521 5891 590 5950 ad
616 5906 744 5952 ann.
770 5895 904 5961 244,
935 5905 991 5945 n.
1019 5892 1074 5959 4,
1125 5884 1434 5962 Philippum
1487 5887 1856 5946 Christianum
1963 5884 2048 5946 De
2066 5889 2198 5944 viris
2227 5884 2446 5957 illustr.,
2471 5901 2592 5959 qua
2628 5893 2816 5941 tamen
2842 5884 3130 5942 intercidit.
3163 5886 3290 5941 Uss.
