3988 6188
590 286 727 353 1315

1592 292 1681 346 AD
1720 290 1945 346 OPERA
1985 292 2040 346 S.
2081 290 2400 347 GBEGORII
2436 288 2871 346 APPENDICES.
3704 294 3789 349 l3ll

662 428 716 476 5.
743 420 1097 477 Euthicianus
1122 431 1258 489 papa
1288 422 1426 483 26“,
1449 416 1597 474 sedit
1620 433 1797 474 mens.
1835 424 1902 474 10
1934 416 2019 485 ιθδ,
2046 433 2173 488 pas-
2206 422 2258 484 Α
2291 416 2660 472 Maximianus
2687 410 2978 470 Mediolani
3005 426 3271 484 purpuras
3300 413 3674 484 etregnumob
3692 430 3791 472 neae-

592 531 681 571 sus
716 533 818 586 pro
845 515 1050 569 (.‘lm‘sto
1072 522 1104 568 8
1131 514 1351 571 Kalend.
1387 515 1644 581 Augusti.

663 616 714 663 6.
766 610 934 662 Gaius
981 623 1116 679 papa
1163 612 1298 673 27"3,
1345 606 1483 662 sedit
1524 623 1652 663 ann.
1708 612 1789 661 15.
1838 605 2180 662 Alexandria:

590 703 842 758 Theonas
877 701 1163 771 episcopus
1197 706 1331 766 15⁸³⁸,
1364 717 1497 756 ann.
1529 706 1615 756 18.
1652 699 1865 756 Probus
1890 698 2035 771 apud
2066 700 2179 755 Sir-

592 796 767 852 mium
796 794 1043 849 tumultu
1078 794 1322 849 militum
1354 793 1651 850 occiditur.

660 890 901 946 CARUS
958 893 1100 957 32m,

589 999 717 1040 ann.
754 988 804 1041 2.

664 1084 711 1133 1.
753 1079 923 1134 Carus
964 1078 1138 1132 victor
1176 1076 1244 1131 de
1270 1075 1509 1145 Parthis,
1555 1090 1717 1147 super
1753 1074 2047 1148 Tygridem
2076 1074 2181 1130 ful-

592 1170 739 1227 mine
768 1170 909 1226 ictus
950 1170 1172 1226 interiit.

665 1271 714 1319 2.
742 1264 1109 1319 Numerianus
1139 1264 1430 1319 occiditur.
1474 1262 1706 1319 Carinus
1732 1262 1875 1333 apud
1924 1264 2180 1334 Mergum

590 1375 619 1414 a
644 1354 989 1414 Diocletian'o
1021 1358 1360 1413 interﬁcitur.
1392 1359 1690 1428 Hucusque
1714 1357 1783 1412 ab
1807 1357 2181 1413 incarnatione

590 1452 821 1509 Domini
844 1460 1214 1522 supputantur
1245 1452 1371 1507 anni
1396 1457 1499 1508 284
1538 1451 1839 1506 secundum
1869 1449 2179 1507 Dionisium

592 1548 686 1612 (A.
732 1552 794 1603 D.
823 1550 971 1610 285).

672 1640 1206 1696 DIOCLETIANUS
1241 1644 1379 1707 33‘“,
1406 1655 1531 1693 ann.
1561 1646 1647 1694 20.

666 1740 713 1789 1.
760 1732 846 1788 Ab
875 1732 979 1789 hoc
1009 1748 1157 1789 anno
1187 1733 1350 1789 Greci
1386 1732 1667 1803 paschales
1696 1732 1931 1790 circulos
1960 1733 2183 1789 inchoa-

592 1826 749 1884 bant.

663 1928 716 1980 2.
763 1922 1132 1979 Diocletianus
1160 1921 1485 1979 Herculium
1526 1921 1929 1980 Maximianum
1960 1923 2017 1979 in
2045 1938 2177 1979 con-

592 2017 829 2073 sortium
860 2017 1013 2089 regni
1034 2017 1285 2073 assumit.

664 2116 719 2165 8.
758 2110 1129 2166 Maximianus
1166 2110 1220 2165 in
1249 2110 1423 2167 Gallia
1451 2111 1768 2167 Amandum
1796 2127 1925 2167 cum
1968 2110 2185 2168 rusticis

591 2204 738 2258 vicit.

663 2303 716 2350 4.
750 2298 870 2352 Hoc
896 2302 1145 2367 tempore
1177 2297 1471 2353 Carausius
1500 2296 1832 2364 Britannias,
1858 2300 2061 2353 Narses
2088 2312 2181 2353 rex

598 2392 892 2445 Persarum
923 2390 1210 2456 orientem,
1246 2393 1542 2462 Egyptum
1571 2389 1867 2457 Achilleus,
1901 2392 2185 2463 Quinque-

600 2483 839 2554 gentiani
872 2482 1112 2539 Africam
1152 2492 1496 2539 vastaverunt
1527 2487 1617 2549 (Α.
1652 2489 1718 2539 D.
1749 2490 1893 2551 290).

1149 905 1277 945 cum
1308 888 1430 943 ﬁliis
1486 887 1687 944 Carino
1716 895 1772 944 et
1816 886 2179 955 Numeriano,

665 2582 719 2631 6.
744 2576 1121 2632 Diocletianus
1141 2577 1549 2645 Constantium,
1580 2578 1920 2635 Constantini
1950 2586 2183 2651 patrem,

596 2685 857 2725 cessarem
886 2668 1035 2738 facit,
1066 2670 1159 2741 qui
1197 2672 1446 2741 regnavit
1474 2687 1599 2726 ann.
1638 2677 1718 2726 16.

666 2769 715 2816 7.
768 2763 1144 2819 Diocletianus
1181 2763 1459 2819 Galerium
1491 2764 1887 2821 Maximianum
1928 2780 2183 2823 cessarem

596 2856 747 2912 facit.

664 2958 715 3006 8.
750 2953 870 3006 Hoc
894 2958 1140 3022 tempore
1178 2950 1420 3007 Phierius
1454 2951 1718 3022 presbiter
1752 2958 1808 3007 et
1849 2952 2093 3009 Achillas
2132 2963 2185 3010 et

592 3044 829 3100 Melitius
856 3044 1203 3101 Alexandria:
1236 3045 1572 3101 claruerunt.

663 3144 716 3193 9.
744 3138 842 3194 His
866 3138 1210 3209 temporibus
1237 3138 1463 3195 diversis
1489 3147 1543 3195 et
1567 3139 1755 3195 multis
1784 3140 1981 3211 praeliis
1999 3139 2185 3197 hostes

593 3230 797 3288 diversi
836 3232 1145 3288 vincuntur.

670 3332 757 3403 11.
787 3325 1161 3381 Diocletianus
1189 3340 1246 3381 se
1271 3333 1333 3381 ut
1353 3328 1530 3381 Deum
1557 3326 1778 3383 adorari
1802 3326 1988 3399 jussit.

668 3424 754 3473 13.
781 3419 918 3475 Gaio
948 3435 1084 3490 papa
1116 3426 1199 3474 10.
1230 3421 1355 3475 Kal.
1387 3423 1528 3475 Maii
1566 3419 1630 3456 ι⁰⁴
1656 3422 2017 3490 martirizato,
2044 3422 2187 3476 Mar-

595 3511 823 3569 cellinus
848 3518 969 3567 28‘“
989 3514 1270 3582 successit,
1294 3530 1426 3569 ann.
1455 3520 1489 3569 9
1513 3513 1604 3582 ι⁰⁵,
1624 3517 1721 3585 qui
1748 3518 1874 3570 item
1889 3530 2089 3585 passus
2111 3520 2189 3571 est

589 3622 691 3675 pro
737 3609 960 3670 Christo,
1006 3613 1058 3662 6.
1108 3610 1227 3663 Kal.
1277 3611 1441 3663 Maii.
1484 3612 1598 3663 Huc
1636 3626 1799 3679 usque
1848 3612 2190 3664 ecclesiastica

595 3700 821 3753 historia
872 3702 1089 3755 Eusebii
1127 3705 1471 3757 successiones
1489 3706 1789 3772 prwsulum
1830 3706 2188 3759 Romanorum

593 3792 701 3844 sive
730 3793 1223 3850 Alexandrinorum
1247 3801 1429 3865 aperte
1457 3797 1730 3861 describit,
1756 3799 1895 3853 sicut
1918 3803 1967 3853 et
1991 3799 2076 3854 hic
2102 3798 2190 3854 de-

596 3886 811 3951 scripta:
836 3884 1131 3941 habentur.

676 3983 762 4029 14.
790 3974 1159 4033 Diocletianus
1182 3979 1323 4035 victo
1346 3979 1611 4051 Achilleo,
1639 3982 2029 4039 Alexandriam
2047 3984 2189 4058 Egi-

613 4079 881 4143 ptumque
906 4073 1124 4143 recepit.
1887 4127 1895 4134 ,

675 4167 758 4216 15.
802 4163 1160 4218 Constantius
1203 4168 1274 4218 60
1303 4162 1470 4219 millia
1522 4165 1956 4223 Alemannorum
1985 4168 2189 4226 occidit

618 4258 687 4311 A.
712 4258 774 4310 D.
811 4259 936 4310 eoo.
974 4258 1149 4313 Hm.
1182 4246 1232 4311 a’.
1262 4262 1405 4323 304).

2284 512 2447 567 ctutis
2471 508 2753 566 defectum
2782 516 2981 580 sponte
2999 506 3301 578 deponunt.

2359 604 2718 661 GALERIUS
2747 603 2823 654 ¹⁰ΐ
2837 610 2891 659 et
2917 600 3415 658 CONSTANTIUS
3434 600 3654 672 augusti.
3668 603 3793 656 Maxi-

2289 700 2472 756 minus
2502 706 2819 770 persecutor
2845 695 3275 753 christiauorum
3305 703 3360 751 et
3381 698 3609 752 Severus
3630 711 3795 753 cauare

2288 794 2583 866 eliguntur.

2364 893 2412 944 1.
2438 886 2599 955 (Ibid.
2626 887 2798 942 Hm.
2830 899 2881 941 a.
2922 886 3070 950 309.)
3093 882 3448 941 Constantius
3467 891 3732 954 angustus,
3751 886 3799 940 vii

2290 990 2632 1047 mansuetus,
2662 980 2717 1035 in
2755 978 3039 1035 Britannia
3068 977 3297 1034 Eboraci
3326 977 3485 1034 obiit.

2361 1074 2939 1137 CONSTANTINUS,
2974 1072 3270 1128 Constantii
3310 1087 3374 1127 ex
3416 1070 3702 1129 concubina
3732 1074 3802 1128 He-

2289 1170 2411 1225 lena
2433 1168 2598 1237 ﬁlius,
2622 1172 2871 1233 ann.,30,
2898 1181 3071 1222 mens.
3098 1172 3182 1221 10.
3206 1166 3314 1221 Hic
3330 1165 3541 1237 primus
3556 1166 3801 1238 imperator,

2289 1272 2517 1335 excepto
2540 1262 2790 1334 Philippo
2813 1260 3145 1318 christianus
3162 1259 3289 1329 fuit,
3309 1268 3367 1317 et
3380 1260 3454 1316 ab
3473 1260 3577 1317 hoc

2288 1358 2643 1429 imperatores
2672 1364 2953 1428 ceperunt.

2364 1458 2388 1506 1
2406 1492 2420 1509 .
2452 1450 2783 1518 Maxentius,
2810 1450 3129 1507 Maximiani
3156 1449 3402 1507 Herculii
3427 1448 3588 1518 ﬁlius,
3614 1456 3805 1520 augmina

2288 1546 2607 1617 appellatur.
2624 1544 3043 1601 Marcellus29”
3055 1561 3208 1617 papa
3220 1545 3359 1601 sedit
3377 1561 3514 1601 ann.
3533 1550 3584 1607 5,
3598 1542 3803 1617 passum

2297 1645 2380 1695 17.
2413 1641 2545 1696 Kal.
2594 1640 2904 1695 Februarii.

2362 1739 2416 1788 2.
2444 1731 2809 1789 Maximianus
2832 1731 3125 1790 Herculius
3152 1730 3300 1804 apud
3320 1732 3621 1789 Massiliam
3641 1730 3803 1802 tmp'le

2214 1837 2260 1899 Β
2292 1827 2634 1883 interﬁcitur.

2364 1928 2413 1977 3.
2447 1920 2644 1977 Occiso
2673 1922 2899 1987 Severo,
2919 1919 3168 1976 Licinius
3204 1934 3377 1977 caesar
3408 1918 3651 1976 efﬁcitur.

2362 2023 2415 2071 4.
2448 2017 2651 2081 (Onos.
2677 2030 2790 2081 vn,
2821 2018 2934 2081 28.)
2955 2014 3210 2071 Galerius
3243 2013 3309 2051 ι⁰⁹
3334 2014 3690 2075 Maximianus,
3714 2010 3801 2067 ὠή

2290 2109 2594 2166 stianorum
2624 2116 2960 2180 persecutor,
2990 2107 3172 2164 divina
3200 2108 3409 2165 ultione
3436 2116 3616 2175 tactus,
3637 2120 3801 2179 parcat

2292 2203 2605 2260 christianis
2620 2201 2806 2274 jussit.

2363 2304 2416 2353 5.
2451 2295 2777 2354 lliaximinus
2803 2310 2974 2353 caesar
3003 2295 3450 2367 persecutionem
3480 2302 3709 2354 restaurat
3741 2296 3801 2360 (Δ.

2293 2397 2360 2450 D.
2385 2396 2534 2458 310).
3290 2446 3297 2447 ,

2365 2491 2416 2542 6.
2446 2487 2647 2552 (Hlnn.
2679 2502 2732 2542 a.
2766 2490 2901 2553 316.;
2938 2486 3078 2541 Hist.
3112 2487 3282 2550 misc.)
3318 2488 3516 2543 Petrus
3542 2480 3803 2542 Alexandre

2293 2580 2580 2652 episcopus
2607 2580 2863 2636 martirio
2903 2587 3221 2648 coronatur,
3250 2595 3351 2651 pro
3384 2596 3502 2651 quo
3525 2578 3726 2636 Achillas
3744 2591 3799 2631 se-

2293 2674 2392 2731 dit.
2415 2674 2685 2731 Eusebius
2706 2689 2845 2745 papa
2871 2679 3010 2742 30‘",
3037 2688 3167 2729 ann.
3185 2679 3241 2729 6.
3272 2672 3372 2741 “°;
3401 2680 3439 2729 6
3469 2676 3602 2733 Non,
3621 2668 3803 2727 Oetoiris

2293 2768 2563 2825 discessit.
2600 2772 2801 2837 Magna
2836 2770 3011 2835 fames
3038 2772 3089 2824 et
3131 2768 3243 2823 lues
3286 2770 3345 2821 in
3383 2771 3719 2837 persecutores
3747 2766 3803 2829 fa»

2296 2868 2381 2918 cta
2408 2867 2506 2918 est.

2364 2964 2419 3014 7.
2451 2956 2765 3013 Persecutio
2795 2954 3017 3011 tandem
3049 2962 3176 3026 post
3205 2959 3271 3009 10
3304 2970 3488 3010 annos
3510 2954 3736 3009 ﬁnitaest.

2363 3056 2417 3105 8.
2466 3049 2569 3115 (Cf.
2612 3053 2796 3107 Hrsn.
2833 3066 2885 3105 a.
2929 3050 3080 3115 315.)
3109 3047 3507 3106 Constantinus
3547 3043 3809 3104 Maxentium

2291 3142 2432 3199 civili
2456 3144 2666 3213 praelio,
2694 3147 2811 3199 Deo
2830 3143 3075 3215 juvante,
3096 3141 3237 3215 apud
3258 3150 3495 3214 pontem
3513 3141 3739 3199 Mulvium
3758 3148 3807 3174 ιιι

2223 3217 2268 3282 C
2295 3236 2444 3292 vicit.

2366 3337 2418 3387 9.
2448 3332 2786 3387 Maximinus
2814 3343 2892 3370 ιι·
2913 3346 3079 3389 caesar
3104 3346 3224 3389 cum
3243 3346 3436 3403 magno
3462 3326 3811 3387 mamisc-

2291 3426 2536 3480 rabiliter
2562 3430 2612 3480 et
2649 3426 2808 3495 digne
2834 3430 3087 3482 moritur.

2370 3526 2457 3574 10.
2509 3519 2736 3575 Plurimi
2786 3528 3201 3591 persecutorum
3260 3527 3322 3577 et
3365 3531 3641 3592 magorum
3683 3511 3807 3570 truci-

2295 3613 2515 3669 dantur.

2369 3711 2457 3764 12.
2478 3710 2715 3775 (Eosnn.
2732 3710 2877 3764 Hist.
2900 3708 3074 3764 eccles.
3099 3722 3187 3777 Ix,
3213 3709 3515 3773 10:01:05.
3538 3720 3633 3772 vn,
3650 3698 3807 3767 111.)Ιὲ

2295 3801 2478 3858 cinius
2494 3803 2675 3859 Caesar
2695 3801 2876 3873 primo
2894 3801 3074 3858 bonus
3084 3801 3518 3859 christianorum
3532 3801 3675 3868 ultor,
3692 3807 3806 3869 prava

2295 3904 2489 3952 contra
2514 3895 2932 3953 Constantinum
2974 3895 3287 3952 machinam
3327 3904 3383 3952 et
3408 3895 3705 3952 christianos
3725 3903 3804 3960 per-

2298 4005 2557 4062 sequens,
2587 3991 2783 4045 vicitus
2809 3989 2953 4047 bello
2982 3989 3214 4047 interiit.
3248 3989 3548 4048 Melciades
3570 4001 3689 4061 papa
3709 3988 3789 4039 31³⁸

2300 4082 2440 4140 sedit
2469 4083 2629 4139 annis
2656 4089 2713 4152 4,
2739 4082 2877 4139 obiit
2912 4082 2983 4121 ιι⁸
3006 4088 3064 4139 4.
3094 4084 3226 4139 Idus
3251 4085 3518 4139 Januarii
3546 4082 3626 4138 ηδ.

2372 4182 2459 4232 14.
2485 4179 2608 4233 Hoc
2634 4185 2883 4248 tempore
2904 4176 3245 4234 Alexandriae
3269 4177 3557 4251 presbyter
3579 4171 3719 4233 Atrius
3733 4179 3801 4221 ηε·

2300 4270 2910 4341 ῘδηάειωΑτιυὶδηοῑυω
2926 4270 3192 4327 .heresem
3216 4270 3427 4343 condit,
3447 4272 3552 4329 sub
3576 4260 3803 4327 Διεωο

668 4356 754 4404 16.
810 4350 1150 4407 Alexandriae
1216 4354 1409 4407 Petrus
1478 4357 1591 4408 16‘“
1671 4354 1992 4427 episcopus,
2050 4357 2194 4414 sedit
2299 4365 2577 4438 episcopo,
2609 4366 2699 4437 qui
2727 4364 2955 4422 Achillae
2984 4365 3260 4422 successit.

594 4458 722 4497 ann.
762 4450 843 4499 12.

674 4542 753 4590 17.
787 4537 1035 4594 Galerius
1078 4538 1146 4577 ιοδ
1176 4538 1548 4595 Maximianus
1577 4542 1852 4597 Narseum
1894 4545 2185 4615 superavit,

600 4636 656 4683 et
682 4646 909 4686 uxorem
938 4649 1003 4687 ac
1031 4632 1231 4689 liberos
1269 4632 1387 4704 ejus
1417 4633 1724 4704 captivavit.

2215 4593 2267 4656 Β

2376 4464 2460 4514 16.
2484 4428 2748 4515 ’5117118181-
2774 4475 2911 4531 papa
2943 4465 3063 4515 32mi
3093 4459 3191 4529 ηδ,
3222 4475 3347 4515 ann.
3383 4465 3456 4516 23
3484 4472 3647 4516 mem.
3670 4450 3815 4521 l0)?“
3890 4482 3901 4531 l

2298 4552 2539 4607 discessit
2566 4558 2617 4607 2.
2651 4554 2885 4609 Kalend.
2908 4556 3166 4610 Januarii
3198 4552 3303 4608 ηδ.

2370 4651 2456 4701 17.
2490 4645 2796 4703 Concilium
2827 4647 2888 4703 in
2930 4648 3094 4704 Nicea
3130 4656 3501 4721 congregatur
3530 4651 3627 4704 818
3666 4641 3815 4713 episre

670 4727 755 4775 18.
788 4724 1155 4781 Diocletianus
1180 4736 1233 4781 et
1262 4726 1629 4785 Maximianus
1668 4728 1861 4802 insigni
1890 4746 2091 4804 pompa
2120 4732 2220 4807 de,
2297 4754 2514 4812 porum,
2543 4743 2640 4796 sub
2658 4743 2916 4798 Silvestro
2941 4752 3017 4793 "7
3032 4759 3204 4813 papa,
3225 4745 3281 4797 in
3300 4760 3405 4813 quo
3424 4745 3620 4800 Arrius
3642 4734 3816 4793 comica

596 4814 844 4871 hostibus
867 4818 1228 4891 triumphant.

671 4915 755 4965 19.
791 4910 1162 4969 Diocletianus
1200 4913 1257 4969 in
1304 4914 1531 4984 oriente,
1581 4926 1638 4973 et
1675 4918 1968 4975 Herculius
2006 4921 2185 4977 Maxi-

594 5004 813 5060 mianus
842 5004 897 5059 in
946 5006 1225 5062 occidente
1257 5009 1499 5065 ecclesias
1543 5011 1883 5081 subvertunt,
1914 5014 2081 5070 libros
2108 5015 2187 5071 di-

590 5098 744 5155 vinos
774 5099 1092 5165 incendunt,
1132 5110 1186 5156 et
1209 5102 1537 5159 christianos
1573 5104 1785 5161 decima
1810 5108 2188 5179 persecutione

597 5202 721 5264 post
749 5197 1028 5251 Neronem
1053 5195 1460 5255 cruciaverunt.

662 5293 750 5343 20.
785 5290 979 5357 (Onus.
1013 5305 1125 5359 v11,
1157 5295 1267 5357 25.)
1312 5292 1689 5352 Diocletianus
1739 5294 2094 5367 Nicomediae,
2134 5307 2192 5357 et

2293 4841 2464 4890 natur
2490 4835 2565 4873 ’³³
2596 4842 2647 4891 et
2669 4843 2738 4892 70
2758 4838 2995 4908 capitula
3016 4839 3434 4907 constituuntur,
3470 4840 3607 4895 sicut
3630 4833 3816 4889 Atlansa-

2296 4931 2406 4985 sius
2426 4931 2557 4987 dicit
2569 4971 2583 4998 ,
2609 4932 2708 5001 qui
2731 4931 2903 4986 eidem
2930 4932 3116 4986 sinodo
3137 4934 3408 4999 interfuit.

2471 5069 2609 5125 Sunt
2634 5084 2702 5123 ea:
2729 5071 2891 5127 Nicea
2920 5068 3088 5125 decies
3112 5074 3327 5141 septena
3353 5076 3585 5138 statuta,

2475 5166 2624 5221 Sicut
2644 5166 2980 5221 Athanasius
3002 5168 3195 5221 scribit
3213 5167 3375 5222 simul
3398 5171 3451 5222 et
3467 5182 3618 5238 papa
3642 5164 3800 5221 Marte

2377 5308 2461 5358 19.
2496 5306 2617 5361 Hoc
2644 5314 2895 5378 tempore
2921 5322 3055 5364 crux
3084 5307 3359 5365 dominica
3387 5308 3453 5364 ab
3497 5307 3697 5364 Helena
3719 5302 3809 5357 Octa

1887 5443 2133 5498 VARIAB
2179 5446 2485 5503 LECTION
2495 5449 2595 5503 ES.

666 5568 732 5602 ¹⁰³
759 5572 970 5640 reliqua
994 5570 1101 5625 alio
1130 5575 1240 5625 atr.
1322 5569 1393 5605 '°‘
1426 5574 1501 5626 Χ.
1542 5574 1614 5627 Κ.
1663 5575 1737 5628 Μ.
1762 5576 1872 5629 alio
1892 5580 1999 5630 atr.

596 5710 671 5749 ιιο
715 5714 810 5766 VI.
851 5714 921 5768 N.
952 5714 1022 5766 Ο.
1061 5711 1118 5767 d.
1157 5714 1265 5768 alio
1310 5719 1417 5769 atr.
1492 5714 1562 5752 ¹ιι
1611 5710 1817 5771 vluium
1851 5710 1976 5773 1:2.

668 5583 732 5602 ινα
759 5583 970 5640 reliqua
994 5583 1101 5625 alio
1130 5583 1240 5625 atr.
1322 5583 1393 5605 ιυ⁹
1428 5583 1501 5626 λ.
1542 5583 1614 5627 λ.
1664 5583 1737 5628 Μ.
1762 5583 1872 5629 alio
1892 5583 1999 5630 atr.
2083 5583 2151 5612 ινδ
2177 5583 2272 5648 qui
2307 5609 2375 5619 —
2400 5583 2526 5635 Maii
2552 5583 2657 5635 alio
2676 5587 2783 5637 atr.
2868 5583 2901 5620 ιε

593 5639 669 5719 ποῖ
698 5642 946 5719 Yalerius
963 5643 1155 5719 littera
1183 5645 1238 5719 Y
1257 5644 1439 5709 rubra,
1464 5644 1733 5719 adscripti)
1766 5647 1813 5703 G
1846 5648 2002 5715 nigro
2081 5647 2150 5684 ὀδ
2182 5665 2234 5719 ρ.
2264 5652 2440 5705 XVII.
2472 5654 2544 5706 K.
2571 5654 2633 5707 F.
2661 5656 2773 5708 alio
2792 5659 2901 5711 atr.

2058 5730 2129 5758 ³³³
2154 5722 2537 5777 maximininus
2580 5732 2627 5779 1.

2083 5575 2151 5612 105
2177 5593 2251 5648 qu

2868 5583 2935 5621 ¹⁰⁶
2975 5584 3224 5640 Valerius
3264 5587 3441 5641 littera
3486 5584 3534 5636 V
3558 5584 3706 5637 rubra
3732 5584 3759 5628 l.

2982 5654 3048 5692 ιθθ
3072 5656 3319 5713 Valerius
3342 5659 3521 5711 littera
3552 5658 3596 5709 ν
3627 5651 3795 5705 ηώητι-

2708 5724 2783 5763 ¹ί³
2806 5726 2953 5782 deest
3000 5734 3052 5783 1.
3128 5726 3201 5764 ’⁸⁸
3233 5730 3357 5784 lllI.
3402 5726 3477 5782 Id.
3526 5728 3565 5781 1.
3611 5720 3795 5777 alica!"

597 5782 934 5869 "‘ILXXlI‘.
966 5798 1098 5869 corr.
1122 5785 1445 5869 (1..
1505 5785 1576 5823 ηδ
1604 5803 1659 5869 q.
1689 5786 1745 5843 d.
1772 5790 1844 5869 ll.
1994 5793 2036 5845 Ι.
2065 5792 2173 5869 alio
2208 5798 2316 5847 atr.
2397 5794 2464 5833 ιιτ
2498 5810 2668 5866 supra
2695 5796 2862 5853 locum
2896 5782 3101 5866 rasum,
3130 5782 3386 5869 quoiejg.
3413 5797 3551 5869 julio
3578 5799 3666 5851 aut
3688 5786 3793 5845 si"

592 5856 726 5920 quid
750 5858 1011 5924 scriptum
1030 5858 1150 5907 erat
1183 5860 1229 5909 1.

1311 5855 1382 5893 ηδ
1414 5855 1707 5915 demuntur
1734 5864 1783 5915 et
1803 5861 2013 5931 reliqua
2041 5864 2173 5920 anni
2190 5869 2498 5922 atramento
2519 5855 2646 5924 aiio.
