4052 6196
294 300 432 352 1317

1198 301 1483 357 ΑΡΡΕΝΠ.
1525 304 1611 357 lll.
1652 330 1723 344 —-
1757 301 2181 361 MONUMENTA
2220 305 2678 362 GREGORIANA.

3451 312 3588 366 1318

288 424 513 483 stantini
555 430 729 483 matre
759 425 1098 483 lerosolimis
1134 408 1432 501 reperitur,
1475 429 1577 487 sub
1608 429 1889 488 Machario
1918 435 1972 498 Α
2074 438 2156 487 12.
2191 434 2459 489 Constans
2488 432 2626 489 haut
2653 434 2813 504 longe
2840 433 2908 489 ab
2936 433 3196 507 Hispania
3225 438 3470 511 (1111111.)
3506 436 3588 491 in-

289 518 530 589 ejusdem
561 519 713 576 urbis
738 519 1008 593 episcopo.
1390 590 1391 597 γ

363 618 452 667 20.
504 613 814 671 Vicennalia
881 615 1227 673 Constantini
1281 624 1403 673 acta
1462 620 1658 675 Romae
1714 623 1883 685 (A.D.

292 711 397 762 325
416 707 454 777 ).

366 805 452 855 22.
489 802 701 865 (Osos.
735 816 850 871 vn,
874 802 989 873 28).
1031 804 1418 861 Constantinus
1444 806 1743 875 Sarmatas,
1777 808 1885 863 Go-

294 893 415 949 thos
446 903 500 950 et
521 896 727 951 multas
747 896 1000 953 nationes
1024 901 1278 954 Romano
1306 898 1493 955 subdit
1521 900 1767 973 imperio.

361 993 449 1044 24.
486 989 882 1047 Constantinus
916 991 1234 1048 Bizantium
1272 992 1467 1049 urbem
1496 995 1783 1066 reparavit,
1833 1003 1888 1051 et

288 1097 353 1139 ex
382 1096 486 1145 suo
526 1082 751 1139 nomine
798 1085 1332 1157 Constantinopolim
1370 1087 1680 1159 appellavit,
1711 1096 1766 1144 et
1795 1104 1884 1145 se-

280 1174 420 1233 dem
442 1176 684 1233 Romani
708 1178 862 1251 regni
883 1194 1001 1235 esse
1030 1180 1220 1237 voluit.

354 1274 446 1324 25.
466 1270 797 1327 Athanasius
811 1273 1096 1345 episcopus
1116 1273 1405 1339 ordinatur
1422 1275 1765 1334 Alexandriae
1784 1291 1799 1316 ι
1812 1290 1876 1333 ιθ.

354 1368 447 1421 26.
476 1364 577 1419 His
607 1365 951 1438 temporibus
968 1367 1089 1423 Indi
1116 1375 1168 1423 et
1193 1367 1383 1425 Hiberi
1410 1368 1717 1427 efﬁciuntur
1738 1371 1885 1427 chri-

282 1457 444 1513 stiani
473 1460 643 1526 (A.D.
676 1463 826 1528 330).

354 1556 445 1607 27.
487 1552 588 1607 His
613 1550 951 1625 temporibus
985 1554 1249 1611 Eusebius
1289 1557 1638 1614 Caesariensis
1680 1559 1885 1631 episco-

284 1663 408 1719 pus,
460 1657 516 1705 et
554 1651 829 1707 Juvencus
880 1660 1059 1723 poeta,
1099 1661 1153 1709 et
1196 1654 1417 1724 plurimi
1471 1655 1724 1712 doctores
1770 1658 1879 1713 cla.

283 1751 533 1801 ruerunt.

1996 527 2281 596 terﬁcitur,
2312 544 2460 583 anno
2489 529 2665 585 aetatis
2702 536 2813 585 30°.

2073 628 2156 677 14.
2202 622 2302 679 His
2329 623 2668 695 temporibus
2712 639 2833 680 ossa
2872 624 3144 680 Timothei
3188 632 3242 680 et
3270 626 3439 681 sancti
3470 630 3582 681 An-

1994 714 2142 771 dreae
2174 718 2550 787 apostolorum
2576 727 2631 773 et
2654 721 2819 774 Luca:
2842 720 3187 791 evangelista:
3214 719 3591 776 Constantino—

1996 809 2164 878 polim
2206 811 2365 866 allata
2395 820 2545 867 sunt.

2070 906 2156 957 16.
2204 905 2474 961 Antonius
2502 905 2808 962 monachus
2847 906 3148 963 centesimo
3180 907 3369 979 quinto
3412 908 3589 965 aetatis

1993 1012 2105 1052 suae
2136 1013 2280 1052 anno
2324 998 2380 1052 in
2432 998 2656 1055 heremo
2704 1000 2964 1069 moritur;
3015 1017 3127 1072 quo
3155 1009 3402 1073 tempore
3431 1001 3589 1057 multi

1994 1087 2282 1145 heremita:
2317 1089 2605 1147 virtutibus
2634 1093 2952 1148 claruerunt
2979 1095 3153 1160 (A.D.
3188 1094 3342 1165 351).

2069 1190 2156 1238 17.
2204 1184 2517 1240 Victorinus
2564 1185 2750 1241 rethor
2787 1195 2842 1241 et
2905 1190 3155 1244 Donatus
3200 1188 3589 1260 grammaticus

1991 1278 2188 1332 Roma
2216 1278 2453 1349 insignes
2486 1278 2772 1335 habentur.

2068 1377 2135 1426 18
2165 1366 2420 1428 Julianus
2454 1388 2622 1430 caesar
2651 1372 2887 1430 efﬁcitur
2916 1388 2947 1428 a
2976 1374 3319 1430 Constantio.

2069 1470 2154 1519 19.
2189 1468 2387 1537 Magna
2438 1467 2869 1524 Alemannorum
2912 1467 3085 1540 copiae
3122 1460 3267 1541 apud
3317 1470 3585 1541 Argenta-

1988 1556 2133 1613 rium
2176 1559 2247 1595 “5
2276 1558 2469 1617 deletae
2496 1569 2643 1617 sunt.

2062 1657 2150 1707 20.
2178 1653 2429 1710 Julianus
2456 1654 2652 1711 Rheno
2687 1657 2995 1713 Germanos
3021 1656 3147 1712 vicit
3172 1660 3373 1725 (1273)
3405 1657 3583 1727 [A.D.

1991 1745 2147 1819 355].

354 1843 440 1895 28.
466 1841 700 1905 (Eusnn.
724 1840 866 1897 Hist.
890 1842 1174 1911 eccles.1x,
1201 1846 1254 1899 11
1281 1866 1295 1912 ;
1320 1846 1500 1902 HIEB.
1524 1860 1573 1901 a.
1596 1849 1745 1913 340.)
1768 1848 1879 1902 An-
1907 1808 1954 1871 Β
2062 1808 2151 1897 21.
2182 1841 2420 1897 Hilarius
2448 1842 2803 1901 Pictaviensis
2831 1844 3142 1917 episcopus,
3174 1851 3229 1899 et
3258 1843 3586 1901 Athanasius

283 1934 473 1990 tonius
500 1935 805 1992 monachus
841 1937 1021 1993 clarus
1049 1938 1299 1995 habetur.

358 2032 446 2085 29.
492 2032 833 2102 Constantia,
886 2034 1230 2090 Constantini
1272 2050 1451 2103 soror,
1496 2051 1633 2092 uxor
1678 2036 1877 2093 Licinii

284 2122 539 2180 moritur.

354 2222 443 2271 30.
469 2217 865 2277 Constantinus
888 2219 945 2275 in
969 2221 1266 2277 Arrianum
1292 2221 1491 2294 dogma
1518 2223 1739 2280 labitur.

353 2315 443 2365 31.
488 2313 884 2369 Constantinus
920 2314 1049 2370 dum
1088 2316 1291 2372 bellum
1324 2317 1378 2371 in
1419 2321 1607 2373 Persas
1640 2327 1871 2391 pararet,

276 2400 424 2473 apud
490 2404 868 2462 Nicomediam
925 2407 1082 2477 obiit,
1139 2425 1283 2465 anno
1329 2410 1510 2467 atatis
1556 2414 1653 2468 66°
1697 2414 1872 2480 (A.D.

276 2500 386 2552 335
404 2498 445 2566 ).

344 2590 872 2662 CONSTANTIUS,
898 2593 1042 2650 ﬁlius
1064 2595 1429 2664 Constantini,
1451 2612 1579 2653 cum
1607 2599 1875 2656 Constan-

278 2683 396 2739 tino
456 2691 512 2740 et
574 2685 875 2743 Constante
949 2686 1205 2745 fratribus
1261 2705 1389 2745 ann.
1436 2695 1526 2759 24,
1579 2707 1755 2748 mens.
1817 2700 1872 2763 5,

270 2777 389 2834 dies
418 2784 506 2834 13.

350 2878 398 2927 1.
440 2872 788 2929 Constantius
822 2873 885 2929 ﬁt
907 2872 1173 2931 Arrianus
1210 2891 1304 2947 per
1338 2876 1638 2934 Arrianum
1661 2880 1874 2950 presbi-

270 2972 454 3020 terum
489 2974 545 3020 et
584 2966 881 3023 Eusebium
914 2968 1412 3039 Nicomediensem,
1443 2979 1497 3026 et
1526 2973 1874 3045 persequitur

272 3059 593 3115 catholicos.

344 3158 395 3206 2.
451 3150 645 3220 (Hrﬁ.
692 3170 743 3209 a.
794 3159 958 3223 341.)
1004 3154 1244 3213 Jacobus
1275 3157 1557 3215 Nisibinus
1585 3159 1868 3233 episcopus

270 3244 570 3302 virtutibus
597 3247 815 3304 claruit.

345 3347 399 3394 3.
428 3340 819 3397 Constantinus
838 3341 1045 3399 bellum
1074 3343 1228 3401 fratri
1256 3346 1577 3403 Constantio
1606 3345 1864 3418 inferens,

261 3434 421 3506 juxta
452 3435 758 3505 Aquileiam
789 3436 1064 3492 occiditur.

345 3533 397 3582 4.
429 3529 612 3584 Terrae
641 3537 824 3585 motus
852 3531 1056 3585 multas
1087 3531 1249 3587 urbes
1277 3531 1461 3589 diruit.

341 3625 395 3675 5.
428 3622 620 3677 Franci
649 3638 679 3678 a
707 3625 1002 3680 Constante
1028 3624 1347 3695 perdomiti,
1393 3627 1447 3682 in
1488 3642 1684 3698 pacem
1712 3643 1867 3686 rece-

266 3716 345 3785 pti
376 3723 504 3771 sunt
531 3716 706 3781 (A.D.
759 3722 915 3785 840).

340 3815 394 3865 6.
437 3810 909 3882 Constantinopoli
939 3811 1114 3883 ejecto
1160 3813 1228 3870 ab
1268 3814 1515 3871 Arrianis
1542 3815 1711 3872 Paulo
1758 3816 1870 3887 epi-

261 3917 454 3974 sc0po,
487 3903 839 3961 Macedonius
869 3903 1241 3963 heresiarches
1280 3907 1334 3963 in
1381 3909 1565 3965 locum
1594 3910 1715 3982 ejus
1745 3911 1868 3967 sub-

261 3997 537 4052 stituitur.
680 4052 688 4061 ,

340 4095 397 4145 7.
430 4092 669 4158 (Hiram)
696 4094 821 4148 Hoc
861 4100 1109 4165 tempore
1138 4094 1469 4151 Maximinus
1498 4098 1863 4154 Treverorum

261 4184 555 4255 episcopus
579 4185 761 4242 clarus
804 4186 1055 4254 habetur,
1084 4204 1116 4243 a
1145 4202 1253 4258 quo
1280 4188 1611 4246 Athanasius
1636 4191 1865 4247 Alexan-

263 4276 405 4333 driae
452 4278 758 4352 episcOpus,
801 4296 832 4335 a
878 4282 1197 4338 Constantio
1251 4282 1536 4354 profugus,
1568 4282 1868 4341 honoriﬁce

260 4370 574 4444 suscipitur.

340 4471 392 4521 8.
429 4471 504 4503 ιιο
535 4470 755 4524 Marcus
786 4473 905 4524 33ι¹³
933 4485 1074 4543 papa
1105 4470 1242 4526 sedit
1271 4486 1405 4528 ann.
1433 4478 1467 4527 2
1497 4482 1569 4511 ι²³
1601 4474 1765 4530 Nonis
1792 4484 1865 4513 ιυ

266 4558 528 4617 Octobris.

339 4659 391 4708 9.
424 4654 753 4711 Athanasius
781 4656 1069 4729 episcopus
1097 4656 1170 4714 ad
1198 4660 1515 4717 Constantis
1544 4660 1727 4717 literas
1746 4661 1870 4717 Ale-

265 4746 547 4804 xandriam
578 4750 896 4821 regreditur.

338 4847 425 4897 10.
460 4843 683 4915 Eclipsis
702 4844 833 4901 solis
859 4843 998 4901 facta
1028 4852 1131 4915 est,
1162 4852 1217 4901 et
1239 4854 1403 4903 terras
1444 4855 1627 4903 motus
1666 4848 1865 4905 multas

267 4935 543 4992 subvertit
565 4936 634 4976 ι²³
656 4938 839 4995 Julius
907 4946 971 4995 34
1000 4955 1161 5011 papa,
1190 4956 1315 4995 ann.
1346 4946 1432 5010 15,
1460 4946 1492 4995 2
1521 4942 1605 4996 1d.
1639 4943 1860 5013 Apr."4

265 5031 443 5094 (A.D.
476 5036 630 5097 345).

340 5128 424 5179 11.
451 5124 660 5182 Bellum
676 5134 864 5183 contra
880 5129 1077 5184 Persas
1095 5129 1249 5200 gravi
1264 5132 1645 5187 Romanorum
1662 5130 1864 5190 damno

265 5217 496 5287 geritur.

1896 3202 1949 3269 .c

1986 1935 2416 2003 Alexandrinus,
2454 1945 2508 1992 et
2537 1953 2729 1993 omnes
2754 1938 3004 1995 catholici
3030 1938 3269 2011 episcopi
3296 1937 3366 1994 ab
3397 1938 3585 1994 Arria-

1986 2029 2073 2084 nis
2106 2030 2276 2085 multa
2306 2031 2447 2085 mala
2476 2039 2602 2086 sunt
2632 2032 2889 2103 perpessi.

2055 2129 2147 2178 22.
2179 2123 2341 2195 Apud
2364 2124 2681 2179 Ariminum
2705 2125 2932 2181 sinodus
2962 2125 3319 2181 Arrianorum
3349 2131 3454 2181 400
3477 2123 3586 2197 epi-

1986 2231 2279 2288 scoporum
2308 2217 2385 2253 "5
2409 2227 2599 2273 contra
2630 2218 2792 2274 ﬁdem
2822 2217 2961 2274 facta
2983 2227 3085 2273 est.

2057 2315 2146 2366 23.
2183 2310 2394 2381 (Onos.
2427 2327 2539 2380 vn,
2581 2317 2678 2378 29;
2704 2311 2775 2366 cf.
2820 2313 3000 2367 HIEB.
3046 2327 3094 2367 a.
3146 2316 3302 2379 352.)
3333 2312 3579 2367 Julianus

1984 2418 2241 2460 successu
2273 2405 2539 2461 bellorum
2586 2405 2787 2470 elatus,
2818 2404 3034 2476 augusti
3078 2419 3284 2461 nomen
3333 2413 3578 2476 usurpat.

1983 2499 2338 2554 Constantius
2387 2499 2444 2553 in
2486 2498 2716 2554 Parthos
2753 2498 2962 2555 bellum
3006 2507 3159 2571 parat
3193 2510 3285 2554 n7.
3334 2499 3585 2555 Liberius

1980 2606 2121 2663 papa
2163 2597 2280 2647 35uls
2321 2591 2460 2648 sedit
2486 2608 2663 2647 annos
2708 2596 2765 2647 6.
2812 2594 2933 2661 Quo
2963 2593 3207 2664 expulso,
3253 2593 3439 2649 locum
3469 2594 3584 2664 ejus

1984 2684 2135 2741 Felix
2173 2700 2311 2757 papa
2356 2689 2471 2742 36"8
2502 2702 2611 2741 uno
2654 2701 2797 2741 anno
2826 2687 3136 2757 occupavit;
3169 2695 3225 2742 et
3264 2687 3462 2743 iterum
3494 2687 3583 2741 Li-

1982 2778 2167 2834 berius
2194 2794 2308 2834 suae
2345 2778 2460 2834 sedi
2488 2778 2794 2834 restituitur
2825 2779 2918 2831 ηδ.
2952 2782 3181 2834 Sanctus
3205 2788 3389 2835 autem
3418 2779 3570 2835 Felix

1981 2871 2369 2930 Constantium
2395 2872 2782 2944 imperatorem
2805 2871 3105 2928 hereticum
3131 2888 3247 2928 esse
3262 2871 3573 2940 declarans,

1982 2966 2351 3023 martirizatus
2378 2974 2479 3035 est,
2512 2971 2545 3021 4
2574 2967 2703 3022 Kal.
2735 2965 2987 3039 Augusti.

2048 3067 2137 3117 24.
2201 3062 2553 3117 Constantius
2597 3060 2852 3117 Parthico
2897 3059 3040 3115 bello
3086 3059 3335 3128 dimisso,
3387 3068 3577 3116 contra

1976 3155 2254 3211 Julianum
2282 3171 2435 3210 arma
2474 3170 2718 3218 sumens,
2747 3155 3001 3210 moritur.

2049 3250 2410 3305 JULIANUS
2437 3256 2707 3319 apostata,
2747 3264 2955 3303 annum
2998 3254 3044 3317 1,
3077 3262 3265 3303 mense
3293 3252 3347 3302 8.
3378 3246 3482 3303 Hic
3510 3262 3574 3302 ex

1975 3342 2276 3398 christiano
2306 3343 2505 3398 lectore
2534 3358 2781 3414 paganus
2822 3342 3019 3411 factus,
3064 3341 3403 3414 persequitur
3425 3340 3570 3397 chri-

1977 3436 2205 3492 stianos.

2060 3537 2102 3585 t.
2152 3530 2351 3602 Pagani
2398 3529 2543 3601 apud
2591 3529 2854 3585 Sebasten
2899 3528 3247 3600 sepulchrum
3276 3528 3448 3586 sancti
3486 3531 3576 3584 Jo-

1979 3623 2179 3679 hannis
2206 3624 2461 3695 Baptistae
2486 3622 2750 3679 invadunt
2775 3624 2879 3689 (A.
2905 3628 2970 3677 D.
3004 3628 3161 3692 360).

2051 3724 2104 3777 2.
2149 3718 2401 3773 Julianus
2445 3716 2517 3772 ad
2555 3717 2762 3774 bellum
2810 3717 3135 3773 Parthicum
3180 3716 3479 3787 profectus,
3522 3724 3575 3772 et

1979 3810 2401 3868 christianorum
2431 3811 2750 3883 sanguinem
2779 3810 2884 3866 diis
2929 3810 3039 3866 suis
3084 3826 3304 3878 vovens,
3354 3811 3445 3865 Dei
3489 3810 3576 3881 ju—

1978 3905 2195 3976 dicioa
2239 3905 2480 3979 quodam
2526 3904 2682 3962 hoste
2729 3905 2941 3961 occisus
2987 3904 3216 3973 interiit,
3249 3920 3399 3961 anno
3443 3912 3573 3958 tnta-

1979 3998 2048 4055 tis
2076 4006 2192 4055 32°.
2388 4066 2391 4067 ν

2046 4095 2404 4150 JOVIANUS
2421 4108 2636 4149 menses
2660 4098 2714 4148 8.
2741 4095 2851 4149 Iste
2875 4093 3075 4149 iterum
3098 4108 3224 4148 cum
3253 4092 3405 4148 omni
3425 4106 3574 4149 exer-

1976 4187 2087 4243 citu
2117 4186 2185 4243 ad
2219 4186 2670 4242 christianitatem
2700 4186 2861 4244 redit.

2054 4286 2079 4335 1
2114 4323 2129 4336 .
2175 4279 2412 4336 Sinodus
2454 4280 2686 4334 heretica
2731 4280 3037 4336 Antiochiae
3080 4280 3219 4336 facta
3257 4287 3357 4336 est.
3391 4279 3569 4335 Joviao

1976 4390 2081 4432 nus
2110 4375 2165 4429 in
2186 4389 2327 4429 nova
2352 4374 2521 4428 domo
2543 4372 2827 4440 recubans,
2854 4372 3155 4430 suffocatus
3184 4373 3353 4431 odore
3378 4390 3572 4445 pruna-

1975 4485 2102 4527 rum
2123 4476 2179 4524 et
2201 4467 2360 4524 calcis
2389 4465 2639 4523 moritur.

1888 4558 1944 4627 D
2050 4562 2656 4627 VALENTINIANUS,
2689 4576 2860 4616 annos
2895 4566 2976 4615 11.
3006 4560 3100 4615 Hic
3123 4560 3195 4616 ob
3219 4559 3386 4617 ﬁdem
3417 4561 3570 4618 Chri—

1978 4658 2046 4714 sti
2072 4656 2357 4714 tribunatu
2385 4656 2619 4712 militum
2648 4671 2677 4710 a
2705 4654 2925 4709 Iuliano
2956 4654 3193 4726 privatus
3216 4664 3317 4712 est.

2053 4761 2100 4808 1.
2143 4749 2553 4807 Valentinianus
2594 4748 2807 4804 Valenti
2849 4764 2949 4805 suo
2981 4747 3128 4803 fratri
3154 4749 3374 4806 orientis
3402 4750 3564 4824 impc-

1976 4846 2117 4903 rium
2145 4844 2312 4901 dedit.

2046 4946 2100 4999 2.
2121 4940 2327 5006 (Osos.
2352 4952 2471 5002 vn,
2493 4942 2609 5006 32.)
2626 4936 2823 4993 Valens
2844 4937 2915 4994 ab
2930 4937 3181 4995 Eudoxio
3202 4940 3564 4997 Arrianorum

1971 5034 2222 5107 episcopo
2252 5031 2511 5089 seductus
2537 5039 2591 5087 et
2618 5030 2937 5103 baptizatus,
2980 5042 3102 5104 post
3123 5042 3361 5090 mortem
3385 5032 3565 5089 fratris

1975 5126 2310 5187 orthodoxos
2338 5125 2692 5198 persequitur.

2045 5231 2095 5280 3.
2134 5225 2342 5291 (Hum.
2370 5237 2418 5277 a.
2455 5219 2613 5291 370.)
2657 5220 2971 5289 Gratianus,
3001 5220 3354 5280 Valentiniani
3398 5219 3557 5288 ﬁlius,

1558 5343 1804 5398 VARUE
1840 5342 2261 5402 LECTIONES.

339 5452 414 5491 "9
459 5441 564 5498 alio
593 5447 701 5498 atr.
740 5452 814 5481 ηο
845 5445 954 5499 hac
981 5446 1090 5499 alio
1133 5450 1238 5503 atr.

258 5513 334 5565 A.
364 5514 471 5569 alio
498 5530 688 5569 rursus
715 5521 821 5571 αἰψ’.
851 5518 966 5572 scil.
992 5515 1267 5572 discessit.

257 5596 439 5655 seqq.,
467 5587 576 5642 alio
605 5591 712 5643 atr.

1322 5458 1391 5485 η’
1438 5450 1551 5503 scil.
1587 5450 1740 5507 obiit.

1821 5461 1899 5489 ³³³
1937 5455 2009 5508 Ν.
2055 5453 2111 5506 Ο.
2159 5451 2266 5503 alio
2293 5461 2481 5502 rursus
2508 5449 2619 5500 αἰψ’.

1350 5518 1424 5555 "5
1454 5524 1814 5592 argentariam
1838 5540 1969 5579 corr.
2002 5519 2373 5593 argentarium
2403 5524 2451 5573 1.

797 5588 873 5625 ι²⁸
897 5588 1143 5644 stituitur
1180 5594 1235 5645 et
1260 5592 1470 5661 reliqua
1496 5588 1603 5647 (ilio
1633 5595 1838 5650 iterum
1866 5588 2194 5651 atramento.

3263 5443 3338 5487 ¹²⁴
3370 5446 3443 5499 II.
3473 5445 3555 5501 1d.

3334 5527 3407 5566 ’³7
3438 5532 3565 5586 qua:

2698 5445 2767 5483 ²¹³
2796 5447 2906 5500 haec
2933 5445 3045 5499 alio
3072 5448 3180 5497 at-r.

2532 5517 2606 5557 ηδ
2631 5518 2805 5575 CCCC
2832 5531 2917 5586 ep.
2959 5530 3126 5585 supra
3150 5514 3249 5570 lin.

1798 5713 2032 5768 NOTAE.

334 5804 530 5886 (1273)
583 5809 712 5865 Haec
737 5811 1107 5869 Herimannus
1140 5822 1197 5869 et
1228 5814 1530 5872 Bernoldus
1559 5831 1623 5872 ex
1649 5818 1847 5873 Orosio
1889 5815 2291 5886 transcripsisse
2338 5813 2586 5870 videntur
2624 5827 2734 5880 VII,
2776 5816 2845 5866 29
2876 5830 2891 5865 :
2936 5811 3115 5867 Rheno
3146 5814 3429 5870 Germanos
3477 5832 3553 5870 re-

247 5877 459 5930 υέηωίί.
