4052 6196
544 298 679 353 1319

1542 296 1633 349 AD
1674 294 1897 350 OPERA
1937 294 1992 349 S.
2034 292 2351 349 GREGORII
2388 291 2821 348 APPENDICES.

3690 292 3819 347 i320

540 422 828 478 Ambianis
854 425 1149 492 imperator
1177 418 1431 475 efﬁcitur.
1466 421 1603 476 Vera
1634 420 1757 476 lana
1798 420 1992 492 pluvia:
2016 420 2125 475 im-
2154 427 2206 488 Α
2235 422 2373 477 Nota
2402 421 2562 474 etiam
2607 420 2797 472 seriem
2844 419 3201 483 Romanorum
3236 416 3533 486 prwsulum
3574 419 3624 470 et
3652 432 3821 470 eorum

540 518 705 573 mixta
735 516 801 571 de
838 514 1073 570 nubibus
1106 514 1282 569 ﬂuxit.

609 617 661 665 4.
693 608 1059 663 Athanaricus
1101 624 1194 663 rex
1226 607 1537 664 Gothorum
1586 609 1913 665 christianos
1943 609 1995 663 in
2028 624 2125 663 sua

537 712 697 773 gente
726 703 1066 774 persequitur
1098 714 1194 756 ης.
1229 706 1503 759 Damasus
1529 719 1663 775 papa
1694 708 1827 769 37W,
1865 703 2005 760 sedit
2032 719 2124 758 an-

538 813 638 852 nos
671 802 829 851 18.—
853 803 904 851 3.
941 796 1008 833 13°
1039 796 1171 852 Idus
1201 798 1541 853 Decembris.

607 896 657 945 5.
695 892 814 945 Hoc
842 898 1093 961 tempore
1136 891 1476 961 Apollinaris
1504 890 1785 962 episcopus
1813 890 1965 961 plura
1995 891 2127 946 scri-

536 985 665 1054 psit,
695 993 777 1039 set
806 990 993 1055 postea
1024 984 1260 1039 heresim
1290 984 1500 1039 condit.

609 1084 663 1133 6.
694 1080 891 1149 Magna
920 1077 1097 1133 fames
1128 1078 1185 1132 in
1215 1077 1456 1149 Phrigia.

606 1180 659 1227 7.
693 1173 792 1228 His
820 1172 1009 1228 diebus
1039 1182 1162 1245 post
1191 1172 1448 1228 Auxentii
1479 1172 1697 1227 Arriani
1728 1179 1959 1227 mortem
1987 1174 2126 1228 Am-

534 1265 751 1321 brosius
778 1268 1067 1338 episcopus
1098 1266 1389 1322 Mediolani
1420 1266 1724 1321 ordinatur.

608 1370 659 1417 8.
696 1363 912 1428 (HIEB.
945 1378 991 1416 a.
1032 1362 1187 1430 377.)
1231 1360 1643 1416 Valentinianus
1673 1362 1910 1415 Saxones
1952 1360 2005 1414 in
2040 1374 2125 1414 re-

536 1455 697 1526 gione
720 1457 1063 1511 Francorum
1089 1455 1218 1511 cede
1248 1455 1580 1526 perdomuit.

607 1556 661 1603 9.
692 1554 710 1615 (
726 1550 901 1617 Ibid.)
927 1548 1385 1620 Burgundionum
1413 1555 1482 1604 80
1500 1548 1611 1604 fere
1637 1547 1791 1604 milia
1807 1549 1959 1619 juxta
1983 1547 2127 1603 Rhe-

531 1659 665 1698 num
695 1643 1080 1699 consederunt.

609 1743 690 1792 10.
724 1741 857 1793 Post
899 1737 1230 1793 Auxentium
1264 1738 1578 1805 Arrianum,
1609 1736 1863 1793 ordinato
1892 1734 2129 1791 Ambro-

534 1831 635 1899 sio,
663 1831 814 1887 Italia
844 1831 912 1887 ad
941 1840 1149 1888 rectam
1184 1830 1347 1886 ﬁdem
1384 1831 1540 1888 redit.

608 1932 695 1981 11.
729 1928 937 1993 (Onos.
970 1942 1089 1993 vn,
1114 1930 1236 1992 32.)
1260 1926 1672 1982 Valentinianus
1692 1924 1896 1981 bellum
1919 1924 1976 1980 in
2004 1925 2127 1980 Sar-

534 2028 707 2075 matas
737 2036 952 2091 parans,
986 2020 1234 2092 apoplexi
1280 2021 1531 2076 moritur.

603 2115 888 2169 VALENS
910 2123 1031 2184 post
1049 2121 1290 2169 mortem
1311 2113 1500 2169 fratris
1523 2129 1648 2169 cum
1674 2112 1937 2169 Gratiano
1958 2120 2013 2168 et
2032 2114 2131 2168 Va-

534 2207 831 2262 lentiniano
861 2223 1035 2263 annos
1063 2215 1115 2263 4.

609 2306 656 2354 1.
689 2301 992 2356 Gratianus
1023 2307 1090 2355 30
1114 2299 1261 2354 milia
1288 2301 1721 2355 Alemannorum
1752 2299 1969 2356 delevit.

606 2400 655 2446 2.
681 2394 883 2447 Valens
912 2394 1086 2464 legem
1109 2392 1284 2458 dedit,
1318 2402 1377 2447 ut
1399 2393 1651 2447 monachi
1680 2393 2008 2459 militarent;
2031 2409 2130 2450 no-

534 2487 703 2541 lentes
733 2485 966 2542 fustibus
1002 2486 1165 2557 jussit
1196 2487 1444 2541 interﬁci.
1480 2486 1645 2543 Gothi
1677 2487 1815 2542 datis
1838 2505 1867 2543 a
1898 2489 2128 2544 Valente

531 2578 784 2635 hereticis
813 2579 1153 2647 doctoribus,
1184 2581 1402 2636 Arriani
1424 2578 1737 2636 efﬁciuntur
1762 2582 1929 2647 (A.D.
1967 2586 2123 2648 375).

604 2680 654 2728 3.
704 2675 914 2742 (HIEB.
947 2691 997 2730 a.
1040 2678 1201 2739 381.)
1244 2673 1413 2730 Gothi
1458 2673 1603 2729 fame
1644 2675 1910 2746 compulsi
1947 2676 2128 2732 rebel-
2164 2702 2169 2705 <

532 2768 661 2823 lant.

602 2868 653 2916 4.
705 2860 909 2917 Valens
956 2877 985 2917 a
1028 2861 1223 2918 Gothis
1268 2861 1447 2918 occiso
1495 2860 1740 2918 exercitu
1786 2861 2021 2933 fugiens,
2070 2863 2125 2919 in

531 2954 699 3010 domo
742 2955 977 3026 quadam
1010 2957 1163 3010 vivus
1191 2964 1482 3012 crematur.
1521 2957 1647 3011 Huc
1674 2971 1847 3026 usque
1875 2956 2128 3012 chronica

536 3048 750 3103 Eusebii
797 3050 1108 3104 leronimus
1136 3047 1409 3120 perduxit.
1462 3049 1606 3104 Hinc
1644 3057 1827 3105 autem
1857 3066 2028 3121 usque
2056 3048 2124 3105 ad

529 3141 880 3196 millesimum
926 3142 1443 3214 quinquagesimum
1493 3153 1755 3215 quartum
1798 3159 2004 3199 annum
2053 3143 2123 3199 ab

527 3234 899 3289 incarnatione
930 3234 1153 3289 Domini
1183 3234 1417 3291 domnus
1459 3238 1841 3293 Heremannus
1870 3238 2123 3294 chronica

533 3342 630 3383 sua
660 3327 933 3397 perduxit.

601 3428 723 3476 378.
772 3423 903 3476 Post
945 3430 1183 3478 mortem
1232 3423 1473 3479 Valentis
1506 3424 1719 3481 Arriani
1750 3425 2121 3497 imperatoris,

528 3516 827 3571 Gratianus
854 3532 981 3572 cum
1027 3516 1412 3573 Valentiniano
1440 3517 1611 3575 fratre
1637 3536 1758 3587 suo,
1794 3521 1950 3576 annis
1974 3527 2007 3575 6
2034 3536 2122 3575 re-

526 3610 709 3679 gnavit
738 3609 826 3667 ‘3‘.

599 3709 721 3757 379.
750 3704 1047 3759 Gratianus
1077 3705 1373 3776 imperator
1396 3706 1763 3763 Theodosium
1790 3708 1985 3763 orienti
2020 3707 2121 3762 im-

526 3803 835 3864 peratorem
868 3796 1130 3867 praefecit.
1163 3800 1558 3866 Priscillianus,
1586 3800 1652 3856 de
1676 3801 1873 3857 Galliis
1902 3802 2117 3872 episco-

526 3902 649 3957 pus,
695 3888 800 3942 hoc
830 3898 1079 3960 tempore
1107 3892 1186 3946 sui
1218 3892 1456 3947 nominis
1486 3894 1720 3949 heresim
1752 3894 1955 3950 condit.

595 3986 719 4035 380.
754 3982 837 4036 Ab
875 3981 978 4037 hoc
1024 3998 1170 4037 anno
1198 3984 1529 4054 Theophilus
1576 3985 1981 4043 Alexandrinus
2008 3988 2119 4058 epi-

525 4090 724 4146 scopus
753 4074 1036 4147 paschales
1065 4076 1229 4132 ciclos
1259 4077 1500 4132 inchoat.

596 4172 719 4226 381.
752 4171 986 4225 Sinodus
1006 4169 1239 4225 secunda
1263 4170 1586 4227 universalis
1610 4176 1711 4229 150
1733 4173 2117 4246 episcoporum

520 4263 991 4335 Cbnstautinopoli
1044 4265 1239 4335 agitur,
1294 4273 1484 4321 contra
1536 4266 1917 4323 Macedonium
1964 4269 2115 4325 herc-

521 4358 818 4427 siarcham,
867 4358 1037 4427 ipsius
1087 4358 1238 4413 urbis
1284 4359 1621 4430 episcopum,
1672 4362 1774 4417 sub
1808 4362 2117 4419 Theodosio

524 4464 753 4526 augusto
783 4461 838 4508 et
868 4452 935 4489 ³³³
966 4456 1207 4507 Damaso
1235 4469 1405 4525 papa;
1449 4458 1498 4507 et
1538 4453 1610 4490 ³³³
1646 4459 1767 4524 post
1813 4457 2117 4511 damnatio-

522 4563 639 4601 nem
665 4549 920 4617 prtedicti
949 4549 1169 4602 heretici
1196 4553 1301 4602 tres
1330 4563 1553 4601 canones
1581 4552 2003 4604 constituuntur.

597 4647 717 4695 383.
769 4641 1088 4705 Archadius,
1136 4641 1277 4696 ﬁlius
1320 4641 1606 4697 Theodosii
1635 4643 1870 4713 augusti,
1903 4660 1933 4697 a
1966 4647 2123 4700 Patre

524 4734 576 4787 in
616 4734 955 4789 consortium
1004 4734 1155 4805 regni
1201 4744 1535 4805 assumptus,
1567 4736 1809 4808 regnavit
1838 4738 1994 4792 annis
2024 4743 2112 4793 26.

598 4833 722 4883 384.
755 4827 1027 4883 Maximus
1058 4828 1161 4905 sibi
1208 4844 1439 4901 regnum
1469 4846 1759 4901 usurpans,
1791 4832 2114 4888 Gratianum

522 4919 773 4991 Lugduni
806 4920 1017 4975 occidit.
1051 4923 1249 4978 Romae
1273 4931 1398 4992 post
1423 4926 1725 4979 Damasum
1757 4941 1951 4996 papam
1980 4925 2118 4981 Siri-

521 5014 655 5082 cius,
703 5015 798 5086 qui
860 5015 913 5069 in
970 5016 1245 5087 chronicis
1304 5018 1553 5087 Prosperi
1612 5019 1848 5074 Ursinus
1893 5020 2115 5087 dicitur,

523 5124 659 5180 papa
691 5114 828 5175 40"",
860 5108 1003 5164 sedit
1044 5126 1215 5165 annos
1250 5116 1335 5165 14.
1389 5112 1451 5166 Si
1492 5110 1566 5155 ‘34
1596 5127 1812 5167 numero
1838 5115 2118 5181 prtedicto-

523 5218 643 5256 rum
680 5206 991 5273 pontiﬁcum
1037 5209 1281 5258 sanctum
1328 5207 1545 5259 Petrum
1574 5211 1623 5259 et
1669 5206 1872 5260 Cletum
1915 5223 2117 5278 papam

524 5313 869 5360 (Innumeras,
898 5313 1030 5367 quos
1050 5299 1500 5367 praetermisimus
1523 5302 1583 5351 in
1606 5315 1846 5367 numero,
1867 5302 2119 5356 Siricium

518 5406 720 5460 papam
750 5395 809 5446 in
837 5393 1022 5447 ordine
1048 5391 1522 5461 quadragesimum
1550 5396 1844 5450 certissime
1866 5398 2115 5451 invenies.

2151 4588 2201 4651 D

2234 528 2403 569 annos
2431 514 2784 567 diuersissime
2812 492 3107 579 descriptos
3126 513 3183 564 in
3208 509 3533 579 quibusdam
3564 510 3719 563 libris
3741 513 3825 563 in-

2232 609 2429 662 veniri.
2471 604 2777 661 leronimus
2803 604 3085 675 presbiter,
3117 602 3237 675 jam
3263 604 3322 658 in
3366 603 3648 659 Bethleem
3674 603 3827 659 habi-

2236 708 2376 767 tans,
2418 700 2598 755 clarus
2642 698 2893 754 habetur.
2938 696 3307 753 Priscillianus
3347 696 3617 753 hereticus
3665 697 3718 752 in
3754 698 3829 752 si-

2234 794 2379 851 nodo
2418 792 2800 864 Burdegalensi
2842 790 3215 859 damnandus,
3259 790 3412 863 fugit,
3461 798 3545 847 set
3571 793 3831 848 Treveris

2236 888 2302 945 ab
2326 887 2541 943 Ehodio
2570 886 2825 958 praefecto
2854 885 3193 941 interﬁcitur.

2308 987 2430 1037 386.
2463 984 2571 1035 Hoc
2614 984 2844 1050 tempore
2872 981 3097 1035 Siricius
3122 994 3272 1049 papa
3298 979 3515 1049 scripsit
3543 978 3831 1033 decretalia

2238 1080 2303 1132 15
2338 1073 2579 1145 capitula
2608 1077 2858 1144 Hymerio
2890 1075 3277 1128 Tarraconensi
3303 1076 3540 1143 episcopo
3564 1071 3665 1126 ηδ.

2308 1175 2430 1225 388.
2488 1168 2827 1224 Theodosius
2874 1175 3136 1239 augustus
3185 1166 3487 1221 Maximum
3533 1173 3833 1237 tyrannum

2236 1263 2496 1335 Aquileiae
2524 1262 2741 1318 occidit.

2308 1362 2429 1412 389.
2466 1356 2682 1412 Ytatius
2708 1364 2761 1411 et
2787 1354 3046 1411 Ursatius
3073 1354 3334 1427 episcopi,
3361 1353 3431 1409 ob
3460 1368 3654 1408 necem
3686 1353 3834 1408 Pris-

2235 1449 2431 1505 cilliani
2495 1466 2662 1523 quem
2703 1458 3115 1516 accusaverant,
3164 1448 3392 1506 ecclesiae
3436 1448 3836 1504 communione

2236 1543 2533 1614 privantur.

2308 1643 2430 1694 390.
2466 1640 2586 1693 Hoc
2630 1646 2879 1709 tempore
2918 1644 3138 1694 sanctus
3167 1636 3450 1704 Martinus,
3484 1635 3833 1701 Ambrosius,

2243 1731 2501 1804 episcopi,
2568 1732 2875 1788 leronimus
2914 1732 3201 1804 presbiter,
3245 1730 3519 1787 Iohannes
3561 1730 3834 1785 Crisosto-

2153 1807 2202 1871 Β
2234 1841 2379 1895 mus,
2426 1827 2770 1897 Augustinus
2817 1835 2872 1883 et
2913 1826 3143 1883 Severus
3188 1825 3389 1897 aliique
3437 1838 3607 1896 quam
3656 1824 3836 1895 plures

2238 1920 2491 1977 doctores
2514 1921 2849 1977 claruerunt.

2311 2020 2432 2070 392.
2474 2015 2882 2070 Valentinianus
2925 2013 3052 2071 dolo
3092 2014 3409 2088 Arbogastis
3440 2015 3637 2088 laqueo
3672 2016 3832 2070 vitam

2238 2107 2428 2162 ﬁnivit.
2463 2108 2771 2165 leronimus
2799 2108 3001 2164 librum
3040 2125 3208 2181 quem
3253 2108 3321 2165 de
3363 2109 3495 2164 viris
3532 2109 3835 2165 illustribus

2238 2201 2464 2257 aclesize
2491 2203 2726 2274 scripsit,
2770 2202 2877 2259 huc
2918 2218 3092 2275 usque
3122 2202 3387 2275 perduxit.

2309 2301 2428 2352 393.
2458 2296 2798 2352 Theodosius
2828 2298 3129 2368 imperator
3151 2313 3280 2353 cum
3313 2296 3440 2352 ﬁliis
3469 2294 3760 2352 Archadio
3786 2304 3835 2350 et

2237 2390 2486 2446 Honorio
2514 2398 2627 2447 tres
2663 2406 2839 2447 annos
2873 2391 3141 2464 regnavit.

2308 2490 2429 2541 394.
2480 2484 2763 2541 Iohannes
2809 2485 3178 2553 anachorazta,
3210 2482 3363 2555 cujus
3400 2484 3573 2540 vitam
3614 2484 3831 2541 leroni-

2234 2594 2361 2635 mus
2387 2579 2663 2652 decripsit,
2690 2579 3062 2637 Theodosium
3088 2581 3475 2650 imperatorem
3501 2588 3703 2635 contra
3734 2583 3837 2635 Eu-

2236 2674 2454 2745 genium
2480 2682 2773 2746 tyrannum
2804 2674 3069 2731 victorem
3099 2673 3213 2729 fore
3242 2673 3503 2743 praedixit.

2309 2773 2432 2824 395.
2464 2767 2800 2826 Theodosius
2848 2768 3145 2838 imperator
3186 2768 3491 2839 Eugeniqu
3538 2775 3839 2838 tyrannum

2237 2861 2381 2930 vicit,
2425 2869 2481 2917 et
2523 2862 2639 2932 ipse
2686 2861 2883 2918 eodem
2930 2877 3074 2917 anno
3122 2860 3415 2916 Mediolani
3458 2860 3516 2915 in
3567 2876 3706 2931 pace
3756 2877 3841 2916 re-

2238 2954 2459 3027 quievit.
2491 2958 2597 3011 Pro
2624 2955 2697 2992 ¹³⁶
2726 2972 2836 3027 quo
2862 2955 3163 3011 Archadius
3188 2963 3243 3010 et
3272 2954 3546 3009 Honorius
3569 2954 3667 3008 ﬁlii
3698 2955 3840 3025 ejus,

2235 3064 2411 3104 annos
2455 3056 2536 3105 13.
2589 3050 2934 3121 Augustinus
2977 3051 3190 3120 Yponae
3218 3047 3501 3104 ordinatur
3541 3048 3844 3119 episcopus

2233 3142 2512 3197 Iohannes
2573 3142 2839 3198 heremita
2894 3142 3150 3215 migravit
3206 3141 3277 3197 ad
3334 3141 3663 3196 Dominum.
3720 3144 3845 3197 Huc

2234 3252 2405 3309 usque
2445 3236 2848 3293 ecclesiasticam
2892 3236 3176 3293 historiam
3224 3228 3442 3292 Eusebii
3484 3235 3729 3291 Ruﬁnus
3772 3235 3843 3283 ³³7

2232 3330 2344 3387 sive
2372 3331 2681 3386 leronimus
2716 3328 2988 3401 perduxit,
3019 3328 3395 3386 transferendo
3421 3326 3672 3383 eandem.

2302 3431 2425 3482 396.
2470 3425 2623 3481 Gildo
2669 3442 2856 3482 comes
2905 3425 3165 3482 Affricam
3196 3424 3303 3481 sibi
3342 3423 3621 3497 tyrannice
3672 3439 3838 3481 usurc

2231 3520 2397 3592 pavit.

2300 3619 2426 3669 397.
2475 3614 2706 3669 Sanctus
2733 3614 3006 3669 Martinus
3033 3617 3382 3671 Turonorum
3412 3614 3707 3685 episcopus
3729 3614 3835 3669 mi-

2227 3707 2402 3780 gravit
2443 3707 2512 3763 ad
2555 3708 2881 3775 Dominum,
2921 3722 3063 3763 anno
3111 3707 3287 3764 aetatis
3331 3709 3450 3775 81°,
3485 3708 3837 3779 episcopatus

2223 3817 2354 3857 vero
2397 3805 2511 3869 26°,
2558 3802 2713 3873 cujus
2752 3801 2925 3857 vitam
2953 3810 3008 3857 et
3044 3802 3273 3858 virtutes
3300 3802 3567 3872 Sulpitius
3596 3803 3834 3857 Severus

2228 3896 2441 3967 egregie
2462 3896 2787 3967 composuit.

2297 3995 2420 4045 398.
2472 3992 2705 4046 Sanctus
2732 3989 3057 4045 Ambrosiu
3090 3987 3514 4045 Mediolanensis
3562 3986 3831 4059 archiepi-

2224 4099 2443 4154 scopus,
2473 4084 2668 4140 doctor
2713 4084 2981 4157 egregius,
3025 4085 3278 4155 migravit
3318 4082 3389 4138 ad
3416 4083 3741 4147 Dominum,
3771 4087 3825 4135 5.

2223 4177 2349 4231 Kal.
2377 4179 2525 4233 Maii.
2558 4181 2756 4235 Romae
2793 4180 3135 4244 Anastasius,
3169 4194 3304 4250 papa
3332 4182 3473 4247 41‘",
3502 4178 3637 4233 sedit
3660 4176 3829 4231 annis

2220 4276 2273 4325 4.
2305 4270 2465 4327 Gildo
2488 4287 2676 4327 comes
2701 4286 2883 4343 pugna
2911 4272 3088 4328 victus
3115 4272 3337 4327 interiit.

2296 4370 2414 4420 399.
2446 4367 2673 4436 Templa
2698 4365 2969 4421 idolorum
2996 4366 3375 4435 destruantur,
3402 4376 3460 4422 et
3486 4364 3598 4423 ludi
3624 4363 3830 4437 gladia-

2229 4465 2414 4514 torum
2444 4460 2726 4514 tolluntur.
3094 4521 3117 4531 _

2302 4557 2424 4607 400.
2456 4555 2687 4618 (BEDA)
2716 4553 2885 4609 Gothi
2924 4554 3140 4610 Italiam
3185 4554 3497 4611 devastant.
3528 4555 3655 4609 Hoc
3684 4561 3832 4610 temo

2231 4662 2361 4718 pore
2420 4646 2744 4703 Anastasius
2784 4663 2922 4719 papa
2967 4663 3067 4704 sua
3126 4648 3341 4705 decreta
3404 4649 3726 4714 constituit,
3784 4655 3838 4702 et

2224 4740 2474 4796 inventos
2534 4741 2592 4795 in
2635 4741 2786 4797 Urbe
2846 4741 3161 4797 Manicheos
3224 4742 3525 4798 damnavit.
3576 4744 3837 4813 Corpora

2225 4834 2611 4905 prophetarum
2659 4834 2877 4891 Abacuc
2930 4843 2986 4892 et
3031 4836 3261 4892 Michea:
3306 4853 3337 4892 a
3384 4836 3629 4892 Domino
3681 4850 3837 4892 reve-

2226 4928 2406 4983 lantur
2418 4966 2430 4978 .

2293 5028 2418 5079 401.
2468 5022 2746 5078 Johannes
2773 5022 3403 5095 Constantinopolitanus
3446 5029 3502 5079 et
3543 5022 3837 5094 Theophi-

2224 5114 2309 5171 lus
2332 5114 2617 5172 clarissimi
2651 5116 2943 5183 habentur,
2984 5126 3066 5173 set
3100 5117 3236 5173 adeo
3264 5114 3569 5181 discordes,
3608 5126 3679 5173 ut
3714 5134 3839 5173 mo-

2224 5207 2412 5264 limine
2449 5209 2729 5281 Theophili
2772 5210 3052 5267 Johaunes
3092 5211 3146 5266 in
3178 5213 3413 5267 Pontum
3438 5209 3603 5266 exilio
3635 5210 3717 5267 sit
3749 5226 3835 5266 reo

2227 5304 2452 5376 legatus.

2296 5404 2419 5453 402.
2452 5397 2623 5454 Gothi
2652 5398 2965 5456 Stiliconem
2989 5399 3185 5457 ducem
3215 5415 3346 5457 cum
3370 5402 3631 5457 Romano
3662 5416 3829 5457 exerv

1826 5571 2072 5628 VARI/ﬁ
2117 5576 2530 5631 LECTIONES.

597 5720 807 5774 ι’91ιωο
834 5720 942 5773 alio
984 5724 1087 5775 atr.
1124 5717 1196 5757 ι³⁰
1221 5719 1317 5775 ΙΙΙ.
1347 5719 1429 5775 Id.
1458 5722 1585 5775 Dec.
1625 5720 1731 5776 alio
1778 5724 1975 5778 iterum
2007 5728 2114 5780 air.

521 5865 626 5918 alio
656 5868 955 5918 atramento
984 5866 1203 5932 scripta.

2196 5725 2262 5763 ιδ’
2296 5742 2399 5780 eor
2426 5724 2533 5780 alio
2562 5731 2670 5781 atr.
2704 5725 2893 5782 addita
2929 5732 2978 5783 1.

523 5790 597 5829 ’³³
625 5801 679 5847 et
703 5822 773 5831 —-
797 5792 1201 5846 constituuntur
1225 5794 1411 5847 inloco
1447 5807 1569 5847 raso
1583 5796 1717 5847 anni
1742 5798 1861 5849 382.
1890 5801 2191 5854 atramento
2220 5800 2346 5853 alio.

1288 5864 1359 5902 I35
1387 5867 1493 5920 Pro
1519 5895 1589 5905 —
1612 5866 1770 5923 XIII.
1799 5869 1855 5921 in
1885 5884 2059 5938 marg.
2100 5876 2147 5924 1.

3058 5726 3131 5764 ι³²
3166 5728 3225 5782 in
3252 5727 3359 5783 loco
3386 5741 3530 5789 raso,
3556 5733 3733 5783 antea
3763 5730 3833 5783 a?

2428 5797 2499 5841 '34
2532 5800 2640 5853 lucc
2660 5802 2719 5853 in
2733 5802 2994 5868 margine.
3076 5798 3149 5837 ³³⁵
3182 5802 3290 5854 Ιιίεε
3314 5801 3501 5855 eadem
3533 5816 3708 5855 manu
3739 5799 3832 5854 sed

2252 5869 2323 5921 I37
2351 5885 2397 5926 r.
2424 5886 2470 5926 s.
2502 5870 2537 5926 i.
2564 5888 2619 5942 p.
2650 5880 2690 5926 t.
2724 5887 2773 5928 ρ.
2802 5874 2862 5925 in
2892 5872 3001 5927 loco
3026 5887 3170 5941 raso,
3201 5873 3382 5928 eadem
3410 5888 3596 5928 manu.
