3988 6188
158 296 286 351 1321

1059 298 1349 352 ΛΡΡΕΝΙ).
1391 299 1475 353 lll.
1516 325 1584 338 -—
1628 298 2043 357 MONUMENTA
2079 298 2537 356 GREGORIANA.

3303 303 3439 356 1322
3466 332 3477 337 -

145 419 262 477 citu
314 416 659 490 fugaverunt.
700 419 1073 481 Innocentius.
1120 437 1254 492 papa
1288 428 1428 489 42'",
1460 422 1602 479 sedit
1645 438 1736 479 ano
1768 428 1821 490 Α
1850 425 2113 496 greditur,
2133 426 2313 481 Attalo
2341 438 2561 480 currum
2597 422 2717 494 ejus
2749 422 3111 494 praecedente,
3160 425 3298 481 etin
3325 427 3438 481 exi-

146 528 248 569 nos
300 516 387 580 14,
409 515 509 582 qui
534 511 611 551 ³³⁸
657 518 725 567 57
757 515 999 584 capitula
1027 514 1315 570 decretalia
1360 519 1597 587 scripsit.

225 612 351 662 403.
381 605 700 679 Carthagini
723 607 1018 663 concilium
1068 616 1257 666 contra
1304 611 1623 668 Donatistas
1651 609 1746 667 ha-

151 700 329 758 betur.

224 800 349 850 404.
377 796 607 863 (Bson
662 796 767 852 His
821 795 1159 869 temporibus
1212 797 1563 855 Innocentius
1610 814 1746 872 papa

150 888 327 945 multa
368 887 589 946 decreta
629 887 779 947 fecit.
813 891 1036 947 Orosius
1097 892 1381 965 presbyter
1432 893 1609 950 clarus
1652 893 1748 949 ha-

148 982 332 1040 betur.

224 1082 353 1133 405.
397 1079 521 1135 Hoc
573 1085 823 1150 tempore
867 1078 1205 1151 Radagaisus
1233 1096 1361 1136 cum
1389 1083 1494 1136 200
1521 1078 1747 1136 milibus

149 1171 492 1238 Gothorum,
520 1175 638 1228 Deo
665 1172 923 1241 donante,
954 1182 1039 1229 est
1088 1174 1277 1230 victus.

225 1271 351 1322 406.
400 1264 679 1333 Wandali,
725 1266 889 1322 Suevi
937 1275 989 1322 et
1041 1266 1229 1336 Alani,
1282 1266 1514 1340 trajecto
1565 1270 1745 1337 Reno,

150 1360 316 1415 tertio
343 1359 466 1416 Kal.
500 1362 723 1415 Januar.
748 1361 957 1417 Gallias
978 1360 1249 1418 hostiliter
1272 1350 1526 1434 ingressi.

226 1459 349 1509 407.
398 1456 734 1509 Innocentius
766 1470 915 1525 papa
979 1455 1315 1510 Archadium
1369 1458 1748 1526 imperato-rem

148 1549 642 1611 excommunicauit,
673 1551 807 1617 quia
847 1550 1128 1618 consensit,
1166 1555 1229 1604 ut
1260 1550 1615 1620 expellereer
1658 1553 1746 1605 Jo-

152 1642 355 1697 hannes
394 1643 745 1699 Crisostomus
769 1641 835 1675 ¹³⁹
862 1641 1069 1713 (1274).

228 1743 352 1793 408.
408 1734 716 1792 Archadius
745 1736 1046 1807 imperator
1074 1736 1549 1809 Constantinopoli
1580 1736 1747 1793 mori-

1852 519 1990 575 lium
2036 528 2222 591 postea
2253 519 2440 574 misso.
2482 516 2710 587 Questio
2758 524 2813 571 et
2852 516 3118 583 dissensio
3162 518 3230 574 de
3276 520 3442 593 hujus

1853 612 1983 668 anni
2014 612 2209 684 pascha
2240 613 2416 668 oritur
2447 610 2512 643 ¹⁴²
2528 610 2631 665 sub
2662 609 2882 665 Zosimo
2928 626 3080 691 papa.

1924 712 2051 762 418.
2086 705 2406 778 Carthagini
2457 704 2693 760 concilio
2728 705 3112 775 episcoporum
3143 710 3245 760 217
3280 707 3442 763 colle-

1852 808 1943 857 cto
1974 808 2027 854 et
2051 816 2081 854 a
2119 798 2339 855 Zosimo
2383 810 2528 871 papa
2569 797 2916 866 conﬁrmato,
2966 797 3210 871 Pelagius
3240 801 3442 872 aliique

1852 893 2075 949 heretici
2130 892 2485 949 damnantur.
2528 891 2753 963 Eclipsis
2790 892 2923 947 solis
2956 899 3019 949 14
3046 893 3279 951 Kalend.
3333 897 3442 952 Au-

1852 988 1995 1060 gusti
2024 987 2188 1043 facta.

1867 1106 1875 1112 ·
1924 1087 2051 1138 419.
2081 1080 2363 1137 Honorius
2390 1088 2651 1153 angustus
2680 1081 3059 1138 Constantium
3081 1079 3280 1139 ducem
3318 1100 3443 1140 con-

1853 1184 2062 1232 sortem
2115 1174 2243 1230 facit
2272 1175 2507 1246 imperii.
2528 1177 2723 1231 Romae
2739 1174 3074 1241 Bonifacius,
3099 1179 3197 1246 qui
3213 1184 3446 1247 quatuor

1853 1272 2066 1326 decreta
2116 1272 2248 1337 fecit
2296 1269 2381 1337 “3,
2434 1285 2572 1341 papa
2612 1277 2751 1336 44"”,
2803 1269 2943 1325 sedit
2985 1267 3141 1325 annis
3186 1281 3442 1342 quatuor,

1852 1380 1980 1420 cum
2009 1380 2116 1436 quo
2147 1363 2217 1419 ab
2255 1363 2375 1423 aliis
2413 1379 2551 1434 papa
2597 1363 2880 1419 ordinatur
2908 1362 3171 1432 Eulalius,
3224 1364 3316 1436 qui
3358 1374 3445 1421 ta-

1854 1474 1983 1513 men
2006 1456 2074 1513 ab
2095 1466 2326 1530 augusto
2346 1456 2655 1528 deponitur.

1924 1558 2051 1607 420.
2078 1550 2393 1606 Bethlehem
2423 1550 2737 1607 Jeronimus
2767 1552 3049 1622 presbiter,
3080 1553 3328 1625 egregius
3367 1554 3448 1610 in-

1857 1654 2083 1717 terpres,
2124 1661 2268 1700 anno
2296 1646 2475 1701 aetatis
2530 1650 2627 1701 91°
2654 1644 2792 1702 obiit
2825 1645 2909 1701 1“.

1926 1746 2052 1795 421.
2080 1739 2430 1796 Constantius
2458 1739 2752 1809 imperator
2768 1742 3050 1797 Ravennae
3081 1741 3336 1799 moritur.

152 1837 266 1897 tur,
291 1829 484 1886 relicto
515 1845 614 1901 pro
643 1844 702 1885 se
739 1828 851 1885 ﬁlio
871 1829 1201 1894 Theodosio.
1236 1833 1375 1887 Cum
1413 1847 1523 1903 quo
1553 1830 1745 1887 dehinc
1779 1813 1828 1875 Β
1926 1841 2052 1890 423.
2094 1832 2330 1889 Placidia
2373 1842 2603 1905 augusta
2631 1850 2660 1889 a
2688 1833 2852 1889 fratre
2899 1835 3145 1891 Honorio
3176 1839 3354 1907 pulsa,
3380 1836 3450 1892 ad

153 1932 387 1996 patruus
406 1924 682 1979 Honorius
697 1923 852 1979 annis
872 1930 931 1979 15
953 1924 1218 1995 regnavit.
1243 1925 1430 1981 Stilico
1452 1925 1561 1981 dux
1590 1922 1750 1980 fortis

156 2015 231 2074 ab
258 2017 500 2074 Honorio
527 2026 761 2089 augusto
791 2017 1077 2074 occiditur.

235 2117 357 2169 409.
388 2110 679 2183 Wandali,
719 2111 911 2181 Alani,
938 2111 1117 2180 Suevi,
1157 2113 1215 2169 in
1245 2112 1311 2149 ¹⁴⁰
1360 2110 1451 2170 die
1504 2111 1758 2171 Octobris

154 2205 453 2279 Hispanias
508 2214 796 2278 occupant.

233 2304 358 2356 410.
394 2299 642 2357 Alaricus
668 2313 765 2356 rex
814 2298 1132 2357 Gothorum
1165 2302 1411 2357 Romam
1461 2299 1678 2357 obsedit
1702 2306 1759 2356 et

156 2394 379 2467 irrupit,
398 2410 544 2454 anno
570 2394 639 2449 ab
669 2392 819 2449 Urbe
839 2392 1061 2450 condita
1089 2398 1251 2462 1164,
1274 2403 1330 2449 et
1354 2395 1486 2466 quia
1510 2394 1760 2450 christia-

156 2504 267 2544 nus
290 2495 433 2558 erat,
465 2487 603 2544 locis
629 2495 847 2544 tantum
877 2487 1107 2544 sacratis
1139 2495 1194 2543 et
1220 2487 1288 2544 ad
1312 2503 1374 2544 ea
1403 2486 1640 2559 perfugis
1662 2504 1760 2559 pe-

157 2581 353 2655 percit.

235 2681 357 2733 411.
378 2675 721 2743 Pestilentia,
764 2671 966 2743 fames,
997 2673 1187 2732 bestiae
1215 2681 1270 2730 et
1323 2674 1532 2748 gladius
1562 2675 1763 2732 barba-

152 2770 336 2839 ricus,
366 2769 635 2826 miserum
675 2771 781 2826 late
806 2768 1094 2826 devastant
1123 2768 1332 2825 orbem.

239 2869 364 2920 412.
409 2863 725 2921 Gothorum
768 2864 1013 2920 maxima
1062 2878 1189 2934 pars
1242 2862 1449 2919 Gallias
1496 2862 1761 2936 ingressa.

157 2961 367 3028 Herus,
388 2959 562 3015 sancti
590 2958 810 3014 Martini
830 2956 1151 3030 discipulus,
1171 2956 1514 3013 Arelatensis
1554 2958 1764 3031 episco-

163 3069 299 3126 pus,
343 3060 581 3123 sanctus,
623 3051 908 3122 innocens,
948 3050 1077 3108 sede
1115 3067 1211 3108 sua
1236 3051 1423 3124 pulsus
1445 3059 1547 3123 est,
1582 3057 1638 3108 et
1667 3068 1767 3124 pro

156 3162 237 3205 eo
283 3148 561 3203 Patroclus
602 3146 910 3203 ordinatur.

1857 1927 2227 1984 Theodosium
2269 1935 2564 2000 augustum
2635 1927 2692 1982 in
2736 1928 3002 1984 orientem
3060 1929 3445 1999 proﬁciscitur.

1861 2025 2061 2079 Roma:
2086 2022 2410 2090 Celestinus,
2443 2037 2584 2093 papa
2636 2027 2773 2090 45‘“,
2802 2022 2948 2078 sedit
2975 2023 3133 2078 annis
3154 2029 3210 2092 9,
3257 2027 3360 2094 qui
3386 2024 3450 2059 ³⁸⁵

1857 2123 1924 2171 22
1954 2117 2191 2186 capitula
2232 2116 2522 2171 decretalia
2559 2117 2813 2185 episcopis
2862 2118 3166 2173 Galliarum
3211 2121 3446 2188 scripsit.

1855 2207 2132 2264 Honorius
2178 2207 2480 2279 imperator
2529 2206 2820 2263 occidentis
2857 2210 3140 2265 Ravennae
3191 2210 3446 2279 moritur,

1858 2309 1914 2357 et
1941 2300 2226 2357 Jobaunes
2263 2309 2533 2373 tyrannus
2560 2316 2789 2372 regnum
2818 2299 2935 2371 ejus
2962 2303 3266 2373 occupavit.

1929 2401 2062 2452 424.
2107 2393 2447 2451 Theodosius
2471 2394 2945 2461 Valentinianum,
2989 2395 3174 2452 amitae
3200 2411 3312 2453 suae
3340 2396 3454 2452 Pla-

1858 2488 2018 2546 cidia:
2047 2488 2240 2557 ﬁlium,
2273 2503 2538 2543 czesarem
2565 2486 2795 2557 faciens,
2827 2487 2899 2544 ad
2926 2504 3158 2561 regnum
3207 2490 3458 2547 occiden-

1859 2584 1935 2639 tis
1972 2597 2101 2639 cum
2128 2590 2304 2637 matre
2328 2580 2715 2652 possidendum
2739 2581 2985 2636 remittit.

1927 2681 2052 2731 425.
2103 2674 2517 2731 Valentinianus
2545 2690 2671 2730 cum
2709 2682 2890 2730 matre
2918 2674 3226 2732 Johannem
3275 2684 3458 2748 tyran-

1862 2786 1995 2826 num
2037 2772 2318 2825 Ravennze
2346 2753 2636 2840 oppressit.

1928 2869 2053 2919 426.
2098 2862 2384 2918 Patroclus
2438 2860 2773 2917 Arelatensis
2821 2859 3110 2933 episcopus
3147 2877 3177 2917 a
3229 2861 3458 2919 tribuno

1864 2957 2106 3030 quodam
2128 2955 2365 3011 barbaro
2384 2954 2646 3010 innocens
2670 2953 2992 3010 trucidatur.

1936 3055 2060 3106 427.
2092 3049 2405 3106 Bonifacius
2425 3049 2482 3104 in
2508 3046 2717 3105 Affriea
2745 3047 2976 3119 pollens,
2998 3046 3167 3105 duces
3194 3049 3463 3121 quosdam

1866 3154 2060 3202 contra
2081 3160 2140 3201 se
2178 3144 2509 3201 dimicantes
2538 3142 2759 3199 occidit.
2790 3143 2991 3199 Contra
3024 3158 3190 3214 quem
3229 3142 3465 3201 evocatis

242 3246 364 3298 413.
394 3240 498 3297 His
527 3240 871 3313 temporibus
890 3239 1143 3313 Pelagius
1172 3241 1372 3309 Britto,
1392 3240 1761 3297 annitentibus
1796 3217 1840 3281 δ
1870 3239 2144 3317 barbaris,
2174 3252 2349 3306 mare,
2400 3235 2469 3292 ad
2520 3235 2575 3292 id
2614 3243 2832 3307 tempus
2888 3235 3163 3308 ignotum,
3212 3236 3464 3308 pervium

154 3334 397 3393 Celestio
449 3343 504 3392 et
529 3335 771 3403 Iuliano,
827 3334 1058 3390 liberum
1105 3334 1393 3390 arbitrium
1445 3335 1565 3407 plus
1610 3335 1761 3407 justo

154 3429 451 3497 extollens,
482 3436 537 3485 et
571 3427 859 3484 hominem
889 3428 1008 3483 sine
1037 3426 1227 3499 gratiae
1273 3428 1496 3483 Domini
1536 3430 1762 3498 auxilio,

155 3523 393 3597 proprio
424 3522 566 3591 nisu,
590 3521 896 3594 perfectum
927 3519 1043 3575 ﬁeri
1084 3535 1244 3591 posse
1270 3535 1540 3589 asserens,
1596 3521 1763 3577 ﬁdem

156 3615 399 3674 melesia:
428 3615 634 3672 turbat.
674 3614 842 3687 Cujus
893 3612 1126 3669 heresim
1180 3611 1374 3669 beatus
1426 3615 1767 3686 Augustinus

157 3710 516 3784 singulariter
558 3723 672 3782 prae
717 3707 914 3764 ceteris
963 3714 1258 3780 expugnat,
1315 3714 1370 3763 et
1413 3723 1549 3780 papa
1597 3713 1766 3766 luno-

162 3804 383 3861 centius
406 3818 537 3860 cum
579 3802 701 3859 aliis
734 3800 981 3857 bereticis
1025 3801 1382 3858 condemnat.
1414 3803 1765 3875 Burgundio-

160 3913 269 3954 nes
323 3905 536 3970 partem
597 3895 817 3963 Galliae,
882 3886 1101 3951 Rheno.
1152 3895 1467 3969 contiguam
1523 3897 1770 3955 obtinue-

158 3998 323 4048 runt.

245 4087 371 4140 414.
402 4082 621 4138 Attalus
662 4079 856 4139 Gothis
878 4080 1190 4138 auctoribus
1218 4081 1278 4137 in
1319 4082 1497 4139 Gallia
1523 4085 1765 4156 tyranni—

163 4178 304 4237 dem
358 4175 581 4233 invasit.

247 4275 374 4327 415.
430 4269 599 4327 Gothi
651 4268 941 4342 Hispanias
982 4277 1196 4342 petunt,
1243 4285 1477 4342 quorum
1514 4270 1771 4342 praesidio

170 4364 392 4422 Attalus
419 4364 730 4432 destitutus,
774 4380 807 4420 a
834 4363 1109 4420 Romanis
1149 4372 1231 4420 est
1258 4372 1469 4436 captus.
1519 4364 1773 4421 Jerosoli-

162 4457 280 4517 mis
308 4474 542 4531 corpora
572 4466 889 4514 sanctorum
904 4457 1169 4529 Stephani
1201 4458 1627 4530 protomartiris,
1660 4460 1770 4516 Ga-

154 4552 403 4613 malielis
442 4561 498 4609 et
518 4551 869 4621 Nichomedi,
914 4552 1159 4609 Luciano
1184 4553 1482 4626 prcsbitero
1507 4552 1771 4611 divinitus

150 4647 426 4717 revelata,
468 4646 841 4703 inveniuntur.

242 4746 367 4798 416.
408 4744 618 4797 Romae
642 4741 920 4809 Zosimus,
950 4756 1088 4813 papa
1115 4747 1260 4811 4305,
1309 4740 1453 4798 sedit
1489 4743 1650 4799 annis
1677 4744 1765 4799 tri-

155 4838 295 4894 bus.
353 4835 458 4904 Qui
511 4850 610 4891 sua
644 4834 826 4900 etiam
879 4834 947 4890 ad
1003 4835 1228 4890 ecclesiae
1297 4842 1501 4890 statum
1533 4834 1760 4893 decreta

150 4928 537 5005 promulgavit
577 4930 748 4984 Ysicio
783 4927 848 4962 ¹⁴¹
886 4931 1148 4999 episcopo,
1179 4929 1282 4984 sub
1334 4933 1568 4999 quatuor
1618 4932 1761 5000 capi-

148 5022 319 5081 tutis.

240 5121 363 5171 411.
418 5115 704 5173 Honorius
746 5123 1009 5187 angustus
1036 5118 1282 5173 Romam
1309 5115 1659 5190 triumphans
1686 5116 1759 5174 in-

1794 4604 1845 4667 D

1868 3332 2121 3390 efﬁcitur.

1948 3432 2073 3482 428.
2125 3423 2415 3482 Nestorius
2482 3423 2773 3495 episcopus
2804 3422 3462 3495 Constantinopolitanus,

1872 3524 2005 3577 duas
2049 3521 2104 3577 in
2144 3521 2365 3576 Christo
2404 3534 2666 3591 personas
2714 3518 3042 3590 praedicans,
3069 3518 3466 3591 hominemque

1871 3630 2073 3686 purum
2101 3630 2168 3669 ex
2187 3614 2411 3685 Virgine
2438 3621 2653 3677 natum,
2688 3610 2955 3667 deitatem
2984 3620 3171 3685 postea
3201 3613 3470 3684 accepisse

1874 3706 2178 3774 afﬁrmans,
2234 3723 2266 3763 a
2293 3707 2479 3763 Cirillo
2533 3705 2911 3762 Alexandrino
2952 3706 3208 3778 episcopo
3245 3714 3301 3762 et
3330 3721 3465 3778 papa

1873 3801 2142 3858 Celestino
2172 3801 2424 3857 hereseos
2453 3800 2722 3871 arguitur.

1946 3900 2071 3952 429.
2111 3895 2370 3967 Agricola
2419 3893 2692 3950 hereticus
2744 3892 3124 3965 Pelagianista,
3158 3892 3470 3950 Britannias

1874 4006 1975 4048 suo
1992 3989 2169 4047 inﬁcit
2195 4004 2397 4046 errore.

1947 4091 2073 4140 430.
2105 4086 2335 4141 Sanctus
2374 4082 2708 4155 Augustinus
2734 4081 3047 4153 Yponensis
3077 4080 3384 4153 episcopus,
3415 4080 3469 4137 in

1876 4178 2095 4234 civitate
2136 4192 2236 4233 sua
2285 4192 2314 4231 a
2345 4176 2590 4232 barbaris
2632 4175 2913 4243 obsessus,
2961 4190 3088 4231 cum
3146 4173 3286 4229 inter
3326 4174 3470 4244 ipsas

1875 4269 2181 4327 obsidionis
2224 4270 2506 4340 angustias
2546 4285 2644 4338 pro
2697 4268 2905 4324 ecclesia
2941 4265 3233 4333 sollicitus,
3260 4266 3467 4321 Juliani

1879 4364 2109 4437 argutiis
2157 4377 2257 4434 pro
2283 4362 2455 4433 gratia
2495 4361 2598 4416 Dei
2636 4376 2884 4432 pugnans
2912 4358 3317 4432 respondisset:
3352 4361 3467 4432 ipsa

1880 4458 1982 4515 Dei
2026 4456 2214 4531 gratia,
2255 4470 2326 4513 ne
2363 4455 2578 4512 ruinam
2621 4469 2850 4510 suorum
2877 4453 3104 4520 videret,
3135 4453 3468 4524 subtractus,

1881 4550 2177 4609 5Kalend.
2229 4549 2508 4622 Septemb.
2558 4546 2804 4621 migravit
2848 4545 2918 4603 ad
2954 4545 3275 4614 Dominum,
3320 4556 3467 4604 anno

1878 4647 2054 4705 aetatis
2076 4648 2194 4715 76°,
2224 4644 2572 4715 episcopatus
2598 4657 2697 4698 seu
2729 4639 3121 4711 presbiteratus
3163 4646 3252 4696 40.

1943 4747 2070 4798 431.
2098 4739 2282 4796 Tertia
2309 4735 2540 4793 sinodus
2578 4733 2897 4791 universalis
2928 4740 3035 4791 200
3085 4735 3463 4809 episcoporum

1870 4834 2018 4908 apud
2063 4833 2348 4903 Ephesum
2389 4837 2772 4902 congregatur,
2822 4827 2924 4884 sub
2973 4828 3243 4886 Celestino
3291 4846 3460 4904 papa;

1869 4927 1967 4984 ubi
2012 4926 2154 4982 inter
2201 4924 2335 4980 alias
2382 4922 2607 4979 hereses
2655 4922 2941 4978 Nestorius
2991 4938 3122 4979 cum
3168 4932 3314 4980 secta
3365 4939 3462 4978 sua

1868 5022 2184 5087 damnatur,
2215 5021 2265 5074 et
2296 5016 2361 5052 “6
2408 5023 2471 5073 12
2523 5018 2704 5087 capita
2753 5020 2935 5072 contra
2974 5018 3203 5074 eundem
3244 5018 3466 5072 conscri-

1871 5117 2098 5171 buntur.

1466 5236 1717 5291 VARl/E
1752 5232 2172 5292 LECTIONES.

238 5345 305 5383 ³⁸³
330 5349 423 5422 qui
481 5376 553 5392 -—
588 5348 810 5423 scripsit
863 5350 969 5404 alio
1014 5353 1312 5406 atramento
1349 5352 1561 5407 addita.
1640 5350 1705 5386 ³³³
1751 5353 1860 5423 lucc
1913 5351 2113 5423 omnia_
2146 5349 2208 5423 in
2238 5346 2366 5423 loco_
2389 5358 2545 5413 raso,
2593 5345 2702 5423 alio
2747 5346 3085 5423 atramento,-
3122 5341 3193 5407 cf.
3250 5342 3455 5397 Herim.

148 5419 234 5459 ¹⁸⁰
269 5419 366 5477 ἰιαῖ
414 5429 461 5477 1.
521 5425 577 5478 2.
630 5419 718 5456 1‘"
744 5423 816 5477 Y.
857 5436 907 5476 e.
937 5436 982 5477 s.

1013 5436 1068 5491 q.
1131 5438 1181 5477 c.
1210 5424 1322 5477 alio
1367 5429 1477 5478 atr.
1528 5423 1744 5479 addita.
1792 5422 1857 5456 ιδ’
1894 5438 2003 5477 una:
2040 5418 2259 5491 addita.
2302 5415 2367 5451 ³⁸³
2432 5432 2483 5487 q.
2536 5431 2589 5487 q.
2650 5416 2706 5471 d.
2729 5414 2778 5491 _f.
2839 5413 3022 5491 eadem
3070 5427 3235 5491 manu
3291 5428 3462 5484 supra

147 5496 266 5551 lin.
320 5499 367 5547 1.
397 5492 465 5529 ¹⁴δ
496 5494 653 5550 obiut
679 5510 726 5549 c.
752 5491 891 5564 ως.
918 5486 1105 5549 XXII.
1140 5509 1190 5549 c.
1222 5493 1277 5549 d.
1310 5509 1358 5549 e.
1390 5510 1440 5566 g.
1473 5509 1518 5550 s.
1553 5496 1666 5551 alio
1693 5499 2019 5550 atramento.
2052 5490 2119 5528 ι⁴⁶
2149 5497 2204 5545 et
2233 5491 2344 5546 X11
2372 5503 2423 5543 c.
2450 5486 2503 5542 c.
2532 5486 2580 5544 e’.
2613 5504 2662 5543 (ε.
2690 5486 2797 5541 alio
2818 5487 3134 5539 atramento.

1697 5613 1937 5669 NOT/E.‘

235 5728 416 5815 (1214)
459 5725 703 5815 Dpistola
755 5725 1059 5815 Innocentii
1092 5723 1185 5815 ‘ad'
1216 5724 1600 5815 Eudoxiam'et
1626 5727 1749 5815 dua“:
1857 5728 1987 5815 Vita
2018 5724 2179 5799 hujus
2206 5720 2486 5801 pontiﬁcis
2510 5720 2668 5815 Brev.
2699 5718 2867 5774 Rom.
2892 5715 3087 5788 pontif.
3115 5723 3159 5772 t.
3203 5718 3252 5786 I,
3282 5735 3337 5773 n.
3370 5725 3440 5777 28

146 5798 389 5857 Arcadii
427 5796 953 5865 ad'lnnocentium,
999 5797 1143 5853 unde
1170 5796 1285 5853 haec
1314 5797 1496 5854 hausit
1523 5800 1750 5856 Bernol-

148 5871 289 5940 dus,
342 5870 414 5927 ab
456 5870 685 5927 eruditis
726 5868 927 5941 spuria:
973 5876 1294 5939 censentur;
1324 5867 1397 5926 cf.
1448 5871 1644 5943 Pagius
1695 5871 1752 5927 in

450 5959 684 6018 PATROL.
722 5958 983 6015 CXLVIII.

1829 5830 1834 5841 ι
1857 5803 1994 5860 Uss.
2644 5803 2653 5858 ἱ

3060 5946 3126 6002 42.
