4052 6196
547 271 680 324 1323

607 396 734 448 432.
764 394 958 446 Romae
989 388 1180 442 Xistus
1209 402 1346 458 papa
1377 385 1668 454 46‘“,sedit
1701 399 1876 440 annos
1925 390 1978 438 8.

611 491 734 541 433.
785 481 1188 538 Valentinianus
1215 489 1478 552 augustus
1519 480 1691 537 multa
1729 477 1957 534 ecclesiis
1989 475 2132 532 dona

536 579 701 636 dedit.

607 677 732 729 434.
769 667 1027 725 Wandali
1051 669 1168 741 jam
1197 684 1345 726 nono
1373 683 1522 726 anno
1548 665 1817 725 Affricam
1872 665 2127 722 infestan-

535 774 637 832 tes,
670 772 891 836 pactum
912 780 941 819 a
972 764 1242 820 Romanis
1292 763 1594 836 postulant.

606 864 729 914 435.
752 861 858 914 Pax
882 873 1010 914 cum
1037 856 1331 915 Wandalis
1359 857 1520 913 facta.

605 951 916 1008 436.Gothi
935 951 1252 1006 Narbonam
1274 950 1554 1006 obsessam
1572 946 1717 1004 fame
1737 954 2014 1019 premunt.

605 1052 734 1101 437.
788 1045 1000 1100 Bellum
1041 1060 1070 1098 a
1100 1044 1368 1098 Romanis
1391 1051 1583 1099 contra
1635 1039 1846 1097 Gothos
1895 1040 2124 1113 geritur.

604 1142 730 1195 438.
779 1141 879 1193 His
929 1139 1256 1210 temporibus
1297 1143 1516 1193 sanctus
1564 1137 1796 1206 Prosper
1857 1135 2126 1203 Regiensis

531 1235 804 1304 episcopus
849 1237 1040 1288 contra
1070 1232 1264 1285 librum
1303 1231 1551 1286 Cassiani
1591 1231 1655 1284 de
1672 1231 2000 1299 proiectione
2028 1229 2127 1283 Dei

531 1329 767 1395 scripsit,
787 1329 841 1380 in
856 1343 964 1395 quo
982 1327 1203 1379 eundem
1225 1325 1448 1379 liberum
1468 1323 1757 1378 arbitrium
1772 1325 1933 1376 nimis
1961 1326 2121 1376 emtu-

531 1421 656 1476 l-isse
700 1421 950 1490 probavit
980 1417 1044 1452 “7
1074 1422 1274 1485 (I275).

601 1517 727 1569 439.
755 1513 1003 1567 Julianus
1047 1509 1388 1567 Atelenensis
1415 1509 1719 1582 episcopus,
1764 1508 2119 1580 Pelagianista

519 1605 971 1678 jactantissimus,
1063 1605 1293 1660 ecclesiae
1387 1602 1766 1659 communioni
1853 1602 2121 1674 surripere

526 1707 822 1774 temptans,
860 1715 891 1754 a
919 1699 1107 1766 Xisto,
1139 1715 1280 1771 papa
1309 1695 1490 1753 denuo
1521 1697 1833 1754 damnatur.

1544 263 1636 316 AD
1673 261 1900 316 OPERA
1937 260 1993 314 S.
2035 206 2356 313 GRE‘GORII
2394 252 2829 310 APPENDICES.

2128 382 2144 460 ξ
2154 383 2209 445 Α
2309 384 2434 434 449.
2471 381 2673 433 Iterum
2694 376 2952 432 catholici
2979 375 3048 430 ab
3072 375 3399 446 imperatore
3425 372 3738 430 Theodosio
3758 372 3812 427 ad

3697 254 3716 303 1
3729 251 3808 303 3ῗὸ

2240 472 2571 528 audientiam
2608 470 2836 528 evocati.

2311 572 2434 622 450.
2480 567 2592 620 Leo
2641 579 2777 636 papa
2800 563 3011 635 legatos
3053 561 3121 618 ad
3149 560 3543 617 confutandam
3599 561 3814 616 heresim

2239 659 2458 716 mittere
2487 659 2718 714 curavit.
2760 656 3100 713 Theodosius
3121 655 3424 726 imperator
3446 655 3702 711 moritur.
3733 657 3816 710 Pro

2239 769 2347 825 quo
2399 752 2710 808 Martianus
2757 750 2986 806 orientis
3057 748 3351 820 imperium
3401 748 3655 821 adeptus,
3710 754 3814 804 et7

2237 847 2395 902 annis
2445 861 2696 919 regnans,
2736 844 3087 900 Euthicetem
3153 859 3282 898 cum
3330 844 3446 898 suis
3503 842 3818 916 sequacibus

2235 940 2479 996 damnat.
2506 938 2739 995 Placidia
2762 945 2990 1009 augusta
3022 937 3179 992 obiit.
3203 936 3446 992 Romani
3475 938 3640 992 Aetio
3673 936 3816 1002 duce,

2235 1033 2435 1091 Gothis
2481 1032 2910 1099 auxiliatoribus,
2945 1031 3171 1086 Attilam
3207 1030 3452 1086 vicerunt
3479 1046 3668 1102 regem
3713 1033 3815 1084 Hu-

2232 1143 2452 1184 norum.

2305 1229 2432 1277 451.
2461 1221 2631 1277 Attila
2663 1219 2964 1277 recollectis
2997 1219 3204 1274 viribus
3246 1218 3588 1297 Aquilegiam
3632 1235 3816 1291 magna

2232 1315 2283 1370 vi
2309 1315 2468 1387 cepit.
2505 1315 2592 1370 Ad
2623 1330 2788 1386 quem
2816 1312 3232 1369 Valentinianus
3260 1312 3557 1384 imperator
3580 1315 3817 1368 Leonem

2231 1425 2428 1481 papam
2469 1409 2718 1476 mittens,
2765 1423 2958 1479 pacem
3003 1423 3132 1462 cum
3175 1421 3240 1462 eo
3286 1405 3433 1462 fecit.

2301 1509 2429 1559 452.
2463 1501 2625 1558 Attila
2659 1517 2752 1557 rex
2770 1505 3067 1558 Hunorum
3093 1501 3145 1555 in
3175 1499 3286 1556 suis
3319 1500 3542 1555 sedibus
3571 1501 3816 1556 moritur.

2228 1600 2349 1653 Hoc
2378 1605 2625 1668 tempore
2645 1601 2838 1668 quarta
2867 1595 3089 1651 sinodus
3129 1593 3452 1651 universalis
3481 1599 3590 1649 630
3616 1595 3818 1664 episco-

2230 1706 2424 1762 porum
2481 1689 2537 1744 in
2581 1689 2886 1744 Calcenone
2940 1696 3129 1743 contra
3185 1686 3459 1742 Euthicen
3508 1695 3567 1742 et
3629 1703 3815 1742 omnes

597 1762 720 1852 44o.
769 1762 966 1852 Romae
1012 1762 1269 1852 defuncto
1296 1793 1484 1861 Xisto,
1519 1797 1652 1859 Leo,
1685 1791 1764 1847 vir
1793 1791 2043 1848 doctrina
2070 1798 2124 1848 et
2153 1762 2200 1824 Β
2233 1783 2501 1840 hereticos
2541 1791 2926 1856 congregatur,
2959 1782 3022 1818 ιδι
3047 1783 3235 1852 ibique
3266 1781 3539 1836 damnatis
3580 1781 3816 1836 heretici:

526 1890 776 1946 moribus
808 1889 1060 1961 insignis,
1094 1904 1233 1960 papa
1258 1892 1402 1954 47³³,
1427 1886 1572 1944 sedit
1619 1887 1781 1942 annis
1819 1893 1909 1953 22,
1939 1885 2005 1923 ιδε
2026 1885 2119 1956 qui

523 1983 865 2040 Euticianam
912 1991 968 2039 et
1014 1983 1399 2038 Nestorianam
1453 1980 1668 2037 hereses
1711 1979 2116 2048 condemnavit,

522 2082 573 2132 et
619 2076 690 2114 ι⁵⁸
720 2082 790 2132 49
821 2078 1031 2132 decreta
1064 2076 1401 2146 conscripsit.

593 2176 719 2226 441.
763 2168 1108 2226 Theodosius
1138 2169 1440 2238 imperator
1467 2174 1653 2222 contra
1681 2166 1980 2223 Wandalos
2027 2182 2120 2237 per

520 2261 686 2319 duces
713 2278 842 2318 suos
866 2261 1069 2333 bellum
1090 2268 1290 2316 movet.

589 2361 715 2411 443.
753 2355 987 2410 Sanctus
1029 2353 1266 2409 Brictius
1293 2355 1651 2408 Turonorum
1680 2352 1969 2424 episcopus
2015 2352 2111 2408 de-

517 2448 701 2517 cessit,
760 2448 847 2503 cui
890 2454 1107 2502 sanctus
1153 2444 1481 2501 Eustochius
1509 2446 1794 2502 successit.
1840 2447 1946 2501 Leo
1975 2462 2111 2518 papa

517 2543 726 2598 multos
772 2542 829 2596 in
875 2539 1030 2597 Urbe
1089 2539 1407 2594 Manicheos
1459 2539 1772 2610 publicavit,
1841 2547 1898 2594 et
1941 2539 2110 2596 libros

514 2649 711 2692 eorum
739 2633 992 2690 incendit.
1029 2633 1096 2666 ¹⁵⁰
1119 2635 1222 2687 Hic
1273 2637 1456 2700 (I276)
1487 2635 1784 2700 constituit,
1832 2637 1894 2687 ut
1916 2649 2107 2688 mona-

511 2730 611 2783 cha
640 2731 887 2784 velamen
914 2730 1108 2797 capitis
1136 2729 1205 2780 ab
1244 2729 1481 2797 episcopo
1503 2727 1838 2782 benedictum
1865 2729 2102 2782 nullate-

510 2819 610 2877 nus
637 2825 914 2892 acciperet,
956 2823 1066 2875 nisi
1103 2821 1265 2890 prius
1320 2822 1606 2889 virginitas
1657 2822 1806 2875 illius
1861 2823 2102 2891 probata

509 2917 670 2981 foret.
701 2915 850 2971 Unde
878 2919 928 2969 et
952 2915 1295 2982 Augustinus
1313 2917 1524 2981 asserit,
1544 2930 1635 2968 nec
1663 2915 1811 2968 illam
1831 2917 1974 2969 inter
1984 2917 2100 2970 vir-

508 3011 660 3077 gines
683 3023 869 3063 sacras
893 3008 1306 3062 consecrandam
1331 3009 1471 3075 fore,
1505 3009 1556 3061 si
1568 3023 1674 3078 qua
1699 3011 1840 3074 foret
1872 3010 1955 3062 vel
1977 3014 2102 3064 ante

510 3102 835 3172 baptismum
856 3105 1125 3173 corrupta.

577 3201 705 3250 444.
739 3196 904 3251 Attila
933 3211 1030 3250 rex
1074 3197 1363 3250 Hunorum
1393 3193 1631 3250 Bleldam
1662 3192 1886 3250 fratrem
1934 3209 2096 3252 suum

503 3289 768 3360 regnique
791 3295 1102 3344 consortem
1131 3288 1428 3344 interemit.
1458 3291 1540 3344 De
1562 3286 1724 3360 hujus
1751 3286 1882 3344 anni
1902 3289 2098 3360 pascha

504 3382 785 3438 Proterius
811 3390 867 3438 et
898 3382 1222 3437 Pascasinus
1252 3381 1425 3437 Leoni
1454 3396 1610 3453 papa:
1642 3380 1908 3436 scribunt.

572 3482 697 3532 445.
725 3475 825 3531 His
854 3476 1198 3548 temporibus
1227 3478 1342 3532 Leo
1362 3491 1500 3548 papa
1527 3475 1667 3531 inter
1695 3474 1798 3531 alia
1832 3474 1973 3531 bona
1998 3474 2098 3530 ba-

500 3569 680 3624 silicas
702 3570 1077 3640 apostolorum
1117 3569 1260 3625 Petri
1285 3577 1340 3624 et
1361 3568 1512 3624 Pauli
1553 3568 1851 3625 renovavit.

570 3667 695 3716 446.
730 3662 894 3733 Apud
925 3663 1200 3734 Ephesum
1222 3670 1433 3734 septem
1459 3661 1817 3730 dormientes,
1847 3661 1940 3733 qui
1991 3661 2091 3717 sub

500 3754 670 3808 Decio
719 3756 894 3811 multa
967 3771 1066 3825 pro
1105 3755 1320 3812 Christo
1365 3764 1639 3812 tormenta
1687 3755 1828 3826 passi
1872 3755 1933 3810 in
1973 3770 2091 3827 spe-

498 3847 658 3901 lunca
683 3846 920 3916 quadam
947 3847 1384 3916 obdormierunt,
1416 3857 1540 3920 post
1566 3863 1740 3904 annos
1767 3855 1866 3904 196
1893 3864 2091 3920 exper-

497 3937 696 4011 gefacti
717 3946 866 4005 sunt,
881 3947 953 4009 et,
974 3940 1295 3996 conﬁrmata
1314 3941 1417 3996 ﬁde
1431 3942 1869 4010 resurrectionis,
1889 3941 2092 3998 iterum

498 4029 938 4087 obdormierunt.

565 4131 693 4181 441.
726 4125 980 4182 Eutbices
1009 4123 1278 4198 presbiter
1307 4133 1364 4180 et
1387 4125 1554 4182 abbas
1583 4127 2092 4200 Constantinopoli-

495 4226 679 4288 tanus,
711 4219 937 4277 confusa
968 4221 1024 4276 in
1048 4218 1267 4276 Christo
1295 4218 1600 4277 divinitatis
1636 4228 1691 4276 et
1737 4221 2090 4278 humanitatis

493 4313 820 4381 substantia,
847 4330 1012 4370 unam
1039 4315 1093 4369 in
1147 4329 1213 4370 eo
1237 4321 1497 4370 naturam
1543 4314 1940 4388 dogmatizans,
1982 4332 2088 4372 an-

492 4407 700 4464 nitente
723 4407 1040 4465 Theodosio
1055 4408 1273 4478 juniore
1298 4416 1532 4480 augusto
1561 4415 1616 4464 et
1644 4408 1907 4465 Dioscoro
1958 4411 2086 4465 Ale-

2232 1883 2297 1932 27
2327 1893 2554 1933 canones
2594 1881 2927 1932 statuerunt.

2297 1977 2420 2027 453.
2454 1970 2869 2028 Valentinianus
2907 1969 3211 2041 imperator
3257 1968 3478 2025 Aetium
3522 1968 3810 2040 patricium

2228 2081 2400 2121 manu
2432 2081 2529 2121 sua
2555 2064 2611 2118 in
2639 2064 2840 2136 palatio
2867 2062 3241 2120 fraudulenter
3265 2063 3482 2119 occidit.

2296 2165 2422 2214 454.
2453 2158 2870 2215 Valentinianus
2893 2157 3190 2228 imperator
3225 2157 3280 2211 in
3309 2173 3506 2228 campo
3535 2159 3736 2212 Martio
3750 2156 3812 2212 ab

2223 2251 2412 2308 amicis
2441 2252 2582 2308 Aetii
2608 2251 2972 2308 interemitur.
2993 2253 3099 2307 Pro
3119 2267 3226 2322 quo
3252 2251 3530 2307 Maximus
3559 2251 3813 2306 invadens

2221 2345 2537 2417 imperium,
2568 2345 2707 2401 infra
2749 2343 2892 2402 duos
2916 2360 3137 2400 menses
3167 2361 3198 2400 a
3227 2345 3491 2400 militibur
3517 2344 3810 2408 oceiditus;

2220 2447 2345 2510 post
2396 2456 2558 2512 quem
2610 2440 2804 2496 Avitus
2841 2438 3079 2510 sumpsit
3102 2437 3414 2509 imperium.
3465 2441 3623 2509 Ipsos
3671 2455 3810 2494 anno

2219 2533 2530 2590 Geisericus
2570 2550 2662 2590 rex
2711 2533 3117 2590 Wandalorum
3157 2535 3400 2588 Romam
3431 2532 3644 2588 cunctis
3706 2533 3810 2603 opi-

2217 2627 2318 2684 bus
2380 2628 2638 2700 expoliat.
2696 2629 2815 2683 Huc
2882 2642 3056 2699 usque
3103 2628 3338 2697 Prosper
3404 2625 3660 2681 chronica
3726 2642 3810 2681 sua

2216 2719 2486 2791 perduxit,
2545 2724 2642 2791 qui
2688 2727 2741 2776 et
2765 2722 3044 2791 epistolam
3115 2723 3299 2776 Leonis
3357 2737 3515 2790 papa:
3566 2720 3633 2773 de
3693 2736 3809 2774 vera

2211 2817 2429 2870 Domini
2457 2817 2829 2870 incarnatione
2872 2820 3055 2869 contra
3101 2816 3364 2870 Euthicen
3392 2815 3633 2868 creditur
3676 2831 3809 2870 com-

2205 2915 2463 2983 posuisse.

2278 3010 2404 3060 455.
2430 3004 2624 3060 Avitus
2648 3004 2940 3076 imperium
2957 3003 3246 3060 Placentiae
3261 3002 3532 3075 deposuit.
3561 3007 3667 3060 Pro
3702 3020 3810 3076 quo

2209 3098 2543 3170 Majorianus
2571 3099 2811 3172 regnavit
2838 3099 2997 3154 annis
3037 3105 3093 3153 4.

2279 3197 2406 3249 456.
2432 3192 2732 3247 Martianus
2761 3192 3060 3263 imperator
3089 3192 3317 3248 orientis
3357 3191 3520 3257 obiit;
3563 3208 3669 3262 pro
3698 3207 3808 3264 quo

2207 3287 2318 3341 Leo
2365 3286 2662 3358 imperator
2689 3285 2845 3341 annis
2884 3285 2950 3318 ³⁵³
2993 3291 3059 3340 17
3102 3294 3318 3356 regnat.
3377 3285 3454 3339 Ab
3500 3284 3607 3339 hoc
3654 3301 3808 3340 anno

2204 3380 2480 3436 Victorius
2503 3379 2778 3450 paschales
2823 3379 3027 3452 cyclos,
3079 3387 3160 3435 set
3205 3393 3390 3436 errore
3454 3379 3668 3451 plenos,
3725 3381 3808 3434 in-

2202 3473 2388 3537 choat,
2437 3473 2666 3544 jubente
2711 3488 2852 3545 papa
2907 3473 3154 3545 Hylario.

2271 3573 2396 3623 4.57.
2426 3567 2764 3638 Majorianus
2792 3567 3092 3638 imperator
3129 3566 3426 3623 occidentis
3447 3567 3504 3621 in
3531 3565 3802 3622 Affricam

2201 3669 2394 3718 contra
2415 3661 2722 3716 Wandalos
2755 3661 2930 3716 movit
2960 3661 3330 3732 procinctum.

2272 3760 2396 3810 460.
2449 3753 2781 3825 Majorianus
2816 3754 3119 3826 imperator
3143 3771 3173 3810 a
3210 3755 3512 3812 Richmere
3569 3755 3802 3827 patricio

2199 3847 2576 3904 fraudulenter
2599 3847 2906 3920 perimitur.

2272 3947 2397 3998 461.
2437 3944 2670 3998 Severus
2692 3946 2970 3999 Ravennae
2998 3959 3028 3998 a
3059 3943 3347 3999 Richmere
3370 3943 3681 4014 imperator
3711 3940 3797 3998 ef-

2198 4036 2397 4104 fectus,
2466 4044 2704 4108 quatuor
2773 4036 2938 4092 annis
2996 4037 3260 4109 regnavit.
3317 4037 3558 4093 Turonis
3604 4037 3798 4091 beatus

2198 4131 2498 4200 Perpetuus
2528 4130 2818 4202 episcopus
2863 4127 3056 4198 factus,
3114 4146 3316 4202 corpus
3361 4130 3539 4184 sancti
3566 4128 3792 4184 Martini

2197 4224 2494 4279 transtulit.

2267 4322 2398 4372 462.
2446 4320 2641 4373 Romae
2683 4316 2958 4390 Hylarius,
3003 4333 3142 4390 papa
3193 4323 3338 4385 48'“,
3380 4317 3520 4374 sedit
3543 4319 3700 4373 annis
3734 4324 3795 4384 6,

2196 4410 2474 4466 mensibus
2513 4417 2564 4466 3.
2619 4412 2728 4483 Qui
2758 4411 2976 4468 hereses
3012 4410 3396 4467 Euthicianam
3426 4420 3479 4466 et
3509 4414 3797 4467 Nestoria-

492 4501 755 4557 xandrino
785 4502 1064 4573 episcopo,
1089 4501 1436 4557 resistentem
1461 4500 1564 4556 sibi
1591 4501 1913 4557 Flavianum
1942 4503 2084 4558 Con-
2113 4502 2163 4564 D
2192 4519 2321 4560 nam
2353 4505 2650 4572 damnavit,
2703 4513 2758 4560 et
2792 4506 2935 4560 inter
2969 4504 3068 4560 alia
3112 4505 3259 4561 bona
3310 4505 3477 4559 etiam
3531 4505 3674 4560 duas
3717 4505 3804 4561 bi-

491 4595 1041 4666 stantinopolitanum
1099 4594 1589 4666 archiepiscopum,
1633 4595 1947 4667 expulsum,
2015 4595 2084 4652 ad

491 4694 729 4742 mortem
758 4703 930 4760 usque
957 4696 1374 4760 persequuntur.
1411 4691 1613 4745 Contra
1648 4705 1818 4762 quam
1848 4687 2083 4746 heresim

490 4779 606 4835 Leo
629 4795 764 4852 papa
791 4781 1000 4853 legatos
1027 4782 1194 4838 misit.

560 4879 686 4930 448.
729 4873 1074 4931 Theodosius
1125 4876 1427 4947 imperator
1463 4879 1706 4933 Leonem
1745 4893 1940 4950 papam
1981 4895 2078 4949 pro

487 4966 802 5024 defensione
843 4968 1138 5025 Euthicetis
1195 4969 1268 5026 ad
1320 4987 1377 5026 se
1414 4979 1590 5026 vocat.
1637 4971 1742 5040 Qui
1794 4987 1827 5027 a
1875 4973 2077 5044 populo

487 5062 743 5118 Romano
773 5063 955 5118 venire
977 5063 1301 5134 prohibitus,
1323 5064 1532 5135 legatos
1552 5080 1650 5135 pro
1676 5080 1734 5120 se
1757 5065 1930 5120 misit.

2191 4597 2493 4653 bliothecas
2527 4597 2594 4636 ’⁵³
2627 4598 2681 4652 in
2723 4598 2875 4655 Urbe
2904 4598 3168 4662 condidit,
3211 4599 3272 4637 ι⁵⁴
3299 4603 3348 4654 et
3377 4615 3479 4654 sea:
3525 4600 3799 4671 synodica

2191 4692 2433 4762 capitula
2490 4694 2788 4747 constituit.

2263 4790 2389 4842 463.
2422 4788 2539 4840 Rex
2576 4785 2878 4841 Alanorum
2922 4785 3136 4841 Italiam
3169 4793 3374 4858 petens,
3403 4785 3553 4857 apud
3577 4789 3799 4859 Perga-

2187 4895 2344 4935 mum
2371 4896 2398 4934 a
2425 4878 2722 4935 Richmere
2754 4879 2982 4951 patricio
3014 4895 3199 4951 pugna
3229 4881 3403 4934 victus
3441 4879 3685 4936 interiit.

2258 4979 2382 5030 464.
2434 4975 2664 5029 Severus
2702 4973 3001 5043 imperator
3029 4971 3246 5041 fraude,
3303 4983 3362 5029 ut
3390 4973 3569 5040 aiunt,
3609 4975 3804 5031 Rich-

2186 5068 2350 5124 meris
2393 5082 2602 5123 veneno
2646 5066 2824 5138 periit.

1747 5190 1998 5250 VARUE
2065 5194 2374 5252 LECTION
2389 5192 2490 5248 ES.

558 5311 758 5369 l""hcec
779 5313 946 5384 paulo
970 5313 1078 5371 alio
1121 5315 1422 5386 atramento
1448 5313 1668 5386 scripta.
1721 5313 1788 5352 ’⁵8
1825 5319 2103 5386 sequentia
2141 5321 2199 5373 in
2247 5319 2354 5374 loco
2384 5333 2529 5372 raso.
2575 5315 2641 5353 ⁸⁵⁸
2684 5323 2742 5372 et
2766 5317 3029 5373 XLVIIII
3096 5315 3154 5372 d.
3181 5332 3230 5372 c.
3278 5316 3397 5372 alio
3447 5321 3802 5375 atramento.

486 5382 561 5422 n50

478 5455 668 5512 thecas
699 5460 744 5510 1.
783 5455 851 5493 ⁸⁵⁸
877 5458 1152 5527 sequentia
1179 5456 1286 5510 alio
1310 5459 1632 5511 atramento.

749 5387 1158 5464 seq_uuntur,lin
1194 5385 1440 5464 margine
1467 5385 1661 5464 addita
1691 5393 1832 5441 sunt.
1877 5385 1943 5424 ’δι
1986 5407 2107 5460 quce
2149 5394 2448 5460 sequuntur
2475 5389 2584 5444 alio
2624 5392 2946 5445 atramento.
3001 5387 3090 5444 ³⁸³.
3118 5389 3263 5444 deest
3317 5395 3402 5445 12.
3461 5388 3529 5424 ³⁸³
3575 5388 3803 5446 biblio-

2010 5559 2243 5616 NOTAE.

551 5669 1133 5744 (1275)7Confunditur
1184 5671 1275 5728 hic
1303 5674 1358 5729 S.
1390 5673 1622 5744 Prosper
1667 5673 1955 5744 Regiensis
2000 5676 2054 5731 in

479 5743 809 5816 Lombardia
836 5743 1119 5815 episcopus
1145 5760 1272 5816 cum
1309 5746 1366 5800 S.
1399 5743 1668 5816 Prospero
1699 5743 2032 5816 Aquitanica

474 5813 566 5882 qui
590 5813 883 5886 episcopus
917 5813 1195 5886 nunquam
1227 5815 1346 5883 fuit,
1391 5813 1655 5888 cujusque
1682 5813 1819 5872 liber
1867 5827 2057 5874 contra

2165 5678 2484 5751 Cassianum
2520 5686 2707 5751 exstat
2750 5678 2806 5734 in
2837 5679 2974 5751 ejus
3021 5677 3283 5751 operibus
3331 5675 3463 5732 edit.
3516 5677 3735 5734 Venet.
3771 5695 3801 5733 a

2171 5750 2858 5833 I744_._Vid._‘ibid.,_praef.
2885 5750 3102 5833 p.339.
3134 5752 3264 5808 Uss.

2241 5825 2428 5890 (1276)
2469 5823 2550 5878 Ex
2586 5821 2750 5894 gestis
2794 5821 3088 5894 pontiff.R.
