4052 6196
247 295 380 348 I325

1142 293 1428 348 APPEND.
1471 293 1555 346 lll.
1595 321 1667 333 —
1704 291 2122 347 MONUMENTA
2161 293 2617 350 GREGORIANA.

3389 310 3523 361 i326

298 419 427 472 468.
447 417 563 473 Leo
578 415 874 488 imperator
893 413 1258 471 Anthemium
1275 415 1344 471 de
1359 416 1830 489 Constantinopoli
1860 420 1914 482 Α
2014 423 2139 473 488.
2184 417 2552 476 Theodericus
2599 437 2694 477 rex
2739 424 3225 497 Ostrogothorum,
3259 430 3526 500 permisso

240 511 309 568 ad
327 509 634 584 regendum
651 509 945 566 occidentis
964 509 1260 582 imperium
1279 511 1517 567 Romam
1531 511 1706 581 misit,
1732 511 1826 584 qui

239 604 487 678 regnavit
513 604 674 660 annis
704 609 755 660 5.
1438 597 1453 615 ⁸

308 705 434 755 467.
466 699 681 755 Tolosa
729 697 827 754 ubi
865 697 1022 755 sedes
1055 697 1208 772 regni
1249 697 1559 757 Gothorum
1595 706 1732 768 erat,
1771 698 1828 753 in

238 792 420 850 medio
441 792 678 849 civitatis
709 792 932 866 sanguis
955 801 1152 850 eterra
1179 809 1566 866 prorumpens,
1597 800 1715 849 tota
1742 791 1828 848 die

240 905 348 945 una
376 886 656 960 proﬂuxit.

310 955 438 1040 468.
479 981 810 1067 Arabundus
852 980 1145 1054 imperium
1187 989 1483 1052 temptans,
1517 981 1678 1053 jussu
1713 983 1827 1035 An-
1879 955 1884 960 I

239 1076 432 1134 themii
457 1076 802 1150 imperatoris
827 1075 984 1132 exilio
1010 1075 1351 1147 deportatur.
1381 1078 1581 1131 Roma
1604 1074 1830 1146 Simpli-

237 1173 378 1240 cius,
405 1187 545 1244 papa
589 1175 737 1239 49'“,
763 1169 904 1226 sedit
931 1170 1086 1225 annis
1114 1174 1201 1238 15,
1236 1168 1519 1226 mensibus
1549 1176 1603 1236 3,
1635 1169 1707 1206 155
1737 1170 1835 1238 qui

239 1267 351 1322 duo
380 1266 594 1322 decreta
612 1267 1011 1336 promulgavit.

307 1365 434 1418 469.
463 1362 748 1416 Romanus
774 1358 1038 1432 patricius
1077 1358 1375 1432 imperium
1402 1355 1689 1426 affectans,
1727 1355 1833 1414 de-

236 1454 488 1512 collatur.

286 1556 435 1605 «470.
464 1552 529 1606 In
547 1547 719 1606 Gallia
741 1555 964 1605 sanctus
982 1548 1292 1621 Remigius,
1326 1548 1518 1604 celitus
1535 1553 1832 1618 antequam

243 1650 561 1701 nasceretur
589 1643 1018 1716 pranunciatus,
1053 1658 1083 1698 a
1113 1642 1247 1699 cella
1275 1643 1332 1698 in
1363 1657 1530 1716 quam
1556 1657 1615 1698 se
1653 1641 1833 1698 adole-

249 1737 529 1794 scentulus
579 1740 698 1793 Deo
745 1737 991 1794 militans
1033 1737 1356 1805 incluserat,
1403 1737 1450 1792 vi
1501 1736 1832 1803 abstractus,

241 1834 546 1888 Remorum
582 1830 1017 1904 archiepiscopus
1044 1832 1108 1886 ﬁt
1132 1831 1225 1885 1⁵6.

309 1931 377 1982 47
387 1932 412 1982 1
423 1966 436 1981 .
452 1925 712 1983 Richmer
725 1925 1086 1981 Anthemium
1096 1926 1480 1997 imperatorem
1493 1939 1620 1980 cum
1632 1939 1834 1996 magna

240 2018 395 2076 clade
410 2020 557 2077 urbis
582 2023 782 2076 Roma
803 2020 1028 2089 occidit,
1053 2028 1106 2076 et
1131 2019 1421 2092 Olybrium
1439 2020 1831 2090 imperatorem

242 2115 550 2183 constituit,
579 2115 799 2188 ipseque
829 2115 1011 2187 periit.

315 2215 441 2264 472.
473 2212 757 2266 Ravenna
782 2209 1058 2266 Glicerius
1082 2208 1318 2279 sumpsit
1347 2207 1658 2278 imperium.
1686 2208 1830 2262 Cons

241 2302 600 2374 stantinopoli
657 2305 770 2360 Leo
817 2305 1064 2360 Leonem
1117 2309 1431 2360 consortem
1481 2299 1635 2373 regni
1683 2298 1831 2369 fecit,

235 2396 441 2466 quippe
469 2411 629 2451 suum
657 2404 930 2466 nepotem.

312 2494 439 2544 473.
471 2491 586 2544 Leo
619 2489 798 2544 senior
838 2489 1140 2560 imperator
1169 2489 1336 2555 obiit;
1374 2497 1499 2559 post
1525 2503 1692 2558 quem
1716 2489 1830 2542 Leo

228 2583 424 2655 junior
470 2583 660 2653 paucis
708 2582 988 2639 mensibus
1030 2597 1284 2652 regnans,
1327 2589 1380 2636 et
1415 2583 1530 2652 ipse
1571 2581 1822 2636 moritur.

241 2680 376 2732 Post
394 2675 540 2731 hunc
571 2678 717 2732 Zeno
740 2676 1035 2748 imperator
1066 2675 1316 2747 regnavit
1335 2674 1489 2729 annis
1516 2678 1596 2730 17.
1613 2660 1834 2729 ‘Roma

237 2771 478 2827 Glicerio
509 2771 774 2826 successit
795 2772 978 2842 Nepos
1007 2770 1066 2824 in
1099 2768 1354 2840 imperio.

315 2868 442 2920 474.
471 2865 692 2920 Orestes
731 2864 996 2936 patricius
1032 2864 1300 2935 Nepotem
1333 2862 1720 2934 imperatorem
1751 2859 1835 2917 fu-

238 2959 407 3032 gavit,
435 2957 652 3030 ﬁlioque
681 2974 780 3014 suo
802 2958 1112 3030 Augustulo
1135 2957 1423 3029 imperium
1447 2956 1618 3013 dedit.

315 3057 438 3108 475.
486 3051 735 3110 Odoacer
788 3067 886 3108 rex
933 3051 1378 3124 Torcilingorum
1427 3058 1482 3106 et
1528 3053 1840 3122 Rugorum,

241 3163 470 3221 pervasa
510 3147 691 3214 Italia,
722 3149 971 3203 Romam
996 3145 1264 3214 obtinuit;
1296 3160 1439 3200 anno
1468 3160 1498 3200 a
1524 3143 1842 3200 conditione

1934 511 2174 567 Zenonis
2211 514 2422 585 augusti
2463 515 2678 570 Italiam
2709 516 2884 586 petiit.
2931 519 3029 574 Cui
3052 519 3300 577 Odoacer
3335 538 3526 579 occur-

1936 619 2082 673 rens,
2115 604 2256 661 bello
2288 607 2558 675 conﬂixit,
2590 618 2673 665 set
2701 610 2875 666 victus
2899 610 3134 684 aufugit.

2006 703 2130 753 489.
2177 699 2544 757 Theodericus
2573 701 2888 760 Odoacrum
2933 705 3047 777 jam
3089 707 3258 763 tercio
3303 708 3524 777 devicit,

1937 805 2175 862 eumque
2202 791 2460 864 fugatum
2490 798 2771 854 Ravennae
2794 797 3024 856 obsedit.

2008 890 2135 940 490.
2161 884 2410 943 Odoacer
2441 897 2638 959 quarto
2677 893 2978 964 conﬂigens
3001 910 3131 951 cum
3164 895 3523 965 Theoderico,

1943 978 2110 1034 victus
2137 987 2220 1036 est
2245 987 2300 1036 et
2326 990 2534 1053 captus.
2577 985 3050 1059 Constantinopoli
3077 992 3263 1046 Zenon
3289 991 3526 1062 impera-

1938 1080 2026 1128 tor
2042 1073 2294 1129 moritur.
2318 1077 2448 1132 Post
2467 1091 2632 1148 quem
2654 1079 2978 1138 Anastasius
2998 1081 3285 1155 imperium
3308 1085 3532 1141 orientis

1942 1173 2009 1223 28
2039 1168 2197 1222 annis
2223 1169 2388 1224 rexit.

2012 1267 2134 1316 491.
2182 1264 2403 1331 Roma,
2429 1262 2692 1322 defuncto
2734 1267 2914 1324 Felice
2959 1285 3120 1342 papa,
3150 1271 3445 1329 concilium
3475 1274 3522 1345 ξε

1941 1354 2256 1425 presbiteris
2283 1365 2338 1413 et
2371 1357 2686 1416 diaconibus
2715 1361 2913 1433 agitur.

2013 1454 2142 1504 492.
2173 1449 2539 1509 Theodericus
2583 1457 2860 1512 Ravenna
2891 1457 3208 1516 Odoacrum
3251 1459 3356 1516 sibi
3391 1462 3529 1518 insi-

1943 1542 2185 1600 diantem
2215 1546 2467 1617 peremit,
2527 1556 2582 1604 et
2627 1549 2740 1620 ipse
2781 1551 3085 1608 occidentis
3133 1553 3430 1625 imperium
3463 1562 3530 1612 3O

1941 1638 2097 1692 annis
2143 1639 2402 1697 obtinuit.
2458 1644 2655 1699 Roma
2715 1645 2982 1716 Gelasius,
3043 1663 3183 1719 papa
3232 1655 3346 1704 51‘"
3392 1650 3532 1706 sedit

1941 1747 2113 1788 annos
2136 1737 2190 1801 4,
2235 1750 2457 1792 menses
2487 1743 2540 1804 7,
2573 1738 2650 1792 vir
2684 1737 2878 1794 doctus
2907 1749 2962 1796 et
2990 1741 3140 1811 pius;
3196 1743 3288 1814 qui
3334 1759 3526 1800 omnes
3614 1779 3621 1785 -

1861 1808 1910 1871 Β
1947 1825 2010 1858 ιδ’
2038 1826 2335 1896 {hereticos
2378 1829 2678 1900 damnavit,
2726 1833 2934 1888 clerum
2992 1838 3306 1892 Romanum
3351 1838 3527 1907 auxit,

1940 1920 2113 1976 multa
2139 1923 2352 1979 decreta
2383 1922 2532 1993 fecit,
2563 1927 2622 1980 id
2654 1925 2716 1960 ¹⁶³
2746 1932 2823 1982 est
2855 1930 3101 1998 capitula
3133 1937 3217 1986 28.

2013 2020 2142 2071 493.
2193 2019 2316 2073 Hoc
2343 2026 2590 2090 tempore
2632 2020 2688 2075 in
2729 2020 2935 2077 Affrica
2971 2023 3160 2079 beatus
3197 2025 3532 2096 Fulgentius,

1943 2110 2244 2180 Ruspensis
2272 2111 2580 2184 episcopus,
2611 2113 2809 2169 claruit
2833 2114 3083 2172 doctrina
3115 2125 3169 2173 et
3195 2118 3423 2174 actibus.
3478 2139 3482 2144 λ

2013 2205 2139 2257 494.
2171 2202 2508 2261 Ludowicus
2532 2221 2627 2262 rex
2657 2209 2997 2264 Francorum
3030 2209 3366 2266 Alamannos
3395 2212 3537 2269 bello

1942 2295 2091 2367 vicit,
2131 2300 2252 2354 Deo
2276 2300 2518 2370 juvante,
2545 2301 2655 2369 cui,
2680 2317 2806 2358 cum
2837 2302 2893 2357 in
2922 2303 3118 2359 eodem
3147 2303 3289 2359 bello
3319 2305 3537 2376 pericli-

1942 2399 2167 2462 taretur,
2199 2410 2257 2450 se
2286 2393 2623 2451 crediturum
2653 2395 2924 2467 promisit.

2015 2490 2143 2541 495.
2191 2486 2526 2545 Ludowicus
2562 2505 2660 2544 seu
2703 2489 3010 2546 Clodoveus
3039 2507 3134 2546 rex
3175 2492 3540 2562 Francorum,

1944 2579 2179 2635 instante
2208 2580 2484 2637 Rodhilde
2510 2582 2746 2654 conjuge
2777 2600 2876 2639 sua
2922 2584 3246 2653 christiana,
3275 2603 3305 2642 a
3348 2597 3541 2645 sancto

1943 2674 2198 2744 Remigio
2216 2675 2471 2730 Remensi
2494 2675 2905 2749 archiepiscopo
2933 2677 3040 2735 ﬁde
3062 2677 3259 2735 Christi
3275 2680 3540 2753 imbutus,

1944 2783 2069 2823 cum
2095 2776 2256 2839 gente
2282 2783 2381 2823 sua
2410 2767 2739 2840 baptizatur.

2016 2867 2137 2918 496.
2175 2862 2587 2919 Trasamundus
2623 2878 2721 2919 rex
2761 2863 3158 2922 Wandalorum
3210 2867 3270 2922 in
3309 2867 3538 2939 Affrica,

1945 2955 2224 3012 catholicis
2250 2956 2500 3026 infestus,
2531 2958 2773 3014 aclesias
2801 2960 3013 3027 clausit,
3045 2970 3102 3017 et
3127 2968 3238 3017 240
3262 2963 3544 3035 episcopos

1950 3050 2008 3105 in
2036 3050 2285 3107 Sardinia
2309 3051 2472 3108 exilio
2500 3051 2724 3108 afﬂixit.

2023 3150 2150 3200 497.
2181 3144 2405 3202 Boetius
2433 3146 2691 3218 patricius
2715 3153 2770 3202 et
2797 3147 2990 3203 consul
3021 3148 3194 3204 multa
3220 3149 3308 3205 his
3335 3158 3546 3224 tempo-

241 3218 364 3314 ejus
422 3246 612 3309 1230”,
666 3242 920 3296 Orestem
967 3248 1021 3295 et
1061 3238 1290 3295 Paulum
1329 3237 1590 3312 patricios
1627 3235 1846 3302 occidit,
1885 3218 1928 3283 C
1954 3238 2106 3294 ribus
2135 3239 2334 3310 ingenii
2356 3240 2438 3295 sui
2471 3240 2813 3296 monimenta
2842 3241 2898 3295 in
2927 3243 3163 3298 seculari
3195 3218 3542 3316 philosophia

245 3336 625 3407 Augustulum
647 3334 1034 3407 imperatorem
1063 3333 1226 3390 exilio
1253 3331 1554 3388 damnavit.

317 3434 446 3485 476.
481 3427 732 3485 Odoacer
754 3431 953 3485 Roma
979 3428 1153 3483 invito
1178 3429 1401 3482 Zenone
1427 3433 1638 3498 regnat.

319 3529 447 3580 478.
490 3525 763 3596 Tempore
809 3522 1052 3579 Zenonis
1094 3521 1438 3593 imperatoris
1478 3533 1678 3590 corpus
1717 3520 1846 3572 Bar-

240 3618 403 3674 naba
443 3617 697 3690 apostoli,
758 3626 811 3673 et
862 3615 1201 3689 evangelium
1244 3613 1454 3677 Mathei
1500 3611 1848 3685 evangelista

241 3713 372 3768 stilo
419 3711 590 3782 ipsius
628 3711 911 3782 scriptum,
953 3710 1070 3782 ipso
1117 3709 1390 3765 revelante
1428 3707 1645 3763 inventa
1694 3713 1842 3761 sunt.

321 3812 449 3863 479.
493 3805 802 3877 Simplicius
831 3820 968 3876 papa
991 3807 1217 3860 Petrum
1259 3800 1685 3859 Alexandrinum
1733 3799 1848 3871 epi-

241 3916 498 3973 scopum,
515 3900 814 3956 hereticum
841 3898 1252 3967 Euthicianum,
1275 3897 1346 3953 ab
1367 3896 1556 3954 Acatio
1573 3897 1844 3952 Constan-

241 3995 613 4066 tinopolitano
643 4002 958 4051 accusatum
986 3993 1233 4048 damnat.

319 4093 449 4145 480.
490 4089 772 4145 Hilderico
801 4088 916 4160 regi
945 4090 1288 4143 Francorum
1313 4092 1557 4153 mortuo,
1584 4083 1850 4141 successit

245 4184 623 4240 Loudowicus
658 4183 802 4239 ﬁlius
825 4182 962 4254 ejus,
993 4196 1158 4253 quem
1187 4180 1373 4236 dicunt
1397 4177 1755 4246 Clodoveum,
1796 4187 1851 4234 et

248 4279 498 4352 regnavit
523 4286 590 4335 30
621 4278 802 4334 annis.

323 4378 450 4429 482.
496 4372 865 4430 Theodericus
892 4369 1223 4428 Theodmari
1251 4367 1414 4439 ﬁlius,
1446 4383 1538 4424 rex
1581 4369 1848 4439 Ostrogo-

249 4469 502 4537 thorum,
535 4465 592 4522 id
637 4474 719 4523 est
762 4466 827 4517 “‘7
869 4465 963 4538 qui
1011 4465 1145 4522 olim
1181 4465 1236 4520 in
1286 4463 1436 4519 Italia
1467 4469 1852 4518 remanserant

250 4562 590 4630 Gothorum,
629 4559 836 4618 Zenoni
885 4568 1115 4633 augusto
1168 4557 1443 4615 familiaris
1484 4557 1559 4598 ¹⁵⁸
1596 4556 1846 4625 effectus,

248 4674 386 4714 cum
414 4657 525 4713 suis
555 4657 601 4713 ei
632 4655 830 4713 Gothis
852 4654 1124 4710 militavit.

324 4757 450 4808 483.
474 4753 622 4807 Zeno
643 4758 904 4822 angustus
927 4748 1322 4805 Theodericum
1361 4746 1520 4819 hujus
1556 4748 1684 4802 anni
1713 4764 1843 4803 con-

248 4846 431 4902 sulem
504 4854 558 4930 et
618 4844 941 4917 magistrum
987 4842 1225 4899 militum
1267 4839 1412 4898 fecit.
1456 4844 1655 4897 Roma
1701 4841 1850 4897 Felix

247 4941 482 5008 tercius,
516 4954 652 5011 papa
683 4945 818 5006 50‘",
835 4937 975 4994 sedit
994 4937 1151 4992 annis
1175 4937 1290 4993 fere
1315 4943 1369 5004 9,
1405 4935 1477 4986 '59
1503 4939 1553 4990 et
1582 4951 1848 4991 canonum

245 5051 426 5092 unum
453 5035 749 5106 capitulum
775 5032 851 5069 15°
879 5019 1175 5088 constituit.
1710 5103 1714 5109 θ

327 5135 452 5184 485.
494 5131 615 5184 Hoc
649 5136 898 5199 tempore
941 5126 1166 5182 Acatius
1211 5124 1850 5197 ConstantinOpolitanus

245 5222 439 5280 heresi
464 5221 670 5290 favens,
709 5223 932 5277 Petrum
964 5219 1402 5276 Alexandrinum
1427 5227 1664 5288 revocat,
1697 5236 1851 5289 quem

249 5317 323 5354 ιει
346 5318 619 5388 quondam
644 5315 706 5350 ¹⁸¹
736 5315 1022 5372 accusabat
1049 5314 1132 5370 λεί.
1166 5316 1286 5385 Quo
1311 5315 1520 5381 audito,
1541 5315 1689 5370 Felix
1712 5329 1851 5386 papa

242 5419 554 5484 utrumque
582 5427 709 5469 cum
737 5410 1069 5484 sequacibus
1106 5410 1308 5466 erroris
1338 5410 1690 5466 condemnat.

1950 3332 2274 3389 excellenter
2313 3332 2501 3396 edidit.
2550 3337 2748 3390 Roma
2795 3336 3135 3404 Anastasius,
3202 3353 3344 3409 papa
3400 3344 3544 3405 52M,

1951 3427 2093 3484 sedit
2116 3427 2278 3482 annis
2316 3425 2435 3483 fere
2461 3427 2695 3497 duobus,
2736 3434 2787 3484 et
2816 3429 2884 3474 “‘4
2919 3432 3167 3500 capitula
3195 3437 3230 3486 8
3259 3432 3547 3489 decretalia

1951 3524 2102 3589 fecit.

2023 3621 2148 3671 498.
2196 3615 2394 3684 Isauri,
2439 3617 2617 3673 occiso
2663 3616 2874 3691 Lilingo
2918 3618 3056 3675 duce
3111 3635 3233 3688 suo,
3278 3620 3348 3676 ab
3394 3623 3546 3678 Ana-

1952 3709 2118 3765 stasio
2146 3709 2480 3780 imperatore
2510 3711 2890 3768 trucidantur.

2023 3809 2150 3860 499.
2191 3803 2566 3862 Theodericus
2608 3821 2702 3860 rex
2744 3808 2941 3862 Roma
2987 3815 3043 3862 et
3088 3806 3218 3863 alibi
3252 3808 3424 3865 multa
3454 3825 3549 3881 per

1955 3896 2072 3954 hac
2117 3905 2364 3971 tempora
2425 3899 2655 3955 miriﬁca
2705 3902 3010 3956 construxit
3050 3901 3295 3958 adiﬁcia.
3351 3905 3548 3959 Roma

1956 3991 2331 4060 Simmachus,
2378 4009 2511 4065 papa
2561 3999 2700 4066 53‘",
2733 3994 2875 4050 sedit
2923 3995 3084 4050 anuis
3128 4000 3216 4064 15,
3271 3998 3550 4053 mensibus

1956 4086 2067 4143 fere
2111 4093 2166 4142 8.
2214 4088 2352 4144 Cum
2394 4103 2502 4158 quo
2539 4087 2700 4143 simul
2740 4103 2840 4160 per
2877 4087 3276 4144 dissensionem
3316 4090 3546 4144 nimiam

1955 4180 2239 4237 ordinatur
2266 4180 2613 4250 Laurentius,
2647 4189 2702 4236 et
2729 4197 2930 4254 magna
2955 4185 3157 4240 Roma
3185 4183 3324 4237 inter
3339 4182 3548 4238 clerum

1958 4280 2012 4330 et
2031 4274 2299 4345 populum
2319 4272 2591 4328 discordia
2613 4272 2782 4342 facta,
2805 4274 2981 4331 donec
2994 4275 3202 4347 judicio
3221 4275 3549 4332 Theoderici

1954 4367 2100 4439 regis
2142 4365 2512 4439 Symmachus
2541 4367 2594 4421 in
2626 4367 2752 4422 sede
2781 4369 3221 4425 conﬁrmaretur.
3255 4372 3352 4426 Hic
3381 4369 3448 4407 ¹⁸⁵
3484 4377 3547 4426 13

1958 4463 2196 4533 capitula
2238 4461 2499 4531 synodica
2529 4463 2829 4516 constituit.

2036 4560 2160 4612 500.
2189 4554 2537 4612 Simmachus
2555 4572 2622 4628 pa
2632 4571 2695 4627 pa
2713 4554 2910 4612 sinodo
2930 4557 3128 4614 Roma
3148 4565 3288 4626 acta,
3313 4559 3552 4614 Lauren-

1878 4619 1932 4683 D
1958 4649 2098 4707 tium
2127 4650 2375 4706 emulum
2419 4666 2583 4706 suum
2613 4650 2866 4706 Nuceria
2905 4650 3176 4707 ordinavit
3213 4652 3545 4724 episcopum.

2024 4749 2150 4801 501.
2178 4744 2546 4800 Theodericus
2567 4760 2660 4800 rex
2690 4744 3073 4817 aquaductum
3098 4750 3376 4803 Ravenna
3405 4747 3549 4803 fecit.

1962 4841 2062 4895 His
2085 4838 2426 4911 temporibus
2449 4847 2668 4894 sanctus
2702 4843 3008 4896 Mamertus
3027 4841 3350 4897 Viennensis
3377 4841 3550 4898 archi-

1958 4935 2243 5006 episcopus
2271 4931 2564 4988 virtutibus
2591 4934 2806 5002 claruit,
2839 4935 2930 5007 qui
2952 4944 3175 5008 propter
3214 4937 3469 5008 luporum
3497 4945 3553 4990 et

1958 5039 2219 5082 ursorum
2274 5023 2676 5079 immanitatem
2722 5024 2957 5098 aliasque
3006 5027 3208 5100 plagas,
3267 5026 3552 5082 triduanas

1957 5127 2084 5176 ante
2111 5117 2484 5174 ascensionem
2504 5117 2728 5173 Domini
2748 5119 2995 5176 latanias
3018 5119 3550 5192 primusinstituens,

1958 5213 2185 5272 Domini
2241 5211 2671 5268 misericordiam
2735 5212 3134 5287 plagarumque
3189 5213 3552 5268 cessationem

1960 5307 2283 5380 promeruit.

2037 5409 2167 5460 503.
2195 5400 2441 5472 Quidam
2463 5416 2526 5458 ex
2549 5401 2816 5462 Romanis
2844 5399 3181 5478 Symacli‘um
3201 5413 3396 5473 papam
3419 5398 3554 5459 falso

1551 5541 1802 5598 VARI/E
1839 5533 2256 5597 LECTIONES.

335 5665 413 5709 t55
454 5688 506 5744 α,
555 5674 623 5728 II.
662 5665 716 5728 d.
759 5682 813 5742 p.
845 5666 950 5725 alio
994 5664 1608 5744 atramento._j’6_a_nno
1649 5667 1832 5723 atatis
1875 5666 2064 5744 XXII.
2100 5662 2248 5722 Mur.
2290 5655 2470 5744 αρῖάίίι
2508 5656 2573 5693 ³⁸⁷
2607 5659 2704 5737 Σὲ
2727 5661 2782 5744 1ἒ
2962 5665 3015 5713 2-
3065 5658 3458 5744 ³⁵⁸,εριρνᾳῇιίη
3491 5660 3559 5697 ¹⁵⁹

247 5730 488 5814 reliqua.
508 5746 622 5799 alio
668 5730 988 5798 atramento.
1034 5741 1107 5779 ¹δ⁰
1158 5740 1379 5796 XXVII
1608 5755 1742 5794 corr.
1801 5741 1984 5808 prima
2035 5749 2203 5789 manu
2257 5733 2340 5787 vel
2392 5745 2563 5788 unum
2606 5730 2722 5798 (Ῑιῖ).
2762 5738 2808 5787 1.
2853 5731 2916 5766 ¹⁶¹
2946 5748 3116 5802 supra
3147 5730 3245 5789 (in:
3292 5733 3361 5769 ³6³
3393 5751 3560 5802 supra

249 5816 338 5845 ιη’..
393 5815 466 5845 153
495 5831 516 5845 π
561 5831 658 5845 ...ιη
714 5816 952 5845 vvvrn
985 5815 1089 5845 nm.
1131 5816 1436 5845 πίνηπηοηιιη
1515 5809 1557 5843 δι
1597 5818 1650 5845 at
1679 5827 1708 5845 ιι
1761 5813 1862 5845 VII
1919 5808 1951 5845 ιι
2027 5805 2089 5845 1⁵·
2121 5807 2227 5845 nh‘n
2254 5809 2556 5845 ntrnmpntn
2607 5801 2676 5838 165
2715 5805 2764 5845 Π
2829 5803 2937 5845 ΥΠ
2976 5819 3006 5845 n
3079 5820 3105 5845 ei
3167 5821 3197 5845 ιι
3260 5807 3366 5845 ηιίη
3413 5811 3560 5845 nlrn-

243 5816 356 5869 lin.
390 5815 466 5942 ἔω
495 5831 535 5871 ι.
559 5831 678 5887 cap.
714 5816 955 5870 XXVIII
982 5815 1090 5869 alio
1130 5816 1459 5868 atramento.

253 5902 386 5941 men
412 5904 458 5941 ο.

253 5902 440 5941 mento
449 5927 458 5940 .

1515 5809 1557 5843 ⁸⁸
1597 5818 1731 5867 etc.
1761 5801 1886 5866 VII.
1918 5808 1976 5866 d.
2027 5805 2052 5862 ἴ
2079 5825 2091 5861 ;
2121 5807 2227 5861 alio
2254 5809 2572 5861 atramento.
2607 5801 2676 5838 ¹⁶⁵
2715 5805 2785 5858 Η.
2829 5803 2939 5859 XII
2976 5801 3025 5860 cI
3079 5820 3124 5860 s.
3167 5821 3212 5862 c.
3259 5807 3366 5860 alio
3413 5801 3560 5860 atra-
