4052 6196
566 309 585 361 1
600 310 702 383 3:7

1512 268 1515 277 “
1566 296 1658 351 AD
1698 295 1925 351 orem
1963 293 2018 347 s.
2058 289 2378 347 cassonn
2416 274 2846 345 APPENDICES.
2924 292 2946 298 ·

3716 293 3737 345 1
3749 292 3840 345 328

563 431 932 495 criminantes,
963 435 1020 483 et
1038 424 1183 496 apud
1206 438 1391 495 regem
1411 418 2154 487 ac’cusantes,Laurentium-
2185 421 2233 483 Α
2266 415 2519 472 dalorum
2564 413 2827 481 Arziano,
2872 410 3192 470 Heldericus
3238 427 3337 483 pro
3376 426 3443 468 eo
3484 413 3729 486 regnavit
3752 430 3835 469 an-

563 540 671 598 que
696 528 1029 588 revocantes,
1059 533 1326 590 magnum
1354 519 1553 572 Romae
1573 515 1771 571 scisma
1803 512 2066 577 fecerunt,
2099 517 2154 566 et

563 620 754 673 Petrus
790 614 990 670 Altinm
1014 611 1164 669 urbis
1192 612 1503 683 episcopus,
1538 610 1803 681 permisso
1832 604 2150 663 Theoderici

560 709 746 767 sedem
777 707 1136 779 apostolicam
1167 705 1383 761 invasit.

631 805 756 858 504.
783 800 986 875 Sinodo
1009 805 1111 855 115
1132 798 1518 871 episcoporum
1536 795 1782 864 collecta,
1801 795 1992 851 beatus
2014 804 2150 864 papa

561 893 907 952 Simmachus
931 894 999 950 de
1014 892 1182 949 illatis
1202 899 1488 964 purgatur,
1522 898 1579 945 et
1598 889 1712 945 sedi
1737 904 1850 944 sure
1874 901 2003 942 cum
2034 885 2150 957 glo-

560 990 644 1045 ria
671 987 994 1055 restituitur,
1044 996 1102 1044 et
1140 1001 1458 1059 pervasores
1481 984 1630 1041 sedis
1659 983 1777 1055 ejus
1818 979 2150 1037 Laurentius

559 1083 867 1150 Nucerinus
897 1089 952 1138 et
989 1083 1190 1137 Petrus
1220 1080 1439 1136 Altinas
1471 1076 1898 1134 condemnatur.

542 1176 549 1221 ἱ
628 1182 756 1233 505.
800 1175 1134 1232 Ludowicns
1179 1190 1275 1231 rex
1315 1176 1657 1231 Francorum
1700 1169 1941 1227 Parisins
1997 1168 2146 1225 beati

558 1270 708 1327 Petri
749 1269 1025 1327 basilicam
1053 1267 1310 1326 aedificat.

628 1369 756 1421 506.
815 1362 1184 1420 Theodericus
1233 1377 1330 1417 rex
1372 1361 1542 1416 Italia:
1574 1367 1769 1416 contra
1815 1361 2055 1416 Francos
2086 1359 2143 1413 in

558 1458 797 1515 Galliam
817 1457 1115 1514 exercitum
1153 1456 1353 1512 movit.

627 1558 752 1608 507.
783 1552 1067 1609 Dissensio
1105 1551 1305 1607 iterum
1351 1550 1500 1606 inter
1545 1548 1921 1606 Simmachum
1946 1563 2146 1619 papam

556 1653 611 1704 et
635 1645 907 1703 ecclesiam
934 1644 1126 1702 oritur.

627 1744 752 1796 508.
781 1742 904 1797 Hoc
944 1755 1089 1796 anno
1125 1742 1323 1795 Romae
1364 1738 1588 1794 Boetius
1630 1736 1710 1792 vir
1743 1735 2146 1792 eruditissimus

2258 509 2344 564 nis
2367 517 2419 588 8.
2449 508 2555 581 Qui
2574 508 2764 565 statim
2788 506 3031 564 ecclesias
3049 505 3146 563 diu
3170 506 3383 563 clausas
3397 507 3641 578 aperuit,
3661 514 3713 563 et
3733 523 3832 563 om-

2259 619 2355 659 nes
2382 603 2682 683 catholicos
2705 601 2773 657 de
2797 600 2957 657 exilio
2983 600 3270 657 revocavit.

2328 702 2453 754 523.
2505 698 2701 752 Romae
2727 695 3027 763 Johannes,
3073 710 3209 767 papa
3249 700 3386 763 55*",
3431 694 3572 750 sedit
3598 697 3752 752 annis
3785 702 3831 762 2,

2257 791 2539 847 mensibus
2584 797 2639 847 9.
2693 790 2799 860 Qui
2852 805 2883 845 a
2930 787 3267 844 Theoderico
3306 789 3829 862 Constantinopolim

2257 885 2479 952 missus,
2510 892 2564 940 et
2590 900 2621 939 a
2648 883 2862 940 Iustino
2901 890 3133 955 augusto
3162 890 3217 937 et
3246 882 3456 939 cunctis
3499 883 3709 939 civibus
3749 883 3827 939 ho-

2236 978 2480 1043 ,norifice
2525 986 2832 1049 susceptus,
2879 976 2948 1032 ad
2992 983 3209 1047 portam
3261 991 3385 1048 quae
3425 975 3627 1032 dicitur
3654 979 3828 1041 Aurea,

2254 1087 2444 1129 eccum
2474 1071 2765 1139 illuminat,
2798 1078 2853 1127 et
2879 1077 3145 1125 coronato
3174 1086 3206 1125 a
3243 1084 3302 1125 se
3341 1078 3573 1143 augusto
3607 1071 3828 1139 Justino,

2254 1182 2383 1222 cum
2410 1165 2602 1222 multis
2630 1164 2948 1221 muneribus
2975 1163 3159 1220 rediit.

2326 1264 2452 1318 524.
2512 1257 2905 1325 Theodericus,
2963 1273 3061 1313 rex
3110 1257 3426 1314 Gothorum
3473 1266 3531 1314 et
3579 1267 3832 1332 tyrannus

2254 1356 2664 1422 Romanorum,
2691 1352 2947 1408 Boetium
2966 1352 3257 1422 patricium
3272 1360 3326 1407 et
3346 1351 3739 1425 philosophum
3751 1354 3831 1410 diu

2254 1455 2593 1504 carceratum
2640 1444 2859 1514 occidit,
2901 1460 3002 1502 nec
3043 1444 3218 1501 multo
3257 1453 3384 1517 post
3435 1461 3691 1503 socerum
3731 1447 3831 1519 ejus

2253 1539 2630 1598 Simmachum
2652 1539 2946 1610 patricium
2969 1538 3160 1595 itidem
3199 1539 3500 1596 interemit.
3526 1540 3829 1597 Iohannem

2254 1650 2469 1707 quoque
2511 1649 2707 1706 papam
2741 1632 2964 1690 beatum
2996 1632 3231 1689 carceris
3267 1631 3570 1690 afflictione
3609 1635 3824 1705 necavit,

2258 1734 2344 1784 15.
2370 1729 2500 1783 Kal.
2525 1729 2657 1783 Jun.

554 1833 905 1892 consulatum
925 1832 1349 1889 administravit.
1373 1833 1494 1888 Hoc
1524 1845 1740 1903 quoque
1757 1827 2143 1901 temporeAvi-
2173 1819 2220 1882 B
2322 1827 2445 1879 525.
2478 1820 2849 1879 Theodericus
2890 1829 3158 1892 tyrannus
3201 1830 3328 1893 post
3357 1828 3466 1877 tres
3504 1837 3732 1880 menses
3766 1823 3823 1879 ab

551 1936 662 1997 tus,
711 1927 881 1984 abbas
914 1926 1356 1996 Aurelianensis,
1410 1924 1703 1981 virtutibus
1731 1931 1787 1980 et
1838 1920 2175 1995 prophetiae‘

550 2022 749 2094 spiritu
769 2022 947 2079 clarus
970 2020 1195 2078 effulsit.

621 2121 745 2173 509.
799 2115 1154 2183 Ludowicus,
1200 2114 1291 2185 qui
1335 2121 1390 2168 et
1423 2112 1751 2181 Clodoveus,
1800 2112 2139 2166 Francorum

549 2224 643 2265 rex
676 2208 918 2265 Parisius
945 2208 1105 2276 obiit,
1132 2206 1224 2262 ubi
1247 2206 1431 2263 sedem
1459 2205 1616 2277 regni
1646 2204 1896 2259 instituit.

621 2306 746 2357 510.
790 2302 893 2356 His
918 2298 1256 2371 temporibus
1292 2296 1656 2370 Symmachus
1695 2311 1830 2368 papa
1860 2296 2005 2351 inter
2030 2295 2138 2351 alia

547 2394 695 2450 bona
732 2393 1046 2449 Manicheos
1073 2393 1131 2447 in
1175 2390 1329 2448 Urbe
1355 2391 1622 2458 Linventos
1649 2389 1955 2445 damnavit.
1985 2389 2136 2445 Basi-

547 2486 710 2543 licam
751 2486 923 2541 sancti
950 2485 1093 2541 Petri
1144 2492 1200 2541 et
1225 2484 1496 2556 porticum
1528 2499 1806 2539 marmore
1839 2483 2050 2551 stravit,
2082 2491 2139 2539 et

545 2581 650 2637 alia
677 2578 1013 2653 hujusmodi.

614 2680 738 2729 513.
794 2671 1149 2729 Cassiodorus
1204 2672 1369 2745 hujus
1430 2673 1562 2727 anni
1619 2670 1812 2727 consul
1857 2670 1979 2739 fuit,
2040 2671 2135 2742 qui

542 2771 734 2836 postea
762 2777 1060 2820 conversus
1105 2770 1159 2817 et
1196 2760 1501 2817 monachus
1529 2758 1776 2829 effectus,
1817 2760 2136 2817 emnobium

541 2848 867 2924 construxit,
896 2865 951 2913 et
973 2856 1029 2911 in
1055 2854 1595 2925 secularidivinaque
1620 2853 1922 2911 litteratura
1953 2854 2134 2910 clarus

539 2949 777 3021 effulsit;
809 2951 1052 3023 psalmos
1094 2948 1370 3022 exposuit,
1417 2948 1584 3005 libros
1621 2947 2033 3004 institutionum
2080 2956 2133 3004 et

540 3044 795 3102 chronica
843 3043 990 3113 fecit,
1036 3051 1093 3099 et
1119 3042 1452 3114 tripartitam
1504 3040 1790 3097 historiam
1838 3040 2128 3097 ordinavit.

538 3142 739 3196 Romae
794 3137 1014 3194 tandem
1074 3135 1412 3192 dissensione
1458 3142 1724 3205 cessante,
1774 3135 2133 3206 Symmachus

537 3248 678 3306 papa
707 3231 846 3289 obiit
871 3232 929 3288 in
964 3246 1114 3303 pace.

608 3332 732 3383 514.
758 3329 955 3383 Romae
987 3312 1299 3393 Hormisda,
1343 3340 1483 3397 papa
1522 3329 1659 3393 54‘",
1689 3323 1832 3380 sedit
1868 3324 2032 3379 annis
2070 3330 2126 3379 8.

537 3422 645 3491 Qui
673 3422 813 3476 inter
841 3420 947 3476 alia
995 3418 1352 3475 Euthicianos
1380 3427 1435 3475 et
1460 3418 1779 3474 Manicheos
1822 3417 2126 3486 damnavit,

535 3516 743 3571 clerum
773 3513 1028 3583 erudivit,
1070 3513 1322 3570 basilicas
1363 3511 1667 3582 adornavit,
1700 3511 1769 3548 ³⁸6
1812 3516 1864 3567 et
1901 3517 2128 3582 quatuor

532 3610 744 3666 ἀριστεία
764 3608 913 3683 fecit.

605 3707 731 3757 515.
769 3701 1090 3770 Vitalianus,
1119 3701 1348 3773 quidam
1371 3716 1558 3759 servus
1585 3716 1715 3757 cum
1750 3699 1952 3758 Scitbis
1975 3702 2126 3757 Ana-

533 3785 700 3850 staSio
724 3795 1045 3864 imperatori
1072 3794 1319 3850 rebellat.

605 3891 730 3943 516.
756 3886 1054 3942 Hormisda
1076 3903 1214 3958 papa
1240 3888 1532 3944 Anastasio
1553 3888 1870 3959 imperatori
1901 3894 1998 3960 pro
2017 3887 2126 3944 fide

531 3978 796 4037 catholica
824 3980 1355 4051 Constantinopolim
1394 3981 1604 4051 legatos
1632 3982 1803 4050 misit,
1833 3982 1922 4037 cui
1950 3982 2123 4053 impeo

530 4062 684 4131 rator
709 4074 853 4129 inter
880 4073 986 4129 alia
1016 4072 1294 4144 rescripsit
1335 4072 1410 4129 ita
1445 4092 1460 4132 :
1517 4093 1547 4127 (ι
1574 4075 1690 4130 Nos
1727 4074 1927 4146 jubere
1966 4075 2125 4132 volu-

530 4184 674 4238 mus,
700 4184 815 4225 non
842 4167 1006 4224 nobis
1036 4167 1235 4240 juberi.
1268 4190 1295 4217 ιο

600 4268 723 4319 518.
769 4261 1095 4318 Anastasius
1139 4260 1433 4349 imperator
1476 4262 1652 4319 heresi
1689 4262 1879 4320 favens
1920 4263 2120 4320 Euthi—

527 4356 661 4415 cetis
687 4366 743 4415 et
769 4356 1069 4413 catholicos
1096 4370 1445 4428 persequens,
1474 4356 1614 4413 ictus
1643 4355 1873 4413 fulmine
1898 4357 2120 4426 interiit,

522 4453 699 4526 major
752 4450 1124 4525 octogenario.
1179 4453 1287 4508 Pro
1339 4466 1449 4523 quo
1492 4451 1765 4517 Justinus,
1821 4452 2122 4524 imperator

526 4547 850 4615 catholicus,
897 4544 1370 4616 Constantinopoli
1426 4544 1672 4616 regnavit
1733 4545 1896 4600 annis
1943 4552 1997 4613 8,
2060 4554 2113 4602 et

2249 1916 2403 1973 obitu
2426 1914 2692 1972 Johannis
2730 1931 2887 1987 papa:
2916 1915 3099 1971 subito
3133 1917 3408 1971 Ravennae
3431 1915 3595 1985 obiit,
3624 1925 3682 1973 et
3704 1918 3824 1973 sicut

2248 2009 2468 2067 cuidam
2497 2010 2746 2067 solitario
2769 2009 3071 2066 revelatum
3108 2015 3211 2074 est,
3241 2024 3271 2064 a
3303 2009 3558 2065 Johanne
3594 2026 3731 2083 papa
3777 2019 3823 2066 et

2247 2103 2563 2160 Simmacho
2604 2103 2830 2175 patricio
2860 2104 2917 2158 in
2970 2103 3135 2158 ollam
3183 2102 3409 2159 Vulcani
3437 2103 3686 2175 dejectus
3733 2112 3821 2161 est

2247 2201 2379 2254 Post
2410 2214 2574 2271 quem
2603 2213 2775 2270 nepos
2802 2197 2919 2269 ejus
2946 2196 3293 2253 Athalaricus
3334 2212 3469 2275 puer
3499 2213 3629 2253 cum
3663 2207 3827 2254 matre

2245 2291 2491 2364 regnavit
2513 2292 2668 2347 annis
2694 2296 2748 2347 8.
2786 2294 2980 2348 Romae
3019 2291 3168 2347 Felix
3199 2293 3297 2358 IV,
3337 2306 3474 2363 papa
3516 2297 3659 2361 56m,
3702 2291 3829 2349 sedit

2246 2385 2403 2442 annis
2426 2391 2482 2453 4,
2514 2385 2795 2441 mensibus
2822 2389 2876 2439 2.

2287 2512 2291 2516 »
2316 2485 2439 2536 526.
2473 2477 2941 2550 Constantinopoli
2961 2478 3206 2535 Justinus
3226 2479 3528 2550 imperator
3555 2480 3717 2549 obiit,
3739 2497 3830 2553 pro

2244 2589 2353 2646 quo
2374 2574 2711 2630 Justinianus
2734 2588 2903 2644 nepos
2931 2571 3049 2645 ejus
3078 2572 3371 2644 imperavit
3398 2574 3563 2630 annis
3587 2577 3682 2630 38.

2315 2673 2437 2722 527.
2497 2666 2839 2723 Justinianus
2888 2675 3152 2738 angustus
3196 2666 3538 2723 Belesarium
3590 2669 3832 2725 amicum

2240 2777 2405 2817 suum
2436 2761 2738 2834 principem
2760 2760 2977 2817 miliciae
3006 2759 3156 2816 fecit.
3190 2762 3344 2817 Gens
3367 2761 3711 2818 Winilorum
3739 2778 3836 2819 seu

2240 2855 2723 2928 Longobardorum
2750 2871 2873 2928 rege
2901 2855 3135 2912 Odsvino
3164 2854 3501 2911 Pannoniam
3533 2856 3755 2924 invasit,
3784 2866 3840 2912 et

2242 2948 2317 3004 ibi
2340 2948 2624 3005 habitavit.
3528 2988 3533 2993 -

2312 3048 2439 3099 528.
2468 3043 2567 3099 His
2590 3043 2931 3114 temporibus
2955 3043 3146 3098 beatus
3175 3042 3346 3099 abbas
3374 3043 3702 3101 Benedictus
3723 3046 3839 3102 im-

2242 3152 2431 3192 mensa
2468 3135 2731 3192 virtutum
2783 3136 2952 3209 gloria
2994 3136 3208 3192 claruit.
3260 3136 3570 3193 Priscianus
3609 3154 3845 3212 quoque

2164 3221 2208 3284 C
2236 3229 2626 3301 grammaticus
2654 3229 2741 3285 his
2769 3229 2875 3285 fuit
2903 3230 3262 3303 temporibus.

2308 3329 2432 3380 530.
2463 3326 2525 3378 In
2546 3322 2752 3380 Affrica
2772 3324 2956 3380 occiso
2971 3323 3262 3380 Helderico
3276 3340 3404 3396 rege
3424 3323 3843 3383 Wandalorum

2237 3416 2528 3485 catholico,
2568 3417 2845 3474 Geilamer
2870 3434 3105 3490 regnum
3144 3418 3422 3486 invadens,
3451 3417 3507 3474 in
3532 3418 3846 3476 catholicos

2239 3519 2293 3567 et
2318 3512 2373 3567 in
2400 3527 2594 3568 omnes
2634 3510 2988 3568 debaehatur.
3016 3515 3214 3569 Romae
3249 3511 3563 3568 Bonifacius
3590 3514 3665 3580 II,
3695 3529 3841 3586 papa

2240 3609 2375 3674 57‘",
2407 3605 2550 3662 sedit
2577 3606 2732 3662 annis
2760 3614 2815 3675 2,
2852 3621 3041 3661 mense
3071 3604 3241 3662 ferme
3274 3612 3323 3662 1.

2308 3704 2432 3756 531.
2453 3699 2772 3756 Bonifacius
2797 3715 2934 3772 papa
2949 3699 3212 3772 Vigilium
3239 3698 3536 3756 diaconum
3563 3701 3620 3756 in
3638 3700 3841 3758 sinodo

2238 3802 2364 3865 post
2390 3809 2447 3850 se
2472 3809 2670 3867 papam
2699 3793 2823 3866 eligi
2848 3792 2953 3849 sub
2980 3792 3344 3866 chirographo
3372 3792 3635 3851 decrevit.
3663 3794 3835 3863 Quod

2235 3895 2425 3945 tamen
2484 3896 2695 3960 postea,
2755 3887 2885 3960 quia
2935 3895 3128 3944 contra
3178 3902 3421 3944 canones
3480 3896 3621 3959 erat,
3667 3904 3836 3945 con:—

2236 3981 2433 4038 bussit.

2306 4081 2428 4132 532.
2463 4076 2547 4132 Ah
2587 4076 2695 4133 hoc
2730 4091 2895 4145 anno,
2924 4076 3125 4132 scilicet
3151 4076 3445 4133 Justiniani
3476 4075 3834 4149 imperatoris

2233 4179 2408 4237 sexto,
2440 4170 2724 4226 Dionisius
2773 4173 3065 4226 Romanus
3098 4169 3263 4226 abbas
3297 4169 3514 4243 cyclum
3565 4184 3831 4241 magnum

2230 4264 2547 4337 paschalem
2578 4263 2823 4333 inchoat,
2858 4264 2952 4336 qui
2988 4265 3108 4337 jam
3137 4264 3307 4320 semel
3337 4263 3409 4319 ab
3448 4263 3833 4320 incarnatione

2232 4358 2450 4414 Domini
2479 4357 2533 4412 in
2577 4358 2735 4413 annis
2772 4363 2878 4414 532
2928 4367 3174 4424 exactus,
3204 4356 3440 4413 totidem
3472 4357 3531 4412 in
3562 4372 3620 4413 se
3646 4371 3836 4411 annos

2229 4453 2490 4509 continet.
2510 4453 2712 4508 Romae
2735 4451 3018 4507 Johannes
3043 4454 3114 4520 II,
3144 4451 3239 4523 qui
3258 4458 3313 4506 et
3334 4451 3668 4522 Mercurius,
3690 4464 3840 4522 papa

2228 4548 2364 4613 58‘",
2410 4546 2555 4602 sedit
2613 4546 2771 4602 annis
2816 4552 2871 4613 2,
2926 4545 3206 4600 mensibus
3247 4551 3303 4600 4.
3347 4544 3443 4601 Cui
3480 4545 3841 4601 Justinianus

527 4652 653 4693 cum
698 4637 976 4694 Vitaliano
1015 4644 1247 4708 tyranno
1299 4650 1489 4707 pacem
1524 4632 1676 4703 fecit,
1716 4650 1879 4707 quem
1924 4644 2113 4706 postea
2142 4606 2191 4667 Β
2221 4647 2483 4711 angustus
2506 4639 2573 4696 de
2602 4639 2710 4696 fide
2738 4655 2834 4695 sua
2863 4639 3069 4695 litteras
3094 4639 3420 4695 transmisit.

524 4739 714 4817 tamen
737 4731 987 4803 peremit.

594 4828 727 4880 519.
781 4823 1031 4879 Justinus
1074 4832 1335 4895 augustas
1361 4823 1588 4896 ,legatos
1613 4822 1931 4880 Hormisda:
1959 4840 2112 4896 papae

524 4932 621 4990 pro
658 4916 765 4973 fide
792 4917 988 4973 missos
1010 4917 1310 4973 honoriﬁce
1337 4917 1599 4988 suscepit,
1618 4978 1623 4986 ,
1642 4917 1827 4991 eisque
1855 4918 1917 4973 in
1948 4917 2111 4974 dam-

519 5013 746 5069 natione
768 5010 1019 5068 hereseos
1044 5011 1409 5079 consentiens,
1440 5011 1614 5067 multa
1646 5027 1740 5082 per
1766 5026 1860 5068 eos
1888 5011 2109 5068 donaria

519 5109 760 5164 Romam
785 5105 961 5163 misit.

588 5206 714 5259 521.
736 5201 985 5258 Justinus
1011 5209 1273 5273 angustus
1296 5200 1545 5257 hereticis
1567 5198 1819 5269 infestus,
1841 5200 2107 5256 Arrianos

516 5295 678 5351 etiam
735 5294 1215 5366 Constantinopoli
1278 5295 1639 5365 persequitur.
1700 5292 1866 5351 Unde
1936 5295 2107 5351 iratus

515 5389 902 5459 Theodericus,
936 5405 1027 5446 rex
1049 5388 1219 5444 Italiae
1250 5388 1537 5457 Arrianus,
1568 5388 1798 5446 exitium
1826 5388 2105 5446 catholicis

514 5482 572 5538 in
603 5482 756 5540 Italia
779 5484 1087 5540 minitatur.

585 5580 709 5632 522.
743 5578 805 5631 In
834 5575 1042 5634 Affrica
1066 5584 1289 5634 mortuo
1322 5576 1723 5645 'l‘rasamundo,
1772 5594 1900 5652 rege
1929 5578 2101 5635 Wan-

2297 4738 2418 4788 533.
2470 4735 2667 4790 Romae
2703 4741 2922 4790 mortuo
2959 4731 3280 4788 Athalarico
3317 4747 3445 4804 rege
3481 4732 3839 4798 Gothorum,

2223 4826 2583 4884 Amalsuinda
2630 4834 2805 4883 mater
2852 4826 2972 4898 ejus
2995 4825 3343 4883 Theodatum
3372 4825 3425 4880 in
3477 4828 3844 4882 consortium

2220 4921 2371 4994 regni
2418 4922 2617 4989 sumit;
2648 4921 2740 4994 qui
2786 4929 2972 4976 tamen
3018 4936 3141 4976 eam
3169 4929 3295 4993 post
3334 4919 3508 4976 occidi
3526 4919 3735 4991 jussit,
3784 4927 3845 4975 et

2220 5014 2334 5087 ipse
2358 5016 2505 5072 solus
2531 5014 2792 5088 regnavit.
3192 5008 3205 5019 ’

2292 5113 2419 5164 534.
2450 5108 2755 5165 Belesarius
2784 5107 3045 5179 patricius
3069 5124 3101 5164 ει
3142 5108 3454 5164 Justiniano
3484 5108 3847 5181 imperatore

2220 5204 2438 5271 missus,
2459 5212 2675 5275 gentem
2702 5202 3109 5260 Wandalorum
3133 5202 3187 5257 in
3214 5199 3418 5257 Affrica
3441 5201 3593 5258 bello
3618 5203 3848 5259 vicum

2215 5296 2434 5366 delevit,
2484 5304 2750 5370 captoque
2797 5313 2923 5369 rege
2971 5311 3163 5354 eorum
3199 5296 3536 5363 Geilamero,
3591 5295 3849 5353 Cartha—

2215 5392 2394 5464 ginem
2422 5390 2501 5447 rei
2530 5390 2757 5462 publicae
2783 5391 3042 5448 restituit.

2286 5490 2407 5540 535.
2457 5487 2654 5541 Romae
2690 5484 2978 5558 Agapitus,
3008 5499 3145 5558 papa
3182 5489 3317 5553 59‘",
3350 5482 3491 5541 sedit
3520 5499 3678 5540 anno
3720 5483 3849 5539 fere

2214 5594 2343 5635 uno.
2376 5578 2484 5635 Hic
2526 5595 2559 5635 a
2595 5578 2873 5636 Theodato
2902 5586 3135 5651 tyranno
3180 5594 3279 5651 pro
3309 5577 3481 5650 gratia
3518 5573 3852 5635 Justiniani

1805 5735 2052 5791 VARI/li
2089 5733 2505 5790 LECTIONES.

587 5858 657 5896 166
681 5864 739 5916 et
764 5876 819 5932 q.
844 5859 899 5919 d.
933 5858 969 5917 f.
1001 5860 1109 5917 alio
1134 5863 1452 5919 atramento.
