4052 6196
246 319 382 373 1329
484 328 491 335 '

237 538 485 610 ejusdem
513 541 670 598 urbis
699 543 1015 616 episcopum
1037 545 1337 604 hereticum
1355 548 1660 621 damnavit,
1691 553 1837 609 ordi-

233 639 479 705 natoque
534 635 644 691 alio
673 637 952 710 episcopo,
1000 640 1062 695 id
1092 646 1168 697 est
1196 641 1267 676 ¹⁶⁸
1291 645 1512 700 Menate
1560 647 1834 711 catholico,

236 727 355 799 ipse
392 725 604 795 ibidem
657 729 813 800 obiit,
866 735 925 789 in
969 735 1356 793 (ecclesiasticis
1386 741 1590 810 regulis
1633 745 1839 812 api-ima

235 824 480 879 eruditus
512 824 601 903 ιθξ.

305 921 433 975 536.
461 921 659 977 Romae
679 920 962 987 Silverius,
995 925 1312 983 Hormisdm
1348 926 1565 984 dudum
1590 945 1750 1002 papae
1770 930 1834 986 ti-

237 1011 366 1080 lius,
394 1022 596 1069 contra
641 1013 978 1072 voluntatem
1015 1019 1144 1074 cleri
1183 1035 1214 1075 a
1270 1020 1561 1078 Theodato
1603 1032 1832 1096 tyranno

232 1109 464 1177 pecunia
520 1117 798 1181 corrupto,
859 1117 979 1167 6Ous
1027 1127 1166 1183 papa
1216 1113 1485 1171 violenter
1525 1127 1830 1188 promotus,

233 1201 376 1256 sedit
422 1218 570 1259 anno
616 1212 665 1274 1,
691 1204 971 1261 mensibus
994 1210 1047 1261 5.

304 1301 427 1351 537.
458 1297 717 1355 Silverius
747 1314 882 1370 papa
911 1315 1037 1356 cum
1066 1302 1126 1356 in
1164 1302 1511 1359 restitutione
1542 1305 1833 1362 Anthemii

231 1396 287 1445 et
325 1392 723 1449 communione
752 1393 1123 1452 hereticorum
1148 1398 1393 1469 angustis
1421 1400 1590 1455 nollet
1618 1417 1832 1472 parere,

224 1482 379 1554 jussu
406 1484 654 1557 ipsorum
694 1503 725 1542 a
754 1488 1030 1545 Belesario
1060 1490 1284 1561 patricio
1306 1490 1441 1548 falso
1483 1493 1831 1563 criminatus,

229 1592 263 1633 a
301 1578 499 1649 Vigilio
532 1578 765 1636 diacono
806 1581 1045 1639 afﬂictus
1071 1583 1251 1649 exilio,
1281 1584 1418 1641 obiit
1446 1591 1507 1640 12
1532 1587 1660 1642 Kal.
1695 1587 1829 1657 Jul.,

227 1678 283 1727 et
306 1679 492 1743 postea
518 1674 798 1733 miraculis
824 1675 1038 1732 claruit.
1060 1680 1290 1751 Ipseque
1310 1677 1528 1751 Vigilius
1548 1696 1682 1753 papa
1702 1673 1844 1752 613:}

229 1765 533 1834 ordinatus,
563 1767 705 1824 sedit
749 1770 909 1826 annis
944 1777 1029 1838 17,
1061 1772 1346 1828 mensibus
1379 1780 1434 1829 7.

297 1865 424 1916 538.
442 1860 749 1918 Belesarius
770 1863 1030 1933 patricius
1053 1873 1110 1920 et
1122 1865 1355 1937 Vigilius
1374 1882 1511 1938 papa
1532 1868 1823 1940 Vitigisum

222 1967 407 2024 regem
419 1954 728 2035 Gothorum
743 1972 920 2029 pugna
930 1956 1136 2013 victum
1150 1959 1694 2032 Constantinopolim
1710 1979 1827 2035 per-

223 2044 437 2103 ducunt
455 2047 526 2105 ad
576 2034 944 2107 Iustinianum
980 2061 1298 2125 augustum.

297 2142 422 2196 539.
452 2142 758 2201 Belesarius
807 2146 1070 2217 patricius
1098 2146 1350 2217 Parthos,
1383 2148 1741 2206 Antiochiam
1771 2159 1827 2207 et

223 2234 435 2307 Syriam
466 2240 757 2307 vastantes,
809 2239 986 2297 redire
1020 2241 1222 2313 coegit.

294 2333 421 2383 541.
443 2330 621 2386 Totila
642 2346 736 2388 rex
760 2333 1086 2391 Gothorum
1103 2336 1344 2392 Romam
1361 2337 1822 2411 Campaniamque

219 2419 487 2478 devastat.

295 2518 420 2569 542.
453 2516 634 2588 Hujus
659 2518 968 2575 Iustiniani
1002 2528 1256 2592 tempore
1280 2537 1480 2595 corpus
1507 2525 1681 2579 sancti
1708 2527 1824 2579 An-

218 2607 356 2663 tonii
412 2608 672 2665 monachi
715 2610 976 2668 divinitus
1033 2613 1375 2682 revaelatum,
1432 2616 1819 2673 Alexandriam

220 2700 564 2760 transfertur.
601 2706 721 2760 Hoc
741 2712 990 2776 tempore
1019 2707 1214 2779 quinta
1248 2720 1321 2757 ιῖο
1354 2708 1578 2765 sinodus
1597 2710 1818 2765 univer-

223 2795 350 2850 salis
377 2796 855 2869 Constantinopoli
884 2808 1077 2856 contra
1125 2801 1476 2858 Theoderum
1518 2811 1573 2858 et
1623 2818 1817 2860 omnes

220 2888 505 2959 hereticos,
537 2889 640 2946 sub
678 2891 870 2965 Vigilio
898 2909 1034 2965 papa
1064 2893 1311 2962 collecta,
1349 2901 1409 2950 14
1468 2908 1536 2945 '7'
1571 2898 1817 2967 capitula

222 2985 518 3039 constituit.

288 3079 414 3131 543.
460 3079 584 3134 Hoc
615 3087 863 3151 tempore
883 3080 1210 3137 Benedictus
1249 3081 1438 3150 abbas,
1479 3099 1612 3139 cum
1643 3084 1811 3141 disci-

1145 321 1437 382 APPEND.
1470 302 1567 387 in.
1611 360 1674 372 —
1713 332 2132 393 MONUMENTA
2170 335 2625 396 GREGORIANA.

236 446 459 515 augusti
504 447 1027 522 Constantinopolim
1073 450 1137 485 ¹⁸τ
1194 452 1416 523 missus,
1474 456 1831 527 Anthemium
1869 465 1922 528 Α

2020 467 2145 540 551.
2173 464 2470 537 Hucusqua
2503 459 2755 519 Iordanis
2800 464 3085 538 episcopus
3136 466 3395 526 chronica
3438 484 3535 527 sua

1947 553 2200 625 degestis
2226 558 2608 613 Romanorum
2638 557 2948 616 albreviata
2976 559 3247 631 perduxit.

2018 655 2142 705 552.
2167 653 2287 707 Hoc
2322 659 2574 720 tempore
2598 652 2943 709 Justinianus
2970 662 3234 726 angustus
3256 656 3533 714 Narsetem

1946 743 2259 800 eunuchum
2306 746 2608 818 principem
2677 747 2890 804 militiai
2918 747 3127 806 faciens
3182 751 3282 815 174,
3320 749 3532 809 Italiam

1946 835 2115 892 misit.

2016 934 2142 986 554.
2174 931 2399 1003 Vigilius
2435 948 2597 1004 papa,
2626 932 2851 990 tandem
2882 934 3308 1006 impetrantibus
3324 939 3532 993 Roma-

1942 1023 2026 1080 nis
2054 1031 2110 1079 et
2132 1025 2357 1081 Narsete
2397 1024 2465 1082 de
2507 1026 2668 1081 exilio
2696 1026 2984 1096 relaxatus,
3019 1044 3146 1084 cum
3175 1032 3534 1087 Romamre-

1942 1114 2059 1171 dire
2104 1117 2358 1187 cepisset,
2389 1118 2445 1172 in
2493 1117 2674 1174 Sicilia
2701 1119 2894 1175 morbo
2922 1120 3112 1175 calculi
3140 1121 3390 1178 decessit.
3423 1124 3531 1179 Pro

1941 1224 2052 1280 quo
2104 1210 2374 1282 Pelagius,
2421 1226 2558 1282 papa
2600 1208 2731 1277 62*",
2765 1212 2903 1268 sedit
2931 1212 3091 1269 annis
3123 1218 3219 1282 11,
3249 1215 3531 1272 mensibus

1946 1308 2030 1358 10.
2060 1303 2160 1372 Qui
2186 1319 2215 1358 a
2243 1304 2443 1375 populo
2466 1307 2722 1361 Romano
2753 1303 3005 1362 factionis
3042 1314 3233 1363 contra
3268 1308 3529 1380 Vigilium

1938 1394 2264 1468 inculpatus,
2291 1413 2517 1454 ascenso
2545 1397 2694 1469 apud
2732 1399 2994 1455 Sanctum
3038 1401 3266 1455 Petrum
3292 1401 3529 1457 amboue

1941 1497 1998 1545 et
2040 1490 2319 1562 evangelio
2367 1507 2531 1563 super
2569 1500 2729 1563 caput
2778 1492 2893 1564 ejus
2953 1493 3151 1565 posito,
3210 1493 3525 1565 juramento

1940 1597 1998 1639 se
2028 1583 2100 1633 ³7³
2127 1600 2159 1639 a
2186 1584 2415 1640 crimine
2438 1585 2588 1641 illato
2618 1587 2887 1658 purgavit.
2924 1587 3103 1654 (Gesta
3143 1592 3319 1657 ponti.
3372 1591 3525 1645 Rom.

1940 1676 2016 1732 ib.
2049 1679 2103 1733 S.
2147 1679 2362 1751 Marci.)
2385 1682 2488 1734 Hic
2517 1680 2800 1735 ordinatus
2824 1685 2901 1736 est
2948 1696 2982 1734 a
3028 1683 3285 1736 Perusino
3333 1685 3386 1735 et
3426 1685 3528 1738 Fe-

1940 1773 2150 1826 rentino
2176 1776 2452 1843 episcopis,
2483 1779 2533 1828 et
2551 1775 2775 1830 Andrea
2798 1774 3033 1831 Ostiensi
3056 1775 3523 1844 archipresbitero.

1935 1866 2074 1921 Nam
2108 1866 2201 1920 hoc
2227 1871 2304 1921 est
2326 1868 2674 1939 privilegium
2700 1868 2962 1923 Ostiensis
3008 1868 3247 1931 wclesiaz,
3298 1872 3362 1922 ut
3406 1871 3526 1938 epi-

1934 1973 2117 2028 scopus
2137 1960 2270 2029 ejus,
2300 1965 2349 2014 et
2371 1960 2443 2011 ι7⁶
2472 1961 2893 2032 archipresbiter
2918 1963 2969 2016 si
3001 1963 3276 2031 episcopus
3294 1977 3399 2016 non
3428 1964 3528 2029 af-

1935 2051 2134 2126 fuerit,
2185 2056 2412 2111 Romani
2435 2056 2714 2124 pontiﬁcis
2745 2055 3077 2108 ordinationi
3108 2054 3238 2123 jure
3268 2060 3555 2131 perpetuo,

1934 2147 2189 2203 interesse
2232 2147 2437 2202 debeat.
2464 2151 2537 2203 Et
2564 2151 2843 2219 episcopus
2895 2149 2946 2202 si
2985 2150 3247 2215 affuerit,
3274 2147 3520 2218 deinceps

1929 2241 2285 2309 privilegium
2327 2242 2495 2310 pallii
2527 2242 2786 2311 portandi
2833 2241 3071 2307 habebit,
3104 2241 3246 2310 quod
3266 2242 3408 2295 nulli
3423 2243 3525 2297 alii

1930 2333 2198 2387 eardinali
2237 2334 2480 2404 episcopo
2510 2334 2703 2387 licebit.
3548 2362 3551 2365 ι

2001 2431 2124 2481 557.
2161 2425 2497 2483 Hildibertus
2525 2441 2622 2481 rex
2650 2428 2986 2483 Francorum
3009 2425 3270 2495 moritur,
3295 2434 3351 2482 et
3369 2428 3523 2482 Pari-

1927 2518 2044 2574 sius
2093 2520 2150 2574 in
2180 2519 2400 2575 basilica
2431 2520 2603 2576 sancti
2633 2519 2903 2576 Vincentii
2932 2517 3211 2591 sepelitur,
3268 2534 3527 2593 regnum-

1927 2627 2033 2683 que
2060 2611 2178 2682 ejus
2215 2611 2510 2668 Lotharius
2550 2610 2725 2668 frater
2752 2627 3064 2680 assumens,
3101 2618 3278 2669 totam
3313 2614 3524 2685 paterni

1926 2705 2081 2775 regni
2110 2704 2491 2760 monarchiam
2528 2704 2789 2760 obtinuit.

1996 2804 2123 2854 558.
2170 2800 2290 2853 Hoc
2332 2805 2583 2869 tempore
2625 2797 2860 2853 Turonis
2904 2797 3129 2854 basilica
3156 2798 3332 2855 sancti
3380 2800 3524 2855 Mar-

1925 2891 2047 2960 tini,
2109 2890 2400 2948 rebellibus
2440 2889 2511 2946 ad
2557 2905 2683 2947 eam
2725 2889 3077 2962 fugientibus,
3138 2890 3263 2963 igne
3306 2906 3522 2947 crema-

1924 2994 2030 3041 tur.
2824 2983 2840 2992 ’

2003 3084 2124 3134 559.
2176 3077 2475 3134 Lotbarius
2515 3092 2610 3133 rex
2652 3076 2720 3134 de
2772 3077 2933 3133 malis
2985 3076 3096 3134 suis
3151 3078 3520 3149 penitentiam

217 3170 413 3241 pulum
440 3186 602 3228 suum
645 3176 904 3230 Maurum
928 3173 999 3230 ad
1035 3176 1241 3231 Gallias
1262 3177 1673 3246 transmisisset,
1701 3179 1813 3250 ipse
1851 3199 1895 3261 ρ
1928 3188 2120 3245 agens,
2154 3165 2435 3228 basilicam
2467 3171 2640 3227 sane“
2693 3171 2916 3227 Μδνῖίηί
2972 3170 3218 3227 εῖυάίοεθ
3263 3187 3523 3243 reparans

218 3264 424 3320 multas
473 3271 597 3336 post
640 3267 870 3323 virtutes
912 3268 1169 3340 migravit
1195 3269 1262 3326 ad
1304 3271 1631 3327 Dominum.

296 3362 421 3415 544.
476 3360 711 3416 Sanctus
746 3360 1053 3433 Remigius,
1086 3364 1395 3419 Remorum
1442 3364 1810 3437 archiepisco-

218 3466 322 3522 pus
363 3460 417 3507 et
454 3452 632 3523 gentis
660 3455 998 3510 Francorum
1023 3455 1323 3527 apostolus,
1354 3473 1501 3513 anno
1531 3458 1810 3531 episcopa-

216 3552 309 3601 tus
331 3544 446 3613 74°,
488 3546 677 3603 Idibus
726 3548 974 3604 Januarii
1008 3548 1200 3620 plenus
1236 3550 1527 3607 virtutibus
1557 3553 1813 3624 migravit

214 3638 286 3695 ad
303 3639 637 3697 Dominum.
674 3642 881 3697 Arator
900 3642 1268 3699 subdiaconus
1289 3648 1581 3701 Romanus
1611 3644 1811 3702 librum

214 3748 410 3803 suum,
438 3748 607 3805 quem
631 3732 701 3790 de
729 3735 945 3791 actibus
974 3736 1349 3807 apostolorum
1380 3737 1602 3794 heroico
1632 3746 1812 3796 metro

213 3825 408 3893 edidit,
440 3828 642 3900 Vigilio
671 3844 827 3900 papae
855 3829 1104 3885 oblatum
1148 3830 1360 3902 publice
1398 3832 1665 3888 recitavit.

286 3924 413 3974 545.
445 3921 623 3977 Totila
652 3937 744 3978 rex
773 3921 975 3979 iterum
1003 3925 1242 3980 Romam
1271 3924 1488 3981 invasit.

285 4018 413 4068 546.
462 4016 576 4069 Hoc
604 4019 835 4085 tempore
862 4018 975 4083 fuit
999 4022 1210 4072 sanctas
1240 4020 1540 4089 Liberatus,
1575 4021 1805 4078 Cartha-

212 4108 477 4175 giniensis
499 4108 924 4172 archidiaconus,
957 4111 1055 4180 qui
1083 4111 1149 4164 de
1205 4113 1527 4167 auctoritate
1570 4115 1815 4171 Calcedo-

215 4202 397 4254 nensis
427 4202 636 4256 concilii
658 4204 833 4257 multa
860 4205 1026 4258 utilia
1071 4206 1403 4273 conscripsit,
1445 4211 1495 4259 et
1548 4208 1813 4275 Vigilium

210 4309 418 4363 papam
431 4296 730 4365 aliquando
759 4297 1005 4351 hcreticis
1019 4298 1242 4364 favisse,
1266 4301 1593 4355 monstravit
1611 4300 1700 4355 ⁸7³.

288 4389 414 4443 547.
454 4386 683 4458 Vigilius
730 4404 868 4461 papa
914 4405 1040 4446 cum
1080 4390 1149 4445 ad
1190 4406 1523 4447 consensum
1560 4391 1815 4450 hereseos

212 4487 267 4534 et
288 4481 695 4538 restitutionem
714 4483 1001 4546 Anthemii
1029 4485 1267 4556 episcopi
1287 4485 1614 4543 nullatanus
1634 4486 1806 4543 addu-

1917 3276 2110 3338 stagno
2149 3264 2302 3322 texit.
2348 3267 2582 3322 Sanctus
2629 3263 2931 3321 Medardus
2985 3265 3273 3337 episcopus
3329 3266 3522 3337 plenus

1921 3360 2213 3416 virtutibus
2238 3357 2493 3432 migravit
2520 3358 2589 3415 ad
2620 3358 2951 3428 Dominum,
2975 3366 3030 3415 et
3050 3374 3081 3414 a
3106 3357 3369 3426 Lothario
3390 3374 3519 3431 rege
3520 3408 3561 3439 ο

1919 3457 2259 3511 Francorum
2315 3451 2626 3509 Suessionis
2698 3468 2828 3508 cum
2901 3467 3099 3523 magna
3139 3451 3315 3524 gloria
3360 3466 3515 3523 sepe-

1919 3548 2068 3603 litur.

1992 3645 2116 3698 560.
2156 3639 2453 3696 Lotharius
2477 3655 2593 3709 rex,
2630 3638 2777 3696 ﬁlius
2805 3638 3067 3697 Clodovei
3116 3638 3330 3711 magni,
3371 3653 3518 3697 anno

1919 3735 2069 3807 regni
2083 3739 2178 3789 51°
2207 3734 2343 3790 Com
2351 3733 2533 3804 pendii
2548 3733 2801 3789 moritur.

1992 3834 2117 3884 563.
2168 3827 2495 3883 Haribcrtus
2555 3843 2651 3884 rex
2710 3825 2922 3883 libidini
2959 3825 3201 3895 deditus,
3250 3842 3282 3882 a
3327 3835 3516 3883 sancto
3556 3820 3563 3825 ’

1921 3924 2196 3979 Germano
2256 3921 2594 3978 Parisiorum
2666 3920 2940 3994 episcopo;
2981 3919 3543 3991 excommunicatus,‘

1920 4016 2077 4073 obiit.

1993 4117 2119 4166 564.
2151 4110 2634 4181 Constantinopoli
2678 4108 3021 4165 Justinianus
3050 4107 3347 4180 imperator
3368 4122 3518 4165 anno

1922 4204 2133 4274 imperii
2156 4208 2224 4260 38
2250 4203 2498 4260 decessit.
2529 4205 2635 4258 Pro
2656 4218 2765 4275 quo
2786 4201 3034 4257 Justinus
3057 4201 3243 4257 minor
3270 4200 3518 4272 regnavit

1919 4297 2078 4352 annis
2130 4303 2213 4365 ll,
2244 4296 2411 4351 homo
2441 4295 2664 4367 iniquus
2706 4300 2762 4350 et
2785 4310 2999 4351 avarus.
3043 4295 3141 4349 His
3168 4292 3514 4365 temporibus

1922 4389 2196 4444 immensa
2227 4387 2533 4460 pestilentia
2558 4396 2613 4443 et
2640 4387 2946 4443 mortalitas
2970 4394 3151 4443 totam
3195 4386 3430 4454 Italiam,
3460 4395 3519 4442 et

1920 4483 2158 4539 maxime
2192 4481 2496 4555 Liguriam,
2528 4479 2776 4549 vastavit.

212 4572 262 4627 ci
290 4581 494 4644 posset,
518 4575 1046 4648 Constantinopolim
1072 4577 1129 4632 vi
1157 4577 1471 4649 perductus,
1500 4579 1666 4635 exilio
1687 4595 1811 4652 gra-
1845 4562 1894 4624 Ι)
1994 4580 2118 4630 565-
2151 4578 2379 4633 Sanctus
2425 4574 2693 4632 Columba
2740 4571 3005 4645 prchitel‘
3042 4572 3107 4607 ³⁷⁷
3131 4580 3187 4628 6t
3221 4570 3409 4639 abbas.
3446 4571 3517 4629 d0

215 4665 355 4721 viter
381 4675 465 4722 est
485 4665 749 4725 afﬂictus;

290 4764 413 4815 548.
483 4760 824 4818 Justinianus
872 4770 1134 4835 angustus
1165 4762 1447 4819 basilicam
1494 4765 1810 4836 Salvatoris,

213 4867 341 4926 qua:
370 4852 521 4924 Agite
550 4854 767 4926 Sophim
796 4855 1010 4925 dicitur,
1035 4856 1443 4928 incomparabili
1465 4872 1628 4928 opere
1665 4860 1811 4915 Con-

210 4946 565 5017 stantinopoli
595 4947 662 4984 "3
684 4951 1004 5006 construxit.
1032 4952 1156 5022 Ipse
1176 4951 1321 5022 leges
1337 4965 1459 5021 quae
1483 4952 1812 5010 Justinianaa

212 5040 493 5109 dicuntur,
530 5044 864 5115 composuit.

290 5139 417 5188 550.
451 5134 643 5192 Victor
671 5139 962 5209 episcopus
1013 5139 1326 5209 Capuanus,
1374 5135 1444 5193 de
1480 5136 1641 5209 hujus
1681 5139 1809 5194 anni

212 5225 420 5301 pascha
444 5229 707 5301 scribens,
733 5246 998 5288 erroneos
1039 5231 1260 5288 Victorii
1287 5232 1470 5304 cyclos
1498 5231 1693 5304 arguit.

1922 4670 2206 4744 Hybernia
2246 4670 2489 4735 veniens,
2519 4667 2801 4724 Britannis
2837 4667 3066 4722 verbum
3101 4667 3209 4722 Dei
3236 4665 3511 4753 praedicat.

1921 4768 2118 4821 Narses
2141 4764 2430 4836 patricius,
2470 4760 2671 4818 divitiis
2696 4768 2892 4816 auctus
2919 4768 2975 4816 et
2997 4761 3069 4817 ob
3098 4760 3151 4817 id
3185 4776 3217 4816 a
3246 4759 3514 4817 Romanis

1921 4856 2180 4913 invidiam
2216 4871 2407 4929 passus
2456 4863 2511 4912 et
2545 4844 2691 4927 apud
2754 4861 3051 4926 augustum
3105 4854 3446 4923 criminatus,
3480 4870 3513 4911 a

1922 4955 2101 5007 Roma
2145 4950 2203 5005 in
2260 4948 2615 5021 Campaniam
2681 4946 2944 5004 discessit.
3007 4947 3176 5022 Eique
3230 4962 3512 5007 successor

1920 5044 2206 5116 Longinus
2247 5045 2306 5099 in
2335 5044 2555 5099 Italiam
2573 5042 2830 5098 mittitur.

1988 5144 2118 5195 566.
2157 5141 2354 5194 Romae
2391 5136 2674 5193 Iohannes
2701 5139 2797 5206 Ill,
2830 5151 2971 5208 papa
2997 5140 3135 5206 63‘“,
3176 5134 3315 5192 sedit
3355 5132 3512 5188 annis

1915 5230 2029 5288 fere
2072 5238 2161 5288 14.
2198 5231 2303 5302 Qui
2350 5229 2618 5287 melesiam
2646 5229 2881 5303 Philippi
2906 5239 2962 5287 et
3007 5228 3199 5287 Jacobi
3227 5224 3512 5298 apostolo-

1500 5427 1675 5482 VARI
1691 5426 1751 5480 Ε
1781 5425 2087 5482 LECTION
2098 5426 2196 5482 ES.

291 5605 358 5641 ³⁸⁷
387 5603 589 5661 missus
623 5605 1163 5677 Constantinopolim
1205 5606 1410 5662 missus
1444 5612 1492 5661 1.

219 5747 327 5801 alio
352 5753 677 5803 atramento.

216 5888 326 5944 alio
341 5894 663 5946 atramento.

1574 5605 1640 5643 ιθδ
1682 5607 1720 5661 i.
1745 5609 1820 5661 M.
1850 5622 1898 5661 c.
1939 5606 2050 5659 alio
2078 5609 2396 5660 atramento.

217 5676 577 5748 Herimannus
599 5677 756 5732 habet
784 5694 806 5748 .·
835 5674 1150 5734 constanter
1175 5693 1306 5732 cum
1324 5684 1555 5748 augusto
1586 5692 1683 5746 pro
1711 5675 1815 5732 fide
1844 5675 2041 5748 Christi
2057 5674 2370 5731 decertavit.

758 5747 825 5785 ι⁷²
851 5751 961 5803 haec
1006 5752 1184 5803 omnia
1211 5749 1399 5803 eadem
1425 5763 1591 5802 manu
1626 5748 1841 5802 addita.

221 5823 482 5889 quatitur,
508 5819 625 5874 alio
654 5823 977 5889 atramento,
1026 5822 1138 5874 loco
1173 5834 1439 5874 annorum
1463 5823 1571 5874 555
1598 5823 1649 5873 et
1674 5822 1778 5873 556
1808 5819 2116 5873 scribuntur
2149 5824 2196 5875 1.
2242 5817 2309 5855 ι⁷⁶
2359 5813 2464 5872 cca:
2499 5817 2852 5872 semiabscisa
2898 5820 2923 5871 1
2974 5813 3120 5871 deest
3158 5820 3211 5869 2.
3264 5814 3303 5848 ³⁷

2477 5603 2543 5640 ιε’
2576 5604 2612 5659 i.
2638 5619 2689 5659 a.
2715 5619 2761 5658 r.
2793 5619 2843 5658 a.
2871 5616 2920 5655 e.
2953 5600 3060 5654 alio
3087 5602 3404 5656 atramento.
3443 5631 3516 5644 —

2452 5674 2522 5754 ξξ¹⁰
2544 5678 2803 5754 VI._corr.
2837 5675 2931 5727 Va.
3085 5682 3156 5720 ³7³
3182 5674 3351 5754 XIIII
3378 5688 3427 5728 c.
3460 5689 3510 5728 c.

2649 5744 2714 5787 "4
2744 5758 2849 5798 eoa:
2900 5742 3114 5798 addita.
3196 5742 3262 5779 ³⁷⁵
3294 5759 3414 5846 qua:
3441 5759 3518 5799 se-

2649 5817 2852 5870 abscisa
2898 5820 2923 5870 1
2974 5813 3120 5870 deest
3158 5820 3211 5869 2.
3264 5814 3303 5848 ιτ
3381 5821 3435 5870 et
3457 5829 3508 5870 a.

1924 5745 1990 5784 ’⁷³
2035 5746 2485 5817 constantinopili
2521 5754 2570 5802 1.

3400 348 3585 420 4330~
3624 324 3634 335 '
