4052 6196
589 325 718 381 1331

1593 303 1687 377 Al)
1723 321 1949 379 oram
1986 322 2042 378 s.
2081 319 2402 378 GREGORII
2437 318 2871 377 APPENDICES.
2918 299 2928 310 ’“

3697 320 3804 374 1332

588 447 736 520 rum,
761 463 931 522 quam
955 446 1210 505 decessor
1245 445 1366 520 ejus
1391 446 1648 521 Pelagius
1679 456 1917 522 ceperat,
1948 447 2173 521 perfecit
2200 450 2255 514 Α
2282 449 2399 506 celo
2420 449 2477 504 in
2505 457 2712 504 terram
2725 443 2956 502 'cecidit.
2990 444 3052 498 In
3081 441 3334 514 Hispania
3366 440 3700 509 Richaredus,
3721 445 3802 498 Le-

588 554 644 602 et
679 543 965 602 dedicavit.

657 642 784 694 567.
827 639 1027 694 Narses
1048 635 1321 709 patricius,
1354 636 1447 708 qui
1469 636 1714 694 multum
1748 653 1849 709 pro
1878 654 1937 695 re
1958 639 2172 711 publica

587 734 950 800 laboraverat,
1002 748 1035 788 a
1079 731 1294 787 Justino
1337 742 1566 804 augusto
1614 732 1827 804 injuriis
1874 733 2173 800 lacessitus,

590 825 1010 899 Longobardos,
1055 826 1115 881 in
1157 825 1449 882 Pannoniis
1496 825 1826 895 habitantes,
1859 826 1928 883 ad
1951 835 2175 883 vastan-

593 921 722 978 dam
750 929 806 978 et
831 919 1223 993 possidendam
1253 920 1470 976 Italiam
1500 921 1764 977 invitavit.
1796 921 1971 977 Multa
1999 921 2180 993 prodi-

555 1001 564 1005 ”
593 1016 681 1087 gia
731 1023 787 1072 et
815 1013 1085 1087 praecipue
1129 1014 1299 1087 ignea:
1345 1014 1484 1070 acies
1516 1014 1571 1069 in
1601 1015 1733 1071 caelo
1767 1016 1897 1071 visa“:
1921 1023 2069 1071 sunt.

666 1117 792 1168 568.
817 1108 1175 1183 Longobardi
1195 1124 1322 1181 rege
1347 1109 1588 1167 Alboino
1607 1126 1796 1168 mense
1817 1111 1991 1183 Aprili
2011 1115 2181 1169 Vene-

593 1207 727 1262 tiam
756 1203 1004 1278 ingressi,
1044 1219 1168 1260 eam
1215 1203 1404 1275 paucis
1445 1203 1756 1261 civitatibus
1802 1205 2039 1277 exceptis
2077 1205 2179 1262 sibi

596 1298 911 1371 subjiciunt.

668 1397 796 1448 569.
823 1391 1088 1448 Alboinus
1113 1405 1206 1446 rex
1230 1405 1356 1446 cum
1381 1391 1767 1462 Longobardis
1789 1390 2071 1463 Liguriam
2097 1390 2183 1446 in-

599 1485 754 1554 vasit,
769 1483 1147 1542 Mediolanum
1170 1492 1225 1540 et
1243 1484 1378 1540 alias
1399 1485 1685 1558 plerasque
1710 1485 1879 1542 urbes
1897 1485 2063 1558 cepit,
2088 1487 2189 1540 Pa-

602 1580 751 1652 piam
771 1580 894 1651 plus
909 1578 1150 1634 triennio
1176 1577 1406 1634 obsedit.

673 1679 799 1729 570.
833 1672 1102 1728 Alboinus
1142 1672 1422 1744 plerasque
1459 1673 1515 1728 in
1570 1673 1764 1730 Tuscia
1818 1673 1982 1730 urbes
2025 1673 2188 1746 cepit.

601 1767 832 1821 Sanctus
861 1763 1127 1820 Vedastus
1157 1763 1442 1835 cpiscopus
1471 1761 1728 1820 decessit.

2280 543 2465 618 vigildi
2491 542 2634 614 regis
2662 538 2979 596 Gothorum
3003 536 3220 593 Arriani
3249 534 3415 606 ﬁlius,
3460 543 3577 607 post
3620 543 3805 591 mortem

2281 637 2451 710 patris
2481 652 2574 692 rex
2599 632 2849 702 effectus,
2883 649 2915 688 a
2957 629 3209 686 Leandro
3230 629 3567 701 Hispolitano
3608 630 3808 700 episcopo

2281 748 2410 789 cum
2432 739 2547 788 tota
2571 737 2729 803 gente
2751 726 3063 787 Gothorum
3091 723 3161 782 ad
3180 723 3505 782 catholicam
3531 721 3682 781 ﬁdem
3712 739 3809 780 con-

2286 827 2526 884 vertitur.
3527 830 3563 866 ς

2356 928 2480 977 588.
2501 923 2565 976 In
2592 918 2849 991 Hispania
2876 916 3082 972 heresis
3106 914 3336 970 Arriana
3367 912 3656 981 destructa,
3673 912 3812 969 etsin-

2289 1015 2426 1071 odus
2473 1013 2738 1070 Toletana
2789 1011 3012 1067 collecta
3056 1017 3136 1064 est
3167 1005 3438 1063 industria
3479 1005 3694 1063 Leandri
3731 1006 3814 1077 epi-

2290 1109 2438 1182 scopi
2467 1118 2523 1166 et
2553 1106 2847 1165 Richaredi
2887 1105 3046 1177 regis.
3077 1105 3276 1160 Cesara
3303 1103 3516 1177 regina,
3559 1118 3683 1158 uxor
3721 1105 3808 1158 Au-

2288 1203 2421 1260 nulﬁ
2451 1204 2626 1275 regise
2650 1206 2959 1271 Persarum,
2988 1199 3197 1255 occulte
3224 1194 3818 1269 baptizata,postmodum

2293 1307 2348 1354 et
2372 1315 2531 1354 suum
2569 1297 2831 1353 maritum
2859 1309 2984 1350 cum
3013 1301 3126 1348 tota
3154 1299 3315 1364 gente
3344 1307 3443 1348 sua
3471 1290 3606 1362 apud
3635 1288 3817 1346 Anthio-

2294 1390 2476 1447 chiam
2512 1407 2570 1448 se
2601 1389 2879 1461 baptizare
2900 1386 3194 1459 persuasit.

2369 1491 2492 1542 589.
2510 1484 2853 1542 Hildibertus
2877 1497 2970 1538 rex
2989 1495 3237 1537 sororem
3258 1495 3440 1544 suam,
3470 1477 3714 1534 Authario
3735 1476 3818 1548 regi

2305 1578 2798 1652 Longobardorum
2842 1575 3190 1648 promissam,
3239 1573 3352 1646 regi
3415 1571 3717 1637 Gothorum,
3757 1570 3822 1640 qui

2300 1691 2471 1748 nuper
2516 1673 2818 1730 catholicus
2859 1669 3038 1727 factus
3077 1676 3180 1735 est,
3221 1668 3275 1724 in
3308 1666 3703 1726 matrimonium
3744 1673 3821 1720 tra-

2301 1769 2461 1826 didit.

672 1865 798 1915 571.
827 1857 1123 1929 Papienses
1152 1856 1265 1930 regi
1303 1856 1541 1914 Alboino
1589 1858 1659 1915 ad
1720 1857 2062 1917 deditionem
2093 1875 2186 1917 ve-
2221 1836 2269 1900 Β
2370 1869 2495 1920 590.
2532 1859 2738 1917 Tunica
2761 1859 2971 1916 domini
3002 1858 3300 1916 Salvatoris
3323 1873 3354 1913 a
3385 1857 3613 1929 Symone
3638 1852 3819 1926 quodam

600 1955 778 2009 niunt.
806 1953 1006 2008 Narses
1031 1949 1290 2023 patricius
1315 1950 1472 2006 obiit.

673 2052 796 2103 574.
845 2045 1117 2102 Alboinus
1162 2060 1258 2100 rex
1301 2045 1796 2116 Longobardorum
1840 2061 1938 2118 per
1965 2046 2192 2104 insidias

513 2167 516 2170 ι
602 2139 853 2213 conjugis
901 2154 1016 2196 sum
1038 2137 1183 2209 apud
1216 2141 1491 2195 Veronam
1518 2139 1586 2195 ab
1620 2140 1894 2213 armigero
1924 2156 2024 2197 suo
2059 2141 2193 2196 occi-

602 2234 769 2290 ditur.

671 2330 798 2382 575.
842 2323 1317 2395 Constantinopoli
1376 2325 1634 2380 Justinus
1711 2325 2010 2397 imperator
2068 2336 2193 2400 post

605 2418 780 2473 multa
809 2417 951 2472 mala
988 2431 1085 2471 sua
1125 2417 1182 2470 in
1209 2417 1506 2472 amentiam
1532 2433 1740 2486 versus,
1768 2418 1920 2474 obiit.
1953 2420 2060 2475 Pro
2081 2435 2191 2493 quo

607 2510 878 2583 Tyberius
905 2510 1317 2577 Constantinus,
1348 2511 1520 2582 quiet
1547 2512 1663 2583 ipse
1691 2520 1881 2568 mente
1904 2521 2061 2585 capto
2095 2530 2196 2585 pa-

604 2604 795 2661 latium
822 2612 1056 2672 rexerat,
1108 2604 1352 2676 regnavit
1388 2605 1544 2661 annis
1573 2612 1628 2673 7,
1675 2605 1752 2660 vir
1782 2609 1901 2662 Deo
1940 2605 2189 2664 devotus.

679 2703 804 2754 576.
871 2699 1097 2754 Sanctus
1142 2699 1449 2754 Germanus
1517 2699 1858 2756 Parisiorum
1907 2701 2196 2774 episcopus

608 2791 858 2865 migravit
885 2790 952 2846 ad
981 2791 1304 2846 Dominum.

679 2891 803 2940 578.
838 2887 1033 2939 Romae
1079 2884 1423 2950 Benedictus,
1451 2902 1588 2957 papa
1617 2891 1758 2954 64‘“,
1803 2888 1941 2944 sedit
1962 2889 2119 2944 annis
2137 2894 2193 2958 4,

609 2979 890 3036 mensibus
918 2984 970 3032 2.
995 2982 1046 3034 A
1067 2994 1178 3050 quo
1215 2979 1409 3034 beatus
1431 2980 1732 3052 Gregorius
1761 2980 1831 3037 de
1860 2984 2194 3040 monasterio

609 3074 823 3130 ablatus
851 3081 906 3128 et
931 3071 1194 3129 diaconus
1213 3072 1522 3141 ordinatus,
1559 3074 2198 3149 Constantinopolimque

503 3204 514 3222 ι
606 3167 983 3241 apocrisiarius
1002 3168 1219 3236 missus,
1254 3167 1570 3225 Euthicium
1604 3169 1848 3243 ejusdem
1896 3172 2046 3229 urbis
2078 3174 2196 3246 epi-

611 3278 839 3335 scopum
867 3262 926 3317 in
967 3261 1075 3318 ﬁde
1102 3263 1518 3320 resurrectionis
1558 3279 1766 3320 errasse
1811 3265 2048 3338 Tyberio
2094 3285 2197 3324 au-

589 3349 784 3430 -gusto'
818 3365 1083 3428 praesente
1112 3356 1365 3412 convicit.
1397 3357 1508 3413 Ubi
1537 3359 1705 3413 etiam
1735 3361 2002 3432 episcopis
2026 3378 2201 3417 mora-

613 3451 686 3507 lia
735 3450 790 3506 in
808 3450 936 3520 Job,
969 3449 1313 3506 venientibus
1344 3449 1564 3507 ad'eum
1587 3453 1877 3509 monachis
1905 3455 2038 3524 suis,
2065 3455 2196 3511 serio

613 3545 743 3601 bere
785 3543 1102 3617 compulsus
1130 3553 1234 3601 est.

684 3644 805 3694 579.
839 3640 1039 3711 Magna
1069 3654 1336 3710 aquarum
1360 3639 1642 3698 inundatio
1671 3650 1725 3697 et
1753 3641 1980 3712 illuvies,
2011 3642 2199 3700 fulmi-

611 3747 704 3799 na,
735 3739 894 3787 terra
909 3740 1113 3800 motus,
1132 3732 1382 3789 homines
1404 3743 1667 3792 terruere.

683 3829 806 3878 580.
847 3826 1070 3880 Cometa
1112 3825 1200 3881 die
1241 3826 1459 3897 paschae
1485 3830 1620 3885 visa.
1686 3831 1993 3887 Suessiouis
2023 3833 2200 3888 celum

613 3915 804 3972 ardere
831 3917 1012 3972 visum
1043 3926 1145 3972 est.
1166 3920 1481 3975 Pestilentia
1508 3922 1697 3993 ingens
1725 3922 1808 3978 ﬁt.

687 4013 813 4065 581.
857 4012 982 4066 Hoc
1009 4018 1280 4082 tempore,
1311 4013 1579 4068 exercitus
1605 4014 1824 4086 Tyberii
1859 4017 2205 4090 imperatoris

617 4105 812 4161 Persas
836 4112 1085 4176 potenter
1120 4107 1419 4177 superavit.

686 4203 811 4254 582.
837 4199 1305 4270 Constantinopoli
1330 4199 1612 4273 Tyberius,
1635 4202 1789 4259 omni
1813 4203 1970 4261 laude
2001 4205 2204 4279 dignis-

615 4294 809 4361 simus,
842 4293 999 4350 obiit.
1047 4296 1152 4349 Pro
1182 4310 1289 4365 quo
1324 4295 1619 4353 Mauricius
1652 4299 1901 4370 regnavit
1927 4301 2084 4356 annis
2113 4308 2203 4357 2|.

529 4417 540 4427 -
615 4391 811 4444 Romae
836 4388 1086 4460 Pelagius
1116 4391 1192 4457 II,
1217 4404 1352 4460 papa
1372 4395 1514 4460 65'",
1545 4391 1687 4448 sedit
1707 4393 1864 4448 annis
1893 4398 1978 4462 10,
2001 4395 2201 4451 mensi-

616 4482 717 4539 bus
744 4487 800 4537 2.
845 4481 948 4537 Hic
991 4482 1257 4553 templum
1296 4484 1474 4539 sancti
1514 4485 1659 4540 Petri
1706 4485 1905 4541 tabulis
1933 4488 2207 4560 argenteis

616 4575 893 4630 deauratis
940 4576 1088 4643 texit,
1121 4584 1175 4630 et
1226 4576 1328 4632 alia
1360 4576 1534 4632 multa
1563 4577 1729 4633 bona.

689 4674 810 4723 583.
827 4667 1179 4725 Hildebertus
1193 4685 1286 4726 rex
1301 4671 1664 4738 Francorum,
1678 4673 1908 4741 acceptis
1926 4674 2206 4742 50,000“!

615 4760 920 4818 solidorum
969 4763 1088 4818 auri
1121 4780 1150 4818 a
1201 4765 1462 4820 Mauricio
1504 4765 1853 4837 imperatore,
1895 4775 1954 4823 ut
1975 4771 2198 4840 Longo-

612 4854 814 4912 bardos
834 4855 904 4912 de
935 4856 1087 4912 Italia
1112 4857 1350 4928 pelleret,
1382 4875 1512 4915 cum
1541 4859 1748 4917 eisdem
1774 4870 1990 4934 pactum
2010 4863 2199 4918 ﬁrma-

611 4950 707 5017 vit,
753 4958 810 5006 et
858 4950 1179 5022 imperatori
1205 4953 1494 5023 pecuniam
1522 4953 1819 5026 requirenti
1849 4971 1948 5012 nec
1973 4972 2197 5028 respon-

612 5059 735 5100 sum
777 5043 1031 5101 reddidit.

683 5143 809 5194 581.
841 5139 1221 5197 Guntramnus
1262 5157 1358 5196 rex
1394 5141 1450 5195 in
1479 5140 1798 5197 suburbano
1837 5142 2197 5199 Cavillonensi

615 5234 1012 5290 monasterium
1032 5235 1210 5290 sancti
1247 5235 1491 5290 Marcelli
1517 5235 1840 5290 construxit.

679 5332 802 5384 585.
823 5327 1135 5399 Hilpericus
1164 5343 1258 5383 rex
1292 5329 1627 5384 Francorum
1659 5344 1754 5400 per
1780 5328 2000 5386 insidias
2025 5330 2197 5386 inter-

609 5429 850 5492 emptus,
869 5421 1056 5479 Parisii
1083 5421 1366 5494 sepelitur.

679 5519 806 5570 586.
863 5515 1213 5590 Longobardi
1261 5514 1593 5572 Autharium
1629 5533 1812 5590 regem
1854 5521 1957 5578 sibi
1987 5526 2196 5581 consti-

611 5617 793 5664 tuunt.

676 5707 800 5757 587.
833 5701 1043 5760 Globus
1070 5703 1260 5776 igneus
1287 5705 1584 5763 scintillans
1624 5715 1677 5764 et
1720 5710 1875 5781 quasi
1904 5712 2129 5783 rugiens
2166 5730 2196 5770 e

2297 1957 2471 2015 Judeo
2499 1955 2792 2012 tormentis
2819 1962 3009 2011 coacto
3039 1960 3366 2017 monstrata,
3403 1966 3437 2007 a
3486 1950 3720 2022 Gregorio
3738 1949 3818 2002 An-

2299 2049 2844 2119 tiocheno,Johanne
2892 2046 3522 2118 Constantinopolitano,
3574 2051 3624 2099 et
3663 2041 3819 2099 Thema

2300 2143 2761 2211 Jcrosolimitano,
2822 2151 2877 2198 et
2925 2142 3040 2197 aliis
3082 2140 3329 2213 pluribus
3364 2138 3641 2212 episcopis,
3667 2136 3821 2209 jejunio

2301 2239 2553 2295 triduano
2597 2236 2894 2304 celebrato,
2932 2235 2989 2291 in
3019 2235 3188 2291 archa
3233 2248 3546 2290 marmorea
3587 2231 3635 2286 in
3677 2226 3821 2300 oppido

2303 2331 2525 2406 Zaphad
2554 2332 2790 2398 inventa,
2840 2344 3060 2387 summo
3097 2344 3227 2386 cum
3258 2327 3478 2384 honore
3509 2323 3822 2382 Jerosolimam

2303 2427 2461 2482 allata
2474 2435 2573 2482 est.

2375 2528 2498 2580 591.
2545 2525 2667 2579 Rex
2709 2517 3207 2592 Longobardorum
3251 2512 3694 2580 Theodelindam,
3725 2509 3827 2581 regis

2287 2616 2685 2690 tBajoariorum
2701 2613 2868 2669 ﬁliam
2894 2611 3182 2685 pulchram
3198 2619 3252 2666 et
3271 2609 3450 2682 piam,
3470 2607 3618 2664 duxit
3634 2617 3825 2661 uxorem.

2375 2713 2730 2781 592.1ngens
2771 2705 3079 2763 mortalitas
3123 2703 3263 2759 facta
3307 2711 3420 2771 est,
3473 2704 3528 2757 in
3575 2717 3667 2773 qua
3698 2697 3828 2770 primo

2302 2804 2549 2876 Pelagius
2590 2818 2754 2873 papa,
2804 2798 2995 2856 deinde
3043 2796 3319 2854 innumeri
3359 2795 3586 2853 extincti
3635 2799 3754 2849 sunt.
3786 2791 3833 2845 Et

2301 2899 2492 2954 beatus
2533 2895 2851 2968 Gregorius,
2880 2901 3012 2950 tunc
3036 2896 3302 2948 Romana:
3348 2891 3585 2947 melesize
3628 2883 3835 2943 archidia-

2304 2994 2517 3060 conus,‘
2555 2988 2869 3046 constitutis
2910 2986 3124 3043 letaniis
3147 2992 3201 3041 et
3245 2985 3400 3057 plaga
3453 2989 3697 3046 cessante,
3735 2991 3835 3049 papa

2306 3091 2428 3142 66‘“
2451 3083 2757 3150 ordinatus,
2805 3075 3059 3138 doctrina
3103 3087 3157 3135 et
3188 3078 3409 3134 actibus
3448 3077 3638 3134 cunctis
3683 3070 3839 3128 merito

2307 3177 2678 3252 praeferendus
2708 3175 3040 3248 apostolicis,
3068 3173 3209 3230 sedit
3233 3172 3397 3228 annis
3437 3179 3518 3238 13,
3545 3166 3840 3230 mensibusﬁ,

2308 3273 2502 3330 diebus
2542 3277 2628 3326 10.
2671 3272 2776 3340 Qui
2820 3269 3005 3326 statim
3045 3269 3188 3322 inter
3215 3267 3323 3322 alia
3359 3266 3531 3322 multa
3568 3263 3741 3319 librum
3767 3273 3843 3329 pa-

2307 3367 2563 3425 storalem
2590 3364 2804 3437 egregio
2843 3362 3006 3419 edidit
3033 3362 3179 3418 stilo.
3212 3361 3318 3416 Hic
3347 3375 3563 3432 quoque
3584 3370 3724 3428 super
3747 3367 3840 3407 eor-

2309 3477 2409 3534 pus
2453 3459 2597 3515 beati
2626 3458 2770 3514 Petri
2810 3456 3098 3529 cyborium
3146 3454 3294 3521 fecit,
3321 3461 3374 3509 et
3413 3454 3598 3509 missas
3620 3446 3841 3505 celebrare

2310 3554 2564 3622 instituit,
2586 3553 2830 3624 itemque
2856 3551 3026 3606 sancti
3052 3549 3222 3616 Pauli,
3252 3547 3506 3604 similiter
3538 3550 3588 3601 et
3618 3559 3702 3598 sea:
3731 3539 3842 3608 capi-

2311 3651 2428 3706 tula
2456 3648 2713 3718 synodica
2733 3649 2953 3715 scripsit
2985 3642 3074 3698 ³⁷⁸.

2383 3747 2505 3799 593.
2533 3741 2760 3798 Siccitas
2798 3755 2996 3810 magna
3025 3745 3080 3793 et
3103 3735 3280 3792 fames
3310 3734 3460 3791 facta
3485 3743 3584 3801 est,
3611 3741 3659 3788 et
3680 3726 3843 3784 insolita

2313 3837 2646 3893 locustarum
2684 3848 3011 3904 magnarum
3042 3829 3361 3888 multitudo.

2384 3935 2507 3986 594.
2540 3932 2678 3985 ltem
2710 3928 3046 3983 locustarum
3095 3922 3394 3980 multitudo
3425 3921 3663 3995 frugibus
3682 3913 3841 3972 nocuit-

2384 4030 2509 4080 595.
2540 4020 2839 4094 Gregorius
2862 4036 3000 4092 papa
3026 4018 3280 4076 sinodum
3311 4023 3378 4072 24
3412 4018 3763 4090 episcoporum
3796 4003 3845 4062 ad

2312 4121 2575 4174 Sanctum
2610 4119 2836 4171 Petrum
2860 4113 3084 4185 colligit,
3126 4111 3433 4168 indictione
3473 4119 3552 4168 14.

2384 4218 2510 4268 596.
2554 4214 2786 4267 Sanctus
2835 4206 3100 4264 Columba
3137 4207 3406 4278 presbiter
3463 4213 3520 4262 et
3559 4203 3715 4263 abbas,
3751 4200 3848 4266 post

2316 4307 2488 4361 multa
2523 4304 2794 4361 mirabilia
2825 4303 2883 4357 in
2912 4302 3089 4358 insula
3113 4300 3202 4357 Hii
3224 4300 3384 4373 juxta
3415 4297 3729 4368 Hiberniam,
3764 4287 3846 4342 mi-

2315 4401 2487 4472 gravit
2525 4400 2593 4456 ad
2632 4398 2954 4466 Dominum,
2989 4412 3135 4452 anno
3160 4397 3340 4452 aetatis
3365 4400 3488 4450 70°.
3509 4395 3626 4449 Hoc
3650 4397 3850 4457 tempore

2316 4493 2504 4550 beatus
2544 4495 2840 4564 Gregorius
2867 4508 3000 4563 papa
3026 4490 3207 4546 missis
3226 4490 3552 4546 doctoribus
3575 4481 3852 4556 Augustino.

2232 4602 2281 4663 D
2315 4585 2542 4652 Mellito,
2595 4583 2841 4639 Johauue
2878 4593 2932 4639 et
2953 4583 3089 4650 aliis,
3123 4583 3428 4654 Anglorum
3461 4588 3675 4655 gentem
3701 4576 3747 4631 in
3768 4568 3856 4628 Bri-

2313 4680 2501 4735 tannia
2528 4678 2596 4734 ad
2623 4677 2789 4734 ﬁdem
2820 4676 3026 4733 Christi
3056 4675 3338 4732 convertit.

2383 4779 2509 4830 597.
2541 4770 2895 4828 Hildebertus
2923 4787 3014 4826 rex
3044 4773 3382 4827 Francorum
3406 4769 3569 4826 obiit.

2383 4871 2504 4922 598.
2537 4866 2640 4922 His
2669 4864 3004 4937 temporibus
3033 4880 3160 4920 cum
3195 4867 3485 4920 Romanus
3518 4859 3766 4934 patricius
3789 4853 3860 4907 ali-

2311 4968 2448 5033 quot
2474 4959 2635 5016 urbcs
2654 4976 2684 5015 a
2711 4956 3093 5031 Longobardis
3140 4957 3357 5014 dudum
3393 4964 3581 5028 captas
3621 4967 3712 5025 per
3736 4945 3858 5004 dedi-

2310 5055 2516 5110 tionem
2546 5054 2857 5126 recepisset,
2889 5059 2942 5108 et
2995 5051 3066 5107 ob
3101 5050 3158 5108 id
3188 5050 3451 5124 Agilolfus
3490 5065 3589 5105 rex
3633 5045 3789 5102 Italia:
3818 5045 3858 5092 et

2309 5148 2414 5221 ipsi
2444 5152 2639 5205 Romae
2669 5147 2867 5203 infesto
2904 5146 3147 5202 exercitu
3167 5146 3497 5211 immineret,
3521 5142 3704 5198 studio
3723 5130 3859 5193 sancti

2310 5258 2462 5316 papa:
2489 5241 2736 5314 Gregorii
2758 5249 2811 5297 et
2830 5239 3096 5312 suffragio
3118 5238 3497 5296 Theodelindae
3520 5234 3778 5307 religiosae
3794 5242 3856 5282 re-

2308 5338 2471 5409 ginaa,
2504 5353 2600 5410 pax
2626 5335 2904 5408 utrimque
2926 5333 3070 5390 facta
3090 5343 3190 5390 est.

2382 5430 2623 5500 599.1His
2644 5428 2985 5500 temporibus
3005 5427 3405 5483 monasterium
3419 5422 3590 5482 sancti
3613 5412 3856 5477 Benedicti

2308 5525 2367 5580 in
2400 5531 2580 5579 castro
2621 5523 2842 5580 Cassino
2880 5523 3071 5590 situm,
3103 5520 3438 5593 fugientibus
3481 5532 3549 5572 ex
3589 5531 3656 5572 eo
3697 5523 3856 5570 mona-

2307 5618 2454 5686 chis,
2484 5633 2515 5672 a
2545 5616 2923 5690 Longobardis
2951 5615 3182 5673 omnino
3223 5614 3558 5672 destructum
3598 5619 3654 5666 et
3681 5603 3856 5663 desola-

2306 5720 2429 5767 tum
2460 5719 2564 5766 est.

1883 5811 2121 5866 VABIrE
2182 5809 2596 5870 LECTIONES.

679 5887 744 5921 ³⁷⁸
770 5896 827 5942 et
846 5891 922 5944 VI
953 5905 1002 5944 c.
1032 5905 1077 5946 ε.
1112 5906 1154 5946 s.
1203 5893 1312 5947 alio
1337 5897 1658 5953 atramento.
