4052 6196
242 326 255 327 κ
313 282 449 338 1333

1184 275 1500 351 IAPPEND.
1540 280 1630 341 III.
1670 312 1740 327 -
1773 279 2196 341 MONUMENTA
2230 275 2690 335 GREGORIANA.

3618 154 3631 209 }

3450 283 3605 376 ‘1334

3188 356 3205 387 μ’

378 413 507 464 600.
536 409 838 482 Gregorius
859 424 995 483 papa
1022 406 1334 466 Lundoniae
1362 417 1440 459 ιτς
1464 415 1521 464 et
1543 410 1771 467 Eboraci
1790 411 1903 482 epi-
1927 415 1978 477 Α
2007 409 2249 460 octavam
2296 406 2567 460 lectionem
2608 407 2983 460 noctunwrum
3023 405 3140 475 ipse
3191 409 3449 471 cantavit.
3497 418 3600 476 quo

304 516 504 574 scopos
539 504 596 558 in
647 502 953 573 Britannia,
994 504 1160 560 misso
1212 504 1400 575 pallio,
1446 496 1902 576 metropolitanos
2007 497 2289 553 decantata
2322 501 2374 553 et
2394 511 2620 553 errorem
2643 495 2936 553 Judeorum
2959 499 3261 565 confutavit
3287 504 3337 553 et
3376 500 3495 570 ipse
3519 500 3600 577 lu-

305 610 424 653 esse
452 596 721 665 decernit,
751 597 1052 655 indictione
1079 604 1131 655 4.
1164 597 1359 657 Clades
1387 598 1722 675 glandolaria
1747 599 1900 657 mul-

302 698 385 747 tas
413 690 659 747 civitates
686 690 901 749 afﬂixit.

2008 606 2130 646 men
2156 594 2374 663 recepit,
2405 594 2525 662 ipsa
2557 592 2939 646 interueniente
2965 591 3119 660 cujus
3145 592 3518 660 virginitatem
3536 596 3596 647 in

2010 686 2189 741 eodem
2208 687 2539 757 responsorio
2566 684 2838 752 defendit.
2870 685 3072 741 Beatus
3099 684 3409 741 Desiderius
3432 686 3593 742 Vien-

377 791 502 841 602.
552 786 853 843 Mauricius
905 787 1209 860 imperator
1251 790 1486 860 Focam,
1534 787 1611 846 rei
1662 787 1877 860 publica

2008 778 2194 837 nensis
2233 776 2676 849 archiepiscopus
2715 776 2785 833 de
2814 776 2976 832 exilio
3016 785 3321 845 revocatus,
3353 776 3596 834 factione

304 880 515 949 utilem,
543 880 845 954 principem
881 881 1095 941 militia
1115 882 1264 941 fecit.
1301 882 1466 940 Globi
1494 881 1639 956 ignei
1665 881 1722 939 in
1763 882 1895 940 calo

302 975 407 1031 visi
432 981 577 1031 sunt.

376 1075 503 1125 603.
534 1071 1007 1144 Constantinopoli
1043 1074 1216 1129 Focas
1250 1072 1580 1129 Mauricium
1602 1073 1895 1146 imperato-

302 1178 424 1219 rem
464 1164 703 1236 turpiter
744 1163 1036 1232 interfecit,
1067 1174 1119 1222 et
1158 1166 1279 1238 ipso
1308 1183 1408 1239 pro
1444 1184 1511 1224 eo
1539 1168 1704 1224 annis
1747 1176 1781 1225 8
1805 1183 1892 1225 re-

301 1257 510 1330 gnavit.
553 1259 768 1330 Corpus
807 1261 981 1316 sancti
1017 1260 1254 1317 Victoris
1293 1261 1574 1331 martiris,
1625 1261 1722 1336 qui
1763 1278 1892 1319 cum

298 1351 463 1410 beato
492 1356 641 1412 Urso
681 1354 934 1412 Solodori
978 1371 1171 1429 passus
1206 1364 1307 1426 est,
1357 1357 1505 1430 apud
1544 1358 1892 1416 Genvensem

298 1448 497 1504 urbem
522 1448 708 1506 divina
736 1450 1067 1507 revelatione
1095 1450 1154 1506 in
1179 1451 1362 1509 loculo
1390 1461 1651 1525 argenteo
1679 1453 1892 1511 inveni-

296 1548 409 1610 tur,
439 1549 497 1596 et
519 1541 797 1599 miraculis
820 1542 1147 1601 declaratur.

368 1638 494 1689 604.
541 1634 800 1692 Etherius
836 1636 1226 1709 Lugdunensis
1268 1637 1710 1713 archiepiscopus
1738 1640 1889 1708 obiit,

296 1728 452 1801 eique
488 1729 829 1786 Secundinus
855 1731 1136 1788 successit.

2004 869 2384 927 Brunnihildis
2423 877 2478 926 et
2517 869 2844 928 Theoderici
2882 868 3177 942 lapidatus,
3210 879 3335 944 post
3378 870 3595 928 obitum

2003 964 2283 1022 miraculis
2314 963 2530 1021 claruit.
3049 964 3056 970 ’

2076 1064 2206 1115 610.
2233 1058 2334 1115 His
2351 1057 2697 1131 temporibus
2715 1060 2899 1114 Persa
2923 1058 3127 1113 multas
3146 1058 3453 1131 provincias
3475 1062 3596 1116 Ro-

2004 1152 2186 1210 manis
2213 1152 2547 1220 auferentes,
2591 1149 2898 1209 Jerusalem
2940 1167 3104 1210 cruce
3132 1152 3361 1210 Domini
3391 1152 3593 1226 spolia-

2005 1254 2221 1303 verunt.

2074 1343 2203 1395 611.
2230 1338 2541 1396 Eraclianus
2577 1341 2784 1396 Focam
2816 1345 3112 1410 augustum
3140 1352 3313 1411 regno
3340 1339 3590 1411 privavit,

2002 1430 2222 1504 ﬁlioque
2245 1448 2347 1489 suo
2372 1432 2591 1488 Eraclio
2612 1430 2743 1488 illud
2781 1431 3075 1498 concessit,
3106 1431 3201 1504 qui
3224 1432 3475 1503 regnavit
3500 1448 3594 1488 an-

2001 1524 2089 1582 nis
2112 1529 2204 1583 26.
2242 1528 2444 1583 Beatus
2470 1525 2638 1582 abbas
2668 1524 3064 1594 Columbanus,
3090 1524 3265 1581 sancti
3301 1525 3441 1582 Galli
3469 1540 3590 1582 ma-

1999 1618 2186 1691 gister,
2216 1634 2249 1676 a
2278 1619 2614 1676 Luxoviensi
2643 1617 2877 1676 cenobio
2905 1633 2938 1673 a
2966 1633 3025 1674 se
3053 1626 3398 1688 constructo,
3427 1619 3591 1675 moli-

1998 1711 2145 1770 mine
2175 1712 2583 1770 Brunnichildis
2621 1712 2838 1786 pulsus,
2873 1719 3128 1769 sanctum
3156 1711 3229 1767 ibi
3270 1712 3590 1769 Eustasium

367 1826 491 1878 605.
539 1824 742 1880 Beatus
769 1840 909 1897 papa
953 1825 1253 1899 Gregorius
1287 1833 1341 1883 et
1367 1824 1565 1883 doctor
1605 1826 1883 1883 sanctissi-
1921 1807 1970 1870 Β
2000 1822 2099 1879 Pr0
2127 1823 2188 1865 εθ
2211 1806 2431 1880 reliquit
2455 1805 2727 1863 δδδᾶῐθω·

295 1931 421 1972 mus
447 1916 708 1997 migravit
739 1918 809 1974 ad
854 1919 1158 1975 Dominum
1186 1919 1484 1977 indictione
1513 1928 1724 1977 octava.
1756 1924 1887 1977 Post

295 2025 457 2082 quem
502 2019 750 2068 cessante
798 2012 1118 2085 episcopatu
1154 2014 1439 2071 mensibus
1472 2014 1596 2086 plus
1622 2014 1883 2086 quinque,

292 2104 616 2161 Sabinianus
655 2106 731 2144 ιδο
750 2124 904 2179 papa
932 2113 1074 2177 67'",
1101 2107 1240 2164 sedit
1265 2123 1409 2164 anno
1435 2123 1570 2176 uno,
1603 2108 1884 2164 mensibus

291 2202 344 2253 5.
377 2200 450 2253 Et
478 2209 601 2271 post
628 2200 777 2257 hunc
798 2201 934 2258 item
961 2203 1192 2260 cessavit
1227 2202 1570 2274 episcopatus
1598 2217 1743 2257 anno
1771 2201 1879 2258 fer-

290 2307 383 2347 me
409 2307 541 2364 uno,
573 2294 703 2365 quia
741 2294 810 2352 de
852 2296 1320 2369 Constantinopoli
1363 2295 1564 2368 legatio
1590 2295 1885 2367 imperialis

290 2386 696 2456 expectabatur.
738 2391 860 2445 Hoc
905 2405 1050 2445 anno
1077 2389 1320 2462 synodus
1356 2387 1565 2445 nefaria
1589 2389 1883 2446 Cavillonis

287 2488 638 2552 congregata,
678 2488 734 2537 et
758 2482 950 2538 beatus
986 2482 1302 2540 Desiderius
1338 2482 1661 2538 Viennensis
1697 2481 1882 2538 archi-

287 2572 575 2644 episcopus
604 2575 800 2645 iniuste
821 2574 1119 2648 deponitur
1146 2583 1202 2632 et
1227 2575 1393 2632 exilio
1421 2574 1736 2631 damnatur.

357 2670 483 2721 606.
517 2668 709 2724 Fames
731 2671 928 2725 Romae
957 2668 1120 2739 facta,
1147 2677 1201 2725 et
1222 2685 1326 2741 pax
1352 2683 1480 2724 cum
1504 2668 1883 2741 Longobardis

286 2758 343 2814 in
389 2776 599 2817 annum
626 2778 822 2819 unum.
858 2764 1046 2819 Mense
1095 2762 1267 2836 Aprili
1299 2770 1353 2819 et
1380 2761 1526 2818 Maio
1554 2771 1771 2819 cometa
1801 2763 1878 2819 vi-

284 2852 466 2910 detur.

354 2951 479 3004 608.
510 2952 706 3007 Romaz
728 2950 1047 3008 Bonifacius
1076 2953 1178 3020 Ill,
1209 2967 1349 3024 papa
1379 2957 1521 3019 68'",
1551 2950 1692 3009 sedit
1712 2968 1879 3008 men-

281 3041 435 3099 sibus
460 3042 573 3100 fere
610 3050 666 3102 9.
697 3045 829 3100 Post
873 3059 1039 3117 quem
1091 3045 1226 3101 item
1266 3047 1497 3103 cessavit
1534 3047 1878 3118 episcopatus

281 3136 563 3203 mensibus
605 3145 689 3194 10.
739 3139 838 3194 Hic
879 3138 1003 3210 quia
1030 3139 1635 3212 ConstantinOpolitana
1664 3140 1876 3197 melesia
1909 3189 1950 3213 η

2066 1904 2191 1957 612.
2220 1903 2421 1957 Beatus
2447 1899 2788 1973 Augustinus
2809 1899 3118 1971 Anglorum
3147 1897 3591 1969 archiepiscopus

1992 1992 2242 2066 migravit
2263 1994 2334 2049 ad
2352 1992 2675 2050 Dominum.
2699 1993 2935 2050 Sanctus
2954 1991 3327 2049 Columbanus
3349 2006 3381 2046 a
3405 1992 3588 2048 Luxo~

1990 2088 2080 2142 vio
2122 2086 2332 2159 pulsus,
2366 2101 2628 2143 concessu
2655 2085 3017 2144 Theodeberti
3061 2085 3205 2158 regis
3243 2084 3588 2160 Brigantium
3680 2080 3681 2083 “

1993 2178 2158 2250 venit,
2188 2180 2369 2253 ibique
2390 2179 2625 2237 triennio
2652 2178 2872 2236 mansit.

2062 2279 2189 2330 613.
2211 2276 2274 2328 In
2297 2273 2564 2346 Hispania
2588 2281 2811 2330 mortuo
2842 2272 3137 2341 Betterico,
3169 2270 3470 2329 Sisehodus
3489 2287 3585 2329 rex

1990 2365 2227 2424 efﬁcitur
2253 2367 2586 2426 Gothorum.

2060 2465 2191 2516 614.
2216 2461 2459 2517 Eraclius
2490 2461 2789 2532 imperator
2815 2458 3238 2515 Constantinum
3273 2457 3448 2534 ﬁlium
3477 2458 3585 2515 im-

1991 2552 2128 2623 perii
2155 2562 2466 2608 consortem
2514 2552 2659 2608 fecit.
2701 2556 2904 2608 Beatus
2931 2552 3308 2608 Columbanus
3344 2552 3413 2608 de
3460 2551 3582 2608 Bri-

1990 2644 2176 2718 gantio
2191 2646 2399 2718 pulsus,
2423 2645 2824 2702 febricitantem
2844 2643 2923 2700 ibi
2937 2644 3160 2701 Gallum
3173 2646 3428 2717 reliquit;
3446 2646 3587 2718 ipse-

1988 2754 2098 2811 que
2132 2738 2191 2797 in
2226 2739 2447 2796 Italiam
2481 2738 2703 2795 veniens
2732 2746 2788 2793 et
2824 2737 3060 2810 benigne
3089 2739 3158 2794 ab
3190 2737 3430 2811 Agilolfo
3456 2755 3583 2813 rege

1987 2840 2275 2906 susceptus
2292 2875 2308 2904 ,
2336 2831 2631 2890 cenobium
2673 2830 2946 2887 Bobiense
2986 2832 3311 2887 construxit.
3353 2835 3582 2890 Sanctus

1986 2943 2207 3001 quoque
2229 2927 2419 2984 Gallus
2445 2923 2806 2985 solitudinem
2828 2923 2980 2982 cella:
3007 2939 3122 2981 sua:
3148 2924 3387 2983 incolere
3413 2926 3575 2998 cepit.

2056 3027 2183 3079 616.
2233 3024 2355 3078 Hoc
2400 3029 2647 3091 tempore
2672 3017 2942 3076 Ysidorus
2979 3017 3254 3090 Spalensis
3295 3019 3579 3092 episcopus

1984 3116 2165 3173 clarus
2201 3116 2258 3171 in
2305 3113 2583 3187 Hispaniis
2624 3112 2881 3170 habetur.
2926 3110 3302 3169 Brunnihildis
3346 3112 3576 3185 iniquis-

280 3198 521 3302 primam
557 3193 941 3304 seiscriheba‘t,
986 3233 1130 3304 apud
1155 3193 1707 3308 saginata
1723 3193 1875 3307 3,381
1907 3193 1952 3253 α
1979 3209 2145 3308 gima:
2176 3209 2335 3282 equis
2370 3207 2657 3308 ξιξάοωίίίε
2691 3205 3407 3308 ε¹¹ίεδῖἒν1ιὶεδυὲίεί¹³ῗῖιξ
3426 3207 3577 3308 ,τθείε

278 3324 417 3393 nuit,
444 3332 507 3381 ut
529 3328 788 3383 Romana
818 3326 1028 3383 aaclesia
1066 3328 1322 3384 omnium
1349 3338 1511 3401 caput
1534 3328 1874 3386 ecclesiarum

278 3416 689 3476 decerneretur.
716 3420 820 3476 Hic
844 3436 1066 3493 quoque
1092 3420 1360 3493 synodum
1390 3429 1461 3479 72
1486 3423 1872 3496 episcoporum

275 3513 472 3569 Romae
492 3508 727 3587 collegit.

348 3611 470 3663 609.
500 3609 699 3664 Romae
727 3607 1044 3665 Bonifacius
1073 3611 1168 3677 IV,
1200 3625 1337 3682 papa
1367 3614 1508 3680 69‘”,
1546 3609 1689 3666 sedit
1713 3609 1870 3667 annis

274 3706 330 3767 6,
361 3700 639 3757 mensibus
674 3708 729 3759 8.
781 3705 851 3759 Et
891 3710 1016 3775 post
1054 3702 1204 3759 hunc
1249 3703 1479 3759 cessavit
1523 3703 1869 3775 episcopatus

273 3793 555 3851 mensibus
593 3792 709 3852 fere
738 3803 801 3853 7.
836 3797 944 3853 Hic
981 3796 1125 3868 apud
1153 3798 1358 3877 Focan}
1398 3803 1694 3869 augustum
1722 3804 1868 3853 tem-

272 3887 425 3959 plum
453 3890 703 3945 omnium
727 3889 1021 3958 idolorum,
1056 3890 1209 3962 quod
1240 3888 1526 3946 Pantheon
1553 3891 1864 3961 vocabatur,

273 3981 537 4051 obtinuit,
559 3991 613 4038 et
632 3983 689 4037 in
716 3983 925 4039 honore
947 3993 1147 4039 sanctae
1174 3984 1363 4041 Mariae
1391 3992 1447 4040 et
1465 3985 1721 4041 omnium
1746 4002 1867 4042 san-

272 4085 491 4132 ctorum
523 4076 793 4132 dedicavit
822 4082 873 4133 3.
918 4075 1002 4131 Id.
1055 4076 1185 4133 Maii
1231 4086 1287 4132 et
1314 4079 1531 4134 Sanctae
1560 4078 1756 4135 Mariae
1796 4078 1866 4135 ad

270 4171 533 4227 Martires
577 4171 880 4243 appellavit,
921 4169 1388 4244 festivitatemque
1438 4173 1689 4228 omnium
1735 4188 1861 4228 san-

270 4271 489 4320 ctorum
514 4264 643 4321 Kal.
668 4263 941 4321 Novemb.
973 4264 1236 4321 celebrari
1256 4264 1556 4321 constituit.
1588 4266 1766 4335 Hujus
1789 4266 1857 4302 ι⁸¹

263 4376 427 4431 papa:
472 4366 703 4431 tempore
742 4362 965 4432 quidam
1000 4377 1153 4417 cecus
1196 4365 1372 4418 Rcmte
1421 4363 1617 4430 legitur
1645 4366 1866 4416 conten-

269 4454 413 4509 disse
463 4460 647 4509 contra
689 4456 884 4510 Judeos
940 4441 1007 4509 de
1050 4457 1361 4524 virginitate
1410 4461 1610 4510 sanctce
1650 4458 1858 4512 Mariae.

268 4546 369 4602 Cui
396 4564 511 4602 cum
546 4548 706 4604 Judei
733 4548 1039 4618 objicerent,
1072 4564 1167 4603 cur
1190 4553 1420 4604 matrem
1457 4548 1663 4604 Christi
1688 4554 1859 4605 tanto-
1894 4572 1930 4627 με

266 4657 389 4711 pere
414 4640 742 4717 defenderet,
790 4644 890 4711 qui
913 4643 1091 4711 ipsum
1134 4643 1450 4697 illuminare
1493 4658 1597 4697 non
1617 4647 1792 4713 posset
1836 4662 1855 4696 :

272 4752 301 4787 ‹‹
330 4735 614 4801 Triduum,
642 4737 843 4805 inquit,
866 4739 1158 4805 expectate,
1182 4739 1233 4789 et
1250 4736 1525 4802 magnalia
1548 4736 1752 4791 Christi
1782 4738 1859 4790 vi-

267 4828 459 4883 debitis
481 4830 537 4882 in
560 4844 658 4883 me.
695 4846 722 4879 »
756 4829 895 4882 Erat
924 4832 1102 4882 autem
1124 4831 1250 4898 post
1283 4828 1532 4881 triduum
1549 4830 1859 4898 puriﬁcatio

266 4920 465 4981 sanctae
493 4917 708 4985 Mariae,
742 4932 860 4986 qua:
890 4918 1163 4983 festivitas
1204 4932 1259 4971 eo
1286 4919 1519 4985 tempore
1546 4918 1724 4972 Roma:
1752 4932 1858 4971 non

265 5010 328 5059 ut
344 5006 506 5067 modo
531 5005 606 5060 ad
641 5007 897 5062 Sanctam
919 5007 1158 5060 Mariam
1184 5006 1464 5075 Majorem,
1512 5009 1593 5060 set
1619 5006 1693 5059 ad
1718 5007 1858 5061 San-

264 5098 407 5149 ctam
417 5096 651 5150 Mariam
667 5095 739 5149 ad
749 5096 1017 5164 Martyres
1036 5093 1424 5150 celebrabatur.
1440 5094 1534 5149 Ad
1544 5111 1711 5164 quam
1720 5095 1858 5149 dum

267 5183 495 5238 domnus
512 5198 671 5261 papa
699 5188 750 5237 et
789 5183 982 5237 Judeos
1020 5187 1071 5237 et
1099 5184 1420 5237 christianos
1445 5184 1506 5237 in
1537 5183 1720 5238 eadem
1748 5185 1856 5238 sol-

264 5269 540 5325 lemnitate
585 5274 933 5333 convocasset,
980 5270 1162 5337 affuit
1201 5275 1249 5324 et
1291 5284 1439 5325 oecus
1483 5275 1539 5325 et
1580 5285 1857 5339 responso-

263 5360 414 5414 rium
431 5375 467 5414 a
482 5374 537 5414 se
556 5360 903 5430 compositum
926 5358 986 5413 id
1007 5363 1122 5414 est:
1154 5359 1409 5423 «Gaude,
1430 5361 1617 5416 Maria
1640 5381 1665 5409 »
1693 5357 1759 5393 ³⁸³
1785 5360 1859 5414 ad

1981 3305 2324 3361 Francorum
2359 3301 2526 3375 digna
2563 3308 2741 3358 morte
2769 3300 2945 3373 periit.
2978 3299 3284 3356 Praedictus
3311 3300 3575 3358 Ysidorus

1980 3396 2263 3470 hucusque
2285 3394 2753 3463 adbreviationem
2779 3403 3095 3467 temporum
3114 3392 3393 3465 perduxit.

2049 3496 2175 3547 617.
2209 3492 2407 3547 Romae
2441 3486 2761 3557 Deusdedit,
2810 3504 2950 3561 papa
2990 3492 3132 3557 70'“,
3163 3486 3305 3544 sedit
3330 3488 3486 3546 annis
3514 3496 3569 3558 3,

1977 3600 2163 3642 mense
2185 3583 2301 3641 fere
2327 3589 2380 3640 1.

2048 3684 2172 3734 618.
2232 3677 2333 3733 His
2372 3675 2442 3712 ¹⁸³
2478 3675 2826 3749 temporibus
2867 3676 3196 3734 Jerosolima
3253 3670 3403 3734 inter
3434 3677 3569 3735 alias

1973 3772 2259 3830 Palestina:
2279 3772 2444 3829 urbes
2470 3787 2502 3827 a
2523 3770 2802 3828 Chosdroe
2824 3784 2953 3843 rege
2979 3772 3272 3828 Persarum
3310 3779 3489 3844 capta,
3512 3778 3569 3828 et

1974 3884 2109 3924 crux
2135 3866 2415 3924 dominica
2441 3866 2499 3921 in
2526 3864 2807 3922 Persidem
2837 3863 3071 3921 abducta
3100 3872 3204 3922 est.

2046 3967 2173 4020 620.
2205 3964 2404 4017 Romae
2425 3957 2740 4016 Bonifacius
2764 3960 2827 4028 V,
2850 3974 2988 4032 papa
3008 3965 3152 4026 71‘",
3172 3956 3314 4016 sedit
3327 3961 3486 4018 annis
3504 3967 3560 4029 5,

1973 4057 2054 4111 vir
2088 4054 2245 4112 valde
2266 4054 2416 4111 mitis
2441 4062 2498 4110 et
2524 4053 2665 4126 pius.
2692 4054 2758 4108 In
2779 4052 3064 4109 Britannia
3090 4052 3352 4111 defuncto
3370 4062 3559 4111 sancto

1970 4150 2273 4206 Laurentio
2298 4147 2727 4218 archiepiscOpo,
2754 4146 2993 4203 Mellitus
3015 4148 3301 4203 successit.
3330 4149 3559 4217 Magun-
3622 4194 3629 4197 _

1971 4243 2064 4300 dat
2086 4258 2301 4316 magus,
2334 4256 2531 4313 genere
2562 4243 2750 4308 Persa,
2795 4239 2866 4296 ad
2894 4239 3061 4297 ﬁdem
3088 4240 3289 4298 Christi
3328 4254 3557 4294 conver-

1971 4354 2065 4394 sus
2087 4345 2145 4394 et
2166 4334 2484 4392 Anastasius
2515 4333 2718 4402 dictus,
2746 4333 3089 4391 Jerosolimis
3116 4334 3276 4391 mirae
3298 4332 3556 4390 sanctita-

1968 4433 2041 4490 tis
2064 4429 2367 4488 monachus
2390 4426 2647 4486 efﬁcitur.

2041 4534 2166 4585 622.
2204 4524 2487 4583 Bertrudis
2530 4521 2595 4557 1“
2639 4522 2856 4595 regina,
2921 4536 3062 4578 uxor
3109 4521 3360 4579 Lotharii
3412 4521 3556 4596 regis

1968 4624 2205 4698 piissime
2225 4621 2389 4678 bona:
2414 4617 2719 4687 memoriae,
2746 4615 2898 4672 obiit.

2038 4722 2162 4773 623.
2206 4715 2308 4771 His
2334 4712 2675 4785 temporibus
2702 4712 2909 4768 baeatus
2944 4710 3126 4767 Attala
3162 4720 3219 4768 et
3244 4720 3372 4785 post
3405 4711 3552 4769 hunc

1966 4809 2240 4867 Bertolfus
2267 4806 2568 4864 Bobienses
2598 4806 2838 4877 abbates,
2869 4814 2925 4862 et
2965 4815 3185 4863 sanctus
3211 4806 3403 4865 Gallus
3440 4807 3549 4863 cla-

1968 4910 2196 4960 ruerunt
2225 4899 2315 4956 ιδδ.
2908 4970 2911 4975 η

2038 4998 2160 5050 624.
2191 4994 2254 5047 In
2283 4990 2566 5048 Britannia
2596 4987 2855 5047 defuncto
2885 4988 3092 5045 Mellito
3118 4988 3549 5063 archiepiscopo,

1968 5084 2230 5144 successit
2267 5084 2482 5139 Justus.
2505 5080 2610 5152 Qui
2648 5080 2896 5153 sequenti
2924 5094 3065 5135 anno
3109 5078 3337 5135 beatum
3363 5076 3550 5131 Pauli-

1966 5191 2104 5232 num
2125 5172 2384 5230 ordinans
2411 5171 2751 5243 episcopum,
2781 5168 2976 5241 Anglis
3004 5166 3111 5223 illis
3139 5168 3234 5238 qui
3254 5163 3433 5221 adhuc
3462 5180 3552 5235 pa-

1963 5266 2088 5339 gani
2112 5271 2269 5322 erant
2297 5262 2714 5336 praedicatorem
2743 5268 2800 5317 et
2824 5258 3110 5316 doctorem
3138 5257 3311 5312 misit.

2035 5360 2161 5414 625.
2203 5359 2402 5411 Romae
2431 5351 2726 5421 Honorius,
2757 5366 2894 5423 papa
2922 5354 3066 5417 72ης,
3105 5345 3245 5402 sedit
3271 5346 3426 5404 annis
3464 5351 3556 5416 13,

1556 5473 1805 5527 VARI/Ii
1839 5469 2259 5527 LECTIONES.

336 5567 401 5602 ιτς
452 5568 711 5639 lugdunae
746 5571 1110 5642 superscripto
1130 5641 1133 5642 ν
1156 5567 1430 5642 Iundoniaa
1463 5578 1508 5642 ξ.
1536 5639 1551 5642 _
1585 5570 1731 5642 “gs.

264 5636 656 5695 Herimannum
676 5636 995 5695 emendavit.
1014 5636 1036 5640 ⁷
1074 5639 1139 5677 ’δι
1161 5641 1343 5711 Hujus
1366 5670 1437 5680 —
1452 5639 1702 5697 defendit
1722 5636 1829 5697 alio
1849 5644 2148 5696 atramento
2174 5640 2235 5692 in
2257 5641 2505 5711 margine
2531 5636 2723 5690 addita
2760 5638 2808 5711 1_.

263 5716 571 5766 atramento
600 5714 658 5765 in
687 5712 798 5766 loco
821 5728 961 5767 raso.
1008 5705 1463 5783 Fortasse'auctor
1484 5716 1663 5783 primo
1706 5713 2035 5767 Herimanni
2061 5711 2378 5783 sententiam
2418 5709 2483 5761 de
2525 5706 2848 5783 τςνγαξηιρτιι,
2877 5705 2974 5783 4}"?-
3021 5717 3046 5783 ξ

1774 5586 1830 5640 p.
1873 5572 1933 5624 in
1970 5570 2077 5623 loco
2105 5582 2264 5633 raso;
2309 5570 2391 5620 ita
2426 5571 2603 5640 noster
2628 5578 2708 5640 ea:
2751 5559 2932 5640 Gestis
2964 5574 3004 5629 p

3007 5560 3140 5613 ontt.
3190 5561 3554 5616 Romanorum

2887 5629 2962 5668 ⁸⁸³
2983 5644 3060 5684 m.
3093 5635 3141 5685 1.
3224 5630 3297 5667 ³³³
3319 5633 3429 5687 haec
3447 5634 3553 5687 alio

3047 5707 3329 5774 crtpserat,
3378 5719 3554 5758 recor-

264 5782 425 5837 datus
449 5786 649 5840 sancta:
676 5785 845 5839 crucis
869 5784 1233 5853 abreptionem
1250 5782 1370 5852 jam
1396 5799 1449 5836 a.
1482 5774 1588 5839 610
1611 5785 1832 5853 referri.
1912 5783 1984 5822 ’δ”
2008 5778 2296 5840 Gertrudis
2324 5781 2507 5834 littera
2534 5778 2581 5832 G
2599 5774 2765 5830 min-io
2785 5775 2989 5844 scripta
3019 5779 3067 5833 1.
3148 5774 3223 5811 ι⁸⁵
3242 5790 3350 5830 vos:
3371 5777 3430 5829 in
3448 5776 3554 5830 loco

268 5868 395 5909 raso
401 5898 414 5911 .
