4052 6196
552 252 687 307 1335
720 240 725 245 ⁷

549 375 645 448 qui
674 374 859 430 multis
893 373 1054 429 bonis
1082 371 1340 443 operibus
1362 368 1679 426 abundavit.

620 474 749 527 627.
771 470 835 523 In
851 466 1134 522 Britannia
1158 460 1404 521 Eduinus
1423 480 1515 521 rex
1537 464 1842 538 Anglorum
1859 481 1889 522 a
1908 465 2134 521 Paulino

444 622 455 635 ν
548 564 800 635 episcopo
826 575 1146 628 conversus,
1176 575 1305 616 cum
1333 572 1489 632 gente
1516 575 1612 616 sua
1639 560 1964 633 baptizatur,
1994 576 2135 617 anno

547 656 814 712 adventus
835 654 1135 725 Anglorum
1159 653 1213 709 in
1235 654 1575 710 Britanniam
1603 670 1741 725 pene
1773 660 1920 711 180°.

617 754 743 804 628.
766 750 968 804 Beatus
996 748 1316 804 Anastasius
1336 749 1645 803 monachus
1665 748 1835 804 multa
1859 764 1957 820 pro
1982 747 2138 803 Chri-

548 850 635 899 sto
664 849 937 898 tormenta
959 857 1166 914 passus,
1196 841 1423 899 tandem
1448 843 1505 898 in
1530 841 1754 898 Perside
1778 858 1811 898 a
1838 856 1965 914 rege
1987 841 2135 897 Cho-

547 935 709 993 sdroe
727 952 852 992 cum
873 936 992 991 aliis
1017 942 1083 991 70
1102 936 1489 1007 strangulatus,
1518 935 1712 990 martir
1732 934 1988 991 efficitur.
2012 937 2138 1007 Ipso

548 1044 690 1087 anno
735 1030 976 1086 Eraclius
1014 1030 1308 1101 imperator
1351 1028 1624 1085 Persidem
1670 1028 1845 1100 petiit,
1894 1030 2040 1085 victo
2086 1036 2140 1083 et

549 1124 734 1180 occiso
761 1122 1062 1191 Chosdroe,
1102 1122 1443 1180 dominicam
1490 1137 1710 1180 crucem
1751 1122 2136 1181 Jerosolimam

547 1218 776 1275 revexit.

556 1324 563 1331 ‘
620 1317 743 1368 630.
771 1310 1067 1368 Lotharius
1088 1326 1181 1367 rex
1205 1312 1546 1367 Francorum
1576 1310 1757 1380 fortis,
1782 1311 1905 1382 pius
1935 1319 1990 1367 et
2016 1309 2137 1368 reli-

551 1405 753 1477 giosus,
786 1404 938 1473 obiit,
968 1420 1115 1461 anno
1140 1406 1292 1477 regni
1324 1408 1441 1460 45°.

622 1502 745 1555 631.
789 1499 1138 1570 Dagobertus
1167 1515 1258 1555 rex
1289 1501 1649 1566 Francorum,
1680 1504 1872 1555 sancto
1910 1496 2138 1555 Arnollo

551 1596 793 1650 Mctense
834 1593 1089 1665 episcopo
1142 1600 1196 1648 et
1236 1593 1429 1664 Pipino
1479 1592 1688 1666 majore
1724 1592 1922 1649 domus
1978 1600 2140 1648 utens

550 1686 889 1755 consiliariis,
918 1687 1091 1743 nimio
1119 1686 1559 1759 amorejusticiaa
1592 1686 1668 1725 ³⁸6
1699 1685 1970 1758 ﬂagravit.

623 1785 749 1837 632.
784 1783 895 1835 Pax
917 1787 1181 1853 perpetua
1204 1780 1346 1836 inter
1368 1780 1644 1837 liraclium
1667 1780 2057 1852 imperatorem
2084 1786 2140 1836 et

548 1873 928 1946 Dagobertum
957 1874 1146 1946 legatis
1174 1874 1544 1931 mediantibus
1569 1884 1724 1946 pacta
1748 1882 1849 1930 est.

620 1972 746 2024 633.
785 1968 848 2023 In
882 1968 1172 2024 Britannia
1219 1967 1491 2036 Eduinus,
1522 1984 1618 2023 rex
1658 1968 1967 2040 Anglorum
1997 1966 2138 2038 paci-

548 2061 685 2118 ﬁcus
710 2069 766 2118 et
793 2061 931 2133 pius,
965 2079 997 2118 a
1030 2063 1254 2134 paganis
1283 2061 1508 2132 regibus
1537 2061 1890 2116 interimitur.

621 2159 747 2211 634.
816 2154 1041 2211 Oswald
1095 2155 1241 2210 filius
1308 2151 1559 2210 Edilfridi
1612 2154 2136 2221 christianissimus,

550 2248 741 2320 paucis
782 2247 1033 2308 collectis
1083 2255 1140 2303 et
1180 2246 1403 2303 adorata
1452 2262 1613 2303 cruce
1664 2263 1829 2319 quam
1874 2256 2138 2314 erexerat,

551 2339 928 2397 interfectores
950 2340 1150 2396 Eduini
1178 2341 1317 2411 regis
1341 2340 1638 2412 superavit,
1667 2340 1893 2412 ipseque
1926 2348 1960 2397 8
1984 2341 2144 2398 annis

554 2434 812 2505 regnavit.

624 2531 750 2581 635.
783 2527 886 2582 His
912 2526 1254 2598 temporibus
1277 2542 1404 2582 cum
1429 2527 1649 2599 Sergius
1675 2528 2140 2600 Constantinopo-

554 2621 778 2686 litanus,
795 2621 1073 2676 annitente
1089 2622 1230 2693 Cyro
1255 2620 1628 2677 Alexandrino
1651 2620 1890 2677 heresim
1917 2620 2143 2693 acepha-

434 2736 451 2747 κ
554 2716 736 2771 lorum
778 2715 847 2763 ³⁸7
891 2714 1227 2783 instaurans,
1263 2730 1430 2769 unam
1472 2715 1533 2769 in
1563 2713 1784 2791 Christo
1830 2715 2141 2785 divinitatis,

554 2818 608 2864 et
656 2808 1013 2864 humanitatis
1068 2808 1405 2864 voluntatem
1473 2816 1528 2864 et
1581 2809 1958 2879 operationem
2004 2808 2140 2881 dog-

556 2902 902 2970 matizasset,
943 2901 1232 2974 ipsumque
1274 2903 1667 2973 imperatorem
1691 2901 2025 2973 seduxisset,
2073 2903 2144 2960 ab

358 3008 369 3015 '
464 3042 473 3045 -
553 2996 849 3067 apostolica
881 2996 1009 3051 sede
1029 2994 1321 3052 damnatus
1349 3003 1455 3051 est.

623 3094 749 3144 637.
782 3088 1251 3160 Constantinopoli
1288 3088 1531 3145 Eraclins
1558 3090 1857 3161 imperator
1882 3105 1914 3145 a
1952 3091 2140 3162 Sergio

553 3182 1166 3254 Constantinopolitano
1197 3182 1455 3253 episcopo
1484 3182 1539 3237 in
1569 3182 1843 3251 haeresim,
1875 3192 1938 3239 ut
1964 3184 2137 3251 aiunt,

552 3276 813 3334 inductus
846 3276 998 3333 obiit.
1030 3279 1136 3331 Pro
1175 3292 1284 3348 quo
1312 3276 1608 3333 Eraclonas
1632 3292 1760 3333 cum
1783 3286 1962 3334 matre
1988 3280 2137 3334 Mar-

553 3371 667 3427 tina
712 3371 873 3429 annis
913 3378 943 3425 2
993 3369 1251 3440 regnavit.

622 3469 752 3522 638.
782 3467 979 3520 Romae
998 3461 1260 3519 defuncto
1280 3479 1417 3536 papa
1444 3463 1716 3532 Honorio,
1738 3465 1964 3521 cessavit
1986 3465 2143 3522 sedes

555 3558 852 3630 apostolica
882 3572 1092 3613 annum
1128 3563 1178 3627 1,
1224 3573 1440 3614 menses
1470 3566 1525 3625 7,
1555 3558 1670 3614 dies
1705 3563 1789 3626 l4,
1833 3558 1959 3630 quia
1990 3562 2141 3616 Con-

556 3651 907 3723 stantinopoli
941 3651 1235 3707 auctoritas
1277 3650 1584 3724 imperialis
1615 3659 1796 3707 morte
1829 3653 2142 3723 principum

557 3743 803 3800 nutabat.
849 3745 974 3811 Quo
1010 3752 1256 3813 tempore
1286 3744 1673 3801 Lateranensis
1702 3744 1992 3801 thesaurus
2026 3745 2143 3802 dis-

560 3844 764 3891 tractus
793 3843 897 3890 θεῖ.

630 3933 755 3984 639.
811 3929 1280 3999 ConstantinOpoli
1321 3938 1542 3985 mortuo
1605 3930 1862 3985 Eraclona
1908 3932 2145 4002 impera-

559 4031 700 4091 tore,
729 4019 895 4077 frater
922 4022 1037 4093 ejus
1073 4024 1464 4078 Constantinus
1490 4023 1737 4093 regnavit
1778 4024 2060 4080 mensibus
2086 4031 2141 4081 6.

628 4122 753 4173 640.
808 4116 1274 4186 Constantinopoli
1324 4124 1451 4188 post
1485 4125 1726 4172 mortem
1764 4118 2135 4189 Constantini,

556 4211 702 4267 ﬁlius
728 4210 916 4281 ipsius,
944 4210 1473 4281 Constantinus,'qni
1499 4217 1556 4265 et
1581 4210 1871 4279 Constans,
1902 4213 2145 4283 regnavit

555 4304 715 4360 annis
744 4310 831 4359 28.
873 4305 1072 4359 Romae
1114 4302 1425 4372 Severinus,
1459 4319 1595 4375 papa
1632 4310 1769 4369 73"“,
1806 4305 1946 4361 sedit
1988 4322 2140 4363 men-

555 4397 706 4455 sibus
750 4404 805 4465 2,
846 4397 1035 4453 diebus
1062 4403 1125 4465 4;
1167 4405 1290 4468 post
1326 4412 1491 4468 quem
1533 4398 1759 4453 cessavit
1802 4399 2145 4472 episcopatus

556 4491 833 4548 mensibus
857 4497 916 4547 5.

623 4590 743 4639 64L
771 4588 965 4641 Romae.
991 4586 1274 4643 Johannes
1294 4589 1390 4655 IV,
1410 4602 1547 4658 papa
1574 4591 1711 4654 74"“,
1737 4585 1882 4643 sedit
1911 4602 2055 4643 anno
2085 4595 2103 4644 1
2119 4630 2134 4656 ,

554 4678 837 4734 mensibus
871 4678 978 4734 fere
1012 4686 1108 4745 10;
1165 4681 1254 4751 qui
1293 4681 1459 4735 missa
1498 4681 1742 4752 pecunia,
1796 4682 2002 4737 multos
2050 4698 2139 4738 ca-

556 4772 729 4842 ptivos
756 4772 814 4826 in
844 4772 1043 4827 Histria
1070 4780 1123 4827 et
1152 4773 1426 4830 Dalmatia
1450 4791 1480 4829 a
1502 4775 1746 4831 barbaris
1767 4776 2018 4832 redemit.

622 4870 748 4919 642.
778 4865 974 4919 Roma:
1004 4863 1350 4934 Theodorus,
1378 4882 1514 4938 papa
1560 4875 1701 4936 75‘”,
1731 4867 1869 4924 sedit
1896 4868 2052 4924 annis
2080 4875 2134 4938 6,

553 4957 832 5013 mensibus
863 4956 974 5013 fere
1011 4964 1069 5013 6.
1118 4959 1223 5013 Hic
1259 4976 1487 5031 corpora
1520 4970 1838 5017 sanctorum
1880 4963 2049 5017 Primi
2082 4972 2137 5019 et

551 5050 792 5109 Filiciani
820 5051 1032 5121 levavit,
1059 5060 1116 5108 et
1138 5052 1414 5110 hereticos
1433 5054 1732 5111 damnavit.
1757 5057 1818 5110 In
1848 5057 2133 5113 Britannia

549 5144 770 5200 Oswald
796 5160 892 5200 rex
923 5145 1226 5217 Anglorum
1259 5147 1555 5217 piissimus,
1592 5157 1779 5204 contra
1810 5148 2134 5207 Pendanum

547 5254 733 5310 regem
764 5254 1039 5313 paganum
1080 5255 1323 5311 pugnans
1352 5241 1625 5311 occubuit,
1660 5250 1712 5297 et
1740 5242 1982 5314 plurimis
2012 5254 2135 5316 post

546 5341 786 5389 mortem
816 5334 1091 5390 miraculis
1119 5332 1328 5388 claruit.
1360 5335 1467 5388 Pro
1498 5350 1606 5406 quo
1644 5336 1813 5396 frater
1837 5337 1950 5410 ejus
1980 5340 2132 5395 Oswi

543 5428 786 5497 regnavit
801 5429 960 5484 annis
975 5434 1065 5485 28.

615 5525 740 5575 644.
779 5520 1015 5577 Sanctus
1062 5521 1339 5588 Paulinus,
1379 5520 1738 5580 Eboracensis
1765 5524 2047 5597 episcopus
2074 5533 2129 5581 et

1470 220 1477 223 ’
1526 244 1637 301 ΑΒ
1674 244 1900 302 orem
1938 244 1996 301 s.
2033 241 2353 302 caseos]!
2387 242 2821 301 APPENDICES.

3657 250 3761 306 {336

2157 374 2212 436 Α
2243 367 2447 431 (ιοοῑοιι,
2484 368 2813 440 Anglorum,
2857 384 3003 425 anno
3041 368 3381 442 episcopatus
3421 372 3654 430 vicesimo
3688 376 3763 432 mi-

2243 463 2420 537 gravit
2440 462 2509 519 ad
2530 463 2861 531 Dominum,
2891 470 2924 521 6
2953 462 3078 519 ldus
3105 464 3374 521 Octobris.

2316 563 2441 613 645.
2492 561 2615 613 Hoc
2653 564 2899 629 tempore
2931 557 3134 630 Pyrrus
3172 558 3765 633 Constantinopolitanus,

2246 651 2421 723 Sergii
2442 658 2500 707 et
2527 651 2581 705 in
2604 650 2731 707 sede
2752 658 2806 706 et
2841 651 2897 706 in
2922 649 3096 707 heresi
3117 666 3418 721 successor,
3437 669 3559 710 cum
3584 670 3612 710 a
3635 656 3769 713 Theo-

2245 746 2383 803 doro
2422 760 2561 817 papa
2598 743 2810 801 dudum
2859 744 3180 811 damnatus,
3225 760 3292 801 ex
3335 744 3539 803 Affrica
3577 751 3770 807 Romam

2248 841 2525 909 venisset,
2572 847 2627 895 et
2672 838 2854 895 fictam
2903 838 3263 910 penitentiam
3299 840 3771 915 satisfactionemque

2247 934 2576 995 simulasset.
2621 931 2858 1004 benigne
2897 940 3181 1004 susceptus
3218 940 3273 989 et
3300 934 3662 991 reconciliatus
3695 945 3771 993 est.

2247 1031 2443 1084 Postea
2470 1042 2598 1083 vero
2630 1026 2863 1084 domum
2892 1041 3163 1095 reversus,
3194 1032 3249 1082 et
3282 1042 3520 1085 errorem
3550 1036 3773 1100 repetens,

2247 1121 2426 1178 denuo
2456 1122 2525 1178 ab
2558 1121 2674 1194 ipso
2702 1136 2840 1193 papa
2868 1119 3165 1192 depositus,
3194 1124 3486 1177 damnatus
3517 1128 3570 1178 et
3592 1122 3775 1179 anathe-

2248 1217 2479 1273 mizatus
2501 1222 2601 1270 est.

2320 1315 2443 1366 646.
2474 1309 2578 1365 His
2605 1308 2944 1380 temporibus
2982 1307 3143 1365 beata
3184 1308 3335 1381 virgo
3384 1308 3677 1377 Gerdrudis,
3702 1309 3779 1366 ﬁlia

2251 1402 2449 1477 Pipini,
2485 1418 2642 1459 soror
2670 1401 2972 1458 Grimoaldi
3000 1403 3276 1474 majorum
3295 1402 3516 1472 domus,
3534 1403 3780 1459 Nivalensis

2249 1497 2467 1555 cenobii
2498 1505 2691 1564 mater,
2722 1496 3016 1553 virtutibus
3040 1495 3251 1552 claruit.
3276 1496 3461 1568 Hujus
3478 1511 3622 1553 soror
3643 1500 3781 1569 Begga

2248 1601 2303 1648 et
2342 1590 2461 1663 ipsa
2488 1590 2763 1662 religiosa,
2793 1589 2999 1661 Angiso
3029 1589 3202 1646 sancti
3241 1589 3461 1646 Arnolﬁ
3483 1589 3587 1646 ﬁlio
3618 1592 3780 1662 nupsit,

2254 1687 2343 1742 cui
2384 1684 2546 1740 etiam
2578 1684 2837 1755 Pipinum
2868 1683 3140 1755 iuniorem
3170 1685 3406 1755 peperit.

2321 1785 2447 1836 647.
2476 1778 2579 1834 His
2605 1776 2948 1850 temporibus
2985 1793 3115 1833 cum
3144 1777 3348 1833 Paulus
3377 1777 3779 1849 Constantinopo-

2245 1874 2444 1930 litanus
2472 1870 2627 1945 Pyrri
2657 1886 2942 1927 successor
2977 1869 3218 1927 heresim
3261 1886 3379 1926 non
3407 1870 3579 1927 solum
3605 1886 3698 1926 non
3717 1869 3781 1925 di-

2246 1968 2516 2032 mitteret,
2548 1974 2633 2021 set
2660 1972 3063 2038 augmentaret,
3110 1965 3411 2037 ipsumque
3451 1966 3781 2036 imperatorem

2247 2077 2376 2118 cum
2416 2059 2532 2115 aliis
2570 2058 2885 2126 seduceret,
2916 2073 3015 2113 nec
3044 2073 3075 2112 a
3120 2056 3324 2114 domno
3358 2074 3500 2131 papa
3530 2056 3783 2114 admonitus

2247 2163 2302 2211 et
2330 2154 2639 2224 increpatus
2678 2152 3025 2224 resipisceret
3065 2159 3122 2208 et
3150 2151 3267 2223 ipse
3305 2150 3642 2209 indentidem
3663 2150 3780 2207 dam-

2246 2255 2408 2304 natus
2436 2255 2539 2303 est.

2317 2344 2443 2397 648.
2486 2342 2761 2412 Tempore
2802 2338 3119 2396 Constantis
3158 2338 3513 2411 imperatoris
3553 2353 3667 2411 gens
3696 2338 3787 2393 Sar-

2247 2450 2570 2492 racenorum
2644 2432 3021 2490 crudelisSima
3094 2433 3301 2491 multas
3385 2431 3671 2506 provincias
3726 2444 3788 2484 va-

2252 2529 2433 2586 stavit.

2321 2628 2450 2679 649.
2500 2625 2699 2679 Romae
2727 2621 3016 2691 Martinus,
3056 2636 3191 2694 papa
3246 2627 3401 2690 76°“,
3431 2620 3568 2677 sedit
3603 2617 3731 2675 annis
3752 2624 3790 2685 ὓ,

2252 2716 2531 2773 mensibus
2556 2715 2670 2773 fere
2697 2723 2749 2772 2.
2782 2718 2903 2786 Quo
2941 2724 3194 2786 tempore
3234 2716 3442 2771 Paulus
3469 2713 3794 2770 Constantina

2251 2811 2543 2883 politanus,
2563 2810 2677 2881 ipso
2694 2810 3022 2881 imperatore
3046 2810 3347 2864 Constante
3378 2807 3622 2875 seducto,
3635 2807 3797 2879 legatos

2252 2904 2561 2977 apostolicae
2608 2902 2755 2959 sedis
2800 2918 2899 2975 pro
2928 2901 3102 2958 heresi
3152 2918 3278 2958 eum
3320 2909 3605 2975 arguentes
3645 2913 3798 2955 carce-

2246 2997 2396 3055 ribus
2439 3006 2495 3054 et
2550 2997 2724 3054 exiliis
2764 2996 2994 3066 afﬂixit,
3068 3004 3125 3051 et
3184 2995 3480 3052 catholicis
3525 2993 3801 3063 ubicumque

2248 3090 2424 3161 potuit
2452 3089 2883 3162 persecutionem
2912 3088 3184 3145 excitavit.

2317 3187 2442 3239 650.
2497 3183 2770 3239 Martinus
2818 3198 2955 3255 papa
3014 3182 3321 3239 indictione
3391 3198 3532 3239 nona
3585 3175 3802 3235 siuodum

2248 3283 2445 3336 Romae
2484 3282 2586 3334 105
2632 3278 3020 3349 episcoporum
3086 3276 3314 3349 colligit,
3370 3276 3434 3332 in
3477 3290 3571 3349 qua
3608 3275 3801 3345 Cyrum,

2178 3390 2183 3397 ·
2248 3373 2530 3445 Sergium,
2581 3371 2814 3428 Paulum
2864 3388 2993 3428 cum
3041 3370 3374 3443 sequacibus
3434 3367 3619 3427 erroris
3667 3364 3802 3422 dam-

2248 3467 2422 3524 navit.

2320 3566 2445 3617 651.
2494 3562 2693 3616 Beatus
2727 3559 2969 3616 Aidanus
3010 3559 3322 3632 Scottigena
3352 3558 3439 3597 ι⁸⁸
3473 3558 3730 3631 episcOpus
3760 3558 3803 3607 ct

2248 3655 2445 3713 doctor
2471 3654 2792 3727 Anglorum,
2824 3662 2875 3711 2.
2910 3655 3035 3709 Kal.
3063 3655 3215 3726 Sept.
3243 3653 3505 3710 decessit.

2320 3754 2445 3805 652.
2472 3752 2592 3805 Hoc
2619 3758 2870 3818 tempore
2898 3748 2982 3804 Oli
2993 3748 3172 3819 mpius
3190 3746 3467 3804 exarchus
3494 3764 3525 3802 a
3553 3747 3805 3802 Constante

2248 3843 2577 3915 imperatore
2614 3842 2832 3899 Italiam
2880 3842 3107 3909 missus,
3162 3857 3289 3897 cum
3337 3841 3609 3897 domuum
3650 3849 3806 3910 papam

2248 3945 2564 4008 ceterosque
2608 3936 2663 3991 in
2713 3935 2819 3991 title
2879 3935 3143 3990 catholica
3202 3934 3494 3990 unanimes
3558 3933 3805 4003 depravare

2249 4031 2435 4103 eisque
2478 4045 2678 4086 nocere
2724 4045 2831 4084 non
2865 4036 3066 4101 posset,
3098 4028 3328 4084 tandem
3371 4044 3511 4084 cum
3540 4041 3666 4099 papa
3689 4020 3802 4096 paci.

2248 4124 2461 4180 ﬁcatur.

2319 4223 2447 4274 653.
2503 4220 2563 4272 ln
2621 4216 2902 4272 Britannia
2950 4216 3231 4272 Honorius
3302 4216 3614 4288 Anglorum
3659 4207 3801 4267 archi-

2251 4311 2537 4382 episcopus
2556 4310 2713 4378 obiit,
2736 4326 2833 4381 pro
2863 4326 2973 4381 quo
3003 4308 3303 4365 Deusdedit
3338 4312 3402 4364 l0
3423 4309 3581 4365 annis
3603 4301 3801 4380 praefuit.

2320 4408 2443 4459 654.
2506 4405 2701 4458 Beatus
2750 4420 2886 4475 papa
2956 4403 3226 4459 Martinus
3274 4403 3437 4475 jussu
3494 4397 3808 4461 Constantis,

2168 4518 2220 4581 Β
2249 4496 2472 4554 heretici
2536 4497 2919 4567 imperatoris,
2977 4497 3034 4551 in
3089 4496 3311 4552 basilica
3372 4494 3663 4552 Salvatoris
3709 4502 3812 4562 qua:

2247 4590 2694 4648 Constantiniana
2737 4589 2958 4657 dicitur,
3005 4590 3460 4662 comprehensus,
3493 4598 3552 4645 et
3577 4589 3817 4645 Constan-

2248 4685 2535 4757 tinopolim
2578 4683 2894 4756 perductus,
2936 4700 3062 4739 cum
3095 4684 3239 4739 ﬂecti
3281 4684 3596 4740 nullatenus
3634 4683 3815 4753 posset

2248 4778 2410 4834 exilio
2442 4778 2495 4834 in
2536 4779 2775 4834 Cersona
2804 4777 3101 4835 damnatus
3128 4786 3232 4834 est.

2316 4877 2441 4928 655.
2490 4874 2763 4929 Martinus
2800 4888 2934 4945 papa
2979 4872 3036 4926 in
3066 4872 3229 4927 exilio
3265 4870 3521 4944 migravit
3553 4869 3624 4925 ad
3650 4864 3821 4923 Domi-

2244 4983 2401 5034 num,
2441 4966 2619 5040 ibique
2651 4969 2898 5039 sepultus
2923 4966 3205 5022 miraculis
3231 4965 3423 5021 claruit
3445 4963 3820 5037 postmodum;

2246 5075 2346 5132 pro
2384 5075 2494 5131 quo
2525 5062 2721 5115 Romae
2762 5059 3054 5132 Eugenius,
3087 5074 3222 5131 papa
3252 5065 3391 5126 77'",
3422 5057 3570 5114 sedit
3594 5054 3746 5112 annis
3774 5059 3822 5118 2,

2244 5153 2520 5211 mensibus
2545 5153 2657 5209 fere
2686 5158 2769 5221 ιο,
2794 5153 2872 5208 vir
2897 5153 3167 5225 benignus
3192 5160 3247 5208 et
3265 5153 3433 5207 mitis.
3458 5153 3529 5207 In
3552 5146 3825 5210 Britannia

2244 5247 2462 5303 Pendan
2510 5263 2604 5302 rex
2648 5245 2975 5302 Merciorum
3029 5260 3303 5320 paganus,
3350 5244 3419 5299 ab
3472 5236 3645 5300 Osvi’i
3678 5254 3823 5312 reget

2240 5341 2411 5396 sancti
2451 5339 2697 5396 Oswaldi
2727 5339 2919 5408 fratre,
2961 5340 3139 5396 victus
3168 5338 3393 5407 interiit,
3422 5345 3477 5393 et
3521 5352 3665 5410 gens
3692 5338 3827 5393 Mer-

2239 5434 2455 5490 ciorum
2482 5434 2676 5489 Christi
2704 5432 2869 5489 lidem
2898 5434 3126 5506 accepit.

2311 5530 2438 5582 656.
2491 5530 2683 5583 Petrus
2725 5527 3371 5600 Constantinopolitanus
3411 5525 3574 5599 quasi
3629 5520 3828 5583 satisiao

1829 5676 2075 5732 VARIAE
2112 5679 2425 5736 LECTION
2436 5681 2529 5735 ES.

611 5799 685 5835 '85
712 5814 900 5856 amore
927 5799 1159 5857 Justinus
1188 5805 1311 5857 edd.
1397 5805 1463 5853 "7
1498 5802 1833 5875 acephorum
1866 5808 1916 5858 1.

2001 5805 2074 5842 ’⁸⁸
2102 5807 2373 5879 sottigena
2407 5812 2457 5863 ι.
