3988 6188
196 256 215 309 1
229 256 331 310 337

1100 252 1390 343 APPEND.
1428 251 1518 308 III.
1557 280 1628 292 —
1662 250 2080 312 MONUMENTA
2119 253 2580 312 GREGORIANA.

3252 244 3255 251 ”
3342 260 3485 315 1338

188 379 339 434 ciens
360 392 457 450 pro
474 374 580 432 ﬁde
600 390 717 444 sua,
739 375 891 431 misit
908 377 1142 431 Romam
1163 375 1465 431 sinodicam
1488 376 1777 448 epistolam
1806 383 1859 446 Α
1888 381 1979 453 qui
2007 380 2285 454 porticum
2312 380 2485 437 sancti
2514 378 2661 436 Petri
2702 393 2980 436 marmore
3006 380 3217 438 stravit.
3249 381 3479 455 Cometa

187 470 342 528 valde
392 463 781 527 obscuram'et
807 467 1049 538 dubiam,
1094 476 1178 526 set
1224 485 1255 525 a
1301 469 1510 527 domno
1540 486 1682 544 papa
1728 479 1784 529 et

187 564 401 622 aeclesia
428 567 683 621 Romana
711 579 825 619 non
851 571 934 620 est
960 572 1198 635 accepta.

257 663 382 716 657.
414 661 612 716 Romae
646 658 885 732 Eugenio
915 652 1052 732 papa
1080 657 1363 727 defuncto,
1409 659 1637 716 cessavit
1662 661 1778 735 epi-

183 760 440 826 scopatus
467 752 747 808 mensibus
771 760 829 809 2.

256 852 385 903 858.
420 848 618 903 Romae
644 846 971 915 Vitalianus,
996 861 1137 919 papa
1167 853 1305 916 78M,
1327 845 1469 904 sedit
1496 850 1656 905 annis
1688 855 1775 919 14,

183 942 467 998 mensibus
494 946 547 997 6.
580 941 656 991 ³⁸9
683 939 789 1014 Qui
829 940 1005 996 literis
1034 956 1097 995 ex
1130 957 1288 998 more
1316 943 1777 1016 Constantinopo-

179 1035 280 1092 lim
304 1035 486 1092 missis
514 1035 571 1092 in
594 1033 724 1093 sede
752 1032 1135 1100 conﬁrmatus,
1164 1034 1434 1093 melesiam
1462 1039 1776 1095 Romanam

180 1129 469 1202 insig’niter
500 1128 657 1186 rexit.
1437 1188 1444 1197 η

252 1227 378 1281 659.
428 1222 841 1293 Constantinus,
889 1223 985 1296 qui
1033 1223 1423 1296 etConstans,
1474 1224 1777 1297 imperator

179 1326 366 1375 sancto
395 1319 559 1373 Petro
589 1316 815 1373 donaria
845 1316 1092 1389 preeiosa
1120 1320 1365 1373 Romam
1396 1317 1565 1373 misit.

251 1417 374 1468 660.
407 1414 472 1466 In
499 1409 651 1466 Italia
678 1409 939 1467 defuncto
967 1426 1096 1482 rege
1128 1410 1619 1483 Longobardorum
1664 1414 1771 1468 Ha-

179 1504 414 1574 riberto,
476 1502 587 1561 duo
646 1503 739 1560 ﬁlii
798 1504 916 1576 ejus
962 1503 1310 1562 Godabertus
1360 1512 1416 1561 et
1461 1506 1774 1563 Pertharich

176 1614 405 1673 regnum
433 1598 576 1654 inter
606 1613 663 1654 se
691 1597 1029 1667 dividebant,
1079 1614 1313 1671 quorum
1345 1615 1456 1655 uno
1485 1600 1687 1670 occiso,
1720 1601 1775 1659 id

176 1701 262 1752 est
310 1690 651 1760 Godaberto,
706 1691 987 1764 alteroque
1032 1691 1217 1766 fugato
1272 1692 1342 1749 ad
1397 1696 1611 1764 Hunos,
1642 1695 1776 1752 Gri-

1884 490 1987 546 per
2010 481 2041 530 3
2064 490 2281 532 menses
2313 475 2443 532 visa.

1959 573 2083 626 877.
2129 569 2359 626 Alclesia
2406 571 2715 635 Ravennas,
2756 582 2878 639 quae
2920 568 3347 640 autocephaliam
3377 572 3483 627 sibi

1885 679 2154 736 usurpans
2193 680 2222 719 a
2251 667 2505 721 Romana
2544 662 2861 729 desciverat,
2907 665 3071 718 Dono
3098 677 3252 736 papa:
3294 680 3352 721 se
3379 666 3477 723 ite-

1885 771 2011 812 rum
2041 757 2291 829 subjecit.
2912 768 2921 776 '

1957 854 2082 905 678.
2108 852 2300 907 Roma:
2320 848 2578 907 defuncto
2592 853 2779 922 Dono,
2803 858 2924 922 post
2947 857 2980 906 2
3002 865 3220 907 menses
3240 851 3477 925 Agatho,

1884 959 2022 1016 papa
2076 950 2148 1001 81
2198 985 2212 1013 ,
2269 944 2408 1000 sedit
2455 944 2614 1001 annis
2657 952 2711 1012 2,
2750 944 3026 999 mensibus
3074 949 3124 1000 6.
3166 957 3239 995 ²9ι
3294 948 3474 1013 atseG)

1878 1042 2057 1109 pontt.
2090 1039 2275 1105 Rom.)
2306 1041 2403 1094 Hic
2418 1054 2571 1110 papa
2599 1039 2747 1108 apud
2774 1041 3152 1108 imperatorem
3180 1041 3385 1108 effecit,
3417 1046 3479 1096 ut

1883 1136 2163 1203 quantitas
2190 1134 2541 1201 relevaretur,
2577 1148 2697 1203 quce
2716 1148 2821 1203 pro
2853 1133 3191 1188 ordinatione
3214 1137 3480 1205 pontiﬁcis

1881 1227 2041 1282 solita
2071 1232 2192 1281 erat
2222 1227 2382 1293 dari;
2428 1229 2506 1281 ita
2551 1230 2727 1281 tamen
2754 1230 2815 1280 ut
2846 1226 3113 1281 decretum
3143 1229 3390 1295 generale
3413 1229 3479 1283 de

1882 1321 2129 1375 electione
2136 1337 2297 1392 papa:
2308 1323 2474 1393 prius
2486 1321 2560 1375 ad
2580 1324 2956 1390 imperatorem
2970 1321 3300 1392 mitteretur,
3314 1336 3479 1391 quam

1880 1415 1972 1469 ille
1999 1419 2417 1471 consecraretur.
2452 1412 2741 1471 Wilfridus
2769 1413 3075 1486 Anglorum
3102 1413 3387 1485 episcopus
3410 1415 3478 1471 ab

1886 1507 2122 1580 Egberto
2150 1524 2276 1581 rege
2321 1508 2449 1565 sede
2491 1524 2589 1565 sua
2637 1507 2846 1581 pulsus,
2880 1507 3085 1563 multos
3123 1507 3179 1563 in
3221 1507 3380 1564 exilio
3409 1507 3478 1566 ad

1884 1602 2192 1658 Dominum
2218 1604 2507 1660 convertit.

1954 1701 2080 1753 679.
2129 1696 2523 1753 Constantinus
2562 1703 2825 1769 angustus
2870 1694 3202 1767 legationem
3234 1698 3475 1752 Romam

175 1785 428 1844 moaldus
481 1785 590 1843 (lux
668 1788 1089 1845 Beneventanus
1151 1802 1382 1861 regnum
1448 1789 1773 1847 earumdem
1808 1760 1854 1825 Β
1883 1790 2068 1858 misit,
2121 1798 2176 1846 et
2242 1799 2303 1846 ut
2358 1806 2458 1862 pro
2527 1787 2877 1847 confutandis
2947 1788 3201 1846 hereticis
3251 1778 3479 1846 sinodus
3522 1852 3525 1859 λ

175 1881 438 1938 obtinuit.

246 1980 369 2031 661.
415 1974 536 2030 Hoc
562 1981 813 2047 tempore
843 1973 1176 2032 Paertharich
1207 1973 1277 2031 de
1307 1974 1472 2033 exilio
1497 1992 1770 2045 reversus,

173 2069 374 2125 iterum
407 2068 463 2124 in
490 2068 714 2125 exilium
740 2068 819 2125 ire
847 2076 931 2124 est
955 2068 1292 2141 compulsus.

242 2167 369 2219 662.
399 2163 813 2231 Constantinus,
844 2162 939 2234 qui
975 2170 1031 2218 et
1074 2163 1364 2231 Constans,
1394 2163 1610 2220 Italiam
1639 2180 1768 2222 con-

173 2264 257 2313 tra
283 2255 682 2329 Langobardos
709 2256 878 2324 venit,
910 2263 994 2312 set
1019 2255 1187 2312 nichil
1218 2256 1463 2328 profecit.

243 2355 367 2407 663.
398 2349 786 2407 Constantinus
824 2349 1124 2422 imperator
1165 2351 1410 2406 Romam
1438 2350 1607 2420 venit,
1652 2358 1709 2407 et
1736 2367 1768 2409 a

169 2443 442 2500 Vitaliano
502 2458 639 2516 papa
685 2443 982 2500 honoriﬁce
1022 2449 1328 2515 susceptus,
1376 2451 1565 2500 sancto
1605 2447 1767 2500 Petro

173 2538 402 2611 pallium
428 2553 564 2595 auro
592 2537 782 2594 textile
833 2537 1065 2604 obtulit;
1094 2544 1180 2592 set
1213 2544 1405 2593 cuncta
1436 2553 1572 2610 pene
1597 2553 1768 2594 orna-

170 2640 364 2689 menta
390 2632 542 2689 urbis
574 2637 650 2683 '9"
678 2632 903 2688 abstulit
926 2632 1018 2685 ‘90.

242 2731 368 2784 664.
408 2726 641 2799 Eclipsis
682 2725 814 2784 solis
842 2730 876 2781 5
918 2728 1104 2781 Nonas
1148 2724 1280 2781 Maii
1324 2723 1486 2781 facta.
1536 2728 1601 2781 In
1648 2724 1763 2780 Bri-

166 2821 355 2878 tannia
384 2837 415 2878 a
443 2820 641 2877 Scottis
669 2828 725 2877 et
768 2820 961 2892 Anglis
990 2819 1223 2892 quaestio
1266 2818 1335 2875 de
1363 2818 1562 2890 pascha
1597 2819 1766 2875 venti-

164 2915 336 2983 latur,
382 2923 436 2971 et
477 2914 646 2972 Scotti
694 2929 727 2971 a
756 2912 1018 2971 Wilfrido
1045 2912 1345 2985 presbitero
1372 2911 1769 2969 rationabiliter

162 3008 296 3065 victi
325 3016 477 3077 sunt,
509 3008 599 3082 qui
621 3017 806 3081 postea
832 3008 1116 3080 episcopus
1133 3005 1416 3063 ordinatur
1447 3007 1514 3078 (υ.
1541 3024 1593 3062 a.
1618 3011 1764 3073 678).

1882 1884 2181 1957 apostolica
2206 1884 2535 1941 auctoritate
2562 1882 3049 1955 Constantinopoli.
3081 1881 3255 1951 ﬁeret,
3287 1891 3479 1955 postu-

1880 1979 2030 2035 lavit.
2056 1978 2271 2051 Agatho
2291 1995 2427 2052 papa
2449 1978 2707 2035 sinodnm
2741 1983 2840 2033 120
2865 1977 3253 2049 episcoporum
3276 1977 3475 2041 Romae

1880 2072 2118 2144 collegit,
2150 2082 2205 2128 et
2244 2072 2517 2130 hereticos
2545 2089 2712 2128 unam
2758 2072 2815 2128 in
2844 2070 3063 2128 Christo
3094 2071 3471 2145 Operationem

1879 2164 2320 2239 dogmatizantes
2347 2166 2646 2223 damnavit.

1951 2266 2076 2316 680.
2126 2260 2358 2333 Eclipsis
2401 2260 2567 2326 lunae,
2605 2267 2662 2315 et
2697 2273 2898 2330 magna
2937 2259 3240 2316 mortalitas
3276 2262 3475 2316 Romae

1877 2354 2037 2412 facta.
2071 2353 2286 2429 Agatho
2316 2370 2456 2427 papa
2507 2353 2714 2426 legatos
2740 2352 3277 2424 Constantinopolim
3325 2353 3473 2409 misit

1879 2448 2175 2505 indictione
2222 2454 2274 2505 9.
2318 2448 2421 2518 Qui
2461 2446 2761 2503 honoriﬁce
2809 2446 2879 2502 ab
2934 2454 3167 2519 augusto
3209 2448 3471 2519 suscepti,

1880 2551 2043 2598 sextae
2073 2540 2272 2597 sinodo
2315 2540 2606 2597 universali
2658 2546 2761 2596 150
2804 2539 3189 2612 episcoporum
3234 2540 3468 2613 praefue-

1877 2643 2024 2702 runt,
2059 2644 2116 2690 et
2142 2634 2425 2691 convictos
2451 2633 2746 2701 hereticos,
2785 2648 2956 2689 unam
3004 2633 3060 2688 in
3108 2632 3329 2689 Christo
3372 2649 3473 2690 vo—

1877 2730 2139 2785 luntatem
2168 2737 2221 2784 et
2263 2726 2638 2800 operationem
2677 2732 3002 2792 asserentes,
3049 2725 3470 2798 damnaverunt,

1880 2820 1955 2873 193
1975 2829 2025 2878 et
2043 2829 2077 2879 9
2096 2820 2333 2893 capitula
2347 2823 2794 2891 conscripserunt.
2817 2816 3140 2874 Theodorus
3165 2818 3470 2891 Anglorum

1875 2917 2311 2990 archiepiscopus
2341 2913 2595 2972 sinodnm
2619 2911 2856 2984 collegit.

1946 3017 2072 3068 681.
2135 3008 2613 3081 Constantinopoli
2672 3014 2824 3063 sexta
2881 3003 3107 3061 sinodus
3154 3005 3473 3063 universalis

242 3109 363 3160 665.
411 3103 574 3173 Angli
618 3102 687 3159 ad
716 3101 1051 3158 Vitalianum
1081 3116 1275 3174 papam
1304 3116 1402 3173 pro
1430 3101 1685 3174 episcopo
1711 3109 1765 3157 et
1794 3117 1838 3180 ρ
1879 3110 1977 3162 150
2015 3104 2395 3179 episcoporum
2439 3101 2733 3159 indictione
2769 3115 2912 3155 nona
2956 3114 3148 3156 mense
3177 3098 3471 3156 Februario

161 3197 394 3254 doctore
418 3198 758 3269 postulatum
788 3199 1029 3252 Romam
1056 3194 1303 3252 mittunt.

238 3296 363 3347 668.
415 3293 480 3346 In
533 3290 715 3347 Sicilia
775 3290 1163 3347 Constantinus
1209 3289 1527 3361 imperator,
1569 3290 1661 3363 qui
1707 3298 1763 3347 et

157 3388 457 3453 Constans,
494 3392 621 3458 post
650 3384 857 3441 multas
884 3383 1315 3456 depraedationes
1342 3398 1437 3454 per
1459 3383 1761 3455 provincias

158 3488 336 3548 actas,
362 3479 584 3536 tandem
613 3494 644 3534 a
674 3477 786 3535 suis
831 3477 890 3532 in
935 3476 1130 3532 balneo
1162 3484 1478 3548 peremptus
1514 3485 1630 3546 est;
1661 3492 1759 3549 pro

158 3589 276 3646 quo
304 3573 693 3630 Constantinus
720 3571 839 3644 ejus
883 3569 1029 3625 ﬁlius
1068 3569 1316 3640 regnavit
1342 3569 1499 3624 anuis
1533 3575 1614 3639 17,
1654 3570 1759 3626 im-

160 3676 385 3741 perator
412 3682 541 3723 sane
571 3663 875 3722 catholicus
903 3669 960 3719 et
985 3662 1123 3733 pius.
1158 3665 1282 3718 Hoc
1323 3678 1471 3718 anno
1499 3662 1759 3720 Theodo-

158 3776 259 3817 rus
295 3761 734 3833 archiepiscopus
777 3774 809 3815 a
850 3758 1122 3815 Vitaliano
1168 3774 1305 3831 papa
1348 3756 1652 3827 ordinatus,
1703 3766 1760 3816 et

156 3870 288 3910 cum
334 3853 571 3910 Adriano
619 3851 812 3908 abbate
863 3850 933 3907 ad
963 3851 1171 3924 Anglos
1217 3852 1439 3922 missus,
1491 3851 1677 3909 multis
1704 3861 1758 3909 et

156 3946 330 4003 verbo
362 3945 565 4017 profuit
593 3955 648 4001 et
675 3945 943 4015 exemplo.

235 4043 362 4095 669.
392 4037 674 4095 Sarraceni
702 4038 946 4094 Siciliam
978 4046 1214 4093 vastant.

233 4140 357 4190 670.
393 4135 455 4189 In
487 4133 642 4189 Italia
672 4141 894 4188 mortuo
924 4130 1237 4187 Grimoaldo
1263 4130 1754 4202 Longobardorum

154 4244 314 4301 rege,
358 4226 676 4284 Pertharich
718 4242 952 4298 regnum
998 4233 1290 4298 paternum
1340 4230 1403 4280 17
1450 4224 1607 4280 annis
1655 4225 1751 4282 ob-

152 4322 345 4379 tinuit.

230 4421 353 4471 672.
385 4417 580 4472 Romae
603 4413 874 4470 Vitaliano
905 4427 1041 4486 papa
1061 4410 1317 4469 defuncto
1343 4410 1635 4469 indictione
1668 4417 1769 4477 15,.

1871 3211 2012 3270 acta,
2041 3209 2096 3257 et
2139 3198 2449 3255 Macharius
2471 3196 2850 3253 Antiochenus
2881 3208 3243 3268 sequacesque
3268 3194 3470 3251 erroris

1869 3294 2110 3352 damnati
2177 3300 2322 3349 sunt.
2387 3291 2598 3363 Quibus
2652 3289 2950 3358 damnatis,
2993 3287 3173 3344 subito
3218 3287 3469 3359 plurima:

1869 3403 2193 3446 aranearum
2235 3386 2359 3443 tela:
2402 3386 2458 3441 in
2497 3384 2719 3441 basilica
2747 3398 2939 3439 coram
2969 3381 3228 3439 omnibus
3266 3380 3470 3437 cecide-

1868 3491 2012 3550 rant,
2059 3481 2319 3537 hereticas
2381 3494 2558 3551 nugas
2596 3477 2836 3550 dejectas
2878 3492 3001 3534 esse
3051 3473 3461 3550 portendentes.

1869 3575 2083 3649 Agatho
2114 3590 2253 3647 papa
2295 3572 2549 3629 decessit.

1940 3676 2062 3725 682.
2110 3671 2309 3725 Romae
2372 3666 2631 3723 defuncto
2673 3663 2962 3738 Agathone
3020 3679 3181 3737 papa,
3230 3662 3469 3721 cessavit

1868 3763 2211 3835 episcopatus
2264 3776 2408 3817 anno
2443 3768 2497 3829 1,
2538 3758 2818 3815 mensibus
2842 3767 2893 3815 7.
2920 3778 2945 3791 κ

1936 3863 2061 3914 683.
2113 3860 2313 3913 Romae
2357 3856 2472 3911 Leo
2518 3855 2592 3923 II,
2637 3869 2775 3926 papa
2820 3858 2956 3921 82"“,
3006 3851 3149 3908 sedit
3190 3853 3469 3909 mensibus

1866 3950 1976 4008 fere
2018 3956 2117 4021 11;
2159 3950 2242 4006 vir
2287 3966 2385 4022 per
2428 3948 2611 4005 omnia
2641 3946 3045 4004 eruditissimus
3085 3954 3142 4002 et
3170 3946 3466 4018 piissimus,

1863 4046 1959 4117 qui
1996 4061 2094 4102 sua
2129 4044 2349 4101 decreta
2392 4043 2539 4111 fecit,
2574 4042 2806 4114 plurima
2851 4039 3067 4112 egregie
3096 4040 3331 4111 scripsit,
3363 4040 3465 4096 do—

1863 4138 1995 4207 cuit,
2041 4145 2097 4193 et
2156 4136 2455 4193 constituit.
2511 4137 2745 4191 Sanctus
2789 4132 3096 4189 Cudbertus
3148 4130 3464 4187 Lindiut'ar-

1865 4231 2047 4285 nensis
2075 4230 2306 4285 aaclesia:
2354 4231 2663 4299 episcopus,
2700 4225 3041 4283 Britanniam
3070 4224 3264 4281 multis
3301 4222 3465 4280 virtu-

1866 4322 2012 4378 tibus
2057 4321 2354 4378 decoravit.
3082 4386 3095 4399 κ

1937 4420 2062 4472 684.
2096 4418 2295 4471 Romae
2333 4411 2590 4469 defuncto
2629 4413 2835 4479 Leone,
2864 4413 3097 4467 cessavit
3122 4411 3465 4483 episcopatus

149 4517 283 4583 post
306 4513 337 4563 2
379 4523 597 4564 menses
637 4505 974 4575 Adeodatus,
1008 4522 1145 4579 papa
1174 4512 1316 4574 79u',
1340 4505 1485 4563 sedit
1508 4504 1667 4561 annis
1691 4512 1746 4573 4,
1778 4489 1827 4551 Ῑ)
1856 4526 1999 4567 anno
2035 4509 2148 4567 fere
2198 4515 2245 4566 1,
2295 4510 2429 4565 Post
2464 4522 2630 4579 quem
2663 4504 2991 4560 Benedictus
3033 4506 3107 4573 Il,
3142 4519 3276 4578 papa
3322 4509 3463 4576 83‘",

146 4601 436 4659 mensibus
494 4608 555 4668 2;
616 4600 701 4656 vir
760 4598 913 4655 valde
958 4599 1111 4655 mitis
1153 4608 1208 4655 et
1250 4599 1392 4671 pius,
1442 4599 1532 4672 qui
1583 4599 1753 4656 multa

139 4694 383 4755 mdiﬁeia
424 4698 621 4750 Romae
649 4691 975 4750 construxit.

226 4794 349 4845 673.
376 4791 497 4845 Hoc
528 4804 671 4845 anno
699 4786 1022 4844 Theodorus
1047 4786 1353 4859 Anglorum
1394 4785 1748 4860 archiepisco-

142 4899 257 4959 pus
285 4882 538 4939 sinodum
568 4882 760 4938 utilem
788 4880 1025 4953 collegit.
1660 4893 1667 4899 ’

224 4981 347 5032 674.
384 4976 753 5049 [Dagobertus
798 4988 871 5027 ι9ι
922 4990 1015 5031 rex
1045 4976 1404 5043 Francorum,
1449 4973 1751 5046 praecipuus

134 5071 518 5129 mcclesiarnm
586 5070 684 5125 Dei
742 5077 1053 5138 venerator,
1100 5067 1254 5125 obiit.
1316 5068 1589 5141 Regnavit
1645 5084 1746 5124 an-

135 5179 255 5222 nos
280 5170 371 5219 44.
398 5164 635 5221 Parisins
663 5164 979 5236 sepelitur.]

222 5262 347 5313 676.
394 5261 590 5314 Romae
617 5255 881 5314 defuncto
923 5255 1206 5313 Adeodato
1234 5272 1393 5330 papa,
1424 5263 1551 5328 post
1586 5271 1748 5312 men-

132 5365 235 5410 ses
266 5356 296 5406 4
330 5356 429 5408 112
463 5353 670 5421 Donus,
709 5367 846 5425 papa
875 5355 1016 5418 80"“,
1044 5349 1180 5407 sedit
1206 5364 1351 5408 anno
1383 5356 1430 5419 1,
1464 5364 1641 5407 mens.
1679 5355 1748 5418 5;

1865 4604 2007 4662 sedit
2039 4602 2323 4661 mensibus
2368 4608 2434 4658 ιο
2462 4600 2546 4656 vir
2576 4598 2708 4656 satis
2752 4595 3057 4654 laudabilis.
3097 4598 3338 4656 Cometa:
3370 4615 3463 4672 ap.

1865 4706 2078 4770 parent.

1935 4796 2060 4847 685.
2090 4792 2288 4845 Romae
2327 4797 2451 4862 post
2491 4787 2690 4860 pascha
2732 4785 2991 4843 defuncto
3026 4785 3340 4854 Benedicto,
3367 4805 3457 4845 cx-

1858 4885 1993 4941 aetis
2031 4884 2152 4955 plus
2179 4882 2394 4940 duobus
2430 4881 2714 4938 mensibus
2746 4879 3023 4936 Iohannes
3051 4882 3119 4949 V,
3153 4895 3293 4953 papa
3320 4887 3456 4950 84M,

1858 4977 2001 5035 sedit
2037 4992 2181 5033 anno
2229 4982 2280 5032 1.
2325 4975 2434 5046 Qui
2477 4974 2626 5047 prius
2670 4973 3115 5042 archidiaconus,
3149 4973 3360 5047 legatus
3400 4974 3454 5029 in

1857 5078 2007 5127 sexta
2055 5068 2255 5127 sinodo
2305 5068 2619 5142 apostolicae
2655 5066 2801 5125 sedis
2836 5066 3031 5125 fuerat.
3075 5066 3461 5124 Constantino-

1858 5166 1967 5238 poli
2008 5164 2370 5223 Constantino
2413 5165 2743 5237 imperatore
2788 5163 3080 5230 defuncto,
3133 5162 3274 5217 ﬁlius
3340 5161 3457 5231 ejus

1856 5260 2193 5316 Justinianus
2228 5258 2475 5333 regnavit
2512 5258 2668 5317 annis
2702 5264 2805 5328 10;
2826 5258 2927 5332 qui
2976 5255 3147 5312 heresi
3191 5251 3454 5326 pollutus,

1858 5351 2177 5410 orthodoxis
2215 5361 2299 5409 est
2324 5350 2568 5410 infestus.

1513 5527 1765 5585 VARI/ﬁ
1797 5527 2223 5585 LECTIONES.

220 5680 288 5727 l'9
320 5680 438 5735 νυ.
484 5695 621 5734 corr.
655 5679 731 5734 VI
765 5683 814 5735 1.
895 5682 972 5727 l9°
1002 5678 1065 5732 in
1093 5678 1200 5731 loco
1228 5691 1377 5733 raso.

1462 5690 1534 5729 ιθ·
1568 5680 1655 5735 hic
1682 5682 1743 5736 in
1769 5680 1943 5736 codice
1975 5686 2024 5736 1.
2064 5681 2178 5736 alia
2203 5696 2370 5737 manu
2397 5684 2448 5737 et
2474 5681 2582 5735 alio
2604 5680 2909 5733 atramento
2936 5678 3159 5735 inserta.
3189 5679 3445 5735 Historia:

134 5755 264 5823 tam
304 5752 593 5820 Dagoberti
638 5752 682 5804 Ι.
730 5765 899 5820 quam
942 5750 1021 5805 Π.
1057 5753 1395 5819 repugnant;
1428 5753 1487 5806 in
1515 5752 1691 5823 codice
1737 5756 1790 5807 2.
1823 5751 2097 5823 eademne
2140 5753 2354 5823 reliqua
2392 5767 2561 5823 manu
2603 5751 2895 5817 leguntur;
2938 5750 3140 5806 adsunt
3180 5754 3233 5805 et
3278 5753 3337 5805 in
3386 5757 3437 5807 3.

138 5831 218 5861 ιω
245 5820 354 5877 Mc
376 5824 482 5879 alio
511 5826 813 5877 atramento
837 5823 894 5875 in
923 5836 1103 5888 marg.
1148 5827 1194 5876 1.
1228 5835 1373 5877 anno
1403 5826 1507 5878 677
1537 5821 1794 5892 adsignat
1823 5829 1877 5880 2.

1959 5822 2027 5861 ³⁸³
2054 5828 2105 5880 et
2130 5822 2279 5882 VIIII
2307 5840 2355 5880 c.
2388 5837 2438 5880 c.
2470 5822 2578 5876 alio
2604 5825 2932 5880 atramento.
