4052 6196
555 319 690 372 1339

1553 313 1644 369 AD
1684 313 1911 370 OPERA
1948 315 2004 372 S.
2047 313 2368 372 GREGORII
2403 314 2838 371 APPENDICES.

3699 320 3810 373 1340

621 445 746 497 686.
811 445 1004 497 Romae
1050 438 1304 494 defuncto
1355 438 1625 506 Iohanne,
1675 449 1798 510 post
1851 445 1881 496 3
1928 456 2142 497 menses
2176 449 2227 510 Α
2258 444 2499 498 Leonem
2559 449 2617 497 et
2659 439 2962 513 Tyberium
3009 439 3225 511 imperii
3275 454 3588 511 pervasores
3629 443 3808 499 occidit.

548 538 760 603 Conon,
808 550 942 606 papa
990 539 1126 602 85"”,
1187 532 1499 603 ordinatus,
1545 532 1684 589 sedit
1725 535 2005 591 mensibus
2057 541 2141 602 11,

549 630 628 684 vir
664 630 794 684 item
835 625 1138 683 laudabilis.
1185 630 1252 682 In
1282 627 1552 683 Britannia
1599 638 1818 684 sanctus
1863 629 2144 686 Iohannes

549 720 995 791 Hagustaldensis
1019 721 1304 792 episcopus
1327 721 1506 778 clarus
1531 721 1782 779 habetur.

618 821 740 869 687.
777 818 972 871 Romae
1017 814 1275 871 defuncto
1306 817 1531 872 Conone
1555 817 1757 873 exactis
1795 817 1907 874 fere
1933 825 1964 873 3
1993 833 2146 873 men-

546 909 715 979 sibus,
777 909 1018 981 Sergius,
1069 925 1203 981 papa
1256 916 1395 977 86"“,
1446 909 1585 966 sedit
1629 910 1783 966 annis
1829 917 1915 979 13,
1965 927 2140 968 mens.

545 1001 662 1058 fere
691 1009 744 1058 9.
792 1003 895 1076 Qui
941 1003 996 1057 in
1036 1002 1144 1058 ﬁde
1188 1003 1456 1059 catholica
1487 1003 1662 1071 fortis,
1709 1005 2144 1076 persecutionem

545 1097 612 1152 ab
641 1105 873 1168 augusto
917 1096 1230 1152 Iustiniano
1275 1113 1464 1168 passus
1511 1105 1612 1153 est.
1658 1098 1754 1155 Vir
1795 1099 1995 1172 quippe
2025 1115 2143 1155 san-

545 1199 665 1246 ctus
691 1199 745 1245 et
770 1189 1026 1246 omnibus
1048 1189 1209 1246 bonis
1234 1191 1496 1246 intentus.

618 1291 742 1340 688.
807 1283 1063 1341 Ceadwal
1126 1300 1221 1340 rex
1270 1284 1684 1341 occidentalium
1731 1288 2026 1356 Saxonum,
2071 1286 2142 1343 ad

545 1377 710 1434 fidem
739 1377 939 1434 Christi
969 1394 1267 1436 conversus
1297 1382 1372 1430 l94
1400 1383 1642 1436 Romam
1690 1383 1760 1430 '95
1801 1380 1966 1448 venit,
1996 1389 2050 1436 et
2087 1381 2142 1436 in

546 1471 773 1528 sabbato
802 1480 991 1528 sancto
1021 1472 1236 1544 paschae
1277 1490 1307 1529 a
1349 1475 1534 1546 Sergio
1575 1491 1708 1546 papa
1754 1475 2063 1546 baptizatus
2091 1483 2145 1530 et

543 1569 737 1622 Petrus
782 1574 1025 1635 vocatus,
1084 1566 1220 1622 inibi
1265 1567 1318 1622 in
1371 1567 1508 1624 albis
1549 1568 1858 1637 defunctus,
1907 1570 1975 1624 ab
2027 1569 2143 1640 ipso

544 1676 681 1732 papa
710 1675 929 1715 summo
976 1659 1182 1716 honore
1213 1661 1510 1718 tumulatus
1539 1671 1594 1719 et
1638 1662 1955 1736 epithaphio
1986 1662 2145 1718 deco-

548 1763 698 1810 ratus
727 1764 828 1811 88L

2252 535 2576 591 Gallicinum
2628 534 2994 608 patriarcham
3039 542 3357 590 excecatum
3387 537 3626 590 Romam
3671 537 3810 603 misit,

2252 638 2306 686 et
2338 630 2392 685 in
2421 631 2540 685 loco
2561 629 2677 702 ejus
2695 631 2902 702 Cyrum
2927 628 3205 695 abbatem,
3237 629 3332 700 qui
3356 644 3414 684 se
3436 629 3494 684 in
3525 632 3698 685 Ponto
3718 646 3816 685 exu-

2251 724 2358 779 lem
2387 724 2614 793 aluerat,
2661 723 2959 795 promovit.
3008 726 3090 778 De
3119 722 3226 778 hoc
3266 722 3606 794 imperatore
3653 723 3814 793 fertur,

2253 817 2400 890 quod
2439 819 2694 890 quotiens
2737 833 2766 871 a
2797 816 3130 872 detruncatis
3165 816 3393 872 naribus
3431 817 3707 888 profluum
3730 827 3815 872 ter-

2250 913 2402 984 serit,
2423 913 2626 968 totiens
2644 911 2882 982 aliquem
2914 909 2982 965 de
3013 909 3245 965 inimicis
3268 910 3383 965 suis
3404 911 3596 982 perimi
3612 911 3816 982 jusserit.

2251 1008 2446 1062 Romae
2477 1005 2756 1060 Iohannes
2785 1007 2910 1071 VII,
2935 1020 3072 1075 papa
3097 1011 3238 1072 88‘“,
3266 1003 3410 1059 sedit
3429 1004 3590 1060 annis
3617 1005 3818 1067 duobus.

2251 1099 2531 1156 mensibus
2578 1098 2688 1154 fere
2732 1106 2786 1165 8,
2837 1097 2920 1152 vir
2981 1096 3244 1153 facundus
3285 1105 3341 1153 et
3384 1097 3654 1153 eruditus.
3709 1100 3820 1152 San-

2247 1202 2366 1251 ctus
2396 1193 2470 1244 ‘95
2498 1191 2682 1250 Heddi
2715 1193 3004 1264 episcopus
3034 1190 3288 1262 migravit
3317 1191 3388 1248 ad
3417 1191 3741 1247 Dominum.

2324 1294 2445 1343 706.
2479 1287 2764 1343 Iohannes
2810 1302 2947 1358 papa
2993 1285 3300 1341 oratorium
3329 1293 3535 1341 sanctae
3569 1285 3747 1341 Mariae
3770 1285 3824 1340 ad

2251 1383 2512 1438 Sanctum
2541 1383 2767 1438 Petrum
2810 1379 3136 1448 construxit,
3169 1389 3227 1436 et
3258 1379 3462 1437 multas
3488 1379 3725 1436 ecclesias
3749 1395 3822 1435 or-

2253 1477 2421 1532 navit.

2323 1578 2450 1627 707.
2494 1573 2614 1626 Hoc
2659 1577 2908 1640 tempore
2944 1568 3272 1624 Haribertus
3315 1584 3411 1624 rex
3452 1567 3820 1640 Langobardo-

2252 1681 2380 1720 rum
2441 1662 2841 1735 possessionem
2901 1661 3108 1733 alpium
3174 1662 3505 1727 Cottiarum,
3561 1660 3756 1717 dudum
3797 1676 3820 1713 a

2251 1757 2618 1830 Longobartis
2654 1765 2872 1828 captam
2911 1765 2966 1812 et
3008 1755 3311 1823 detentam,
3359 1771 3456 1826 per
3498 1754 3813 1826 privilegium

615 1854 740 1904 689.
792 1851 854 1903 In
885 1849 1036 1905 Italia
1066 1850 1283 1932 Alachis
1311 1851 1420 1907 dux
1449 1851 1796 1924 tyrannidem
1840 1852 2059 1922 invasit,
2091 1861 2146 1908 et
2173 1830 2219 1890 Β
2254 1852 2432 1908 aureis
2463 1851 2637 1906 literis
2666 1850 2934 1921 scriptum
2969 1858 3160 1906 sancto
3191 1852 3352 1905 Petro
3379 1848 3721 1920 Iohannique
3745 1863 3816 1919 pa-

545 1943 781 1998 maxime
811 1943 1035 1999 clericos
1059 1944 1386 2017 insequitur.

611 2043 735 2092 690.
799 2037 1121 2093 Theodorus
1180 2039 1505 2094 venerabilis
1589 2039 1897 2110 Anglorum
1968 2040 2148 2095 archi-

543 2130 846 2202 episcopus,
898 2147 1042 2186 anno
1091 2131 1357 2187 adventus
1402 2133 1488 2188 sui
1536 2133 1590 2186 in
1640 2133 1979 2188 Britanniam
2028 2139 2143 2201 23°,

545 2224 722 2280 aetatis
751 2239 878 2278 vero
908 2231 1028 2291 88°,
1060 2223 1320 2293 decessit;
1367 2226 1460 2297 qui
1497 2225 1693 2281 librum
1739 2227 2145 2297 penitentialem

546 2317 675 2373 satis
704 2317 895 2372 utilem
920 2317 1258 2388 conscripsit.

617 2415 743 2464 694.
794 2411 896 2464 His
925 2409 1120 2465 diebus
1146 2410 1257 2466 duo
1301 2411 1463 2483 Angli
1494 2411 1798 2482 presbiteri,
1823 2412 1958 2468 dum
1982 2415 2148 2468 Saxo-

561 2504 720 2558 nibus
768 2503 1149 2574 praedicarent,
1196 2503 1438 2559 martirio
1482 2507 1753 2572 coronati,
1793 2515 1847 2562 et
1876 2507 2148 2563 miraculis

551 2595 827 2664 declarati,
853 2611 881 2650 a
910 2597 1108 2666 Pipino
1136 2597 1381 2653 Colonia:
1408 2606 1538 2653 sunt
1567 2599 1842 2654 tumulati.

618 2697 741 2746 695.
789 2690 1256 2760 Constantinopoli
1297 2691 1640 2747 Iustinianus
1669 2693 1965 2765 imperator
1994 2695 2148 2751 here-

546 2783 686 2838 ticus
732 2799 763 2838 a
809 2786 998 2838 Leone
1050 2792 1103 2839 et
1145 2783 1379 2856 Tyberio
1441 2785 1667 2842 abscisis
1713 2787 1933 2844 naribus
1975 2806 2145 2861 regno

553 2877 804 2948 expulsus
841 2885 944 2947 est,
993 2886 1048 2932 et
1087 2877 1198 2949 ipse
1229 2880 1342 2934 Leo
1373 2895 1602 2952 regnum
1632 2886 1662 2934 3
1692 2897 1862 2937 annos
1890 2883 2141 2939 obtinuit.

545 2970 640 3024 Vir
687 2979 904 3025 sanctus
963 2971 1386 3040 Willibrordus,
1455 2990 1484 3028 a
1537 2975 1726 3046 Sergio
1786 2992 1917 3046 papa
1977 2976 2146 3030 archi-

542 3065 828 3136 episcopus
857 3063 1143 3120 ordinatus
1192 3073 1244 3119 et
1275 3065 1528 3122 Clemens
1567 3076 1810 3136 vocatus,
1839 3070 1983 3140 genti
2018 3071 2144 3126 Fre-

541 3174 741 3214 sonum
775 3158 1100 3229 praedicans,
1133 3157 1424 3214 virtutibus
1454 3160 1670 3216 claruit.

617 3258 742 3308 696.
794 3252 1015 3324 Sergius
1077 3268 1238 3323 papa,
1300 3253 1541 3308 Domino
1593 3255 1879 3324 revelante,
1921 3272 2141 3328 capsam

545 3361 672 3400 cum
720 3346 972 3417 portione
1001 3345 1293 3402 dominicae
1320 3347 1496 3402 crucis
1524 3348 1746 3404 invenit.

616 3446 739 3496 697.
788 3443 850 3495 In
910 3440 1192 3496 Britannia
1257 3451 1478 3498 sanctus
1524 3443 1870 3511 Cudbertus,
1913 3460 1976 3498 ex
2017 3460 2142 3500 ana-

549 3533 767 3588 choreta
829 3533 1152 3606 episcopus,
1220 3535 1474 3606 migravit
1538 3535 1608 3590 ad
1657 3538 1959 3592 Dominum
2021 3547 2142 3610 post

546 3627 741 3680 multas
793 3627 1053 3695 virtutes;
1120 3628 1279 3699 cujus
1325 3628 1489 3684 vitam
1535 3629 1678 3685 Beda
1735 3630 2002 3700 presbiter
2051 3631 2138 3687 de-

544 3719 775 3789 scripsit.

618 3817 740 3865 698.
810 3811 1280 3883 Constantinopoli
1343 3815 1590 3872 Tiberius
1655 3817 1944 3890 imperium
1998 3819 2142 3875 inva-

543 3902 697 3968 dens,
760 3905 1001 3957 Leonem
1050 3904 1436 3975 imperatorem
1495 3916 1526 3962 7
1574 3910 1732 3966 annis
1793 3912 1990 3983 quibus
2029 3913 2140 3984 ipse

546 4002 667 4066 post
693 3994 836 4049 hunc
861 3995 1122 4067 regnabat
1145 3997 1197 4050 in
1239 4013 1453 4054 carcere
1480 4001 1671 4056 tenuit.

615 4093 741 4145 699.
773 4090 894 4144 Hoc
928 4097 1178 4160 tempore
1221 4089 1447 4146 sinodus
1474 4093 1868 4165 Aquilegiensis
1893 4096 2055 4166 facta,
2090 4069 2160 4154 et~

545 4181 765 4252 quidam
819 4183 913 4253 qui
975 4182 1270 4240 concilium
1312 4184 1564 4255 quintum
1613 4188 1912 4245 universale
1952 4192 2142 4249 nolue-

543 4284 668 4330 runt
697 4275 954 4347 recipere,
986 4291 1016 4330 a
1041 4276 1227 4348 Sergio
1257 4294 1394 4350 papa
1424 4281 1652 4336 correcti
1681 4291 1831 4337 sunt.

613 4375 735 4424 701.
772 4373 969 4426 Roma:
997 4369 1258 4426 defuncto
1301 4373 1511 4444 Sergio,
1557 4375 1838 4433 Iohannes
1879 4381 1972 4446 Vl,
2006 4395 2139 4451 papa

540 4469 678 4528 87"“,
711 4461 853 4518 sedit
881 4463 1034 4518 annis
1059 4470 1110 4532 3,
1146 4465 1428 4522 mensibus
1457 4472 1510 4522 2.

2259 1962 2341 2018 p33
2371 1945 2620 2002 reddidit.

2330 2046 2453 2094 708.
2504 2041 2704 2096 Romae
2746 2038 3017 2094 Sisinnius
3059 2053 3197 2109 papa
3245 2043 3362 2092 89‘"
3411 2036 3714 2103 ordinatus,
3756 2036 3815 2089 in-

2256 2141 2604 2207 gravescente
2633 2131 2896 2205 podagra,
2928 2137 2996 2187 20
3045 2139 3262 2186 tantum
3290 2130 3480 2186 diebus
3511 2130 3810 2201 supervixit.

2257 2231 2389 2285 Post
2407 2244 2571 2299 quem
2593 2227 2978 2282 Constantinus
3005 2241 3142 2298 papa
3172 2227 3286 2280 90‘"
3311 2223 3574 2290 effectus,
3600 2224 3722 2280 sedit
3741 2238 3815 2276 an-

2258 2321 2343 2376 nis
2373 2328 2426 2389 7,
2457 2321 2654 2376 diebus
2690 2327 2773 2375 15.

2329 2422 2455 2471 709.
2505 2413 2809 2472 Coenredus
2837 2430 2938 2470 rex
2988 2414 3342 2480 Merciorum,
3372 2420 3427 2467 et
3455 2428 3594 2467 cum
3634 2427 3696 2466 eo
3722 2409 3819 2466 Ofla

2255 2511 2436 2581 regius
2472 2509 2703 2581 juvenis,
2754 2509 2900 2564 filius
2939 2506 3166 2580 Sigiheri
3222 2507 3384 2579 regis,
3433 2506 3642 2561 relictis
3679 2503 3823 2574 regnis

2256 2607 2496 2660 Romam
2527 2603 2770 2665 veniunt,
2802 2603 2987 2673 ibique
3018 2601 3270 2657 monachi
3296 2599 3496 2666 effecti,
3532 2617 3648 2655 non
3677 2599 3821 2653 multo

2257 2707 2379 2770 post
2408 2697 2683 2752 obierunt.
2710 2694 3011 2753 Wilfridus
3031 2694 3338 2766 Anglorum
3368 2694 3667 2765 episcopus
3689 2692 3820 2756 obiit,

2257 2792 2344 2848 cui
2376 2796 2520 2847 Acca
2549 2791 2827 2846 successit.

2326 2891 2450 2940 710.
2507 2885 2782 2941 Adrianus
2809 2883 2976 2940 abbas
3018 2882 3367 2949 venerabilis,
3399 2897 3548 2937 anno
3585 2897 3647 2936 ex
3675 2896 3771 2953 quo
3802 2895 3824 2933 a

2255 2979 2523 3035 Vitaliauo
2555 2996 2692 3051 papa
2731 2978 2784 3033 in
2824 2977 3163 3033 Britanniam
3195 2992 3321 3032 cum
3349 2974 3648 3031 Theodoro
3674 2974 3823 3030 archi-

2253 3073 2506 3144 episcopo
2532 3071 2734 3128 missus
2754 3080 2837 3128 est
2861 3078 2955 3127 41°
2981 3070 3134 3126 obiit.
3167 3068 3520 3125 Hildebertus
3554 3085 3650 3124 rex
3681 3069 3826 3123 Fran-

2251 3182 2445 3222 corum
2470 3166 2626 3234 obiit,
2659 3182 2756 3236 pro
2787 3180 2894 3236 quo
2923 3165 3270 3236 Dagobertus
3297 3163 3454 3218 annis
3480 3169 3532 3217 5.

2324 3267 2448 3316 711.
2470 3259 2954 3331 ConstantinOpoli
2979 3258 3307 3330 Philippieus
3333 3259 3630 3328 imperator
3647 3255 3824 3321 factus,

2249 3354 2620 3410 Iustinianum
2668 3354 3062 3425 imperatorem
3117 3350 3349 3418 occidit,
3399 3359 3451 3406 et
3495 3350 3609 3421 ipse
3637 3363 3826 3405 annum

2249 3463 2424 3504 unum
2472 3455 2529 3503 et
2575 3464 2667 3503 sex
2714 3463 2929 3503 menses
2971 3445 3244 3518 regnavit,
3309 3443 3612 3500 catholicos
3663 3457 3825 3514 perse-

2250 3557 2444 3614 quens,
2506 3540 2766 3596 hereticis
2833 3540 3036 3595 favens.
3086 3537 3194 3605 (Cf.
3240 3538 3400 3593 Gesta
3449 3544 3631 3607 ponit.
3668 3542 3825 3598 Rom.)

2256 3637 2405 3692 Unde
2439 3647 2512 3686 '97
2543 3641 2592 3690 et
2620 3652 2654 3690 α
2683 3635 3024 3690 Constantino
3049 3649 3194 3703 papa
3225 3631 3296 3682 ι98
3325 3632 3823 3685 anathematizat‘ur.

2252 3732 2588 3800 Quapropter
2605 3731 2761 3798 regni
2778 3727 3111 3798 principibus
3143 3743 3260 3780 eum
3277 3741 3379 3796 pro
3403 3727 3826 3780 emmmunicato

2250 3823 2633 3890 devitantibus,
2664 3825 2875 3892 regium
2915 3820 3168 3875 diadema.
3197 3820 3458 3890 deponere
3487 3819 3821 3889 compellitur.

2321 3922 2444 3971 712.
2479 3915 2800 3971 Heribertus
2829 3931 2920 3970 rex
2946 3912 3442 3984 Longobardorum
3467 3912 3716 3978 moritur,
3741 3924 3822 3982 pro

2251 4026 2362 4082 quo
2387 4009 2792 4081 Liudprandus.

2320 4110 2444 4158 713.
2478 4101 2951 4180 Constantinopoli
2982 4101 3302 4157 Anastasius
3332 4100 3694 4172 Philippicum
3715 4113 3819 4152 ocu-

2251 4196 2313 4252 lis
2343 4204 2395 4251 et
2423 4195 2590 4267 regno
2621 4195 2872 4267 privavit,
2902 4203 2957 4250 et
2994 4193 3108 4266 ipse
3140 4194 3296 4249 annis
3325 4199 3355 4247 3
3380 4194 3640 4265 regnavit.
3785 4267 3788 4272 Ι

2320 4296 2445 4346 714.
2511 4289 2830 4345 Anastasius
2892 4288 3193 4359 imperator
3244 4287 3432 4342 missis
3485 4283 3821 4342 Constantino

2251 4400 2402 4456 papae
2446 4384 2654 4452 litteris,
2701 4399 2760 4439 se
2795 4381 3131 4440 catholicum
3161 4381 3478 4437 declaravit.
3527 4381 3742 4452 Pipinus
3767 4376 3825 4430 ti-

2248 4479 2356 4534 lius
2380 4477 2644 4548 Ansigisi,
2675 4493 2848 4548 nepos
2877 4477 3053 4532 sancti
3088 4474 3326 4542 Arnolfi,
3356 4475 3533 4547 major
3572 4475 3764 4530 domus
3783 4478 3828 4524 et

612 4562 735 4650 708.
784 4555 932 4612 Beda
978 4557 1242 4628 presbiter
1293 4560 1520 4632 Anglus,
1577 4561 1660 4616 vir
1701 4561 1918 4634 doctus,
1965 4582 2138 4637 usque
2170 4590 2216 4650 υ
2245 4570 2355 4626 dux
2377 4571 2740 4638 Francorum,
2770 4585 2914 4624 anno
2941 4567 3092 4640 regni
3117 4574 3212 4622 27°
3239 4568 3406 4635 obiit;
3437 4583 3534 4639 pro
3562 4583 3674 4640 quo
3702 4564 3830 4620 filius

539 4649 644 4703 huc
672 4648 931 4704 chronica
962 4651 1193 4707 minoris
1233 4652 1350 4707 libri
1381 4653 1448 4709 de
1493 4657 1834 4726 temporibus
1863 4659 2133 4729 perduxit.

544 4743 661 4795 Hoc
703 4749 946 4811 tempore
988 4758 1115 4797 cum
1148 4743 1396 4800 Gisulfus
1425 4745 1536 4801 dux
1582 4751 1873 4806 Beneventi
1905 4754 2134 4822 Campa-

544 4833 696 4888 niam
724 4841 961 4889 vastaret
991 4843 1045 4889 et
1071 4837 1311 4908 captivos
1331 4839 1649 4908 abduceret,
1671 4858 1701 4898 a
1725 4845 1972 4901 Iohanne
2003 4863 2139 4918 papa

544 4942 732 4997 pacem
799 4927 1106 4999 postulante
1176 4931 1320 4987 dona
1380 4933 1669 5006 accipiens,
1717 4939 1958 5010 captivos
2017 4940 2135 4996 red-

545 5021 701 5077 didit.

616 5121 740 5171 704.
799 5117 862 5172 1n
900 5116 1180 5173 Britannia
1229 5118 1448 5175 Edilred
1486 5137 1581 5177 rex
1610 5125 1956 5194 Mertiorum,
2004 5127 2136 5182 reli-

545 5218 632 5263 cto
667 5210 740 5260 l95
773 5226 940 5281 regno
975 5212 1068 5279 '95,
1100 5213 1442 5268 monachum
1469 5231 1526 5269 se
1559 5213 1703 5272 fecit.

611 5309 736 5358 705.
769 5305 1253 5375 ConstantinOpoli
1281 5307 1630 5364 Iustinianus
1659 5310 1956 5381 imperator
1985 5315 2136 5370 auxi-

542 5393 613 5446 lio
641 5393 873 5449 Terbelli
922 5395 1066 5466 regis
1106 5393 1492 5465 Vulgariorum
1522 5397 1813 5468 imperium
1846 5403 2130 5474 recipiens,

2247 4663 2362 4734 ejus
2404 4662 2643 4717 Karolus
2671 4663 2924 4734 regnavit
2950 4660 3106 4716 annis
3135 4666 3222 4717 27.

2317 4761 2439 4810 715.
2471 4757 2666 4810 Roma:
2716 4765 2791 4804 '99
2830 4751 3060 4810 defunto
3105 4753 3471 4809 Constantino
3507 4768 3669 4823 papa,
3700 4751 3831 4807 Gre—

2251 4850 2432 4921 gorius
2463 4851 2530 4917 ll,
2566 4865 2699 4920 papa
2731 4855 2850 4903 91“!1
2879 4847 2965 4914 ²⁰⁰,
3016 4847 3156 4903 sedit
3198 4863 3374 4902 annos
3407 4853 3493 4913 15,
3541 4861 3760 4901 menses
3786 4849 3831 4910 9,

2249 4946 2346 5013 qui
2370 4942 2434 4975 ²⁰⁰
2468 4949 2529 4998 17
2561 4943 2809 5013 capitula
2853 4944 3168 5011 conscripsit
3221 4945 3445 5006 (1277).
3497 4939 3833 5011 Dagobertus

2241 5036 2442 5107 junior,
2479 5036 2621 5090 ﬁlius
2666 5033 2994 5102 Hildeberti,
3042 5050 3140 5090 rex
3169 5035 3509 5090 Francorum
3539 5033 3698 5099 obiit,
3747 5046 3833 5104 pro

2246 5147 2354 5202 quo
2380 5129 2722 5200 Helpcricus,
2754 5129 2847 5200 qui
2879 5136 2934 5183 et
2967 5128 3178 5183 Daniel.

2317 5229 2442 5278 716.
2483 5223 2752 5294 Egbertus
2782 5221 2863 5276 vir
2891 5230 3131 5288 sanctus,
3163 5223 3383 5278 natione
3414 5222 3651 5294 Anglus,
3685 5223 3834 5276 Scot-

2245 5325 2332 5372 tos
2379 5315 2616 5387 legitime
2653 5314 2851 5386 pascha
2894 5315 3167 5371 celebrare
3198 5315 3402 5372 docuit.
3451 5315 3834 5370 Constantino-

2245 5405 2352 5477 poli
2397 5403 2741 5461 Theodosius
2791 5404 3092 5475 imperator
3121 5403 3302 5460 factus
3343 5421 3490 5460 anno
3520 5421 3541 5460 ι
3570 5402 3830 5477 regnavit.

1909 5505 2148 5558 VARIAZ
2185 5503 2618 5559 LECTIONES..

618 5579 689 5626 194
723 5593 886 5648 supra
906 5582 1002 5635 lin.
1085 5580 1239 5636 '95in
1259 5583 1364 5637 loco
1385 5599 1524 5639 raso.

1606 5587 1680 5635 '95
1707 5589 1814 5643 hrec
1832 5592 2012 5645 eadem
2035 5610 2195 5648 manu
2220 5595 2432 5648 addita.

2514 5603 2587 5641 '97
2619 5591 2734 5646 lucc
2757 5591 2870 5669 alio
2892 5598 3206 5648 atramento.
3285 5593 3500 5669 '9‘3‘gua:
3519 5598 3831 5669 sequuntur2

542 5650 732 5738 Ξίιίζοςο
757 5666 900 5738 raso.
981 5664 993 5687 ³
1007 5654 1570 5738 9?.R0‘ma3—menses
1599 5659 1679 5712 IX
1694 5663 1874 5729 prius,
1895 5671 1957 5717 ut
1971 5665 2033 5717 in
2048 5667 2395 5728 Ile-rimarum,
2419 5679 2558 5720 anno
2581 5669 2685 5719 714
2706 5665 2998 5734 adsignata
3017 5670 3174 5720 erant
3204 5672 3250 5720 1.
3327 5650 3503 5738 ’°°‘pp.
3525 5650 3657 5722 XCI
3675 5671 3725 5721 et
3749 5650 3830 5734 qui

540 5721 702 5776 XVII
741 5737 858 5793 cap.
910 5739 958 5777 c.
990 5724 1095 5778 alio
1121 5729 1438 5781 atramento.

2060 5807 2287 5861 ΝΟΤᾸΞ.

611 5863 820 5930 (1277)
849 5866 918 5917 A.
950 5869 1055 5918 714
1079 5865 1224 5935 apud
1253 5868 1676 5927 Ilerimannum.
