4052 6196
213 380 219 389 ο
282 352 408 404 1341

1183 345 1473 406 APPEND.
1516 351 1599 407 lll.
1640 380 1711 393 —
1747 352 2163 410 MONUMENTA
2202 351 2660 410 GREGORIANA.

3432 356 3565 411 1342

281 475 389 544 Qui
418 477 1186 547 Anastasiumimperatorem
1204 490 1386 549 pugna
1406 474 1635 545 victum,
1658 478 1869 551 presbi-
1896 485 1948 547 Α
1980 478 2257 548 Favarias,
2313 495 2381 535 ex
2425 480 2777 554 Augensibus
2816 478 3080 537 fratribus
3109 480 3372 538 instructa
3417 490 3563 537 sunt.

280 577 464 625 terum
495 571 736 627 ordinari
763 570 908 625 fecit.

348 668 472 718 717.
518 666 716 719 Romae
761 663 987 736 Tyberis
1041 680 1209 736 supra
1278 663 1511 721 modum
1563 665 1861 736 inundans,

276 755 452 814 multa
480 756 704 813 aediﬁcia
746 756 1031 814 subvertit.
1065 760 1187 815 Hoc
1229 767 1479 830 tempore
1531 760 1864 831 Winfridus,

276 851 368 924 qui
406 859 461 907 et
486 850 822 921 Bonifacius,
851 867 1046 925 genere
1076 853 1309 925 Anglus,
1342 855 1658 911 Germania:
1683 857 1863 927 genti-

278 945 383 1002 bus
434 946 661 1003 verbum
713 946 909 1005 salutis
940 947 1207 1023 praedicat
1258 948 1585 1007 auctoritate
1610 950 1865 1024 Gregorii

274 1055 448 1114 ρδρωο
1367 1110 1375 1119 .

345 1142 469 1192 718.
517 1137 995 1211 Constantinopoli
1026 1140 1143 1195 Leo
1180 1138 1481 1211 imperator
1522 1140 1680 1195 annis
1716 1147 1749 1196 9
1779 1156 1863 1197 re-

274 1230 480 1300 gnavit.
512 1231 678 1302 Cujus
717 1240 969 1303 tempore
998 1232 1282 1289 Sarraceni
1330 1234 1865 1306 Constantinopolim

273 1322 593 1380 obsidentes
622 1325 875 1393 triennio,
924 1326 1155 1384 tandem
1184 1327 1371 1384 divino
1418 1328 1641 1397 auxilio,
1696 1327 1860 1397 fame,

274 1426 447 1488 peste,
478 1416 622 1473 ferro
648 1418 999 1490 repelluntur.

345 1518 466 1567 719.
497 1515 727 1568 Sanctus
755 1512 1070 1570 Bonifacius
1095 1530 1125 1570 a
1156 1516 1424 1587 Gregorio
1453 1532 1594 1589 papa
1625 1520 1862 1589 Mogon-

272 1606 400 1661 tiaci
424 1605 868 1678 archiepiscopus
896 1607 1205 1672 ordinatus,
1237 1610 1427 1665 multis
1452 1611 1702 1683 gentibus
1733 1628 1860 1682 pro-

273 1698 373 1755 fuit
395 1699 572 1755 verbis
598 1708 652 1755 et
679 1702 959 1771 exemplis.

343 1799 467 1849 720.
502 1796 723 1850 Mortuo
756 1796 1065 1867 Helperico,
1114 1795 1453 1853 Teodericus
1506 1798 1651 1854 filius
1690 1802 1863 1871 Tago-

272 1888 408 1943 berti
433 1904 525 1944 rex
556 1904 585 1942 a
637 1888 845 1944 Karolo
885 1890 1261 1946 constituitur.
1294 1893 1529 1947 Sanctus
1562 1893 1861 1949 Ollimarus

273 1982 422 2037 cellae
450 1983 623 2038 sancti
659 1983 797 2039 Galli
829 1983 1041 2054 primus
1066 1983 1236 2040 abbas
1276 1986 1629 2054 constitutus,
1670 1994 1739 2043 40
1768 2003 1861 2043 an-

274 2076 357 2130 nis
385 2076 537 2131 rexit.

343 2174 435 2223 721
454 2212 464 2225 .
485 2170 723 2226 Karolus
748 2171 1145 2243 Reginfredum
1164 2172 1317 2241 vicit,‘
1334 2173 1649 2244 Andegavis
1668 2175 1861 2230 urbem

272 2263 317 2316 vi
350 2264 508 2333 cepit.
530 2266 763 2319 Sanctus
805 2265 1081 2321 Johannes
1102 2266 1551 2338 Hagustaldensis
1578 2268 1864 2340 episcopus

273 2356 428 2411 obiit.

272 2456 277 2467 '
344 2456 468 2504 722.
510 2451 749 2506 Karolus
779 2452 1171 2507 Alemanniam
1213 2462 1265 2508 ct
1297 2454 1601 2525 Bajoariam
1628 2456 1857 2527 subegit.

343 2549 467 2598 723.
514 2547 716 2609 (Bene:
754 2545 969 2611 Chron.)
1026 2548 1146 2600 Hoc
1186 2554 1434 2617 tempore
1464 2564 1664 2619 corpus
1694 2549 1863 2603 sancti

272 2637 560 2710 Augustini
632 2638 703 2694 de
747 2638 995 2694 Sardinia
1046 2640 1101 2694 in
1139 2640 1389 2696 Ticinum
1452 2658 1485 2696 a
1528 2641 1863 2699 Ludbrando

273 2732 594 2788 translatum
626 2740 729 2788 est.

344 2832 471 2882 724.
514 2825 755 2882 Karolus
786 2827 1019 2883 transito
1045 2828 1237 2900 Ligere
1278 2827 1630 2898 Aquitaniam
1663 2838 1861 2887 vastat.

270 2921 496 2975 Sanctus
524 2920 821 2975 Pirminius
852 2919 1024 2976 abbas
1055 2929 1107 2975 et
1152 2920 1573 2995 chorepiscOpus
1601 2940 1630 2978 a
1654 2925 1863 2981 Karolo

270 3014 456 3085 Augiae
481 3014 670 3069 insulae
700 3014 1016 3085 praefectus,
1058 3024 1336 3085 serpentes
1371 3015 1496 3072 inde
1536 3016 1776 3088 fugavit,
1809 3027 1862 3073 et

268 3106 605 3163 cenobialem
649 3109 813 3163 vitam
860 3109 933 3164 ibi
967 3109 1229 3176 instituit,
1255 3110 1413 3164 annis
1466 3117 1515 3165 3.
1550 3112 1619 3146 ³ο¹
1670 3113 1864 3167 Chor-os

268 3218 435 3272 αγρεε,
462 3204 609 3271 regio
639 3204 804 3257 latine
830 3204 1053 3269 dicitur,
1082 3205 1227 3257 unde
1250 3205 1669 3274 chorcpiscopus,
1697 3207 1756 3259 id
1787 3211 1865 3261 est

267 3297 566 3364 regionah’s
595 3299 899 3367 episcopus,
935 3300 1031 3368 qui
1054 3316 1151 3368 per
1176 3302 1407 3366 regiones
1438 3299 1715 3356 discurrit.

338 3396 464 3445 725.
495 3390 782 3446 Sarraceni
806 3390 1015 3445 Gallias
1050 3400 1267 3446 vastant
1297 3392 1476 3462 praeda
1502 3400 1557 3448 et
1586 3393 1857 3449 incendio.

339 3489 461 3538 726.
497 3484 600 3554 (Cf.
634 3487 948 3543 Emuanm
984 3487 1165 3540 Vitam
1194 3488 1397 3553 Karoli,
1431 3504 1478 3541 c.
1520 3487 1594 3558 1.)
1620 3489 1860 3543 Karolus

269 3580 605 3634 Sarracenos
639 3595 747 3633 una
796 3594 925 3633 cum
956 3594 1085 3650 rege
1137 3594 1330 3633 eorum
1364 3582 1676 3650 prostravit.
1739 3583 1859 3636 lluc

270 3687 442 3743 usque
510 3670 654 3727 Beda
714 3672 1038 3726 venerabilis
1111 3672 1380 3743 presbiter
1446 3672 1698 3728 chronica
1760 3690 1855 3728 sua

269 3764 524 3835 perduxit
570 3765 626 3819 in
654 3764 847 3837 majori
905 3764 1043 3819 libro
1099 3764 1165 3819 de
1209 3765 1568 3837 temporibus.
1615 3768 1735 3821 Huc
1785 3768 1856 3804 ²⁰²

270 3874 443 3930 usque
480 3874 714 3929 regnum
784 3860 1213 3925 Romanorum;
1268 3857 1459 3914 exhinc
1516 3861 1855 3916 Francorum

264 3960 619 4024 supputatur.
646 3952 889 4007 Karolus
940 3952 1111 4024 Pipini
1141 3952 1302 4022 filius,
1332 3969 1459 4008 cum
1494 3954 1612 4024 jam
1645 3955 1853 4026 princi-

264 4054 454 4116 patum
484 4046 661 4118 major
705 4046 905 4102 domus
961 4052 1024 4100 12
1075 4046 1230 4100 annis
1277 4048 1559 4115 tenuisset,
1612 4048 1853 4119 posthaec

261 4139 501 4194 eundem
534 4140 899 4211 principatum
934 4144 997 4195 15
1038 4140 1197 4195 annis
1226 4139 1486 4209 obtinuit,
1528 4142 1745 4219 regibus
1767 4152 1843 4197 ta-

260 4248 393 4288 men
423 4233 479 4287 in
504 4233 753 4300 Francia,
779 4242 861 4287 set
884 4249 1043 4305 parva
1076 4233 1342 4303 dignitate
1366 4235 1738 4305 regnantibus.

334 4334 461 4381 727.
490 4326 733 4383 Karolus
752 4326 1129 4397 Burgundiam
1160 4334 1366 4398 petens,
1397 4344 1519 4382 eam
1579 4328 1683 4383 sibi
1716 4330 1850 4384 sub-

258 4420 388 4492 egit.
407 4421 638 4475 Sanctus
654 4420 946 4476 Pirminius
976 4436 1039 4475 ex
1062 4422 1236 4493 Augia
1268 4421 1475 4491 pulsus,
1496 4424 1726 4478 Etouem
1750 4440 1849 4495 pro

260 4531 318 4571 se
347 4515 635 4570 constituit
663 4514 943 4583 abbatem,
984 4523 1041 4571 et
1067 4516 1181 4587 ipse
1209 4516 1499 4585 Alsatiam,
1527 4518 1631 4572 alia
1655 4518 1857 4575 instru-

263 4618 458 4665 cturus
486 4608 736 4665 carnobia
767 4609 932 4679 petiit.

332 4708 461 4758 728.
486 4703 725 4759 Karolus
746 4702 1099 4774 Aquitaniam
1126 4703 1246 4758 sine
1275 4703 1418 4759 bello
1449 4706 1661 4775 recipit.

335 4802 463 4852 729.
520 4799 757 4853 Sanctus
806 4797 1080 4869 Egbertus
1122 4798 1391 4867 presbiter
1441 4799 1648 4867 Anglus
1694 4796 1851 4867 obiit,

256 4906 407 4946 anno
438 4891 619 4947 aetatis
642 4896 732 4959 90,
764 4890 853 4947 die
887 4889 1127 4963 pascha},
1155 4889 1210 4945 id
1250 4898 1332 4944 est
1374 4896 1406 4945 8
1432 4889 1663 4945 Kalend.
1702 4891 1849 4946 Maii.

330 4990 456 5039 730.
511 4985 793 5040 Sarraceni
844 4984 1220 5041 Avinnionem
1273 4982 1468 5039 urbem
1507 4984 1749 5056 capiunt,
1801 4993 1853 5041 et

260 5078 694 5151 circumquaque
725 5080 976 5152 regiones
1014 5078 1315 5135 devastant.

340 5179 471 5228 731.
523 5172 766 5229 Karolus
814 5172 1205 5238 Avinnionem,
1258 5172 1393 5228 cesis
1439 5174 1775 5243 Sarracenis,
1802 5174 1851 5229 vi

262 5276 634 5339 expugnatam
711 5268 923 5338 recipit.
959 5265 1107 5321 Beda
1149 5264 1419 5337 presbiter
1455 5276 1509 5323 et
1550 5269 1853 5323 monachus

268 5362 493 5416 natione
522 5361 755 5431 Anglus,
778 5361 971 5417 doctor
999 5361 1252 5429 eximius,
1307 5362 1445 5418 obiit
1482 5369 1514 5417 7
1547 5362 1671 5419 Kal.
1717 5366 1845 5417 Jun.

260 5456 459 5509 Romae
487 5454 785 5525 Gregorius
834 5456 929 5521 Ill,
958 5470 1096 5525 papa
1121 5460 1237 5509 92‘"
1288 5454 1363 5492 ³0³
1389 5455 1530 5512 sedit
1556 5471 1726 5511 annos
1761 5461 1848 5525 10,

263 5563 485 5604 menses
512 5553 564 5602 9.
613 5548 745 5605 Tria
773 5547 1021 5620 cenobia,
1050 5548 1103 5604 id
1150 5556 1233 5603 est
1276 5549 1494 5618 Altaba,
1518 5550 1846 5619 Mourbach,

1886 4646 1934 4706 D

2048 580 2171 630 732.
2212 575 2448 630 Karolus
2476 574 2743 631 Gothiam
2772 574 2997 631 invadit.

2046 674 2175 725 733.
2208 668 2453 725 Karolus
2480 670 2779 725 exercitum
2805 671 3235 726 Sarracenorum
3267 669 3336 727 de
3371 670 3565 743 Hispa-

1975 762 2086 817 niis
2106 763 2418 819 venientem
2438 762 2656 819 delevit.

2048 863 2170 912 734.
2205 858 2401 929 Augiae
2428 860 2532 912 Eto
2558 857 2745 925 abbas,
2777 858 2994 914 Kebam
3013 874 3381 914 successorem
3398 858 3565 914 relin-

1975 962 2169 1019 quens,
2191 946 2304 1018 ipse
2334 947 2688 1019 Argentoraci
2718 947 2787 982 ²ο⁵
2814 949 3098 1020 episcopus
3122 957 3430 1019 promotus,
3454 965 3565 1003 non

1976 1042 2135 1113 longe
2188 1048 2319 1113 post
2368 1040 2451 1097 sui
2506 1040 2752 1097 nominis
2776 1042 3064 1098 Etenheim
3106 1042 3404 1099 cenobium
3432 1058 3565 1098 con-

1975 1136 2195 1192 struxit.

2048 1236 2170 1286 735.
2222 1230 2465 1286 Karolus
2503 1231 2641 1287 item
2697 1229 2896 1287 deletis
2926 1230 3240 1287 Sarracenis
3266 1231 3442 1287 victor
3476 1247 3561 1287 re-
3626 1284 3637 1289 κ

1974 1325 2094 1382 diit.

2046 1423 2173 1475 736.
2201 1418 2441 1475 Karolus
2471 1418 2685 1476 Gothos
2714 1420 2887 1491 petiit,
2937 1428 2991 1475 et
3015 1418 3142 1475 inde
3184 1418 3355 1474 victor
3383 1419 3565 1486 rediit,

1974 1514 2264 1570 Audoinus
2288 1515 2573 1585 episcopus
2595 1513 2750 1569 obiit.
2783 1514 2975 1587 Augiaz
2990 1512 3246 1570 defuncto
3266 1521 3391 1584 post
3409 1522 3439 1568 2
3472 1529 3565 1568 an-

1972 1625 2075 1664 nos
2098 1609 2278 1679 Keba,
2322 1606 2629 1664 Ernfredus
2692 1610 2882 1681 Augiaa
2928 1608 3100 1666 abbas
3145 1617 3199 1664 et
3232 1608 3567 1664 Constantia:
3670 1600 3679 1613 κ

1975 1704 2261 1775 episcopus
2291 1700 2550 1771 effectus,
2580 1708 2644 1757 10
2672 1704 2832 1757 annis
2854 1703 3084 1775 praefuit.

2049 1805 2174 1853 737.
2204 1797 2445 1853 Karolus
2475 1799 2719 1852 Saxones
2751 1798 2923 1852 victor
2949 1798 3077 1853 fecit
3106 1797 3438 1852 tributarios.

2043 1892 2167 1949 739.
2202 1891 2442 1947 Karolus
2485 1900 2661 1947 totam
2698 1890 3039 1947 Provinciam
3091 1890 3451 1963 suae‘subjicit
3480 1890 3562 1946 di-

1972 1986 2123 2041 tioni.

2044 2086 2169 2135 740.
2196 2079 2365 2134 Victis
2413 2079 2846 2151 circumquaque
2876 2078 3145 2146 hostibus,
3176 2093 3281 2150 pax
3308 2085 3363 2133 et
3412 2078 3564 2150 quies

1971 2189 2141 2245 regno
2170 2176 2543 2229 Francoruum
2576 2172 2717 2228 facta
2746 2182 2827 2228 est
2853 2188 2947 2244 per
2975 2172 3271 2228 Karolum.

2043 2274 2169 2323 741.
2202 2272 2401 2323 Romae
2425 2266 2739 2333 Zacharias,
2790 2282 2926 2337 papa
2958 2266 3237 2334 93u',sedit
3274 2281 3447 2320 annos
3476 2271 3562 2333 10,

1972 2377 2185 2417 menses
2215 2367 2267 2415 4.
2300 2360 2542 2415 Karolus
2569 2360 2807 2414 moritur
2842 2360 3127 2427 Carisiaci,
3159 2367 3212 2414 et
3253 2359 3398 2430 apud
3426 2360 3563 2413 San-

1970 2464 2123 2509 ctum
2153 2454 2459 2509 Dionisium
2491 2454 2789 2525 sepelitur;
2828 2469 2925 2525 pro
2956 2469 3063 2524 quo
3094 2451 3185 2507 ﬁlii
3217 2451 3355 2524 ejus,
3391 2452 3563 2507 diviso

1971 2549 2113 2603 inter
2137 2564 2194 2603 se
2221 2563 2389 2617 regno
2418 2549 2781 2615 Francorum,
2812 2547 3047 2618 majores
3096 2546 3294 2601 domus
3324 2544 3563 2616 praefue-

1972 2650 2122 2708 runt,
2174 2641 2589 2695 Karlomannus
2621 2641 2783 2695 annis
2822 2647 2875 2705 6,
2910 2640 3132 2711 Pipinus
3174 2641 3331 2694 annis
3358 2647 3447 2695 10.

2042 2739 2166 2789 742.
2223 2734 2627 2789 Karlomannus
2669 2742 2723 2787 et
2764 2733 2989 2803 Pipinus
3041 2730 3210 2787 duces
3247 2734 3556 2804 Aquitaniae

1970 2836 2025 2885 et
2051 2828 2264 2885 Sueviae
2288 2826 2615 2882 rebellantes
2645 2826 2749 2881 cito
2780 2827 3151 2896 comprimunt
3189 2826 3275 2878 ιω.

2043 2928 2169 2978 744.
2204 2921 2476 2978 Fuldense
2497 2920 2791 2975 cenobium
2820 2920 2873 2973 in
2902 2920 3047 2973 saltu
3072 2918 3353 2974 Bochonia
3384 2935 3414 2973 a
3440 2934 3565 2974 san-

1969 3026 2060 3073 cto
2089 3015 2378 3072 Bonifacio
2412 3014 2823 3085 archiepiscOpo
2848 3011 3148 3067 fundatum
3171 3020 3275 3068 est.

2045 3117 2171 3166 745.
2221 3110 2637 3166 Karlomannus
2677 3124 2803 3164 cum
2831 3106 2995 3163 fratre
3039 3107 3334 3163 Saxoniam
3387 3106 3562 3161 rebel-

1976 3206 2180 3261 lantem
2207 3205 2450 3260 vastavit.
2544 3235 2555 3249 -

1899 3270 1943 3333 C
2044 3306 2170 3355 746.
2216 3300 2448 3354 Sanctus
2477 3296 2788 3352 Bonifacius
2830 3304 3108 3351 annuente
3142 3296 3561 3362 Karlomanno,

1972 3394 2293 3450 auctoritate
2342 3391 2616 3447 Zachariae
2663 3405 2814 3461 papa:
2860 3391 2999 3445 duos
3033 3391 3089 3444 in
3138 3406 3236 3444 sua
3281 3389 3561 3461 parrochia

1971 3487 2313 3559 episcopatus
2343 3484 2491 3550 facit,
2520 3484 3027 3555 Wirziburgensem
3061 3484 3287 3551 scilicet,
3315 3483 3403 3537 cui
3433 3498 3562 3537 san-

1969 3588 2119 3635 ctum
2174 3576 2574 3644 Burchardum,
2635 3584 2689 3631 et
2720 3574 3115 3645 Eichstensem,
3170 3576 3258 3631 cui
3309 3583 3559 3631 sanctum

1975 3672 2375 3739 Willibaldum,
2432 3670 2891 3743 conprovincialcs
2930 3686 3077 3739 suos,
3113 3671 3321 3741 primos
3349 3668 3561 3741 episco-

1967 3785 2066 3839 pos
2096 3766 2386 3822 ordinavit.
2424 3764 2704 3833 Sidonius,
2748 3765 2938 3837 Augim
2970 3763 3301 3831 monachus,
3332 3764 3556 3834 quintus

1970 3862 2017 3918 ei
2041 3862 2159 3917 loco
2182 3860 2372 3927 abbas,
2397 3859 2843 3930 Constantiaaque
2889 3859 3181 3929 episcopus
3202 3855 3395 3924 factus,
3428 3870 3561 3926 prae-

1969 3956 2073 4012 fuit
2100 3955 2255 4009 annis
2308 3958 2407 4021 13;
2439 3952 2528 4023 qui
2563 3952 2752 4007 cellam
2783 3968 2999 4022 quoque
3048 3950 3220 4005 sancti
3250 3948 3391 4005 Galli
3439 3964 3555 4003 am-

1969 4051 2146 4116 biens,
2174 4048 2381 4120 iniquis
2399 4047 2735 4120 principibus
2760 4045 2814 4099 in
2843 4044 3194 4100 damnatione
3218 4044 3392 4098 sancti
3422 4043 3561 4098 Oth-

1968 4144 2111 4199 mari
2141 4143 2357 4199 abbatis
2381 4141 2667 4197 consensit.

2040 4242 2143 4291 747
2188 4236 2594 4291 Karlomannus
2623 4249 2721 4304 pro
2774 4232 2873 4287 Dei
2921 4247 3108 4287 amore
3157 4230 3365 4287 mundo
3396 4230 3555 4286 abre-

1967 4330 2247 4395 nuntians,
2279 4329 2333 4381 in
2361 4336 2537 4381 castro
2567 4328 2790 4380 Cassino
2824 4324 3159 4379 monachum
3195 4340 3253 4379 se
3284 4323 3436 4379 fecit.

2038 4429 2165 4477 750.
2209 4421 2435 4493 Pipinus
2471 4417 2737 4489 Griphoni
2790 4424 2855 4475 12
2882 4418 3178 4473 comitatus
3233 4419 3286 4473 in
3314 4417 3559 4489 partibus

1968 4516 2234 4572 Neustria:
2268 4513 2436 4569 dedit.

2038 4616 2161 4665 751.
2196 4609 2423 4682 Pipinus
2458 4607 2640 4664 missis
2690 4609 2932 4660 Romam
2976 4605 3189 4676 legatis,
3230 4605 3557 4662 Zachariam

1966 4721 2160 4777 papam
2191 4703 2258 4759 de
2284 4719 2457 4775 regno
2484 4705 2823 4759 Francorum
2860 4707 2915 4755 et
2944 4698 3150 4771 ignavis
3186 4699 3307 4771 ejus
3338 4700 3556 4773 regibus

1965 4799 2219 4853 consulit.

2035 4897 2161 4947 752.
2216 4890 2559 4946 Auctoritate
2598 4889 2877 4945 Zachariae
2909 4903 3062 4960 papee
3086 4930 3100 4955 ,
3150 4897 3205 4944 et
3233 4904 3347 4944 non
3378 4889 3555 4944 multo

1964 4994 2088 5059 post
2112 4986 2375 5058 Stephani
2398 4984 2507 5051 94‘,
2556 4985 2647 5055 qui
2674 4983 2848 5039 eidem
2880 4982 2933 5036 in
2964 4982 3282 5053 pontificatu
3314 4988 3347 5037 6
3394 4983 3587 5045 annis,

1963 5080 2240 5147 successit,
2267 5078 2517 5151 deposito
2547 5094 2609 5133 ac
2636 5078 2865 5133 detonso
2903 5092 3028 5147 rege
3072 5076 3371 5139 Hilderico,
3403 5074 3553 5143 Pipi-

1963 5192 2068 5231 nus
2094 5190 2190 5231 rex
2220 5176 2557 5231 Francorum
2596 5173 2821 5239 electus,
2861 5178 2916 5226 et
2948 5167 3255 5226 Suessionis
3285 5182 3315 5221 a
3357 5174 3549 5221 sancto

1961 5268 2241 5325 Bonifacio
2289 5267 2696 5339 archiepiscopo
2755 5273 2977 5329 unctus,
3009 5262 3255 5333 regnavit
3280 5260 3438 5314 annis
3466 5264 3551 5313 17.

1964 5364 2311 5435 Audogarius
2354 5362 2565 5431 primus
2596 5356 3051 5430 Campidoncnsis
3106 5351 3321 5408 cenobii
3351 5350 3551 5407 funda-

1961 5465 2048 5512 tor
2082 5465 2135 5510 et
2164 5455 2350 5520 abbas,
2380 5454 2566 5509 locum
2596 5453 2751 5508 illum
2783 5450 3019 5505 incolere
3068 5446 3227 5517 cepit.

2031 5556 2155 5606 753.
2191 5548 2406 5620 Pipinus
2450 5564 2541 5603 rex
2570 5546 2863 5603 Saxoniam
2914 5549 3109 5608 vastat,
3154 5539 3339 5612 ibique
3365 5540 3548 5595 Hildi-

1574 5705 1817 5759 VARl/E
1858 5703 2266 5758 LECTIONES.

334 5854 401 5888 ²⁰¹
434 5854 543 5906 haec
572 5854 683 5907 alio
704 5858 1008 5907 atramento
1038 5857 1093 5908 in
1116 5869 1285 5922 marg.
1360 5843 1434 5885 ²⁰²
1459 5855 1556 5910 hac
1599 5870 1719 5908 voce
1760 5856 1946 5922 incipit
1991 5856 2181 5910 Gottw.

1556 5924 1629 5958 "°
1659 5924 1740 5981 vel
1772 5924 2073 5999 argentina:
2103 5925 2273 5995 glossa
2323 5929 2368 5976 1.

259 5939 437 5980 merus
462 5940 731 5994 paparum
754 5926 863 5980 alio
891 5930 1192 5981 atramento
1218 5924 1441 5981 additur
1467 5966 1479 5980 .

2262 5850 2333 5887 ²⁰³
2378 5852 2459 5905 hic
2503 5854 2552 5903 et
2582 5850 2699 5901 hinc
2725 5844 2857 5899 inde
2886 5860 3053 5915 usque
3078 5846 3151 5899 ad
3183 5862 3237 5899 a.
3316 5849 3418 5899 872
3449 5860 3547 5898 nu-

2450 5921 2517 5958 »οδ
2549 5921 2672 5972 hinc
2710 5918 2850 5971 linea
2871 5932 3023 5972 erasa
3051 5922 3128 5971 est
3161 5924 3209 5971 1.
