4052 6196
502 243 636 299 1343

1501 241 1595 300 an
1635 242 1859 301 OPERA
1899 244 1956 299 s.
1996 241 2317 297 GREGORH
2353 225 2784 298 APPENDICES.

3645 242 3760 295 ΒΗ

499 367 686 439 garius
722 367 1064 425 Coloniensis
1115 365 1560 440 archiepiscopus
1599 375 1679 424 est
1699 369 1930 425 occisus.
1963 370 2084 424 Ste-
2112 374 2165 437 Α
2193 366 2434 424 Parisius
2467 366 2622 433 obiit,
2653 380 2795 420 anno
2831 363 3012 421 atatis
3039 368 3155 419 54°.
3184 365 3290 418 Pro
3343 378 3455 436 quo
3502 362 3598 418 ﬁlii
3656 364 3755 435 ejus

499 462 714 534 phanus
740 477 874 534 papa
905 475 1002 532 pro
1027 460 1232 518 auxilio
1257 469 1449 518 contra
1474 447 1814 520 Haistull‘um
1865 466 2087 535 Longo-

501 555 800 612 bardorum
825 569 1008 626 regem
1052 554 1330 626 poscendo
1367 554 1436 610 ad
1490 557 1747 626 Pipinum
1789 573 1979 630 regem
2038 558 2092 612 in

500 648 779 704 Franciam
807 647 973 714 venit,
996 656 1053 704 et
1081 647 1220 704 ﬁlios
1248 649 1366 722 ejus
1384 651 1657 706 Karolum
1677 659 1733 707 et
1763 651 2094 707 Karloman—

502 758 638 797 num
679 740 916 798 Parisius
946 758 1101 814 reges
1125 743 1300 798 unxit.

571 841 696 891 754.
766 837 1000 892 Sanctus
1043 835 1354 894 Bonifacius
1408 839 1868 910 Mogontiacensis
1913 839 2091 895 archi-

501 929 789 1002 episcopus
822 944 949 985 cum
983 929 1316 986 Fresonibus
1345 930 1687 1001 pradicaret,
1730 933 2095 988 martirizatus

500 1031 583 1079 est
607 1023 676 1078 ab
702 1023 804 1092 eis,
834 1039 979 1079 anno
1020 1024 1362 1096 episcopatus
1412 1030 1528 1092 36°,
1560 1033 1615 1080 et
1642 1027 1784 1097 apud
1816 1026 2093 1082 Fuldense

501 1117 795 1173 ceuobium
850 1117 1112 1188 sepultus.
1153 1119 1260 1172 Pro
1290 1132 1402 1190 quo
1423 1118 1614 1174 Lullus
1655 1119 2094 1192 archiepiscopus

503 1209 722 1281 prafuit
755 1212 913 1266 annis
952 1218 1040 1267 32.
1077 1210 1490 1266 Karlomannus
1536 1211 1706 1268 frater
1733 1213 1930 1284 Pipini,
1964 1229 2092 1268 cum

503 1304 572 1360 ad
614 1320 743 1360 eum
787 1320 886 1375 pro
928 1303 1290 1360 dissuadenda
1323 1304 1660 1377 expeditione
1697 1307 1884 1363 Italica
1916 1308 2095 1364 venire

503 1398 683 1465 vellet,
716 1397 991 1469 Lugduno
1012 1398 1165 1454 obiit.
1200 1399 1426 1470 Pipinus
1459 1400 1674 1456 Italiam
1695 1417 1822 1456 cum
1853 1401 2094 1458 exercitu

503 1500 716 1563 petens,
748 1491 1090 1548 Haistull‘um
1115 1507 1300 1563 regem
1332 1495 1512 1564 Papia
1554 1494 1840 1550 obsessum
1875 1495 2093 1552 obsides

501 1583 630 1638 dare
651 1590 706 1638 et
727 1597 815 1638 res
847 1584 1021 1638 sancti
1054 1584 1203 1639 Petri
1229 1583 1330 1638 sub
1359 1593 1702 1640 sacramento
1732 1585 1956 1642 reddere
1995 1603 2092 1642 co-

502 1677 630 1748 cgit.
662 1677 968 1748 Stephanus
997 1693 1135 1750 papa
1175 1677 1312 1734 duce
1349 1679 1652 1748 Jeronimo,
1683 1679 1847 1752 Pipiui
1898 1678 2087 1749 fratre,

503 1774 738 1826 Romam
765 1770 945 1827 rediit.

571 1870 696 1921 755.
716 1864 1020 1922 Haistulfus
1033 1876 1442 1923 sacramentum
1463 1877 1826 1924 contemnens
1849 1870 2091 1925 Romam

503 1958 735 2024 obsidet,
768 1960 958 2016 omnia
989 1961 1200 2016 circum
1254 1960 1402 2017 ferro
1433 1970 1488 2018 et
1517 1961 1640 2034 igne
1684 1970 1928 2019 vastans.
1987 1967 2094 2019 Pro

503 2069 608 2126 qua
638 2069 697 2108 re
723 2068 862 2134 papa
884 2053 1090 2126 legatos
1130 2070 1226 2125 per
1253 2071 1409 2112 mare
1430 2054 1499 2110 ad
1529 2056 1788 2126 Pipinum
1819 2072 1916 2129 pro
1944 2058 2094 2113 auxi-

503 2147 576 2200 lio
603 2147 771 2202 misit.
2077 2142 2090 2151 ’

574 2243 698 2294 756.
731 2239 954 2312 Pipinus
981 2255 1076 2296 rex
1123 2240 1325 2296 iterum
1373 2242 1582 2297 Italiam
1612 2250 1821 2312 petens,
1850 2243 2092 2299 Haistul-

499 2331 618 2386 fum
638 2333 817 2402 Papia
840 2331 1072 2400 obsidet,
1105 2341 1160 2389 et
1185 2335 1503 2390 Ravennam
1525 2336 1768 2408 aliasque
1786 2335 1948 2392 urbes
1975 2352 2094 2408 per-

505 2439 658 2479 vasas
677 2440 805 2480 eum
835 2431 1023 2480 sancto
1041 2427 1204 2482 Petro
1229 2435 1283 2482 et
1310 2427 1516 2484 domno
1553 2444 1706 2501 papa
1735 2445 1833 2502 per
1857 2430 2096 2502 legatum

503 2516 732 2573 reddere
757 2519 1047 2590 compulit.

577 2615 699 2666 757.
732 2612 1126 2669 Constantinus
1167 2613 1464 2686 imperator
1515 2616 1659 2671 inter
1721 2616 1822 2673 alia
1865 2633 2099 2675 munera

508 2704 706 2775 Pipino
733 2705 842 2776 regi
874 2705 1047 2760 etiam
1078 2723 1350 2779 organum
1387 2708 1558 2764 misit.

576 2804 698 2854 758.
734 2801 932 2855 Roma
961 2799 1238 2872 Stephano
1268 2818 1421 2874 papa
1440 2803 1639 2860 Paulus
1658 2810 1776 2860 95us
1807 2805 2096 2874 successit,

503 2892 667 2947 annis
701 2899 783 2948 10.

575 2989 698 3041 759.
733 2984 1032 3042 Wail‘arius
1052 2986 1396 3061 tyrannidem
1431 2990 1485 3044 in
1511 2992 1805 3063 Aquitania
1835 2993 2094 3048 exercuit.

505 3079 734 3135 Sanctus
781 3079 1086 3136 Othmarus
1136 3081 1306 3138 abbas
1335 3098 1366 3137 a
1394 3084 1622 3139 Wariuo
1673 3093 1728 3140 et
1759 3085 2097 3143 Roudhardo

501 3187 770 3228 consensu
799 3172 1002 3228 Sidonii
1034 3174 1270 3246 episcopi
1301 3175 1482 3249 inique
1504 3177 1816 3246 damnatus,
1849 3188 1903 3235 et
1926 3179 1979 3234 in
2009 3180 2097 3235 in-

502 3266 681 3322 sulam
713 3265 894 3322 Rheni
912 3268 1062 3324 Stein
1085 3268 1378 3342 relegatus,
1398 3271 1654 3344 migravit
1679 3273 1746 3328 ad
1776 3274 2097 3330 Dominum.

509 3360 674 3432 Cujus
722 3360 997 3416 abbatiam
1028 3378 1155 3418 cum
1205 3362 1462 3420 Sidonius
1494 3366 1784 3438 episc0pus
1825 3376 1878 3422 et
1927 3367 2100 3423 abbas

522 3454 814 3509 temerarie
843 3453 1147 3522 invasisset,
1179 3464 1302 3512 ante
1332 3457 1499 3513 altare
1528 3462 1704 3515 sancti
1736 3461 1874 3518 Galli
1899 3461 2100 3532 proﬂu-

507 3546 589 3602 vio
634 3549 840 3603 ventris
879 3548 1036 3604 obiit.
1077 3551 1182 3605 Pro
1214 3567 1320 3622 quo
1348 3551 1621 3609 Johannes
1650 3555 1935 3625 Augiensis
1973 3571 2099 3612 mo-

506 3640 712 3697 nachus
729 3641 1107 3713 episc0patum
1129 3651 1182 3699 el
1204 3653 1488 3717 utramque
1518 3646 1789 3702 abbatiam
1809 3648 2097 3720 accipiens,

504 3731 722 3804 prafuit
747 3735 908 3789 annis
939 3742 1027 3790 21.
1060 3736 1160 3804 Qui
1188 3739 1429 3808 primum
1463 3741 1732 3797 Romana
1759 3742 1902 3798 sedis
1933 3742 2096 3815 privi-

504 3825 705 3896 legium
729 3827 922 3896 Augia
942 3829 1011 3883 ab
1035 3829 1284 3886 Adriano
1310 3847 1444 3902 papa
1479 3833 1806 3904 impetravit.

578 3920 700 3973 760.
731 3917 960 3988 Pipinus
982 3921 1335 3991 Aquitaniam
1361 3940 1452 3978 seu
1483 3927 1834 3981 Wasconiam
1870 3927 2094 3997 invadit,

506 4019 562 4068 et
589 4011 918 4068 Waifarium
951 4012 1152 4084 injuste
1183 4024 1436 4087 usurpata
1466 4019 1568 4076 sub
1597 4028 1944 4077 sacramento
1967 4021 2098 4078 red-

505 4105 632 4162 dere
657 4105 855 4178 coegit.

576 4205 702 4255 76l.
735 4199 1038 4256 Waifarius
1064 4201 1266 4257 iterum
1287 4205 1634 4275 tyrannidem
1659 4223 1726 4264 ex
1744 4209 1934 4266 ercuit.

561 4298 704 4364 _762.
724 4293 948 4366 Pipinus
964 4311 1056 4350 rex
1082 4312 1210 4351 cum
1244 4298 1451 4355 Karolo
1480 4299 1592 4356 tilio
1617 4316 1717 4358 suo
1741 4304 2096 4376 Aquitaniam

505 4394 716 4458 petens,
741 4388 942 4444 multas
967 4389 1127 4446 urbes
1155 4389 1226 4445 ibi
1257 4392 1418 4462 cepit.

2196 461 2371 518 diviso
2394 477 2560 534 regno
2582 501 2597 527 ,
2635 458 2871 515 Karolus
2923 461 3157 530 Magnus
3187 457 3344 513 annis
3381 462 3472 525 46,
3503 465 3561 514 et
3583 458 3760 514 Karlo-

2197 571 2431 612 mannus
2457 562 2489 609 4
2520 553 2696 620 annis,
2737 559 3129 624 regnaverunt.

2267 657 2392 706 769.
2421 652 2632 720 Corpus
2675 648 2850 704 sancti
2895 646 3143 703 Othmari
3168 645 3389 702 abbatis
3419 654 3547 718 post
3589 644 3760 702 decem

2197 761 2394 812 annos,
2435 744 2487 798 in
2525 743 2700 799 insula
2744 758 2852 814 qua
2883 740 3037 805 obiit,
3062 741 3443 811 incorruptum
3481 741 3766 806 inventum,

2197 839 2265 895 ad
2286 840 2681 893 monasterium
2709 835 2880 892 sancti
2903 834 3049 890 Galli
3084 834 3412 889 translatum
3444 842 3549 889 est.

2271 939 2397 988 770.
2430 930 2670 987 Karolus
2718 929 2884 985 ﬁliam
2908 927 3176 983 Desiderii
3221 927 3360 1000 regis
3398 925 3768 1000 Longobardo-

2198 1042 2321 1083 rum
2348 1040 2576 1082 uxorem
2605 1023 2776 1091 duxit,
2802 1031 2886 1079 set
2919 1029 3108 1093 postea
3135 1021 3456 1093 repudiavit.

2273 1126 2400 1176 771.
2431 1118 2842 1175 Karlomannus
2871 1117 3032 1186 obiit,
3077 1124 3132 1171 et
3153 1116 3344 1172 Remis
3363 1115 3644 1188 sepelitur.
3672 1119 3770 1172 Ka-

2199 1216 2349 1272 rolus
2378 1228 2634 1284 magnam
2664 1210 2933 1284 synodum
2959 1209 3181 1282 colligit.

2271 1314 2395 1364 772.
2443 1305 2679 1362 Karolus
2733 1306 2976 1360 Saxones
3005 1303 3174 1374 petit;
3205 1301 3350 1359 unde
3377 1303 3623 1373 acceptis
3649 1301 3773 1357 obsi-

2200 1402 2360 1460 dibus
2405 1399 2585 1456 rediit.
2632 1402 2830 1455 Roma
2873 1405 2999 1470 post
3055 1395 3397 1469 Stephanum
3437 1395 3713 1452 Adrianus
3739 1397 3775 1462 l,

2201 1511 2338 1569 papa
2367 1502 2510 1560 97‘",
2533 1492 2672 1550 sedit
2699 1492 2858 1548 annis
2883 1497 2973 1546 24.

2273 1595 2395 1645 773.
2431 1588 2677 1644 Karolus
2704 1586 2772 1642 ab
2803 1585 3046 1642 Adriano
3076 1600 3212 1657 papa
3238 1598 3336 1656 pro
3366 1582 3688 1639 defensioue
3709 1599 3777 1638 re-

2202 1699 2327 1739 rum
2357 1682 2524 1738 sancti
2541 1681 2686 1737 Petri
2712 1687 2953 1749 rogatus,
2986 1677 3196 1734 Italiam
3221 1676 3395 1749 petiit,
3423 1684 3481 1731 et
3509 1676 3775 1731 Desiderio

2203 1793 2331 1850 rege
2367 1776 2590 1832 obsesso
2623 1774 2825 1847 Papia,
2865 1774 2983 1844 ipse
3003 1776 3242 1828 Romam
3273 1769 3461 1827 orandi
3495 1771 3668 1842 gratia
3693 1770 3773 1825 ad-

2199 1872 2338 1939 iens,
2371 1869 2571 1943 pascha
2599 1871 2673 1920 ’07
2707 1867 2777 1923 ibi
2809 1865 3113 1924 celebravit.

2272 1971 2404 2020 774.
2445 1961 2798 2035 Longobardi
2822 1955 2950 2016 cum
2973 1957 3265 2016 Desiderio
3297 1973 3423 2031 rege
3451 1974 3650 2014 eorum
3677 1961 3772 2013 Ka-

2203 2059 2324 2116 rolo
2355 2074 2412 2114 se
2434 2057 2674 2124 tradunt,
2708 2071 2853 2136 apno
2875 2059 3025 2123 205°,
3050 2070 3117 2110 ex
3139 2068 3247 2125 quo
3276 2052 3494 2108 Italiam
3519 2068 3646 2108 cum
3671 2067 3774 2122 rege

2204 2151 2440 2209 Alboino
2486 2151 2838 2207 intraverant.
2883 2150 3123 2221 Corpora
3170 2154 3485 2202 sanctorum
3539 2143 3769 2202 Gordiani

2205 2255 2263 2304 et
2316 2245 2599 2319 Epimachi
2641 2243 2710 2300 de
2768 2247 2950 2301 Roma
3002 2243 3057 2298 in
3107 2239 3496 2298 Alemanniam
3546 2241 3774 2297 translata

2206 2349 2356 2400 sunt.

2278 2440 2404 2492 775.
2453 2433 2694 2491 Karolus
2726 2431 3026 2490 Saxoniam
3054 2430 3253 2487 iterum
3301 2427 3656 2486 rebellantem
3709 2444 3778 2481 ra-

2207 2537 2396 2677 8Ὓ76.
2431 2619 2671 2676 Karoius
2722 2616 3154 2691 Roudgaudum,
3199 2630 3436 2688 regnum
3465 2613 3646 2671 Italia
3669 2611 3778 2669 alie-

2207 2721 2470 2782 ctantem,
2494 2713 2713 2770 occidit.

2278 2816 2405 2864 777.
2448 2811 2688 2866 Saxones
2710 2805 2934 2862 tandem
2981 2805 3155 2861 multa
3184 2802 3316 2860 cede
3337 2801 3656 2876 perdomiti,

2207 2903 2327 2960 rolo
2351 2902 2660 2959 subduntur
2685 2907 2739 2957 et
2757 2899 3036 2956 christiani
3059 2896 3398 2954 efﬁciuntur.

2280 3003 2406 3054 778.
2429 2996 2670 3052 Karolus
2700 2993 2992 3066 Hispanias
3029 2992 3206 3064 petiit,
3234 2991 3434 3064 quibus
3447 2989 3687 3047 subactis
3712 3003 3784 3042 re-

2131 3122 2177 3186 c
2205 3090 2301 3148 dit.
2330 3093 2570 3147 Saxones
2588 3090 2810 3186 iterum
2840 3087 3122 3186 rebellant.

2278 3191 2404 3241 779.
2435 3182 2672 3240 Karolus
2702 3183 2902 3238 iterum
2931 3182 3171 3237 Saxones
3199 3177 3493 3250 superavit.

2277 3285 2402 3336 780.
2447 3276 2683 3333 Karolus
2711 3275 2990 3348 dispositis
3030 3274 3191 3330 rebus
3242 3275 3522 3330 Saxonum
3545 3279 3601 3327 et
3623 3268 3770 3326 Scla-

2205 3387 2423 3438 vorum,
2453 3372 2564 3444 ipse
2590 3375 2830 3427 Romam
2850 3370 3027 3442 gratia
3052 3367 3247 3426 orandi
3277 3367 3434 3424 adiit.

2276 3472 2402 3523 781.
2431 3465 2651 3538 Pipinus
2675 3465 2816 3521 ﬁlius
2837 3464 3031 3520 Karoli
3059 3465 3256 3519 Roma
3287 3461 3354 3517 ab
3382 3459 3629 3517 Adriano
3650 3474 3775 3532 papa

2205 3559 2531 3633 baptizatur,
2561 3558 2635 3596 ὀε
2663 3564 2712 3614 et
2739 3560 2808 3614 ab
2828 3558 3007 3614 eodem
3034 3574 3068 3611 α
3101 3558 3362 3628 baptismo
3388 3557 3704 3625 suscipitur,
3733 3560 3779 3606 et

2203 3670 2330 3710 cum
2369 3653 2536 3710 fratre
2570 3652 2868 3708 Ludowico
2903 3667 2999 3707 rex
3037 3649 3278 3723 ungitur.
3317 3648 3653 3705 Constantia
3693 3645 3787 3717 epi-

2205 3763 2407 3820 scopus
2427 3755 2481 3803 et
2504 3746 2671 3803 abbas
2699 3745 2976 3801 Johannes
3005 3744 3163 3810 obiit,
3196 3759 3294 3815 pro
3323 3757 3432 3814 quo
3484 3743 3663 3813 Egino
3680 3739 3782 3811 epi-

2205 3857 2401 3914 sc0pus
2423 3841 2584 3897 annis
2619 3846 2709 3908 32,
2735 3847 2789 3896 et
2815 3842 3010 3895 Petrus
3037 3837 3232 3909 Augia
3272 3835 3441 3891 abbas
3478 3836 3644 3890 annis
3671 3839 3701 3889 5
3738 3841 3782 3888 et

2205 3934 2350 4006 apud
2385 3937 2646 3990 Sanctum
2690 3933 2904 3990 Gallum
2955 3930 3314 4002 Roudpertus
3367 3927 3536 3984 abbas
3566 3943 3704 3983 anno
3741 3933 3782 3982 1.

2205 4027 2558 4102 prafuerunt.
2579 4029 2703 4084 Hoc
2722 4036 2972 4099 tempore
3007 4039 3197 4081 cruces
3225 4031 3597 4095 apparuerunt
3619 4019 3782 4077 multis.

2204 4123 2260 4178 in
2306 4122 2563 4178 vestibus.
2595 4121 2826 4194 Sanguis
2852 4136 2882 4176 e
2924 4128 3065 4176 terra
3095 4127 3150 4174 et
3169 4133 3291 4174 aere
3319 4115 3544 4172 ﬂuxisse
3579 4115 3772 4171 dicitur.

2207 4227 2284 4265 a09
2311 4217 2600 4272 Sciendum
2628 4216 3023 4282 Karolomag-no
3051 4211 3373 4268 Adrianum
3392 4225 3601 4281 papam
3626 4212 3780 4265 Romi?

2207 4311 2409 4365 librum
2454 4309 2662 4364 dedisse
2727 4311 3080 4363 continentem
3125 4319 3349 4359 canones
3407 4303 3782 4373 apostolorum.

2209 4420 2327 4458 cum
2401 4404 2638 4457 conciliis
2701 4403 2922 4470 Niceno,
2994 4403 3308 4468 Ancyrano,
3365 4396 3787 4456 Neoccasaricnsi,

578 4487 702 4536 764.
752 4481 972 4554 Pipinus
1021 4497 1283 4556 magnum
1319 4495 1650 4543 conventum
1701 4489 1954 4548 Carisiaci
2000 4493 2098 4550 ha-
2131 4506 2180 4570 ι)
2215 4497 2521 4566 Gangrensi
2549 4497 2897 4559 Antiocheno,
2936 4494 3272 4555 Laodicensi,
3305 4490 3791 4560 Constantinomli-

509 4572 646 4629 lmit.

581 4671 708 4722 765.
736 4668 1106 4743 Roudgangus
1134 4673 1388 4731 Metensis
1420 4673 1496 4712 ὀδ
1513 4675 1954 4750 archiepiscopus
1973 4694 2096 4736 cor-

512 4775 644 4832 pora
663 4769 977 4818 sanctorum
999 4765 1286 4837 Gorgouii,
1326 4768 1558 4826 Naboris
1583 4777 1637 4825 et
1649 4771 1860 4827 Nazarii
1884 4788 1912 4828 a
1936 4773 2098 4830 Paulo

512 4870 647 4926 papa
673 4854 1003 4926 impetravit.

583 4953 708 5003 766.
741 4948 950 5020 Corpus
1002 4952 1178 5007 sancti
1210 4954 1474 5027 Gorgonii
1523 4957 1577 5012 in
1608 4957 1808 5014 Gorzia
1839 4961 2098 5030 cenobio,

506 5041 679 5096 sancti
705 5041 942 5098 Naboris
969 5043 1028 5098 in
1054 5048 1204 5103 Nova
1232 5048 1402 5115 Cella,
1433 5050 1607 5106 sancti
1637 5052 1850 5108 Nazarii
1881 5053 1937 5108 in
1966 5057 2104 5111 Lau-

510 5134 732 5190 resham
761 5136 1046 5193 conditum
1086 5147 1186 5196 est.

578 5235 704 5284 767.
741 5232 937 5288 Roma
960 5232 1161 5290 Paulus
1187 5250 1324 5306 papa
1349 5236 1504 5305 obiit,
1533 5253 1631 5309 pro
1654 5253 1764 5311 quo
1793 5239 2102 5312 Stephanus

505 5325 623 5376 96‘"
649 5325 790 5380 sedit
822 5327 982 5382 annis
1014 5332 1066 5382 4.

585 5423 708 5474 768.
764 5420 986 5492 Pipinus
1037 5419 1263 5478 subacta
1320 5421 1628 5494 Aquitania,
1682 5432 1714 5483 8
1745 5429 1872 5485 Kal.
1905 5430 2103 5487 Octob.

2205 4596 2351 4653 iano,
2369 4589 2765 4654 Calcedonensi,
2779 4589 3107 4650 Sardicensi,
3125 4591 3175 4640 et
3194 4585 3469 4656 quoddam
3495 4588 3796 4654 excerpam:

2205 4701 2271 4739 ea:
2295 4684 2610 4752 Affricanis
2637 4684 2876 4738 conciliis
2905 4684 3281 4747 continentem,
3308 4694 3424 4733 cum
3448 4677 3676 4731 decretis
3705 4679 3798 4731 R0-

2208 4793 2489 4833 manorum
2530 4779 2872 4847 pontiﬁcum;
2920 4776 3112 4830 Siricii
3170 4772 3274 4839 40‘,
3314 4775 3616 4826 Innocentii
3669 4769 3757 4828 42‘
3785 4815 3799 4833 ,

2213 4873 2408 4928 Zosimi
2445 4868 2550 4936 43',
2588 4871 2866 4937 Boni/acii
2888 4867 2996 4922 44‘.
3028 4867 3281 4922 Celestini
3306 4865 3414 4927 45‘,
3448 4868 3639 4921 Leonis
3683 4867 3786 4924 47".

2213 4966 2396 5020 Hilari
2440 4963 2551 5032 48‘,
2576 4965 2846 5033 Simplicii
2881 4961 2994 5029 49‘,
3055 4961 3247 5017 Felicis
3305 4958 3414 5027 50‘,
3448 4960 3658 5015 Gelasii
3685 4959 3795 5026 51‘,

2215 5057 2497 5112 Anastasii
2538 5055 2646 5123 52‘,
2679 5054 2990 5125 Symmachi
3020 5051 3132 5118 53‘,
3162 5049 3464 5104 Hormisda:
3495 5050 3580 5105 54'
3604 5093 3628 5118 ,
3679 5053 3805 5108 Grc-

2216 5150 2480 5220 gorii‘ll‘.
2515 5148 2586 5186 ³³η
2617 5152 2770 5205 Hunc
2795 5149 2986 5203 librum
3019 5145 3245 5216 quidam
3277 5143 3582 5204 Adrianum
3615 5162 3792 5214 cogito

2211 5247 2442 5299 minant.
2470 5245 2619 5298 Idem
2646 5244 2875 5298 Karolus
2896 5244 3028 5298 duos
3051 5244 3218 5300 libros
3243 5261 3314 5300 ex
3334 5242 3664 5299 tractatibus
3696 5243 3803 5294 sire

2212 5339 2543 5393 sermonibus
2572 5342 2877 5392 sanctorum
2893 5340 3118 5392 Patrum
3130 5354 3229 5408 per
3253 5339 3504 5399 Paulum,
3526 5335 3806 5390 diua-nem

2215 5447 2370 5488 suum
2384 5433 2616 5500 collegit,
2647 5446 2706 5486 eo
2727 5431 2868 5502 quod
2884 5432 3135 5502 quaelibet
3154 5433 3405 5503 apocrifa
3430 5430 3590 5485 nollet
3622 5428 3737 5496 legi
3757 5429 3809 5479 in

1815 5557 2057 5612 VARl/E
2109 5556 2524 5613 LECTIONES.

582 5650 652 5684 ³⁸⁸
670 5651 943 5735 metentis.
966 5728 976 5735 .
1019 5653 1089 5705 ὀῖ
1118 5654 1391 5735 pasghaj.
1467 5656 1977 5735 ὀξεῑέειιδοῇρίῐω·
1995 5663 2107 5719 alia
2125 5681 2291 5719 manu
2316 5669 2366 5719 et
2392 5665 2498 5718 alio
2516 5667 2834 5720 atramento.
2909 5663 2983 5698 ’θ’
3004 5680 3125 5734 qua:
3143 5669 3461 5734 sequuntur,
3482 5665 3535 5716 in
3561 5663 3811 5730 margine

512 5728 787 5805 superiore
815 5728 1022 5805 scripta
1037 5729 1414 5805 suntz‘li‘ayh‘oc
1432 5731 1780 5805 potissimum
1802 5728 1906 5789 loco
1951 5736 2264 5792 collocanda
2287 5751 2395 5792 esse
2415 5737 2632 5805 censui;
2659 5737 2733 5803 cf.
2763 5739 2928 5805 Legg.
2960 5728 3131 5803 1,-44.
3161 5728 3337 5792 Codex
3361 5739 3392 5790 2
3421 5728 3483 5789 ea
3510 5748 3656 5787 anno
3697 5728 3810 5787 V789

515 5793 805 5862 adsignat;
833 5792 1026 5850 desunt
1057 5799 1109 5851 3.
1183 5792 1254 5832 ¹¹⁰
1279 5801 1416 5868 Ili-nc
1432 5792 1544 5857 alio
1564 5807 1894 5859 atramento.
