4052 6196
275 365 277 368 λ
316 299 450 352 1345

1221 287 1509 352 APPEND.
1552 296 1636 352 ιιι.
1678 324 1749 337 --
1776 297 2193 354 MONUMENTA
2231 261 2685 355 caenosum.

3470 305 3600 359 4346
3649 371 3652 374 η

309 423 536 477 ecclesia.
568 425 708 482 Nam
735 424 987 494 praedicti
1012 423 1117 478 duo
1157 420 1284 476 libri
1318 436 1418 491 per
1472 424 1728 479 circulum
1770 427 1904 478 anni
1927 426 1980 489 Α
2008 439 2108 479 nas
2150 431 2508 480 temeratores
2538 422 2738 478 Leonis
2769 438 2923 494 papae
2953 423 3168 494 capitali
3199 425 3482 482 sententia:
3509 428 3602 483 ad-

305 517 532 584 singulis
550 520 933 584 festivitatibus
946 533 1080 587 pene
1095 517 1207 572 sive
1218 516 1452 587 jejuniis
1479 519 1553 572 ad
1566 520 1897 574 nocturnales

316 610 567 664 lectiones
621 613 868 680 sufﬁce-re
906 615 1126 681 possunt
1149 628 1268 666 cum
1304 612 1636 667 bibliotheca.
1669 615 1902 680 Perfecti

310 707 442 756 sunt
467 707 647 757 autem
678 705 765 758 illi
799 706 903 759 duo
928 705 1061 760 libri
1081 721 1223 760 anno
1244 708 1462 762 Domini
1485 709 1608 761 808.

383 801 507 851 782.
523 797 761 853 Karolus
784 799 1065 855 Saxonum
1087 805 1228 854 4500
1256 799 1524 855 decollare
1531 800 1713 872 jussit.
1738 799 1898 872 Apud

307 891 574 946 Sanctum
603 891 822 947 Gallum
853 892 1049 948 Waldo
1077 892 1245 948 abbas
1287 892 1508 964 praefuit
1537 909 1681 950 anno
1716 899 1764 950 1.

383 990 508 1041 783.
537 985 806 1057 Hiltigard
841 986 1026 1058 regina
1056 1003 1196 1042 uxor
1218 988 1434 1054 Karoli,
1459 994 1489 1041 2
1519 989 1644 1043 Kal.
1670 987 1884 1057 Maii,et

304 1078 525 1142 Berhta,
559 1087 735 1135 mater
773 1081 909 1152 ejus,
939 1086 975 1135 4
1000 1079 1130 1137 Idus
1179 1081 1306 1137 Julii
1334 1081 1606 1138 obierunt.

372 1177 496 1228 784.
529 1173 725 1230 Junior
760 1173 1000 1230 Karolus
1038 1191 1070 1231 a
1096 1183 1248 1246 patre
1275 1175 1332 1231 in
1353 1175 1648 1232 Saxoniam
1672 1175 1890 1244 missus,

310 1265 610 1322 Westfalos
655 1267 801 1324 bello
847 1267 1082 1324 domuit.

370 1365 496 1416 785.
512 1360 802 1418 Widikind
821 1362 963 1418 Saxo
980 1361 1050 1419 ad
1071 1360 1416 1420 deditionem
1434 1362 1642 1420 Karolo
1668 1363 1894 1421 veniens

305 1454 616 1526 baptizatus
643 1463 748 1513 est.

367 1554 494 1604 786.
547 1549 787 1606 Karolus
813 1550 1017 1606 iterum
1041 1552 1282 1608 Romam
1335 1551 1432 1607 ivit
1460 1552 1650 1608 orandi
1689 1553 1887 1624 gratia.

296 1641 491 1713 Augia:
533 1651 657 1712 post
694 1645 917 1699 Petrum
954 1642 1180 1712 Waldo,
1201 1643 1370 1701 abbas
1397 1652 1641 1713 octavus,
1674 1644 1894 1717 praefuit

303 1735 461 1792 annis
486 1742 575 1792 20.

371 1836 497 1886 787.
519 1830 850 1902 Rouddrud,
883 1831 992 1888 ﬁlia
1015 1833 1229 1900 Karoli,
1256 1831 1620 1888 Constantino
1649 1833 1893 1906 impera-

305 1924 410 1979 tori
428 1923 813 1996 desponsatur.

375 2024 500 2075 789.
573 2019 643 2056 ³η
679 2022 790 2076 Hoc
817 2036 962 2076 anno
986 2021 1214 2077 Karotus
1245 2023 1313 2077 83
1340 2036 1474 2092 pene
1493 2037 1752 2076 canonum
1807 2035 1895 2074 ca-

300 2114 486 2182 pitula
510 2118 680 2169 totius
711 2117 874 2185 regni
905 2117 993 2170 sui
1016 2118 1277 2186 episcopis
1329 2117 1656 2178 transmisit,
1685 2119 1746 2169 ut
1785 2115 1900 2184 ejus

305 2207 516 2263 auxilio
561 2209 879 2279 corrigenda
915 2212 1179 2279 corrigere
1192 2213 1424 2280 possent.

374 2304 502 2355 790.
557 2304 721 2358 Hunc
772 2318 980 2359 annum
1024 2303 1264 2359 Karolus
1313 2301 1638 2362 Wormatiae
1681 2302 1899 2374 quietus

307 2395 600 2466 transegit.

381 2495 504 2544 791.
541 2489 784 2546 Karolus
833 2471 1042 2546 terram
1087 2494 1378 2547 Hunorum
1428 2489 1697 2547 devastat.

377 2588 502 2638 792.
526 2582 732 2640 Sinodo
761 2583 1078 2656 RatiSponze
1105 2584 1354 2654 collecta,
1396 2585 1605 2642 heresis
1631 2583 1899 2640 Feliciana

304 2674 564 2732 damnata
594 2686 697 2733 est.

375 2775 500 2826 793.
533 2772 779 2827 Saxones
807 2772 943 2828 item
973 2788 1130 2829 more
1158 2787 1258 2829 suo
1284 2772 1563 2828 rebellant.

376 2871 499 2920 794.
532 2865 732 2921 Sinodo
761 2882 960 2938 magna
1011 2867 1064 2922 in
1111 2865 1518 2924 Franconofurt
1561 2865 1769 2934 habita,
1809 2864 1901 2922 he-

301 2959 441 3014 resis
490 2959 624 3014 item
684 2960 959 3016 Feliciana
997 2960 1256 3017 damnata
1303 2969 1400 3017 est.
1452 2958 1904 3030 Pseusosynodus

303 3054 606 3110 Grecorum
656 3069 756 3124 pro
817 3053 1114 3111 adorandis
1180 3054 1516 3126 imaginibus
1562 3054 1783 3118 habita,
1837 3053 1904 3108 ab

1930 1794 1978 1856 B

2009 517 2176 586 dixit;
2207 525 2288 573 set
2334 517 2586 588 precibus
2621 516 2875 588 ejusdem
2901 533 3057 588 papae
3080 517 3187 574 vita
3233 535 3512 589 concessa,
3544 521 3600 576 in

2009 611 2226 668 exilium
2258 627 2353 669 eos
2376 610 2651 684 relegavit.
2674 615 2860 668 Terra:
2890 620 3074 668 motus
3095 610 3273 669 factus
3287 623 3370 670 est
3397 621 3450 669 2.
3472 615 3597 670 Kal.

2010 705 2165 760 Maii.

2078 805 2202 854 802.
2235 804 2424 856 Aaron
2448 815 2543 856 rex
2594 801 2885 857 Persarum
2931 800 3076 857 inter
3100 800 3206 856 alia
3237 817 3465 858 munera
3495 803 3604 859 ele-

2007 891 2271 963 phantem
2313 894 2524 949 Karolo
2551 894 2866 965 imperatori
2891 896 3063 951 misit.
3309 899 3316 910 '

2077 989 2202 1042 803.
2234 987 2467 1059 Sanguis
2511 987 2735 1043 Domini
2780 990 3020 1045 Mantuae
3065 989 3340 1056 inventus,
3391 991 3600 1046 Karolo

2000 1080 2320 1152 imperatori
2349 1081 2672 1137 nunciatur.
2722 1081 2892 1153 Cujus
2938 1083 3015 1138 rei
3060 1084 3348 1140 veritatem
3381 1085 3601 1157 perqui-

2005 1175 2235 1230 rendam
2307 1176 2479 1231 Leoni
2513 1191 2666 1248 papa:
2710 1175 3011 1248 imperator
3047 1173 3419 1234 demandavit.
3483 1180 3606 1249 Qua

2005 1269 2293 1325 occasione
2311 1278 2530 1340 arrepto
2553 1269 2770 1336 itinere,
2790 1285 2926 1340 papa
2946 1269 3013 1325 ad
3027 1270 3414 1341 imperatorem
3436 1273 3604 1340 venit,

2003 1371 2058 1418 et
2108 1380 2239 1420 cum
2321 1379 2387 1419 eo
2421 1363 2666 1420 natalem
2715 1363 2945 1420 Domini
2981 1364 3239 1420 Carisiaci
3295 1365 3606 1421 celebravit.

2074 1463 2200 1513 804.
2237 1461 2494 1515 Domnus
2535 1474 2673 1530 papa
2724 1458 2937 1531 magnis
2980 1457 3310 1515 muneribus
3338 1458 3407 1514 ab
3439 1459 3609 1532 impe-

2011 1562 2192 1611 ratore
2221 1553 2479 1624 donatus,
2510 1559 2754 1614 Romam
2778 1553 2961 1611 rediit.

2075 1655 2203 1706 805.
2259 1650 2503 1706 Karolus
2551 1650 2746 1723 junior
2795 1666 2825 1706 a
2871 1657 3030 1721 patre
3058 1649 3605 1725 missus,'Boemiam

2011 1742 2339 1816 subjugavit.

2082 1843 2207 1894 806.
2237 1837 2476 1894 Karolus
2522 1837 2819 1910 imperator
2869 1852 3098 1911 regnum
3129 1836 3272 1894 inter
3311 1845 3426 1894 tres
3468 1837 3609 1896 ﬁlios

2009 1947 2138 1987 suos
2165 1931 2370 1988 divisit.

2078 2032 2204 2082 807.
2254 2028 2444 2081 Aaron
2481 2041 2579 2082 rex
2627 2029 2929 2082 Persarum
2953 2041 3082 2082 cum
3109 2025 3228 2082 aliis
3276 2025 3605 2082 muneribus

2007 2118 2365 2175 artiﬁciosum
2412 2119 2620 2175 Karblo
2669 2119 2987 2190 imperatori
3026 2120 3178 2175 misit
3237 2118 3607 2191 horologium.

2078 2218 2203 2267 808.
2237 2212 2465 2268 Eardoll‘
2490 2228 2588 2268 rex
2621 2211 3179 2269 Nordanumbrorum
3218 2227 3386 2284 regno
3417 2214 3611 2285 pulsus

2007 2305 2076 2362 ad
2121 2305 2391 2361 Karolum
2422 2305 2817 2377 imperatorem
2841 2314 3098 2377 questum
3138 2305 3306 2360 venit.

2078 2405 2204 2456 809.
2238 2400 2482 2470 Quaestio
2512 2399 2579 2454 de
2607 2399 2957 2470 processione
2991 2399 3162 2455 sancti
3208 2398 3446 2470 Spiritus
3479 2413 3608 2471 syn-

2008 2493 2114 2550 odo
2158 2493 2346 2549 habita
2387 2493 2681 2549 ventilatur
2708 2536 2722 2550 .

2080 2592 2206 2641 810.
2241 2586 2472 2656 Hispani
2493 2595 2548 2641 et
2576 2587 2740 2642 Greci
2770 2603 2865 2658 per
2891 2587 3100 2660 legatos
3128 2603 3257 2643 cum
3288 2587 3380 2644 illo
3409 2602 3604 2659 pacem

2010 2678 2255 2734 ﬁrmant.
2289 2678 2548 2750 Pipinum
2586 2679 2760 2734 ﬁlium
2790 2695 2987 2748 suum,
3018 2695 3208 2751 regem
3230 2680 3422 2747 Italiae,
3447 2695 3604 2736 mor-

2010 2780 2167 2828 tuum
2205 2787 2322 2828 esse
2352 2770 2562 2828 didicit.

2081 2871 2203 2920 811.
2247 2864 2413 2920 Heito
2463 2864 2632 2920 abbas
2673 2863 2866 2934 Augiae
2917 2871 2972 2920 et
3013 2865 3305 2936 episcopus
3355 2865 3602 2933 Basileae,

2011 2960 2211 3014 missus
2251 2957 2803 3029 Constantinopolim,
2836 2957 3215 3030 odoporicum,
3249 2959 3308 3013 id
3335 2964 3414 3014 est
3441 2961 3602 3014 itine-

2012 3055 2216 3108 rarium
2247 3052 2314 3086 ²¹²
2339 3069 2501 3109 suum
2561 3051 2796 3123 scripsit.

302 3148 574 3219 episcopis
617 3147 878 3204 damnata
922 3154 1024 3204 est.
1071 3150 1173 3205 His
1211 3148 1550 3220 temporibus
1595 3147 1899 3214 Alcwinus,
1933 3157 1977 3220 ρ
2081 3153 2205 3202 812.
2251 3147 2526 3203 Michahel
2556 3148 2852 3217 imperator
2879 3145 3068 3219 legatis
3091 3147 3286 3202 Karoli
3317 3147 3604 3216 remissis,

300 3241 395 3312 qui
440 3249 496 3297 et
524 3241 774 3310 Albinus,
808 3242 953 3314 apud
1007 3258 1196 3314 regem
1220 3251 1544 3314 ceterosque
1575 3241 1682 3298 vita
1710 3249 1766 3297 et
1794 3240 1895 3297 do-

304 3334 488 3389 ctrina
540 3335 721 3390 clarus
759 3334 1014 3391 habetur.

376 3432 504 3483 795.
536 3428 682 3484 Huni
707 3430 891 3484 missis
923 3429 1119 3500 legatis
1141 3445 1202 3485 se
1228 3445 1357 3486 cum
1387 3438 1533 3485 terra
1559 3444 1660 3484 sua
1690 3427 1898 3484 Karolo

297 3519 544 3588 tradunt,
577 3531 632 3578 et
659 3521 1115 3579 christianitatem
1146 3523 1501 3594 promittunt.

379 3621 502 3672 796.
526 3619 725 3673 Romae
754 3617 1018 3673 defuncto
1040 3617 1282 3674 Adriano
1308 3633 1464 3690 papa.
1496 3618 1611 3673 Leo
1636 3618 1736 3686 IIl,
1762 3632 1899 3690 papa

305 3716 454 3778 98‘",
486 3709 626 3767 sedit
655 3711 810 3767 annis
857 3717 945 3766 20.

375 3811 502 3860 7.97.
553 3805 1026 3878 Constantinopoli
1066 3806 1466 3864 Constantinus
1516 3807 1820 3880 imperator
1867 3819 1900 3862 a

303 3899 496 3955 Grecis
519 3908 788 3955 execatur.

377 3998 503 4049 798.
546 3994 756 4049 Helena
785 4001 962 4048 mater
1007 3995 1352 4051 Constantini
1409 3995 1756 4066 imperatoris
1785 3995 1898 4052 ccci

302 4087 513 4160 legatos
559 4088 771 4144 Karolo
800 4103 896 4159 pro
942 4103 1074 4157 pace
1108 4087 1278 4143 misit.

376 4187 504 4238 799.
553 4184 666 4237 Leo
715 4197 853 4254 papa
898 4188 959 4235 ut
987 4181 1134 4236 fama
1185 4190 1269 4236 est
1314 4180 1371 4236 in
1399 4181 1594 4236 letania
1635 4181 1844 4253 majore
1871 4198 1900 4238 a

300 4275 570 4331 Romanis
610 4276 794 4348 lingua
832 4275 1056 4346 praecisa
1083 4283 1392 4343 excecatur,
1423 4282 1476 4328 et
1507 4290 1602 4346 per
1629 4274 1900 4345 quosdam

300 4369 583 4436 liberatus,
614 4369 668 4424 in
697 4369 996 4425 Saxoniam
1041 4368 1109 4424 ad
1161 4367 1434 4424 Karolum
1463 4375 1546 4424 est
1585 4367 1898 4439 perductus.

301 4463 575 4519 Geroldus
603 4461 893 4533 praefectus
922 4462 1192 4534 Bajoariae
1221 4461 1447 4535 signifer
1484 4469 1540 4518 et
1563 4461 1902 4517 consiliarius

302 4556 519 4624 Karoli,
561 4556 684 4628 pius
716 4564 772 4612 et
813 4557 1117 4628 religiosus,
1173 4565 1365 4613 contra
1413 4557 1610 4611 Hunos
1653 4572 1903 4629 pugnans

305 4649 582 4718 occubuit,
628 4650 949 4721 Augiaeque,
997 4666 1164 4722 quam
1189 4649 1376 4705 multis
1411 4657 1640 4706 auxerat
1663 4649 1825 4706 donis
1849 4658 1904 4705 et

305 4742 548 4814 praediis,
597 4744 843 4814 sepultus
901 4751 1004 4799 est.
1060 4743 1380 4799 Patriarcha
1423 4743 1903 4799 Jerosolimitanus

305 4836 564 4908 reliquias
590 4835 659 4892 de
678 4836 970 4908 sepulchro
992 4837 1215 4892 Domini
1236 4836 1404 4891 mittit
1419 4836 1630 4891 Karolo
1655 4837 1790 4909 regi.

377 4936 503 4986 800.
536 4929 776 4986 Karolus
807 4930 1194 4986 Jerosolimam
1214 4929 1451 5000 insignia
1475 4929 1617 4984 dona
1639 4929 1901 4985 transmi-

305 5023 400 5091 sit,
430 5030 486 5079 et
513 5027 755 5079 Romam
777 5032 987 5093 petens,
1018 5027 1257 5079 Leonem
1287 5039 1510 5095 papam,
1542 5038 1599 5078 se
1623 5022 1693 5078 de
1735 5023 1905 5079 illatis

305 5125 364 5173 et
403 5132 516 5174 non
554 5117 1130 5189 probatiscriminibus
1150 5125 1498 5174 sacramento
1539 5124 1904 5189 purgantem,

308 5210 426 5268 sedi
447 5227 564 5267 suae
593 5211 848 5268 restituit.

378 5310 506 5361 801.
538 5305 779 5362 Karolus
802 5305 862 5360 in
892 5304 981 5361 die
1020 5305 1216 5361 natalis
1242 5305 1462 5361 Domini
1490 5321 1519 5360 a
1549 5307 1735 5361 Leone
1765 5321 1901 5377 papa

308 5415 515 5456 corona
560 5399 844 5470 imposita,
873 5399 1090 5470 primus
1119 5415 1316 5471 regum
1350 5401 1693 5455 Francorum
1720 5400 1904 5456 Cazsar

308 5499 586 5566 Augustus
614 5496 936 5565 Imperator,
991 5494 1258 5567 Romanis
1311 5492 1499 5549 laudes
1553 5493 1902 5549 succlaman-

309 5589 458 5646 tibus
507 5589 807 5661 appellatus
846 5597 946 5646 est.
980 5587 1083 5656 Qui
1114 5594 1302 5659 postea
1327 5585 1484 5658 juxta
1510 5587 1653 5660 leges
1695 5589 1902 5642 Roma-

2005 3256 2136 3297 suos
2183 3241 2349 3297 etiam
2376 3257 2571 3313 pacem
2598 3239 2987 3297 conﬁrmatum
3018 3239 3184 3296 misit.
3227 3241 3602 3297 Beneventani

2006 3341 2074 3390 25
2105 3335 2250 3390 milia
2297 3334 2596 3391 solidorum
2643 3335 2762 3390 auri
2811 3333 3077 3390 tributum
3123 3334 3333 3390 Karolo
3381 3335 3595 3406 persol-

2009 3439 2162 3488 VUDt.

2077 3530 2201 3580 813.
2235 3524 2472 3580 Karolus
2529 3523 2828 3595 imperator
2869 3523 3246 3581 Amalharium
3295 3525 3602 3580 Treveren-
3671 3531 3674 3538 '

2007 3633 2124 3676 sem
2143 3617 2639 3690 archiepiscopum,
2671 3626 2726 3672 et
2771 3621 2997 3673 Petrum
3028 3617 3477 3673 Nonantulanum
3508 3617 3607 3673 ab-

2007 3713 2189 3769 batem
2205 3711 2747 3783 Constantinopolim
2771 3711 3194 3783 misit,quorum
3218 3710 3608 3788 odoporicum,

2007 3809 2068 3862 id
2087 3812 2164 3862 est
2184 3808 2322 3861 liber
2343 3808 2664 3861 itinerarius
2682 3803 2749 3839 ²¹³
2771 3805 2905 3860 item
2930 3805 3194 3876 scriptum
3214 3804 3461 3860 habetur.
3489 3807 3509 3859 Ι
3517 3821 3611 3875 pse

2007 3899 2371 3956 Ludowicum
2408 3900 2583 3954 ﬁlium
2629 3907 2946 3955 consortem
2972 3899 3127 3970 regni
3167 3897 3318 3954 fecit.
3386 3901 3610 3954 Mortuo

2008 3995 2204 4066 Pipino
2255 3995 2364 4050 ﬁlio
2394 3995 2510 4066 ejus
2542 4009 2669 4065 rege
2692 3993 2888 4061 Italiaz,
2917 3992 3088 4048 ﬁlium
3112 3992 3287 4064 ipsius
3311 3990 3610 4047 Berinhar-

2008 4087 2165 4157 dum,
2188 4096 2449 4160 nepotem
2469 4103 2632 4144 suum
2661 4103 2852 4158 regem
2884 4085 3010 4141 fecit
3040 4086 3236 4142 Italiae.
3269 4085 3450 4157 Quina
3487 4101 3610 4154 per-

2008 4198 2211 4254 magna
2235 4183 2471 4238 concilia
2496 4181 2861 4252 Mogonciaci,
2886 4180 3102 4247 Remis,
3132 4177 3392 4243 Turonis,
3436 4177 3612 4234 Cavil-

2010 4275 2174 4338 lonis,
2222 4274 2435 4330 Arelati
2480 4290 2580 4344 pro
2603 4281 2748 4329 statu
2774 4273 3122 4329 aeclesiarum
3160 4271 3278 4328 ﬁeri
3310 4271 3499 4343 jussit.

2079 4373 2203 4422 814.
2235 4367 2473 4422 Karolus
2504 4365 2804 4437 imperator
2831 4380 3098 4436 magnus,
3144 4380 3271 4420 cum
3303 4364 3456 4434 prius
3486 4362 3607 4418 the-

2011 4475 2203 4516 sauros
2231 4475 2361 4516 suos
2389 4459 2528 4515 inter
2553 4465 2613 4514 21
2658 4458 3158 4530 archiepiscopatus
3190 4457 3339 4529 regni
3384 4456 3469 4513 sui
3521 4471 3607 4512 cc-

1935 4535 1982 4598 Ῑ)
2010 4563 2266 4626 terosque
2313 4555 2654 4627 episcopatus
2676 4561 2730 4609 et
2771 4551 3014 4608 ecclesias
3038 4549 3337 4617 divisisset,
3378 4545 3526 4606 febre
3556 4557 3613 4605 et

2012 4649 2242 4720 pleuresi
2295 4648 2563 4720 pulsatus,
2609 4655 2640 4702 5
2687 4647 2811 4702 Kal.
2862 4643 3022 4700 Febr.
3069 4643 3404 4717 Aquisgrani
3449 4642 3608 4711 obiit,

2011 4745 2198 4816 ibique
2234 4742 2480 4814 sepultus
2547 4749 2630 4796 est
2689 4739 3010 4807 honoriﬁce,
3077 4753 3224 4793 anno
3273 4737 3454 4794 aetatis
3481 4743 3609 4803 71°,

2011 4837 2159 4909 regni
2191 4841 2320 4902 47°,
2367 4834 2624 4906 subjectae
2674 4833 2842 4888 Italia;
2884 4839 3013 4900 44°,
3046 4831 3263 4903 imperii
3310 4838 3434 4900 14°,
3465 4831 3608 4887 indi-

2011 4932 2193 4987 ctione
2205 4937 2232 4984 7
2241 4939 2280 4982 ει.
2304 4931 2409 4983 Pro
2429 4943 2540 5000 quo
2560 4927 2898 4983 Ludowicus
2918 4926 3063 4981 ﬁlius
3084 4926 3220 4998 ejus,
3237 4923 3607 4999 cognomento

2011 5024 2156 5091 Pius,
2182 5022 2431 5095 regnavit
2459 5020 2621 5077 annis
2643 5019 2715 5059 ²ι⁴
2745 5026 2832 5076 27.
2862 5021 2970 5093 Qui
2999 5021 3188 5077 statim
3211 5020 3467 5093 generale
3495 5019 3608 5072 col-

2008 5117 2161 5190 loqui
2169 5133 2261 5173 um
2275 5116 2600 5189 Aquisgrani
2616 5114 2896 5186 habuit,!et
2912 5115 3142 5172 multam
3155 5127 3441 5188 perperam
3454 5117 3608 5182 gesta

2011 5228 2108 5284 per
2136 5215 2370 5284 regnum
2400 5211 2664 5267 correxit.
3581 5257 3587 5263 .

2082 5311 2204 5362 815.
2232 5304 2464 5374 Quidam
2500 5319 2568 5359 ex
2617 5303 2888 5359 Romanis
2919 5301 3255 5374 primoribus
3294 5299 3350 5356 in
3413 5312 3607 5356 necem

2013 5401 2217 5456 Leonis
2242 5413 2396 5470 papae
2425 5397 2801 5469 conjurantes,
2835 5397 3163 5468 puniuntur.

2085 5498 2209 5549 816.
2234 5493 2425 5547 Leone
2452 5505 2595 5562 papa
2623 5487 2908 5546 defuncto.
2939 5487 2994 5542 in
3025 5493 3078 5543 8.
3110 5486 3239 5542 Kal.
3280 5487 3452 5544 Junii.
3482 5489 3604 5546 Ste-

2012 5585 2226 5659 phanus
2263 5591 2383 5641 99ι³ι1⁵
2404 5584 2546 5642 sedit
2567 5582 2856 5640 mensibus
2905 5589 3134 5652 septem.
3164 5581 3266 5650 Qui
3310 5580 3383 5638 ad
3423 5583 3610 5640 Ludo-

1596 5696 1843 5751 VARI/E
1879 5694 2306 5753 LECI‘IONES.

356 5801 451 5928 t’”
485 5805 760 5874 sequentia
783 5804 892 5859 alio
916 5807 1214 5860 atramento
1247 5808 1270 5857 1

381 5889 520 5928 ram.

318 5889 520 5929 atram.

1455 5800 1523 5835 ’1³
1543 5800 1626 5856 i.i.
1659 5801 1767 5856 alio
1787 5804 1988 5855 atram.
2018 5803 2068 5855 1.
2099 5798 2248 5855 deest
2268 5801 2323 5855 3.

2507 5797 2582 5835 ²ι⁸
2611 5799 2646 5852 i.
2680 5796 2716 5850 1.
2747 5794 2781 5850 i.
2808 5793 2915 5849 alio
2935 5797 3132 5849 atrum.
3170 5799 3218 5851 1.
3403 5793 3474 5831 ²ι⁴
3501 5794 3614 5849 alio
