4052 6196
409 269 430 275 ’
537 268 670 321 1347

1526 263 1618 317 ΑΙ)
1655 263 1882 319 OPERA
1921 263 1977 318 s.
2019 261 2341 320 GREGOR-Il
2381 221 2851 321 APPENDI'CEsr

3680 270 3794 322 i358

529 390 734 446 wicum
762 406 944 463 regem
977 390 1030 443 in
1054 389 1346 463 Franciam
1377 388 1620 456 veniens,
1648 389 1844 444 Remis
1865 404 1992 446 cum
2013 388 2117 445 imo
2147 397 2199 456 Α
2229 391 2468 446 Valentis
2492 389 2772 466 {martiris,
2818 386 3073 445 Ratolius
3109 389 3444 445 Veronensis
3468 389 3756 474 episcOpus
3773 407 3797 447 a

527 492 837 556 peratorem
865 483 1162 547 coronavit,
1211 481 1407 538 deinde
1441 485 1676 539 Romam
1722 482 1905 540 rediit.
1936 484 2115 556 Impe-

529 588 699 645 rator,
749 577 942 633 sinodo
971 576 1228 644 collecta,
1259 577 1430 632 multa
1457 575 1526 634 de
1555 583 1699 632 statu
1730 580 1810 633 'et
1855 577 2118 651 religione

527 672 883 730 cenobiorum
932 670 1070 726 bene
1113 670 1410 742 disposuit.

600 771 727 822 817.
755 763 1034 837 Stephano
1083 781 1218 837 papa
1251 771 1283 821 9
1327 764 1561 821 Kalend.
1610 765 1772 822 Febr.
1827 764 2114 836 defuncto,

423 863 428 866 ’
527 859 762 916 Pascalis
801 865 957 916 100‘“
989 858 1133 914 sedit
1157 857 1310 913 annis
1347 865 1399 914 7.
1433 859 1622 931 Legati
1642 859 1843 916 Leonis
1872 859 2118 932 impera-

523 955 660 1010 toris
697 953 768 1009 de
821 953 1293 1024 Constantinopoli
1337 970 1432 1025 pro
1461 968 1591 1024 pace
1662 953 1732 1010 ad
1773 953 2114 1010 Ludovicum

528 1048 755 1104 veniunt
777 1049 1190 1120 imperatorem.

596 1147 722 1199 818.
752 1142 1091 1200 Ludowicus
1120 1142 1431 1214 imperator
1477 1141 1797 1200 cismarinos
1825 1143 2117 1202 Britannos

525 1237 758 1296 domuit.

414 1324 426 1332 ’”
595 1338 719 1388 819.
765 1331 988 1405 Synodo
1021 1330 1352 1405 Aquisgrani
1392 1331 1598 1403 habita,
1647 1334 1820 1389 multa
1872 1331 1942 1388 de
1971 1342 2116 1390 statu

411 1457 418 1460 -
525 1426 865 1485 Ecclesiarum
893 1425 1158 1499 disposita
1196 1434 1345 1482 sunt.

596 1527 720 1577 820.
760 1523 839 1575 Ex
864 1520 1223 1576 inundatione
1251 1520 1558 1592 pluviarum
1586 1521 1894 1592 pestilentia
1915 1538 2112 1594 magna

524 1615 670 1672 facta
699 1623 783 1671 est
803 1616 895 1670 ³-⁸.

592 1714 719 1765 821.
750 1707 1080 1765 Ludowicus
1107 1710 1406 1781 imperator
1454 1726 1686 1782 regnum
1716 1707 1855 1766 inter
1877 1709 2020 1766 ﬁlios
2036 1709 2116 1767 di-

523 1804 665 1872 visit,
693 1804 854 1860 exilia
881 1805 1170 1872 relaxavit,
1202 1804 1386 1861 debita
1427 1803 1634 1860 cunctis
1663 1803 1892 1860 dimisit.

587 1904 713 1956 822.
745 1899 1076 1956 Ludowicus
1107 1899 1425 1970 imperator;
1453 1898 1521 1954 de
1550 1899 1781 1970 publicis
1829 1898 1940 1954 suis
1983 1915 2106 1969 pec-

517 1994 656 2050 catis
679 1991 955 2064 publicam
977 1993 1335 2066 penitentiam
1355 1993 1493 2066 egit,
1517 2001 1572 2049 et
1591 2008 1822 2064 quaeque
1865 1993 1920 2048 in
1941 2007 2109 2064 regno

519 2102 620 2143 suo
663 2086 1004 2160 corrigenda,
1037 2088 1292 2144 correxit.
1343 2087 1642 2142 Lotharius
1669 2087 1722 2141 in
1753 2086 1990 2151 Italiam,
2022 2086 2109 2141 Pi-

520 2181 681 2262 pinus
708 2180 871 2236 ducta
900 2196 1067 2236 uxore
1107 2181 1161 2236 in
1189 2180 1567 2251 Aquitaniam,
1593 2196 1749 2251 reges
1778 2180 1930 2235 missi
1958 2187 2106 2234 sunt.

518 2273 706 2330 Fuldis
745 2275 881 2346 Eigil
902 2274 1070 2330 abbas
1098 2274 1256 2340 obiit,
1287 2273 1373 2329 cui
1404 2273 1698 2342 Rabanus,
1724 2273 1802 2328 vir
1831 2272 2025 2329 doctus
2054 2282 2110 2329 et

518 2367 835 2425 divinorum
883 2367 1153 2423 librorum
1195 2375 1462 2432 tractator
1507 2366 1781 2439 egregius,
1826 2366 2105 2422 successit.

518 2461 713 2532 Augiae
753 2462 974 2517 Hetone
1012 2460 1209 2518 abbate
1237 2469 1291 2516 et
1320 2460 1576 2532 episcopo
1618 2461 1888 2532 privatam
1941 2460 2109 2516 vitam

518 2554 814 2626 adoptante
841 2553 1158 2611 Erlebaldus
1188 2553 1360 2612 abbas
1392 2560 1510 2610 ιοιιε
1542 2555 1829 2611 successit.

588 2653 714 2703 823.
746 2648 1042 2705 Lotharius
1067 2665 1162 2704 rex
1191 2648 1385 2718 Italiae,
1414 2656 1640 2722 rogante
1668 2663 1809 2722 papa
1829 2647 2104 2720 Paschale,

519 2743 818 2814 imperator
845 2743 913 2798 ab
937 2759 1001 2799 eo
1020 2746 1220 2800 Romae
1243 2752 1559 2800 coronatur.
1585 2745 1711 2816 Agri
1729 2744 1885 2800 multi
1911 2753 2108 2816 praeter

461 2871 464 2876 -
514 2837 739 2893 solitum
782 2836 1043 2908 grandine
1075 2845 1205 2893 sunt
1242 2838 1461 2906 vastati,
1492 2838 1634 2895 veris
1673 2837 1741 2872 ²¹⁶
1769 2838 1936 2894 etiam
1966 2839 2109 2894 inter

513 2932 688 3004 ipsam
719 2940 772 2989 et
809 2935 1024 3005 magnis
1051 2933 1325 3005 lapidibus
1350 2934 1548 2991 alicubi
1567 2933 1958 2991 decidentibus.

585 3031 710 3082 824.
741 3026 938 3083 Romae
961 3026 1252 3099 Eugenius,
1286 3032 1438 3084 101a.
1466 3044 1622 3100 papa,
1645 3037 1767 3100 post
1784 3027 2107 3086 Paschalem

2227 483 2366 541 duce
2406 485 2649 541 Venetiae
2677 482 3012 554 impetravit,
3057 490 3114 539 et
3154 498 3284 539 cum
3329 498 3565 556 corpore
3611 484 3796 540 Genisii

2225 579 2468 635 martiris
2494 579 2549 634 in
2577 578 2816 651 Augiam
2857 576 3095 634 insulam
3125 577 3331 634 attulit.

2294 679 2420 729 831.
2453 677 2757 745 Imperator
2781 688 2976 730 omnes
2999 673 3311 729 contrarios
3338 671 3445 729 sibi
3470 671 3688 730 honore
3709 674 3797 746 pli-

2223 767 2421 836 vando’,
2443 768 2655 825 animos
2681 777 2797 824 tam
2825 766 3065 825 ﬁliorum
3085 783 3254 839 quam
3277 774 3598 825 ceterorum
3627 776 3801 826 contra

2223 876 2281 916 se
2329 860 2580 918 irritavit.

2295 958 2417 1010 832.
2450 958 2755 1028 Imperator
2801 963 2992 1012 contra
3023 954 3164 1013 ﬁlios
3209 971 3340 1013 suos
3367 957 3681 1014 exercitum
3703 972 3800 1015 mo-

2221 1049 2327 1118 vit;
2357 1065 2589 1106 uxorem
2617 1049 2820 1106 timore
2849 1049 3093 1107 ﬁliorum
3122 1050 3412 1107 abdicavit.

2293 1149 2418 1199 833.
2461 1145 2768 1216 Imperator
2831 1144 2968 1200 item
3010 1151 3205 1202 contra
3245 1145 3387 1202 ﬁlios
3435 1146 3498 1202 in
3549 1146 3805 1203 Alsatiam

2221 1236 2387 1293 venit.
2421 1237 2506 1293 Ibi
2535 1238 2784 1294 veniente
2809 1238 3083 1310 Gregorio
3116 1253 3255 1311 papa
3281 1256 3412 1296 cum
3455 1239 3610 1309 ﬁliis,
3638 1241 3803 1314 impe-

2223 1340 2369 1388 rator
2392 1349 2420 1388 a
2451 1332 2564 1388 suis
2583 1333 2826 1399 relictus,
2854 1333 2914 1388 in
2943 1332 3182 1389 ﬁliorum
3209 1342 3550 1406 potestatem
3581 1334 3802 1392 devenit.

2293 1431 2418 1482 834.
2451 1430 2754 1500 Imperator
2789 1426 3001 1499 judicio
3025 1428 3409 1501 episcoporum
3435 1429 3616 1486 armis
3646 1429 3806 1503 depo-

2224 1520 2364 1589 sitis,
2399 1521 2473 1577 ad
2502 1521 2774 1593 agendam
2807 1520 3169 1593 penitentiam
3214 1521 3536 1580 includitur.

2295 1619 2421 1672 835.
2472 1619 2777 1687 Imperator
2815 1632 2945 1672 cum
2994 1615 3125 1672 ﬁliis
3169 1616 3364 1690 Pipino
3418 1625 3474 1673 et
3523 1617 3807 1676 Ludovico

2223 1708 2477 1781 Lugduni
2507 1725 2775 1782 magnum
2804 1709 2994 1766 habuit
3013 1719 3369 1768 conventum.

2093 1797 2102 1812 '
2145 1794 2192 1856 B
2289 1808 2416 1858 837.
2445 1804 2698 1862 Ticinum
2727 1810 2778 1862 3.
2810 1805 2937 1861 Kal.
2989 1805 3228 1862 Januarii
3257 1805 3430 1863 octies
3495 1813 3672 1863 noctu
3711 1813 3802 1862 tre-

2219 1897 2423 1953 muisse
2459 1896 2680 1953 dicitur.

2289 1997 2415 2048 838.
2453 1994 2761 2063 Imperator
2788 1991 2980 2049 habito
3009 2000 3287 2050 conventu
3315 1993 3676 2068 Noviomagi,
3710 1996 3801 2050 Lu-

2217 2086 2430 2143 dowico
2468 2085 2582 2143 ﬁlio
2609 2102 2845 2160 regnum
2895 2088 3239 2144 Francorum
3288 2087 3602 2145 interdixit.
3649 2091 3803 2144 Puoto

2217 2180 2479 2236 diaconus
2506 2180 2690 2252 palatii
2710 2180 2769 2236 in
2799 2181 3154 2238 Judaismum
3185 2183 3386 2255 lapsus.

2285 2281 2410 2330 839.
2457 2276 2766 2346 Imperator
2813 2275 2927 2332 ﬁlio
2957 2292 3060 2332 suo
3107 2275 3374 2332 Lothario
3418 2276 3796 2348 repaciﬁcatur.

2216 2369 2357 2424 Ebbo
2385 2367 2450 2401 ²¹⁹
2483 2372 2766 2444 Remorum
2794 2373 3223 2442 archiepiscopus
3244 2371 3611 2440 degradatur.

2287 2469 2412 2519 840.
2465 2466 2778 2536 Imperator
2808 2463 2919 2520 ﬁlio
2962 2481 3062 2520 suo
3093 2465 3361 2522 Lothario
3402 2464 3475 2521 ad
3525 2465 3802 2538 imperium

2215 2555 2522 2630 designato,
2555 2563 2639 2614 12.
2676 2559 2800 2614 Kal.
2855 2559 2986 2614 Julii
3033 2558 3187 2627 obiit,
3217 2567 3270 2615 et
3300 2560 3487 2616 Mettis
3541 2561 3799 2632 sepelitur.

2285 2657 2412 2706 841.
2451 2652 2782 2708 Ludowicus
2807 2653 3016 2723 junior,
3057 2653 3319 2709 adunatis
3348 2671 3481 2710 cum
3513 2654 3688 2714 fratre
3712 2670 3797 2709 suo

2216 2747 2422 2802 Karolo
2443 2747 2614 2818 copiis
2630 2789 2643 2814 ,
2665 2763 2792 2803 cum
2813 2746 3077 2803 Lothario
3107 2748 3493 2804 monarchiam
3524 2757 3801 2822 appetente

2214 2839 2282 2896 de
2325 2840 2617 2912 partitione
2658 2841 2808 2913 regni
2837 2841 3172 2898 concordare
3212 2859 3325 2898 non
3375 2852 3627 2914 possent,
3667 2844 3800 2914 juxta

2213 2935 2568 2991 Fontinatam
2603 2934 2778 2991 villam
2803 2943 2855 2991 7.
2883 2935 3012 2991 Kal.
3043 2936 3172 2992 Julii
3201 2937 3313 2992 acie
3341 2937 3672 3010 conﬂigunt.
3703 2939 3799 2992 Lu-

2212 3027 2455 3085 dowicus
2497 3037 2554 3085 et
2592 3029 2832 3086 Karolus
2862 3029 3057 3086 castris
3101 3031 3257 3102 potiti
3287 3039 3437 3100 sunt,
3469 3030 3664 3104 fugato
3705 3033 3804 3086 Lo-

513 3118 653 3177 sedit
678 3120 840 3178 annis
873 3128 924 3178 3.
950 3122 1144 3193 Augiaa
1173 3122 1458 3180 Wettinus
1486 3121 1792 3179 monachus
1820 3139 1851 3179 e
1875 3139 2107 3195 corpore
2149 3186 2182 3195 _
2215 3119 2421 3178 thario.

439 3217 443 3228 '
512 3215 709 3272 ductus
751 3223 806 3271 et
834 3186 1092 3271 reductus
1119 3215 1212 3284 ἰτ,
1264 3225 1389 3289 post
1447 3216 1698 3273 triduum
1737 3217 1889 3273 obiit.
1937 3186 2105 3289 Cujus
2139 3186 2183 3251 Ο
2287 3222 2414 3272 842.
2447 3216 2694 3273 Tandem
2719 3218 2933 3274 cunctis
2962 3234 3151 3291 pacem
3181 3218 3521 3290 optantibus,
3570 3234 3793 3292 regnum

512 3308 749 3365 visiones
777 3309 942 3366 Heito
972 3309 1258 3382 episcopus
1284 3325 1466 3383 prosa,
1492 3318 1549 3366 et
1571 3309 1974 3368 Walacbfridus
2004 3311 2102 3368 he-

511 3403 662 3459 roico
687 3413 868 3460 metro
915 3403 1153 3475 scripsit.

579 3503 704 3554 826.
746 3497 1041 3554 Herioldus
1070 3513 1164 3554 rex
1209 3501 1498 3555 Danorum
1530 3515 1661 3556 cum
1694 3515 1863 3556 uxore
1891 3508 1947 3556 et
1977 3499 2103 3556 ﬁliis

508 3599 563 3646 et
582 3607 784 3664 magna
800 3609 1028 3648 suorum
1058 3593 1407 3649 multitudine
1428 3594 1770 3666 Mogonciaci
1793 3593 2103 3665 baptizatus

507 3692 608 3740 est.
659 3685 982 3743 Hildovinus
1020 3687 1190 3742 abbas
1227 3687 1296 3743 de
1333 3690 1532 3744 Sancto
1581 3687 1861 3757 Dionisio,
1894 3687 1962 3744 ab
1992 3692 2102 3744 Eu-

504 3759 832 3849 genio'papa
861 3795 982 3836 ossa
1009 3780 1150 3836 beati
1173 3780 1473 3836 Sebastiani
1498 3781 1739 3838 martiris
1768 3781 2102 3854 impetravit,

507 3885 630 3940 quae
671 3871 978 3927 Suessionis
1026 3873 1084 3927 in
1130 3873 1350 3930 basilica
1403 3875 1580 3930 sancti
1629 3875 1880 3931 Medardi
1929 3876 2099 3932 collo-

507 3962 665 4018 cavit.

572 4061 674 4110 827
727 4058 974 4137 Corpora
1015 4064 1337 4114 sanctorum
1368 4059 1670 4115 martirum
1709 4061 2008 4118 Marcellini
2044 4069 2099 4118 et

503 4151 645 4207 Petri
673 4151 734 4206 in
763 4151 1049 4207 Franciam
1079 4151 1344 4208 translata
1391 4159 1542 4221 sunt,
1573 4155 1693 4210 Hoc
1717 4154 1777 4209 in
1798 4170 1942 4211 anno
1971 4161 2096 4212 An-

503 4245 716 4318 segisus
753 4245 925 4301 abbas
953 4246 1011 4302 in
1041 4253 1278 4317 quatuor
1323 4247 1516 4302 libellis
1558 4248 1774 4321 collegit
1797 4257 1911 4304 tam
1943 4265 2098 4307 secu-

501 4340 640 4396 lares
666 4355 831 4410 quam
853 4340 1236 4396 zeclesiasticas
1256 4341 1418 4412 leges,
1444 4359 1577 4414 quas
1598 4343 1841 4399 Karolus
1865 4347 2097 4418 Magnus

499 4441 553 4489 et
579 4433 912 4490 Ludowicus
932 4443 1092 4507 atque
1121 4433 1416 4492 Lotharius
1457 4437 1822 4508 imperatores
1844 4441 2096 4510 promul-

502 4535 790 4599 gaverdnt.

561 4624 688 4675 828.
741 4623 940 4679 Romae
977 4621 1043 4655 ²¹⁸
1072 4631 1196 4694 post
1227 4624 1528 4697 Eugenium
1552 4624 1893 4694 Valentinus,
1930 4631 2088 4682 102us

494 4729 656 4788 papa,
705 4715 847 4771 sedit
873 4715 1069 4773 diebus
1111 4723 1202 4787 40,
1241 4726 1296 4774 et
1325 4727 1452 4792 post
1489 4719 1635 4775 hunc
1665 4720 1963 4792 Gregorius
1988 4722 2088 4790 IV,

499 4813 656 4866 103‘“
679 4824 837 4882 papa,
868 4808 1010 4866 sedit
1035 4811 1194 4866 annis
1239 4817 1325 4868 16.
1359 4812 1631 4885 Reliquiae
1658 4814 1832 4870 sancti
1861 4815 2089 4872 Marcel-

495 4902 595 4960 lini
620 4902 945 4975 Aquisgrani
989 4903 1187 4975 allatae,
1223 4906 1478 4978 plurimis
1505 4907 1884 4980 gloriﬁcantur
1920 4909 2086 4965 mira-

495 4997 654 5054 culis.

568 5097 693 5150 829.
733 5091 1062 5166 Aquisgrani
1092 5102 1252 5153 terrae
1295 5104 1484 5153 motus
1525 5095 1748 5153 sabbato
1778 5106 1970 5155 sancto
2000 5113 2091 5171 pa-

497 5186 644 5244 schae
676 5185 873 5244 factus.

2213 3311 2269 3367 in
2297 3312 2402 3368 tria
2427 3311 2616 3384 partiri
2638 3313 2998 3370 constituunt.
3027 3314 3218 3387 Augim
3237 3313 3586 3370 Valahfridus
3607 3313 3800 3370 Strabo

2215 3405 2297 3462 vir
2322 3405 2536 3474 doctus,
2567 3407 2740 3463 abbas
2773 3415 2913 3476 12‘",
2946 3407 3182 3480 praefuit,
3226 3409 3317 3481 qui
3357 3418 3532 3465 metro
3562 3417 3620 3466 et
3645 3424 3797 3481 prosa

2211 3501 2534 3573 conscripsit
2575 3502 2770 3558 multa.

2280 3600 2404 3650 843.
2440 3595 2725 3652 Lotharius
2752 3612 2882 3653 cum
2924 3596 3283 3668 imperatoris
3310 3596 3535 3654 nomine
3589 3596 3794 3652 Italiam

2209 3689 2423 3758 accepit
2463 3697 2519 3744 et
2550 3689 2822 3762 Belgicam
2861 3691 3119 3759 Galliam,
3152 3707 3279 3763 quae
3336 3707 3486 3747 nunc
3530 3707 3704 3764 usque
3729 3691 3790 3746 ab

2209 3798 2275 3838 eo
2299 3783 2368 3816 ²²⁰
2393 3799 2624 3855 regnum
2667 3784 2914 3841 Lotharii
2943 3785 3177 3855 dicitur;
3200 3785 3534 3842 Lodowicus
3555 3787 3790 3844 Germa-

2209 3877 2382 3944 niam,
2432 3877 2674 3933 Karolus
2721 3878 2925 3936 Gallias
2968 3880 3220 3936 obtinuit.

2278 3976 2404 4026 844.
2431 3970 2495 4005 ²²¹
2521 3969 2800 4028 Defuncto
2826 3973 3096 4044 Gregorio
3118 3990 3275 4047 papa,
3312 3975 3543 4049 Sergius
3573 3978 3626 4032 II
3658 3981 3791 4032 104us

2206 4064 2344 4121 sedit
2373 4065 2530 4120 annis
2566 4073 2619 4122 3.

2277 4165 2403 4217 845.
2450 4159 2516 4193 ²²²
2541 4159 2845 4215 Bhabanus
2885 4161 3175 4218 Fuldensis
3201 4163 3373 4219 abbas
3395 4163 3606 4220 librum
3637 4175 3779 4236 quem

2204 4251 2274 4308 de
2311 4262 2498 4319 sancta
2525 4269 2686 4310 cruce
2718 4255 2879 4311 variis
2904 4255 3094 4328 ﬁguris
3135 4265 3426 4330 metroque
3462 4253 3779 4330 composuit,

2204 4349 2390 4420 Sergio
2445 4365 2597 4421 papae
2627 4349 2955 4406 transmisit.

2276 4449 2402 4499 846.
2447 4442 2516 4478 ²²³
2542 4444 2834 4500 Lotharius
2858 4445 3158 4518 imperator
3178 4445 3600 4519 Burgundiones
3629 4445 3791 4502 rebel-

2204 4536 2319 4592 lare
2372 4537 2660 4594 molientes
2689 4538 2760 4594 ad
2787 4538 3131 4595 deditionem
3168 4541 3369 4612 coegit.

2275 4637 2400 4687 847.
2434 4631 2614 4699 (Gesta
2653 4637 2833 4703 pontt.
2876 4638 3027 4691 Rom.
3056 4634 3123 4668 ²²⁸
3152 4637 3354 4692 Roma:
3381 4637 3494 4692 Leo
3527 4638 3628 4703 IV,
3657 4650 3786 4707 papa

2202 4728 2374 4791 105‘",
2405 4723 2549 4781 sedit
2593 4725 2750 4782 annis
2776 4732 2846 4794 9,
2873 4727 3156 4784 mensibus
3201 4729 3398 4796 tribus,
3455 4729 3550 4800 qui
3600 4731 3789 4785 Roma:

2198 4818 2589 4887 munitionem,
2613 4837 2781 4893 quam
2815 4821 3353 4889 Leoninamidicunt,
3379 4821 3534 4890 fecit,
3566 4835 3792 4895 eamque

2197 4913 2488 4986 apostolica
2511 4913 2893 4970 benedictione
2921 4914 3221 4984 dedicavit,
3250 4925 3304 4973 et
3322 4916 3423 4973 sub
3441 4916 3789 4973 anathemate

2201 5007 2258 5063 in
2276 5015 2595 5080 perpetuum
2611 5010 2978 5065 conﬁrmavit.
3005 5009 3072 5044 ’³⁵
3102 5010 3439 5084 Mogontiaci
3465 5009 3788 5077 Bhabanus,

2198 5101 2485 5159 Fuldensis
2502 5104 2669 5160 abbas
2695 5101 3071 5172 doctissimus,
3091 5105 3382 5162 ordinatur
3409 5103 3784 5176 archiprazsul.

2197 5197 2306 5268 Qui
2329 5212 2461 5253 mox
2489 5196 2794 5254 Ludowico
2815 5197 3044 5269 jubente
3085 5199 3346 5256 sinodum
3377 5213 3634 5272 magnam
3667 5200 3787 5253 Mo-

566 5287 692 5338 830.
716 5283 930 5354 Corpus
953 5282 1131 5340 sancti
1157 5283 1327 5341 Marci
1347 5284 1714 5359 evangelista,
1743 5285 1845 5343 sub
1864 5286 2112 5344 nomine
2197 5291 2440 5362 gontiaci
2469 5291 2702 5364 collegit.
2729 5292 3000 5363 Tempore
3015 5292 3084 5326 ²¹⁶
3107 5293 3312 5351 Leonis
3334 5308 3490 5365 papae
3506 5293 3693 5366 quarti
3734 5299 3787 5347 et

1824 5397 2069 5452 VARI/13
2095 5397 2510 5456 LECTIONES.

566 5482 638 5522 ²ι⁸
679 5484 798 5540 hinc
840 5486 998 5542 aliud
1053 5491 1434 5552 atramentum,
1483 5491 1576 5546 sed
1616 5493 1803 5548 eadem
1845 5510 2053 5550 manus.
2165 5494 2240 5530 ²ι⁶
2302 5511 2360 5551 v.
2405 5513 2453 5551 c.
2504 5497 2542 5552 i.
2577 5496 2614 5552 i.
2661 5506 2715 5553 et
2771 5497 2968 5554 desunt
3030 5503 3082 5554 3.
3194 5497 3266 5536 ἰτ
3291 5507 3348 5555 et
3395 5515 3440 5555 r.
3485 5499 3686 5556 desunt
3737 5501 3786 5552 3.

495 5555 567 5639 ξιδ
589 5558 879 5639 Bonna:
916 5561 1503 5639 ann.‘XVl“pri_mum
1529 5578 1668 5639 anno
1721 5569 1847 5630 827,
1875 5570 1988 5639 tum
2014 5582 2153 5622 anno
2177 5571 2286 5623 828
2328 5569 2601 5638 adscripta
2639 5575 2767 5625 sunt
2806 5574 2867 5626 in
2909 5577 2958 5626 1.
2997 5569 3071 5608 ²ι⁹
3119 5574 3184 5627 Ε.
3234 5573 3304 5626 R.
3335 5587 3386 5627 a.
3413 5570 3472 5627 d.
3496 5555 3635 5626 “hac
3687 5571 3788 5623 alio

502 5630 660 5711 (anni
699 5632 1018 5712 1088.“)‘atr‘.
1056 5635 1104 5685 Ι.
1217 5629 1384 5712 ξηρὴ
1413 5648 1477 5712 eo
1526 5635 1632 5712 alio
1653 5640 1760 5688 atr.
1789 5710 1796 5712 Α
1839 5629 1842 5630 ⁷
1873 5637 2344 5712 ’thaieprimum
2373 5657 2426 5693 a.
2449 5629 2574 5703 843,
2605 5646 2716 5695 tum
2763 5660 2817 5698 a.
2852 5648 2977 5698 844.
3023 5643 3299 5712 adscripta
3326 5649 3452 5698 sunt
3479 5649 3527 5697 1.
3555 5642 3620 5675 ω
3682 5642 3787 5694 hac

495 5702 735 5785 primum
758 5717 810 5753 a.
835 5705 963 5768 844,
995 5705 1108 5785 tu4m
1127 5719 1180 5757 a.
1217 5702 1644 5785 845'._adseripta
1671 5710 1799 5760 sunt
1823 5714 1889 5785 1.Δ
1905 5707 1972 5785 Ψ
1990 5714 2040 5763 et
2069 5702 2178 5785 hac
2206 5714 2444 5785 primm
2479 5729 2626 5766 anno
2650 5716 2919 5783 superiori
2938 5702 3224 5785 adscriptd
3247 5717 3421 5782 fuisse
3458 5715 3711 5769 videntur
3738 5720 3783 5766 1.

586 5774 783 5853 Koma:
829 5801 895 5810 -—
929 5773 1276 5853 conﬁrmavit
1316 5779 1442 5853 item
1609 5794 1677 5853 _a.
1705 5781 1974 5848 superiori
2003 5770 2244 5850 primum
2274 5783 2550 5853 adscripta
2577 5770 2804 5850 fuerunt
2841 5792 2889 5841 1.
2917 5785 2986 5820 ³³⁵
3015 5787 3100 5840 hic
3121 5770 3382 5842 humerus
3400 5802 3586 5842 erasus
3630 5790 3709 5840 est
3735 5788 3779 5836 1.

493 5841 561 5874 ³³⁸
603 5843 713 5896 haec
741 5845 800 5896 in
829 5845 1078 5912 margine
1106 5851 1279 5915 supra
1301 5863 1355 5900 a.
1391 5850 1496 5903 850
1527 5841 1790 5904 habentur
1820 5855 1867 5904 1.
1893 5841 2118 5906 -ὠιηο
2156 5859 2282 5908 852.
2316 5841 2589 5924 adscripta
2620 5862 2670 5910 2.
