4052 6196
265 266 399 330 1349
484 284 493 287 ‘
554 218 559 231 δ

1098 298 1099 303 γ
1151 222 1444 316 sensui).
1482 230 1686 316 111.?—
1723 262 2150 321 MONUMENTA
2188 264 2648 323 assensum.

3425 256 3563 326 1350

258 389 475 444 Rabani
520 386 984 461 Mogontiacensis
1030 364 1423 457 archiepiscopi
1467 384 1526 442 in
1546 392 1848 451 ‘conventu
1878 364 1939 458 ΑΛ
2034 384 2161 446 864.
2210 389 2549 447 Guntharius
2577 390 2925 447 Coloniensis
2971 393 3277 464 episcopale
3309 392 3563 451 ofﬁcium

258 483 641 555 episcoporum
670 481 1004 555 Mogontiaci
1035 486 1202 548 (conc.
1237 482 1431 550 Mog.),
1463 481 1745 539 confutata
1771 492 1854 540 est
1955 491 2079 555 post
2112 484 2467 543 interdictum
2513 500 2811 556 usurpans,
2843 493 2928 542 set
2966 493 3156 558 postea
3187 486 3383 543 ductus
3413 488 3562 559 peni-

138 650 153 660 ρ
256 576 465 633 heresis
510 576 1136 648 praedestinatianorum,
1170 589 1410 648 quorum
1439 576 1616 649 capita
1660 578 1855 635 beatus

256 671 604 743 Augustinus
630 669 901 743 confregit
919 678 1083 742 atque
1110 670 1371 726 contrivit
1398 669 1455 725 in
1480 670 1617 728 libro
1639 671 1707 729 de
1729 688 1853 728 cor-

254 764 502 837 reptione
532 771 588 819 et
630 762 805 837 gratia
832 772 887 819 et
932 763 1419 836 praedeStinatione
1448 773 1765 822 sanctorum
1794 782 1857 822 ac

256 859 387 914 bono
423 861 836 929 perseverantia:
868 868 945 909 ³η
957 901 970 914 .

326 957 456 1008 848.
489 951 849 1009 Gotescalcus
872 953 1099 1025 quidam
1126 951 1418 1025 presbiter,
1449 953 1720 1027 quosdam
1747 956 1854 1011 ho-

254 1047 437 1105 mines
479 1046 548 1104 ad
576 1046 771 1117 vitam;
802 1047 1072 1118 quosdam
1101 1046 1172 1103 ad
1200 1056 1441 1105 mortem
1470 1048 1853 1106 inevitabiliter

252 1158 282 1198 a
308 1145 427 1198 Deo
469 1140 884 1213 praedestinatos
911 1140 1305 1215 dogmatizans,
1347 1142 1404 1197 in
1430 1151 1705 1199 conventu
1733 1142 1848 1215 epi-

251 1251 550 1307 scoporum
578 1235 909 1308 Mogontiaci
943 1236 1247 1305 convictus,
1276 1252 1444 1310 regno
1472 1236 1777 1309 expellitur.

310 1334 449 1401 A849.
483 1329 678 1403 Augize
718 1328 1097 1386 Walahfridus
1126 1329 1326 1387 Strabo
1354 1330 1522 1388 abbas
1551 1330 1719 1398 obiit;
1748 1347 1849 1404 pro

252 1438 363 1495 quo
388 1423 682 1480 Folcuinus
709 1423 877 1480 abbas
908 1429 1023 1480 13‘"
1051 1423 1270 1495 praefuit
1291 1424 1450 1481 annis
1478 1432 1532 1482 9.

323 1522 451 1575 850.
487 1521 690 1591 Magna
727 1517 903 1574 fames
934 1519 1074 1574 circa
1098 1519 1383 1587 Rhenum,
1408 1518 1464 1575 in
1490 1535 1597 1591 qua
1623 1519 1848 1578 Rhaba-

252 1627 357 1669 nus
380 1611 817 1683 archiepiscopus
837 1612 1043 1669 multos
1069 1627 1334 1685 pauperes
1353 1613 1506 1669 aluit.

323 1710 450 1763 852.
498 1708 692 1778 Magna
731 1705 960 1762 sinodus
996 1714 1052 1762 et
1081 1706 1346 1779 generalis
1382 1715 1688 1764 conventus
1732 1710 1852 1765 Mo-

251 1800 486 1874 gontiaci
509 1816 542 1865 a
572 1800 840 1857 Rhabano
864 1798 1274 1873 archiepiscopo
1303 1808 1358 1857 et
1387 1801 1688 1859 Ludowico
1724 1818 1851 1876 rege

249 1893 485 1951 habitus.

322 1992 447 2045 853.
480 1988 822 2047 Nordmanni
858 1989 1142 2047 basilicam
1166 1990 1340 2046 sancti
1364 1989 1592 2047 Martini
1614 1990 1852 2047 Turonis

250 2082 571 2140 incendunt.

316 2183 441 2235 855.
483 2176 784 2235 Lotharius
830 2178 1153 2250 imperator,
1196 2178 1386 2234 relicto
1414 2177 1625 2235 mundo
1653 2177 1852 2235 diviso-

247 2287 355 2344 que
393 2270 537 2327 inter
578 2271 719 2328 ﬁlios
746 2287 938 2344 regno,
969 2270 1310 2328 monachum
1340 2287 1397 2328 se
1426 2272 1668 2328 Prnmiaa
1701 2270 1845 2339 fecit,

248 2373 306 2421 et
323 2380 438 2420 non
455 2364 632 2420 multo
657 2374 804 2437 post,
834 2371 885 2422 3.
913 2366 1043 2422 Kal.
1072 2365 1274 2422 Octob.
1302 2364 1371 2422 ad
1401 2381 1630 2438 regnum
1651 2365 1849 2421 celeste

243 2456 528 2530 migravit.
573 2461 705 2514 Post
729 2473 898 2531 quem
923 2456 1021 2513 ﬁlii
1051 2457 1167 2529 eius
1194 2458 1524 2514 Ludowicus
1553 2458 1849 2530 imperator

245 2550 490 2618 Italiam,
528 2558 584 2607 et
610 2550 909 2608 Lotharius
936 2549 1236 2621 Cisalpinas
1264 2558 1446 2621 partes
1477 2550 1632 2622 regni
1657 2558 1846 2607 tenue-

245 2652 397 2701 runt.

1962 578 2134 634 tentia
2181 581 2423 635 Romam
2470 578 2638 649 venit,
2689 588 2774 635 set
2802 576 3408 637 minime'reconciliari
3438 598 3562 639 me-

1962 671 2095 726 ruit.
2888 659 2911 662 κ

2032 770 2160 820 865.
2214 766 2477 822 Arsenius
2521 765 2827 838 episcopus,
2870 765 3076 823 Nicolai
3127 783 3281 840 papae
3328 769 3558 842 legatus,

1962 857 2065 929 ipsi
2097 859 2346 915 Lotharis
2375 860 2540 915 ﬁdem
2571 860 2789 917 conubii
2821 877 2915 933 per
2944 870 3287 918 sacramenta
3324 870 3389 919 12
3420 865 3563 936 prin-

1959 952 2144 1024 cipum
2199 968 2431 1009 suorum
2481 953 2782 1024 pollicenti,
2835 954 3216 1028 Tiothpirgam
3264 956 3560 1030 conjugem

1961 1046 2372 1103 reconciliatam
2422 1045 2682 1103 reddidit.

2032 1146 2159 1197 866.
2205 1140 2428 1212 Vulgari
2485 1139 2667 1196 missis
2710 1156 2741 1196 a
2787 1141 3019 1199 Nicolao
3066 1157 3205 1215 papa
3251 1144 3559 1205 Ludowico

1959 1250 2085 1308 rege
2128 1233 2602 1306 praedicatoribus,
2638 1234 2801 1290 ﬁdem
2834 1234 3034 1291 Christi
3062 1236 3389 1309 suscipiunt.

2029 1333 2156 1385 867.
2205 1328 2507 1385 Lotharius
2552 1344 2651 1385 rex
2679 1327 3007 1400 posthabitis
3036 1328 3342 1402 principum
3379 1348 3557 1389 sacra-
3624 1380 3635 1389 .

1958 1423 2183 1491 mentis,
2243 1422 2625 1494 Thiotpirgam
2668 1421 2978 1495 repudiavit
3019 1422 3242 1492 iterum,
3285 1440 3343 1482 se
3386 1427 3554 1498 priori

1956 1516 2279 1574 concubinae
2321 1516 2704 1573 commiscens.
2756 1516 2918 1573 Unde
2962 1533 3089 1574 eum
3136 1534 3274 1591 papa
3302 1519 3562 1577 Nicolaus

1956 1628 2086 1668 cum
2134 1610 2245 1667 suis
2291 1610 2653 1683 complicibus
2700 1611 3212 1683 excommunicavit,
3267 1612 3440 1669 literis
3489 1613 3561 1670 ad

1964 1704 2209 1761 diversos
2234 1703 2432 1761 missis.

2034 1805 2160 1856 868.
2207 1797 2459 1871 Synodus
2489 1813 2687 1871 magna
2724 1814 2914 1855 coram
2941 1799 3243 1857 Ludowico
3268 1816 3390 1873 rege
3415 1801 3563 1858 colli-

1958 1893 2107 1964 gitur
2151 1891 2495 1950 Wormatiae.
2550 1894 2746 1949 Romae
2790 1891 3055 1950 defuncto
3102 1910 3240 1967 papa
3308 1888 3559 1964 Nicola‘o,

1962 1991 2111 2042 108ι1⁸
2147 1985 2421 2042 Adrianus
2451 1989 2504 2042 II
2532 1985 2675 2042 sedit
2699 1985 2855 2043 annis
2879 1991 2933 2042 5.
2980 1987 3068 2044 Ad
3094 2003 3260 2059 quem
3292 2004 3419 2045 cum
3445 1990 3558 2047 Lo-

1959 2079 2166 2137 tharius
2192 2096 2289 2136 rex
2314 2080 2574 2148 venisset,
2603 2088 2657 2136 et
2682 2079 2895 2138 frustra
2923 2080 3230 2153 opitulante
3259 2080 3426 2139 fratre
3450 2086 3559 2140 Lu-

1956 2173 2171 2231 dowico
2214 2174 2569 2247 imperatore,
2611 2190 2711 2246 pro
2752 2174 3062 2232 Waldradae
3089 2176 3416 2234 concubinae
3444 2192 3561 2236 sua:

1956 2267 2309 2324 matrimonio
2353 2268 2483 2323 satis
2530 2268 2749 2341 egisset,
2796 2268 2965 2323 nichil
3014 2269 3241 2342 profuit,
3283 2256 3556 2338 '(REGIN.

1955 2361 2149 2417 Chron.
2183 2378 2237 2418 a.
2282 2366 2441 2429 869.)
2472 2364 2553 2418 Ea
2585 2362 2661 2399 ³³⁸
2691 2361 2914 2431 quidem
2943 2362 3177 2417 conditio
3216 2365 3267 2417 ei
3295 2364 3553 2437 dabatur,

1954 2461 2017 2512 ut
2038 2460 2091 2512 si
2115 2459 2364 2512 innocens
2411 2461 2562 2521 esset,
2592 2458 2921 2528 ﬁducialiter
2959 2472 3148 2528 corpus
3184 2461 3402 2514 Domini
3420 2476 3558 2530 per-
3654 2508 3663 2519 ,

1954 2552 2177 2621 ciperet;
2220 2554 2303 2605 sin
2349 2567 2490 2617 vero,
2542 2551 2686 2605 illud
2731 2552 3039 2624 nullatenus
3076 2553 3314 2622 accipere
3344 2569 3558 2624 praesu-

1954 2647 2138 2698 meret.
2164 2644 2256 2699 Set
2284 2644 2396 2713 ipse
2426 2646 2749 2699 temerarius
2786 2648 3025 2712 accessit,
3059 2649 3111 2700 et
3133 2662 3252 2700 cum
3280 2649 3391 2701 suis
3415 2664 3555 2703 com-

313 2742 439 2794 856.
470 2737 804 2811 Mogontiaci
822 2737 1083 2794 Rhabano
1110 2737 1527 2810 archiepiscopo
1557 2736 1843 2807 defuncto,
1950 2737 2183 2808 plicibus
2223 2735 2537 2791 inevitabile
2556 2734 2828 2805 judicium
2855 2737 2961 2792 sibi
2985 2753 3184 2806 suoque
3211 2755 3394 2809 regno,
3422 2741 3557 2795 heu!

247 2832 505 2888 successit
564 2832 826 2899 Karolus,
885 2831 1026 2888 ﬁlius
1069 2830 1249 2903 Pipini
1295 2831 1439 2905 regis
1506 2832 1840 2904 Aquitaniae.

1953 2832 2187 2885 nimium
2235 2830 2468 2893 demens,
2508 2832 2766 2900 percepit.
2817 2832 2957 2887 Nam
3008 2835 3161 2885 tanta
3199 2832 3376 2887 clades
3424 2818 3559 2889 hanc

248 2927 445 2982 Roma:
473 2927 662 2982 Leone
708 2924 990 2992 defuncto,
1026 2928 1178 2982 106‘"
1210 2925 1541 2983 Benedictus
1568 2927 1667 2994 III,
1701 2942 1842 2998 papa
1946 2926 2419 2995 praesumptionem
2444 2924 2704 2978 divi-nitus
2725 2924 3005 2980 subsecuta
3024 2929 3123 2993 est,
3149 2930 3211 2979 ut
3236 2929 3295 2979 in
3325 2926 3557 2996 ejusdem
3612 2948 3631 2959 κ

247 3019 390 3077 sedit
415 3020 574 3076 annis
601 3026 657 3084 2,
686 3019 969 3076 mensibus
996 3026 1052 3077 6.

1954 3018 2202 3073 Lotharii
2227 3034 2409 3087 regno,
2442 3022 2554 3073 tota
2577 3019 2749 3073 virtus
2779 3033 2841 3073 ac
2870 3016 3149 3085 nobilitas,
3182 3035 3289 3075 non
3308 3024 3459 3091 peste
3479 3025 3558 3077 set

317 3118 443 3170 857.
490 3112 744 3185 Synodus
770 3129 802 3170 a
828 3098 1037 3170 Karolo
1065 3112 1475 3187 archiepiscopo
1504 3112 1839 3187 Mogontiaci
1872 3146 1919 3211 ο
1953 3116 2114 3185 quasi
2135 3113 2318 3169 hostili
2345 3113 2551 3182 gladio,
2582 3113 2757 3168 deleta
2784 3113 3082 3170 videretur.
3172 3175 3177 3181 ,

246 3205 539 3279 colligitur.

245 3336 253 3351 .
313 3307 440 3357 858.
492 3300 687 3357 Villam
747 3299 1024 3373 quandam
1085 3301 1248 3375 juxta
1314 3301 1732 3377 Mogonciacum
1790 3311 1845 3359 et

244 3393 525 3462 Rhenum,
557 3395 872 3451 Cammunti
902 3403 1169 3463 vocatam,
1200 3411 1442 3469 nequam
1477 3396 1701 3470 spiritus
1740 3395 1843 3452 ho-

246 3490 428 3547 mines
486 3488 856 3561 multipliciter
904 3488 1217 3546 infestando
1262 3483 1591 3548 devastavit.
1644 3493 1843 3549 Romae

246 3590 372 3653 post
410 3581 767 3640 Benedictum
804 3589 956 3639 107*"
982 3583 1235 3639 Nicolaus
1259 3600 1397 3656 papa
1426 3584 1566 3641 sedit
1592 3586 1750 3641 annis
1773 3591 1836 3643 9.

319 3681 447 3734 859.
495 3676 687 3734 Crebri
742 3684 904 3733 terrae
952 3685 1138 3733 motus
1180 3677 1588 3749 Mogontiacum
1631 3694 1842 3735 concu-

246 3770 420 3839 tiunt;
451 3768 635 3842 ibique
663 3771 878 3828 Probus
897 3771 1168 3843 presbiter
1196 3770 1484 3844 religiosus
1517 3779 1572 3827 et
1597 3780 1839 3841 sanctus,

246 3868 302 3919 7.
335 3862 464 3918 Kal.
492 3862 621 3919 Julii
650 3863 814 3920 obiit.

322 3962 448 4013 860.
476 3958 710 4029 Hiemps
738 3958 981 4015 maxima
1010 3959 1180 4016 etiam
1210 3960 1426 4017 Ionium
1478 3976 1629 4017 mare
1667 3976 1841 4032 usque

239 4050 299 4107 in
327 4050 612 4108 Venetiam
635 4067 733 4125 per
759 4051 987 4125 glaciem
1017 4053 1173 4125 equis
1197 4053 1426 4110 meabile
1452 4052 1605 4111 fecit.

312 4149 439 4200 861.
492 4143 843 4217 Meginradus
899 4146 1091 4216 Augiae
1151 4146 1484 4214 monachus,
1528 4154 1582 4202 et
1626 4146 1842 4218 primus

243 4237 421 4294 incola
451 4237 664 4294 heremi
693 4254 818 4311 qua:
844 4238 1099 4295 Turicino
1144 4238 1356 4310 adiacet
1379 4238 1520 4295 lacui
1549 4256 1579 4295 a
1609 4239 1839 4311 quibus-

243 4329 381 4387 dam
410 4332 715 4389 latronibns
738 4333 871 4388 inibi
893 4339 979 4389 12.
1008 4333 1131 4388 Kal.
1160 4333 1324 4389 Febr.
1358 4340 1694 4407 peremptus,
1718 4342 1844 4406 post

244 4432 486 4482 mortem
532 4427 829 4482 virtutibus
868 4426 1088 4495 claruit,
1130 4428 1322 4500 AugiatI
1349 4428 1618 4501 sepultus.
1652 4430 1702 4484 A
1732 4444 1842 4499 quo

2025 3214 2149 3265 869.
2201 3206 2501 3263 Lotharius
2556 3222 2654 3263 rex
2700 3222 2831 3264 cum
2904 3207 3263 3279 complicibus
3324 3210 3435 3273 suis
3495 3227 3555 3270 se

1954 3303 2101 3374 apud
2143 3317 2343 3373 papam
2376 3300 2682 3357 Adrianum
2723 3300 2792 3358 de
2833 3300 2996 3356 illatis
3023 3302 3345 3360 criminibus
3386 3321 3555 3363 excu-

1954 3412 2081 3453 sans
2108 3404 2162 3452 et
2210 3411 2411 3467 corpus
2454 3394 2683 3450 Domini
2711 3395 3004 3451 temerarie
3039 3395 3108 3452 ab
3155 3412 3222 3452 eo
3256 3399 3552 3471 accipiens,
3624 3402 3629 3407 ’

1954 3507 2082 3548 cum
2108 3489 2311 3547 rediret
2360 3488 2612 3556 domum,
2657 3488 2954 3545 Placentiae
3000 3488 3190 3561 periit;
3224 3499 3555 3566 autoresque

1952 3585 2171 3642 sceleris
2194 3598 2333 3656 pene
2361 3598 2555 3640 omnes
2584 3583 2761 3639 obiter
2789 3582 3019 3655 periere.
3048 3587 3417 3660 Regnumque
3437 3587 3555 3660 ejus

1950 3679 2189 3736 Karolus
2217 3686 2443 3750 patruus
2471 3677 2590 3751 ejus
2612 3676 2827 3733 invasit.

2024 3778 2148 3828 870.
2195 3771 2448 3845 Synodus
2490 3787 2689 3845 magna
2718 3770 2963 3828 Colonias
2995 3770 3243 3839 collecta,
3292 3780 3347 3829 et
3373 3775 3549 3831 multa

1953 3882 2052 3938 pro
2080 3874 2226 3922 statu
2259 3865 2487 3922 zeclesiae
2515 3864 2756 3922 decreta.

2024 3966 2123 4017 871
2165 3963 2412 4024 (RBGIN.
2427 3958 2645 4032 Chron.)
2664 3970 2739 4009 "9
2750 3959 3071 4015 Ludowicus
3082 3962 3376 4030 imperator
3385 3961 3571 4029 Adal-r

1954 4057 2068 4125 giso
2095 4060 2327 4125 tyranno
2352 4072 2452 4126 per
2475 4059 2876 4110 sacramentum
2906 4056 3312 4124 repaciﬁcatur;
3337 4072 3441 4125 quo
3467 4061 3550 4111 ta-

1950 4165 2071 4204 men
2116 4153 2441 4204 sacramento
2471 4164 2591 4203 eum
2625 4153 2748 4219 post
2788 4151 3021 4202 Joannes
3043 4163 3195 4217 papa
3223 4148 3470 4212 absolvit,
3501 4154 3553 4205 et

1950 4259 2069 4298 eum
2098 4247 2279 4297 contra
2297 4243 2522 4297 eundem
2548 4243 2827 4296 tirannum
2848 4243 3097 4295 incitavit
3115 4241 3189 4295 ad
3220 4240 3547 4298 bellandum.

2025 4339 2144 4392 872.
2180 4335 2408 4390 Basilius
2448 4334 2747 4405 imperator
2773 4333 3081 4390 Grecorum
3110 4332 3419 4405 portionem
3454 4334 3549 4392 de-

1951 4428 2171 4486 minicaa
2199 4428 2375 4485 crucis
2401 4426 2698 4484 Ludowico
2726 4427 2843 4499 regi
2868 4427 3185 4483 transmisit.

244 4536 422 4593 usque
470 4518 637 4576 hodie
686 4523 954 4577 Heremus
1002 4519 1118 4592 ipsa
1166 4537 1197 4577 a
1239 4522 1444 4580 sanctis
1484 4531 1538 4580 et
1581 4521 1844 4595 religiosis
1871 4517 1923 4579 D
2023 4529 2151 4580 878.
2218 4525 2417 4580 Romae
2473 4519 2733 4577 defuncto
2790 4518 3052 4586 Adriano,
3120 4524 3268 4576 109‘"
3311 4520 3551 4580 Joannes

241 4613 376 4669 viris
395 4614 564 4683 culta,
594 4612 651 4669 in
679 4613 863 4670 nobile
886 4616 1125 4671 excrevit
1152 4617 1465 4675 cenobium.

312 4713 442 4764 862.
502 4707 797 4764 Lotharius
884 4724 982 4765 rex
1055 4707 1363 4766 faventibus
1417 4712 1839 4786 archiepiscopis

244 4800 564 4859 Guntbario
607 4801 928 4859 Coloniense
976 4810 1031 4859 et
1090 4802 1448 4875 Teothgaudo
1488 4807 1838 4875 'I‘reverense,

242 4893 553 4967 repudiavit
594 4895 978 4968 Tiothpirgam
1022 4913 1252 4953 uxorem
1289 4896 1611 4970 legitimam,
1641 4898 1839 4957 sinodo

244 4986 316 5044 ad
345 4988 455 5045 hoc
484 4987 920 5044 machinandum
971 4989 1219 5047 collecta.

319 5087 447 5138 863.
519 5082 742 5157 Synodo
818 5084 1012 5142 Romae
1066 5085 1316 5156 collecta,
1383 5086 1726 5143 Guntharius
1785 5095 1841 5143 et

241 5174 676 5249 Theothgaudus
707 5177 1099 5251 archiepiscopi
1149 5178 1278 5235 illuc
1315 5180 1638 5250 transmissi,
1667 5196 1699 5236 a
1745 5180 1843 5238 Ni-

242 5267 445 5326 cholao
461 5286 597 5345 papa
618 5278 750 5327 sunt
766 5270 1021 5344 depositi,
1046 5279 1104 5328 et
1120 5288 1246 5329 cum
1264 5273 1473 5347 synodo
1498 5291 1597 5331 sua
1624 5274 1844 5331 anathe-

243 5362 512 5430 matizati,
538 5364 942 5439 Lothariusque
959 5381 1074 5436 rex,
1100 5366 1205 5424 nisi
1232 5369 1592 5442 resipisceret,
1619 5384 1840 5427 excom-

242 5458 560 5515 municatus
601 5467 705 5518 est.

1948 4619 2074 4673 VIII
2118 4634 2256 4690 papa
2299 4617 2440 4674 sedit
2467 4615 2628 4671 annis
2669 4620 2734 4670 10
2767 4612 2862 4682 ’3'),
2908 4615 3061 4684 cujus
3100 4619 3367 4686 pi‘tecepto
3394 4620 3551 4674 Joan-
3588 4676 3591 4689 _

1948 4727 2038 4767 nes
2066 4712 2324 4766 diaconus
2353 4715 2518 4767 Roma
2528 4725 2609 4764 na:
2647 4709 2862 4764 ccclesiis
2897 4710 3068 4764 vitam
3105 4712 3282 4766 sancti
3307 4712 3553 4782 Gregorii

1949 4807 2250 4861 authentico
2277 4805 2582 4874 descripsit.

2021 4904 2145 4955 874.
2202 4895 2827 4969 RatolfusIVeronensis
2881 4896 3173 4970 episcopus
3225 4898 3383 4969 obiit,
3454 4900 3548 4976 qui

1950 4993 2030 5049 sui
2056 4991 2296 5048 nominis
2321 4991 2512 5047 cellam
2545 4990 2846 5046 construxit
2870 4990 3031 5063 juxta
3057 4993 3316 5065 Augiam.

2021 5090 2144 5143 875.
2174 5083 2509 5141 Ludowicns
2551 5084 2852 5156 imperator
2880 5085 3049 5143 Italiae
3072 5085 3383 5154 defunctus,
3429 5089 3544 5142 Me-

1950 5179 2154 5237 diolani
2180 5178 2464 5251 sepelitur,
2494 5194 2643 5234 anno
2686 5178 2836 5250 regni
2865 5183 2976 5234 20°.
3004 5180 3171 5253 Cujus
3197 5195 3426 5251 regnum
3454 5195 3544 5250 pa-

1950 5282 2104 5330 truus
2137 5273 2255 5345 ejus
2278 5271 2519 5327 Karolus
2557 5287 2648 5327 rex
2677 5268 2984 5328 Galliarum
3010 5273 3290 5340 invadens,
3320 5287 3350 5327 a
3372 5273 3543 5327 Joan-

1949 5384 2019 5426 ne
2048 5383 2188 5441 papa
2234 5381 2294 5423 se
2334 5365 2721 5437 imperatorem
2770 5366 3020 5423 coronari
3061 5365 3209 5421 fecit.

2022 5467 2148 5518 876.
2201 5458 2533 5517 Ludowicus
2579 5476 2672 5517 rex
2708 5460 2996 5533 religiosus
3044 5458 3190 5529 apud
3235 5459 3547 5519 Francono-

1548 5615 1794 5673 VARLE
1830 5616 2134 5673 LECTION
2141 5615 2242 5672 ES.

319 5771 396 5813 ³³7
423 5777 490 5820 ac
522 5763 578 5821 b.
606 5779 660 5837 p.
688 5769 886 5822 atram.
914 5767 1085 5838 paulo
1120 5768 1329 5823 diverso
1365 5772 1412 5825 1.
1445 5767 1636 5838 desunt
1667 5774 1721 5825 3.
1793 5768 1868 5805 ³³⁸
1894 5771 2017 5825 ch
2046 5771 2103 5823 in
2130 5783 2306 5837 marg.
2335 5766 2445 5823 alio
2474 5768 2783 5822 atramento
2830 5768 2877 5819 1.
2907 5762 3068 5820 Anno
3096 5766 3222 5820 869.
3266 5765 3542 5836 adscripta

239 5835 307 5888 in
335 5840 388 5889 2.
466 5845 545 5887 n9
566 5835 678 5893 haec
705 5839 888 5895 eadem
914 5835 1087 5895 manu
1111 5839 1305 5896 addita
1335 5844 1384 5895 1.
1465 5837 1536 5877 ³³⁰
1563 5842 1777 5911 reliqua
1808 5841 2003 5897 addita
2028 5841 2134 5896 alio
2162 5835 2471 5895 atramento
2504 5844 2555 5894 1.
