4052 6196
546 284 675 339 1351

922 356 934 389 1

1544 286 1636 338 AD
1673 284 1902 340 OPERA
1938 282 1999 338 s.
2042 268 2364 337 GREGORII
2398 278 2833 345 APBENDICES.

3664 272 3671 279 '
3710 283 3835 337 1352

544 404 657 464 furt
700 412 733 462 5
789 407 912 464 Kal.
964 406 1301 477 Septembris
1342 406 1498 476 obiit,
1529 423 1673 465 anno
1701 409 1854 482 regni
1904 399 2020 473 36“,
2060 422 2148 464 re-
2173 412 2225 475 Α
2322 409 2444 460 892.
2491 407 2691 461 Romae
2735 411 2859 476 post
2923 402 3264 474 Stephanum
3312 404 3638 471 Formosus,
3689 406 3837 476 prius

541 516 819 573 gnumque
861 497 985 572 ejus‘
1022 507 1133 555 tres
1184 499 1305 569 ﬁlii,
1354 501 1763 559 Karlomannus
1790 502 2127 576 Bajoariam,

543 593 872 651 Ludowicus
895 594 1275 661 Germaniam,
1308 595 1550 653 Karolus
1580 597 1983 667 Alemanniam,
2016 595 2130 653 sin-

539 687 650 760 guli
677 704 805 743 cum
836 687 1211 762 adjacentibus
1250 689 1541 760 provinciis
1569 706 1843 764 accepere.

611 788 736 838 877.
781 782 1021 839 Karolus
1064 799 1162 838 rex
1222 783 1524 840 Galliarum
1576 785 1734 854 obiit,
1790 801 1932 840 anno
1978 782 2131 856 regni

538 881 654 933 37°.
702 879 837 934 Post
878 892 1042 950 quem
1088 876 1228 933 ﬁlius
1271 877 1393 950 ejus
1428 878 1760 935 Ludowicus
1800 877 1998 935 Balbus
2044 893 2130 934 re-

536 985 704 1043 gunm
738 970 1042 1028 Galliarum
1073 970 1299 1043 accepit.

536 1112 545 1123 .
604 1071 730 1121 878.
757 1064 1087 1121 Ludowicus
1108 1082 1213 1122 rex
1237 1066 1551 1123 Germaniae
1578 1083 1706 1124 cum
1731 1064 1896 1124 fratre
1923 1066 2130 1123 Karolo

535 1173 767 1231 regnum
806 1158 1043 1215 Lotharii
1072 1159 1277 1215 divisit.

606 1258 732 1308 879.
760 1251 1100 1311 Ludowicus
1128 1253 1352 1322 Balbus,
1397 1254 1543 1311 ﬁlius
1570 1255 1783 1325 Karoli,
1808 1272 1901 1312 rex
1933 1254 2134 1313 Gallia-

534 1362 682 1415 rum,
714 1352 744 1402 3
776 1346 912 1421 Idus
935 1346 1133 1419 Aprilis
1158 1347 1481 1420 Compendii
1512 1348 1664 1404 obiit.

604 1446 729 1496 880.
793 1440 1206 1497 Karlomannus
1267 1457 1360 1498 rex
1414 1441 1687 1515 Bajoariae
1742 1441 1889 1513 apud
1945 1443 2130 1499 villam

533 1533 796 1607 Otingam
825 1534 984 1603 obiit,
1015 1541 1072 1590 11
1120 1534 1361 1592 Kalend.
1391 1536 1610 1608 Aprilis.

601 1633 727 1684 881.
776 1627 1127 1685 Nordmanni
1156 1630 1360 1686 multas
1388 1629 1688 1702 provincias
1730 1631 1787 1687 in
1825 1631 1999 1689 Gallia
2040 1647 2130 1687 va-

530 1730 699 1781 stant.
725 1723 964 1779 Karolus
982 1738 1098 1791 rex,
1116 1722 1283 1778 frater
1303 1722 1603 1793 Ludowici,
1631 1727 1870 1781 Romam
1892 1724 2131 1792 veniens,

2241 499 2556 556 Portuensis
2604 498 2912 571 episcopus,
2962 511 3104 570 papa
3161 502 3329 567 113a,,
3382 497 3531 555 sedit
3572 498 3733 554 annis
3781 506 3834 563 4,

2242 594 2523 652 mensibus
2560 601 2614 649 7.

2312 694 2438 745 893.
2483 690 2784 745 Formosus
2824 700 2968 759 papa
3009 685 3307 744 Arnolfum
3356 702 3543 759 regem
3575 686 3647 745 ad
3675 688 3840 743 susci-

2241 782 2494 855 piendam
2522 790 2579 836 et
2605 798 2637 838 a
2665 781 2919 856 tyrannis
2957 781 3254 839 eruendam
3282 780 3504 837 Italiam
3534 781 3756 837 invitat.

2311 882 2440 933 895.
2473 875 2548 914 ³³³
2569 874 2825 949 Synodus
2855 891 3058 947 magna
3085 874 3229 947 apud
3256 875 3570 932 Triburiam
3592 876 3841 932 collecta.

2240 973 2489 1044 Itemque
2514 987 2607 1051 rex
2639 986 2670 1026 a
2710 986 2848 1042 papa
2874 978 3120 1042 rogatus,
3150 969 3361 1026 Italiam
3393 968 3547 1041 petit.

2313 1069 2436 1120 896.
2487 1063 2753 1121 Arnolqu
2793 1080 2885 1120 rex
2930 1063 3155 1120 tandem
3202 1065 3437 1120 Romam
3485 1064 3665 1131 venit,
3713 1073 3772 1120 et
3815 1078 3845 1119 a

2241 1159 2507 1215 Formoso
2538 1174 2679 1231 papa
2726 1157 3029 1230 imperator
3056 1165 3348 1214 coronatus
3382 1166 3486 1214 est.
3538 1161 3847 1215 Formosus

2243 1269 2379 1325 papa
2421 1252 2508 1309 die
2549 1251 2767 1325 pascha:
2796 1251 2954 1307 obiit.
2993 1253 3100 1308 Pro
3140 1268 3250 1324 quo
3295 1260 3481 1308 sextus
3528 1250 3847 1309 Bonifacius

2239 1363 2377 1419 papa
2423 1352 2570 1402 114'"
2614 1346 2922 1415 ordinatus,
2976 1351 3067 1401 15°
3115 1346 3202 1402 die
3242 1346 3485 1418 podagra
3538 1344 3847 1402 defunctus

2239 1447 2344 1497 est.

2310 1538 2435 1590 897.
2501 1532 2579 1579 ³³4
2607 1533 2705 1590 Cui
2733 1540 2924 1590 sextus
2960 1532 3268 1605 Stephanus
3291 1548 3431 1606 papa
3460 1539 3613 1589 115a:
3633 1533 3843 1590 substi-

2237 1635 2409 1698 tutus,
2435 1628 2574 1684 sedit
2601 1644 2810 1686 annum
2850 1633 2904 1683 1.
2933 1628 3038 1698 Qui
3065 1626 3309 1701 tyrannis
3336 1625 3485 1683 favit.

2311 1728 2438 1778 808.
2484 1721 2550 1758 ³³⁵
2571 1725 2768 1779 Romae
2793 1729 2918 1793 post
2945 1720 3209 1793 Stephani
3234 1721 3517 1777 interitum
3547 1722 3843 1778 Romanus

529 1833 638 1873 una
680 1833 813 1873 cum
840 1816 1024 1890 regina
1054 1816 1369 1889 Richgarda
1406 1791 1677 1889 imperiali
1702 1819 1958 1875 unctione
1982 1835 2011 1873 a
2038 1791 2130 1875 Joé
2159 1791 2206 1853 Β
2240 1831 2379 1887 papa
2431 1820 2578 1871 116'"
2620 1816 2765 1872 sedit
2794 1791 3097 1871 mensibus
3138 1815 3299 1886 paulo
3345 1814 3464 1887 plus
3514 1821 3569 1883 4,
3619 1823 3675 1871 et
3718 1824 3841 1887 post

526 1925 672 1966 anne
700 1927 833 1982 papa
862 1919 1179 1978 coronatur,
1208 1909 1280 1949 ³³³
1310 1916 1361 1966 et
1380 1928 1557 1967 omnes
1576 1913 1845 1968 Italorum
1868 1914 2128 1984 episcopi,

522 2008 727 2075 prceter
746 2020 969 2075 papam,
995 2006 1311 2076 imperatori
1321 2004 1452 2075 jure
1469 2006 1712 2076 jurando
1741 2006 2126 2076 subjiciuntur.

599 2104 723 2155 882.
757 2097 1089 2155 Ludowicus
1115 2115 1209 2154 rex
1251 2099 1567 2156 Germania:
1603 2106 1666 2155 13
1693 2098 1930 2156 Kalend.
1963 2099 2126 2155 Febr.

523 2191 678 2248 obiit.
716 2193 955 2248 Karolus
996 2191 1293 2263 imperator
1336 2180 1732 2249 Nordmannos
1771 2201 1972 2249 cuncta
2025 2192 2129 2249 cir-

525 2300 874 2357 cumquaque
923 2292 1221 2354 vastantes,
1268 2300 1459 2355 pacem
1499 2301 1668 2358 regno
1715 2286 1831 2357 ejus
1872 2284 2130 2357 deinceps

524 2386 866 2434 sacramento
891 2378 1111 2434 ﬁrmare
1138 2378 1423 2449 compulit,
1457 2386 1515 2434 et
1551 2394 1740 2452 regem
1766 2394 1965 2436 eorum
1988 2378 2127 2435 chri-

525 2471 864 2527 stianitatem
905 2469 1220 2543 professum
1247 2470 1315 2528 de
1337 2470 1616 2543 baptismo
1657 2472 1912 2545 suscepit,
1942 2472 2129 2545 sicque

527 2566 741 2622 ﬁrmata
770 2565 1014 2622 amicicia
1056 2564 1288 2639 digressi
1318 2574 1463 2623 sunt.

598 2665 724 2715 883.
757 2662 955 2716 Roma:
984 2659 1265 2716 Iohannes
1307 2676 1446 2732 papa
1476 2675 1506 2716 a
1546 2658 1796 2734 quodam
1838 2661 2124 2730 toxicatus,

526 2752 691 2809 etiam
718 2769 748 2808 a
790 2752 1034 2825 quodam
1064 2752 1171 2809 alio
1217 2768 1507 2826 percussus
1551 2754 1767 2824 malleo,
1817 2754 1975 2824 obiit,
2019 2763 2125 2812 sta-

523 2846 736 2918 timque
782 2862 1099 2918 percusssor
1127 2846 1244 2919 ejus
1270 2863 1302 2904 a
1331 2847 1552 2904 nemine
1593 2848 1741 2904 lesus
1770 2849 2025 2905 moritur.
2056 2853 2125 2906 Et

414 2996 423 3001 .
524 2940 772 2998 Marinus
812 2940 1246 3009 archidiaconus,
1278 2957 1416 3014 papa
1447 2948 1615 3011 110‘”,
1642 2942 1859 3014 praefuit
1894 2959 2041 3000 anno
2070 2950 2122 3014 1,

524 3034 805 3093 mensibus
828 3040 884 3103 6,
915 3034 1250 3092 Ludowicus
1278 3051 1373 3092 rex
1415 3036 1607 3093 Gallia:
1630 3036 1783 3093 obiit.

2238 1908 2385 1964 hunc
2420 1908 2744 1965 Theodoms
2776 1912 2852 1977 II,
2894 1924 3032 1980 papa
3066 1913 3238 1977 117°“,
3270 1907 3412 1964 sedit
3437 1907 3558 1963 dies
3581 1911 3673 1964 20.
3711 1911 3839 1964 Post

2236 2018 2401 2075 quem
2421 2018 2606 2060 nonus
2625 2001 2907 2059 Iohannes
2924 2018 3063 2074 papa
3090 2008 3238 2059 118'"
3256 2001 3558 2070 ordinatus,
3579 2000 3729 2058 sedit
3744 2018 3839 2057 an-

2235 2097 2321 2153 nis
2357 2103 2412 2153 2.

2306 2196 2434 2248 899.
2476 2193 2618 2248 Outa
2651 2191 2843 2265 regina
2887 2189 3141 2248 adulterii
3185 2188 3434 2247 incusata
3471 2194 3664 2246 72°“IIII
3689 2189 3840 2263 prin-

2234 2284 2417 2358 cipum
2440 2283 2754 2356 juramento
2783 2284 3032 2341 absoluta
3060 2292 3162 2340 est.

2301 2383 2427 2433 900.
2497 2377 2576 2416 ³³⁵
2608 2381 2803 2435 Romae
2842 2386 3072 2451 quartus
3100 2377 3447 2447 Benedictus,
3478 2393 3621 2450 papa
3658 2384 3835 2448 1199‘,

2231 2472 2371 2529 sedit
2399 2472 2560 2528 annis
2590 2478 2642 2539 3,
2681 2473 2958 2528 mensibus
3000 2477 3052 2527 5.
3083 2472 3345 2528 Arnolfus
3374 2472 3693 2543 imperator
3723 2474 3833 2529 Ra-

2214 2564 2486 2638 ,tisponae,
2548 2565 2643 2623 ubi
2708 2563 3048 2638 frequentius
3091 2566 3368 2634 manebat,
3415 2565 3580 2635 obiit,
3627 2571 3664 2620 6
3714 2567 3837 2623 Idus

2233 2660 2554 2716 Decembris
2584 2659 2678 2725 ³³7,
2709 2675 2857 2717 anno
2898 2659 3051 2733 regni
3084 2664 3208 2729 12°;
3260 2675 3358 2731 pro
3385 2674 3496 2732 quo
3539 2659 3693 2716 ﬁlius
3719 2660 3838 2732 ejus

2232 2753 2566 2810 Ludowicus
2596 2770 2729 2826 puer
2760 2752 3020 2826 regnavit.

2301 2854 2426 2904 902.
2454 2848 2739 2921 Beringer,
2755 2846 3091 2919 Reginolfet
3110 2845 3363 2904 Gerhard
3378 2846 3597 2903 nobiles
3615 2863 3835 2921 germa-

2230 2939 2309 3009 ni,
2352 2940 2448 2997 ﬁlii
2482 2941 2678 2997 Atonis
2722 2942 2946 2999 comitis
2995 2949 3051 2997 et
3096 2941 3417 3012 Adellindae,
3464 2942 3659 3010 occisi,
3689 2942 3840 3015 apud

2228 3035 2686 3109 Bouchaugiense
2747 3035 3046 3093 cenobium
3106 3036 3402 3109 virginum,
3473 3051 3505 3092 a
3573 3036 3839 3108 praedicta

594 3136 722 3186 884.
792 3130 1198 3185 Karlomannus
1262 3128 1404 3185 ﬁlius
1465 3128 1747 3185 Ludowici
1789 3130 1963 3201 Balbi,
2029 3148 2123 3189 rex
2161 3168 2207 3231 α
2234 3127 2517 3186 Adellinda
2546 3137 2949 3200 constructum,
2979 3129 3340 3202 sepeliuntur,
3363 3129 3457 3186 ubi
3483 3137 3538 3185 et
3564 3130 3686 3203 ipsa
3716 3145 3842 3187 ma-

521 3223 714 3280 Gallize
740 3221 901 3293 obiit,
932 3231 987 3279 et
1020 3238 1252 3295 regnum
1298 3221 1493 3279 Gallia:
1533 3223 1775 3281 Karolus
1825 3223 2126 3299 imperator
2168 3221 2207 3231 “”
2235 3230 2322 3278 tcr
2343 3231 2529 3294 postea
2557 3232 2641 3279 est
2666 3224 2898 3296 sepulta.

522 3316 776 3374 obtinuit.

592 3417 719 3467 885.
753 3410 997 3467 Marinus
1045 3425 1189 3483 papa
1229 3404 1381 3479 obiit,
1430 3427 1532 3483 pro
1576 3427 1687 3484 quo
1715 3411 1990 3470 Adrianus
2019 3415 2121 3484 III,

522 3521 661 3579 papa
698 3511 864 3573 111‘",
903 3504 1047 3562 sedit
1076 3521 1223 3562 anno
1254 3511 1303 3575 1,
1338 3504 1625 3563 mensibus
1652 3512 1705 3563 4.

591 3605 714 3655 886.
767 3603 1076 3671 Imperator
1103 3616 1132 3655 a
1180 3615 1323 3670 papa
1362 3599 1644 3669 invitatus,
1696 3599 1910 3656 Italiam
1955 3600 2118 3658 venit.

521 3695 723 3750 Roma:
750 3695 979 3767 quintus
1006 3695 1341 3767 Stephanus,
1391 3711 1530 3767 papa
1565 3701 1733 3766 112‘",
1764 3703 1889 3768 post
1916 3696 2116 3754 Adria-

522 3800 657 3842 num
686 3787 829 3842 sedit
852 3787 1015 3843 annis
1044 3794 1098 3843 6.

589 3884 715 3935 887.
768 3879 1086 3951 Bichgarda
1136 3880 1474 3952 imperatrix,
1523 3880 1774 3939 adulterii
1804 3899 1932 3941 cum
1960 3885 2118 3943 Liut-

517 3969 715 4030 wardo
743 3972 1075 4027 Vercellensi
1106 3973 1362 4044 episcopo
1390 3974 1661 4043 incusata,
1691 3970 1881 4033 'divino
1903 3977 2115 4050 judicio

518 4080 576 4121 se
605 4065 675 4123 ab
717 4062 869 4123 omni
899 4063 1145 4120 virorum
1173 4064 1575 4121 commixtione
1600 4066 1880 4139 integram
1920 4077 1976 4125 et
2004 4071 2113 4127 vir—

516 4159 701 4233 ginem
747 4158 1152 4231 comprobavit,
1196 4159 1586 4232 quamvisjam
1621 4167 1683 4216 12
1711 4162 1867 4218 annis
1895 4162 1951 4219 in
1976 4180 2110 4221 cono

508 4252 665 4326 jugio
690 4251 1034 4325 imperatoris
1053 4252 1349 4325 aparuerit.
1372 4254 1611 4326 Moxque
1637 4270 1669 4310 a
1692 4270 1817 4327 rege
1837 4266 2110 4328 separata,

517 4346 573 4402 in
611 4346 993 4404 Andelahense
1020 4332 1316 4404 cenobium
1352 4346 1628 4419 virginum
1676 4365 1707 4404 a
1747 4364 1803 4405 se
1832 4359 2113 4409 construc-

513 4447 633 4497 tum
684 4440 932 4510 secessit,
985 4441 1168 4513 ibique
1217 4444 1339 4497 Deo
1390 4442 1669 4509 serviens,
1721 4443 1874 4515 virgo
1920 4446 2108 4519 regina

2304 3320 2433 3373 904.
2477 3318 2677 3374 Romae
2720 3325 2845 3389 post
2868 3316 3225 3375 Benedictum
3255 3319 3372 3374 Leo
3399 3318 3467 3385 V,
3513 3316 3665 3389 prius
3694 3332 3841 3389 pre-

2230 3407 2416 3482 sbyter
2455 3408 2709 3479 forensis,
2740 3427 2881 3484 papa
2928 3417 3100 3479 120...,
3129 3411 3274 3468 sedit
3314 3410 3601 3467 mensibus
3646 3409 3837 3467 ferme

2231 3503 2465 3560 duobus.
2489 3507 2618 3561 Post
2637 3521 2825 3578 quem,
2852 3513 2914 3561 ut
2934 3505 2987 3561 in
3006 3504 3335 3578 quibusdam
3363 3505 3566 3561 inveni.
3587 3505 3831 3562 Christo-

2228 3598 2431 3671 phorus
2459 3598 2607 3671 prius
2634 3598 2948 3656 cardinalis.
2979 3615 3116 3672 papa
3151 3606 3320 3667 121'",
3360 3599 3506 3656 sedit
3547 3600 3834 3656 mensibus

2225 3701 2493 3765 quatuor;
2525 3693 2620 3765 qui
2648 3692 2895 3767 dejectus
2923 3701 3027 3761 est,
3059 3701 3118 3750 et
3148 3693 3451 3750 monachus
3478 3691 3680 3750 factus.

2298 3792 2423 3843 905.
2472 3789 2673 3844 Romae
2691 3788 2910 3860 Sergius
2940 3789 3035 3856 III,
3062 3797 3347 3861 papaum,
3381 3788 3549 3845 annis
3577 3795 3632 3857 7,
3665 3805 3827 3846 men-

2230 3878 2381 3937 sibus
2408 3888 2664 3952 quatuor.
2744 3928 2750 3941 .
2926 3932 2929 3935 ,

2295 3979 2421 4032 906.
2474 3974 2802 4047 Adalpertus
2844 3976 3042 4033 nobilis
3079 3982 3137 4032 et
3174 3975 3465 4034 bellicosus
3511 3974 3585 4033 de
3612 3976 3824 4033 Baben-

2222 4068 2377 4142 berg,
2407 4068 2761 4125 Counradum
2787 4070 3036 4126 emulum
3063 4084 3232 4127 suum
3254 4064 3436 4143 pugna
3467 4070 3677 4128 victum
3699 4086 3822 4126 cum

2221 4162 2343 4219 aliis
2377 4163 2563 4220 multis
2596 4163 2851 4236 peremit.

2292 4261 2397 4312 907
2460 4254 2787 4327 Adalpertus
2857 4255 3085 4328 perﬁdia
3131 4255 3389 4314 Hattonis
3424 4254 3817 4329 archiepiscopi

2220 4355 2276 4407 et
2298 4348 2575 4421 Liutpaldi
2603 4349 2671 4406 ad
2700 4349 3057 4407 Ludowicum
3082 4366 3272 4425 regem
3296 4366 3394 4424 spe
3422 4351 3702 4424 pactionis
3727 4349 3822 4407 ad-

2219 4442 2441 4511 ductus,
2473 4442 2731 4500 decollari
2761 4444 3071 4517 estjussus.

515 4536 839 4606 permansit.
873 4536 1182 4607 Imperator
1209 4543 1397 4592 autem
1420 4533 1490 4590 ab
1519 4534 1780 4592 omnibus
1814 4536 2101 4609 deseritur,
2136 4545 2188 4608 Π
2287 4543 2413 4593 908.
2461 4536 2693 4610 Ungarii
2737 4538 3029 4595 Saxoniam
3070 4546 3124 4595 et
3167 4537 3536 4611 Thuringiam
3584 4546 3824 4596 vastant.

512 4635 568 4684 et
592 4628 879 4697 Arnolfus,
910 4627 1098 4686 fratris
1122 4628 1207 4684 sui
1233 4627 1607 4685 Karlomanni
1631 4628 1794 4698 ﬁlius,
1826 4646 1920 4686 rex
1949 4632 2102 4705 eligi-

517 4728 628 4777 tur.

585 4820 712 4872 888.
743 4814 988 4872 Karolus
1018 4815 1319 4888 imperator
1347 4814 1424 4854 ³³³
1437 4816 1560 4888 jam
1581 4815 1830 4888 privatus
1858 4820 1978 4876 Deo
2008 4818 2109 4876 de-

512 4917 636 4967 vote
656 4908 922 4978 serviens,
956 4919 1018 4966 ut
1044 4910 1266 4982 quidam
1295 4907 1488 4967 dicunt
1516 4927 1546 4966 a
1577 4911 1692 4968 suis
1720 4914 2107 4986 strangulatus,

510 5004 645 5061 obiit
671 5004 800 5062 Idus
821 5006 1051 5061 Januar.
1083 5012 1138 5060 et
1186 5005 1373 5078 Augiae
1398 5005 1674 5077 sepelitur.

580 5103 706 5157 890.
756 5097 1019 5155 Arnolqu
1063 5115 1155 5155 rex
1202 5114 1269 5156 ex
1315 5107 1470 5171 parte
1527 5099 1813 5172 apostolici
1859 5109 2105 5174 rogatur,

510 5202 574 5253 ut
600 5197 847 5252 Romam
876 5193 1121 5263 veniens,
1148 5192 1371 5250 Italiam
1397 5191 1503 5250 sibi
1532 5193 1601 5250 de
1626 5193 1877 5267 tyrannis
1908 5194 2105 5252 defen-

508 5288 619 5346 dat.

579 5384 703 5438 891.
730 5380 994 5440 Arnolqu
1020 5396 1117 5439 rex
1142 5379 1533 5439 Nordmannos
1562 5380 1630 5440 ad
1660 5382 2099 5443 internecionem

507 5474 728 5533 delevit.

2208 4629 2531 4702 Liutpaldus
2572 4631 2785 4688 occisus
2822 4640 2925 4688 est.

2286 4725 2413 4781 909.
2442 4725 2680 4798 Ungarii
2710 4725 3100 4783 Alemanniam
3133 4734 3368 4785 vastant.

2284 4824 2411 4874 910.
2441 4820 2669 4892 Ungarii
2696 4821 2937 4876 Francos
2962 4820 3282 4878 devincunt.

2282 4916 2407 4968 911.
2440 4912 2770 4970 Ludowicus
2798 4929 2893 4970 rex
2933 4913 3248 4972 adolescens
3274 4914 3534 4983 moritur,
3582 4923 3645 4972 et
3674 4915 3829 4973 Rati-

2210 5022 2400 5078 sponae
2444 5008 2724 5079 sepelitur.
2770 5010 2902 5064 Post
2940 5024 3129 5081 quem,
3170 5009 3454 5066 deﬁciente
3502 5010 3723 5066 nostris
3766 5010 3825 5065 in

2209 5101 2457 5174 partibus
2501 5102 2649 5175 regio
2680 5109 2936 5171 stemate,
2978 5102 3305 5160 Counradus
3345 5102 3494 5159 ﬁlius
3520 5101 3827 5160 Chounra-

2210 5195 2288 5266 di,
2308 5212 2404 5253 rex
2440 5197 2646 5253 electus
2674 5205 2729 5253 et
2747 5205 2971 5263 unctus,
2993 5197 3242 5270 regnavit
3262 5197 3426 5254 annis
3449 5204 3503 5253 7.
3533 5197 3823 5255 Burchar-

2208 5293 2313 5348 dus
2341 5290 2451 5348 dux
2479 5292 2832 5349 Alemannia:
2854 5292 2915 5347 in
2939 5297 3216 5348 conventu
3242 5306 3345 5349 suo
3370 5290 3675 5350 occiditur.

2272 5390 2397 5443 912.
2439 5385 2673 5458 Ungarii
2702 5400 2734 5441 a
2775 5385 3041 5458 Bajoariis
3067 5393 3123 5442 et
3167 5385 3495 5442 Alemannis
3517 5385 3685 5459 juxta
3711 5386 3818 5443 ﬁu-

2205 5496 2334 5538 men
2376 5480 2473 5536 Ine
2500 5478 2846 5538 occiduntur.
2876 5480 3122 5538 Cometa:
3156 5486 3289 5537 sunt
3314 5480 3464 5537 visae.
3498 5478 3817 5537 Roudolfus

1690 5570 1703 5577 ’
1809 5606 2055 5664 vitam
2091 5604 2513 5666 LECTIONES.

583 5708 648 5748 ³³⁸
693 5712 902 5782 reliqua
941 5709 1138 5767 inloco
1166 5726 1293 5767 raso
1322 5715 1373 5767 1.

1452 5709 1527 5749 ³³³
1557 5710 1698 5782 imp.
1735 5718 1781 5766 1.
1829 5714 2065 5783 imperio
2095 5719 2474 5773 Herimannus.

2553 5713 2628 5751 ³³³
2662 5714 2773 5770 hcce
2809 5714 3001 5771 desunt
3031 5719 3083 5771 8.
3157 5713 3234 5759 '34
3259 5714 3371 5769 haec
3393 5715 3647 5785 primum
3671 5728 3811 5785 anno

507 5788 633 5839 896.
657 5784 949 5858 adsignata
968 5788 1125 5858 erant
1162 5787 1300 5858 μαι
1334 5785 1396 5837 in
1433 5785 1778 5858 Herimanno.
1806 5785 1879 5822 ³³⁵
1910 5786 2020 5841 haec
2040 5791 2276 5858 primum
2307 5803 2449 5842 anno
2476 5790 2581 5841 897
2620 5789 2853 5858 adsigna
2881 5792 3035 5858 erant
3066 5794 3116 5852 1,
3145 5792 3208 5858 ut
3258 5789 3316 5841 in
3339 5784 3692 5841 Herimamw.
3731 5784 3809 5823 ³³⁵

506 5858 702 5912 Romae
728 5853 1012 5910 mensibus
1033 5856 1100 5911 V.
1127 5856 1377 5925 primum
1398 5871 1540 5911 anno
1559 5860 1685 5911 899.
1707 5855 1996 5927 adsignata
2016 5853 2189 5927 erant,
2216 5862 2278 5915 ut
2304 5861 2365 5914 in
2395 5858 2721 5914 Hm’manno
2748 5853 2823 5914 ’1.

2898 5857 3076 5916 ³³·Ν1.
3101 5857 3164 5915 Id
3185 5860 3253 5914 D.
3281 5859 3392 5913 alio
3418 5862 3721 5915 ab'ammlo
3752 5864 3802 5911 1.
