4052 6196
296 305 426 360 1353

1188 296 1476 359 APPEND.
1518 302 1607 358 ιιι.
1648 334 1717 349 -.
1755 305 2168 363 MONUMENTA
2205 272 2664 362 GREGORIANA.

3433 306 3569 360 1354

292 444 383 485 rex
413 428 743 502 Burgundiae
780 429 949 497 obiit;
983 444 1083 501 pro
1106 442 1215 498 quo
1246 426 1558 485 Roudolfus
1596 430 1740 486 ﬁlius
1766 430 1882 500 ejus
1913 443 1962 506 Α
2064 437 2188 488 934.
2235 430 2571 488 Constantia:
2600 428 2963 485 Chounradus
3005 444 3202 500 genere
3241 402 3302 484 et
3328 429 3437 484 vita
3465 430 3571 485 cla—

288 523 530 594 regnavit
548 523 709 578 annis
744 527 833 578 25.
857 526 1054 577 Romae
1076 521 1399 577 Anastasius
1420 524 1491 589 II,
1533 538 1671 595 papa
1706 532 1877 591 123"“,

287 615 427 670 sedit
487 616 642 670 annis
686 622 741 683 2,
784 631 961 671 mens.
1021 623 1072 670 2.
1123 616 1284 688 Apud
1330 618 1599 673 Sanctum
1659 618 1876 676 Gallum

290 707 567 766 Notkerus
599 708 865 780 magister
890 709 1085 765 doctus
1107 710 1263 765 obiit.

361 806 485 857 913.
526 801 757 872 Ungarii
798 803 1179 858 Alemanniam
1218 811 1474 859 vastant-

359 898 484 951 914.
536 895 801 951 Salomon
850 897 1287 954 Constantiensis
1344 897 1633 969 episcopus
1674 902 1758 953 est
1794 914 1880 953 ea-

288 997 433 1061 ptus.

351 1087 476 1138 9I5.
507 1084 703 1139 Romae
746 1082 940 1138 Lando
970 1100 1107 1156 papa
1155 1089 1303 1140 124us
1345 1083 1489 1140 sedit
1515 1084 1797 1140 mensibus
1825 1090 1877 1141 5.

290 1179 424 1232 Post
470 1192 633 1248 quem
680 1179 792 1232 Leo
852 1180 947 1249 VI,
981 1194 1119 1249 papa
1172 1185 1338 1246 125'“,
1397 1178 1674 1233 mensibus
1713 1177 1883 1233 ferme

288 1269 540 1334 duobus;
566 1279 615 1325 et
643 1279 768 1342 post
804 1270 949 1326 hunc
977 1275 1223 1328 Joannes
1252 1275 1327 1339 X,
1364 1287 1499 1343 papa
1535 1276 1702 1337 126‘",
1729 1271 1898 1331 anuis.

294 1369 384 1431 14,
425 1364 707 1419 mensibus
741 1371 795 1420 2.

293 1486 297 1489 -
364 1464 489 1515 916.
536 1460 767 1531 Ungarii
807 1468 984 1516 totam
1039 1462 1421 1517 Alemanniam
1460 1461 1584 1533 igne
1613 1468 1669 1514 et
1707 1459 1883 1525 gladio

290 1561 530 1609 vastant.
573 1554 829 1625 Synodus
857 1570 1046 1610 coram
1078 1554 1245 1609 misso
1271 1556 1583 1625 apostolici,
1609 1554 1668 1608 id
1701 1554 1776 1590 ³³⁸
1804 1562 1886 1608 est

293 1648 456 1701 Petro
493 1648 730 1702 Ostiensi
774 1647 1050 1719 episcopo,
1095 1648 1240 1718 apud
1284 1648 1525 1702 Altlieim
1556 1656 1639 1702 est
1679 1647 1880 1702 habita.

290 1742 359 1795 In
420 1738 495 1790 ³³9
536 1757 648 1811 qua
694 1742 897 1810 synodo
937 1742 1179 1810 generali
1216 1743 1422 1796 decreto
1468 1743 1735 1796 sancitum
1784 1746 1880 1803 est,

292 1838 355 1888 ut
406 1823 729 1905 quicumque
779 1835 1025 1905 deinceps
1066 1836 1306 1889 bannum
1362 1835 1431 1889 ab
1476 1837 1737 1905 episcopis
1786 1837 1885 1889 im-

286 1932 523 1998 posz
564 1930 921 1998 corrupisset,
988 1944 1085 1999 per
1126 1929 1400 1998 jejunium
1449 1933 1519 1984 4O
1570 1930 1778 1984 dictum
1832 1931 1889 1983 in

289 2037 437 2091 pane
478 2027 691 2076 tantum
739 2027 791 2077 et
839 2037 984 2092 aqua
1039 2027 1089 2076 et
1145 2023 1276 2085 sale,
1323 2025 1658 2077 commissum
1698 2023 1885 2077 lueret.

294 2113 460 2184 Apud
504 2117 770 2171 Sanctum
811 2115 1034 2171 Gallum
1061 2115 1221 2171 beata
1256 2115 1403 2187 virgo
1434 2115 1755 2171 Wilborada
1794 2131 1884 2169 ar-

296 2207 401 2263 tius
417 2216 499 2263 est
516 2209 747 2264 inclusa.

367 2306 493 2356 917.
531 2302 613 2356 Ab
654 2302 919 2373 Ungariis
966 2303 1177 2358 Basilea
1210 2301 1527 2358 destruitur.
1578 2302 1892 2373 Erchanger

295 2391 411 2449 dux
440 2400 494 2448 et
519 2392 686 2448 frater
713 2394 834 2466 ejus
859 2395 1217 2451 deeollantur.

369 2491 494 2540 918.
519 2486 876 2541 Burchardus
900 2487 1013 2542 dux
1049 2488 1393 2542 Alemanniae
1421 2488 1776 2555 constitutus,
1805 2495 1891 2559 ty-

293 2578 583 2634 rannidem
614 2579 833 2648 invasit,
860 2580 1183 2636 Counradus
1208 2596 1302 2635 rex
1323 2580 1479 2636 obiit.

369 2676 495 2729 919.
527 2672 825 2729 Heinricus
868 2688 1077 2741 comes,
1109 2673 1328 2728 natione
1372 2676 1537 2740 Saxo,
1578 2672 1633 2727 in
1661 2688 1894 2745 regnum

310 2766 534 2835 electus,
587 2756 713 2822 sine
769 2766 937 2838 regali
991 2767 1250 2822 unctione
1309 2766 1554 2837 regnavit
1598 2766 1757 2821 annis
1803 2772 1893 2821 18.

298 2859 649 2915 Burchardus
726 2858 836 2915 dux
900 2858 1241 2916 Alemannis:
1302 2856 1643 2916 Roudolfum
1709 2872 1895 2930 regem

300 2953 633 3025 Burgundiae
671 2953 821 3008 vicit.

375 3054 499 3106 920.
549 3051 791 3107 Karolus
822 3065 916 3105 rex
962 3049 1269 3106 Galliarum
1315 3051 1371 3106 in
1415 3051 1705 3108 Franciam
1734 3048 1899 3105 venit.

302 3144 469 3216 Apud
516 3142 586 3177 "°
630 3146 890 3201 Sanctum
926 3144 1145 3201 Gallum
1173 3143 1457 3200 Rachildis
1500 3145 1654 3217 virgo
1695 3143 1904 3200 inclusa
1938 3158 1986 3219 (ι

304 3249 408 3296 BSt.

376 3338 501 3390 923.
545 3333 775 3404 Sanguis
801 3333 1028 3389 Domini
1066 3334 1125 3388 in
1167 3332 1406 3405 Augiam
1432 3332 1672 3389 insulam
1700 3350 1734 3388 a
1763 3349 1900 3405 qua-

302 3424 435 3482 dam
476 3434 727 3483 matrona
754 3425 1024 3495 defertur,
1065 3426 1222 3483 sicuti
1251 3426 1450 3482 litteris
1494 3426 1631 3482 inibi
1668 3424 1900 3482 manife-

302 3527 500 3577 statur.

376 3617 508 3670 924.
577 3616 808 3672 Sanctus
858 3613 1216 3683 Oudalricus,
1278 3618 1544 3685 Augustae
1611 3611 1904 3668 Vindelicae

310 3706 622 3780 episcopus,
646 3708 871 3779 praefuit
899 3708 1056 3764 annis
1087 3711 1174 3763 50.

379 3806 505 3858 925.
567 3802 823 3874 Ungariis
870 3803 1003 3858 item
1047 3802 1434 3857 Alemanniam
1477 3799 1811 3857 vastantibus
1845 3806 1899 3854 et

304 3892 379 3953 ad
421 3894 710 3951 cenobium
750 3896 926 3951 saueti
968 3896 1111 3952 Galli
1159 3894 1521 3962 venientibus,
1577 3892 1904 3950 Wilborada

305 3987 461 4060 virgo
496 3987 721 4056 inclusa,
752 4004 782 4044 a
820 3987 1065 4062 quodam
1094 4004 1287 4044 eorum
1323 3995 1626 4059 perempta,
1657 3986 1905 4042 martirio

305 4089 637 4149 coronatur;
714 4067 1125 4154 Rachildisque,
1182 4081 1505 4137 eonteetalis
1556 4080 1693 4152 ejus,
1747 4080 1901 4135 illesa

306 4167 573 4225 divinitus
607 4179 925 4226 conservata
964 4178 1067 4225 est.

383 4268 508 4320 926.
534 4263 762 4336 Ungarii
795 4272 1004 4320 vastata
1030 4262 1374 4331 Alemannia,
1404 4277 1500 4333 per
1537 4268 1715 4318 totam
1735 4262 1907 4317 Fran-

310 4356 477 4425 eiam,
516 4357 776 4413 Alsatiam
814 4368 979 4430 atque
1005 4357 1242 4415 Galliam
1268 4357 1394 4429 igne
1435 4364 1491 4411 et
1535 4355 1717 4429 gladio
1755 4356 1907 4411 dese.

311 4449 491 4505 viunt.
518 4449 838 4506 Buchardus
866 4451 978 4507 dux
1021 4450 1309 4519 occiditur,
1341 4465 1440 4522 pro
1467 4465 1575 4521 quo
1606 4450 1902 4505 Heriman-

311 4557 417 4597 nus
448 4542 790 4600 Alemannia:
819 4545 928 4600 dux
957 4542 1205 4599 efﬁcitur.

386 4641 515 4691 927.
562 4636 793 4709 Heriger
851 4637 1318 4709 Mogonciacensis
1357 4637 1421 4671 “1
1466 4636 1908 4708 archiepiscopus

315 4727 476 4797 obiit,
504 4746 603 4802 pro
634 4746 743 4803 quo
772 4729 1132 4786 Hildibertus.
1695 4782 1699 4789 .

388 4828 519 4880 929.
542 4827 738 4880 Romae
784 4826 1095 4895 Stephanus
1123 4826 1246 4890 VII,
1280 4838 1415 4896 papa
1450 4830 1618 4891 127‘",
1644 4821 1790 4879 sedit
1815 4838 1908 4878 an-

315 4916 401 4973 nis
426 4922 483 4985 2,
512 4933 703 4973 mense
734 4933 864 4973 uno.

389 5015 516 5066 930.
540 5009 811 5067 Henricus
834 5025 926 5067 rex
953 5010 1233 5066 Boemiam
1262 5010 1413 5082 petit.

394 5107 522 5161 931.
562 5106 760 5160 Romae
798 5105 1036 5161 Joannes
1070 5106 1172 5173 ΧΙ,
1218 5120 1355 5177 papa
1391 5108 1564 5169 128'",
1586 5102 1729 5160 sedit
1755 5102 1916 5159 annis

320 5205 579 5270 quatuor.
611 5180 904 5255 Heinrieus
940 5213 1033 5254 rex
1068 5212 1224 5270 reges
1245 5197 1639 5254 Abodritarum
1663 5204 1719 5251 et
1742 5194 1914 5252 Nord-

321 5307 660 5351 mannorum
697 5291 1030 5350 christianos
1068 5292 1187 5348 ﬁeri
1218 5288 1426 5361 effecit,
1458 5292 1683 5363 ipseque
1713 5289 1917 5346 Gallias

321 5387 481 5459 petit.

398 5484 528 5537 932.
555 5478 850 5538 Heinricus
876 5479 1154 5553 Ungarios
1181 5478 1241 5535 in
1268 5477 1477 5536 Siurbia
1503 5475 1788 5535 interfecit.

1986 542 2076 582 rus
2102 529 2299 599 praesul
2330 527 2635 591 ordinatus,
2666 525 2887 596 praefuit
2915 526 3071 579 annis
3093 532 3181 580 41.

2055 632 2179 681 935.
2214 628 2407 712 Ro‘mae
2450 626 2564 681 Leo
2610 626 2726 692 VII,
2758 639 2897 695 papa
2948 630 3113 691 129‘",
3147 623 3289 680 sedit
3325 624 3479 678 annis
3516 628 3569 699 3,

1986 720 2268 775 mensibus
2294 728 2348 776 6.

2059 819 2184 868 936.
2212 812 2500 868 Heinricus
2521 828 2616 867 rex
2652 812 2807 881 obiit,
2835 818 2890 866 et
2917 810 2970 865 in
3001 811 3233 867 Saxonia
3262 809 3404 881 apud
3430 808 3573 864 Chu-

1982 905 2284 976 tilinegnbr
2309 904 2589 977 sepelitur.
2620 907 2725 960 Pro
2748 920 2860 977 quo
2886 906 3043 971 Otto,
3075 904 3219 959 ﬁlius
3245 903 3363 976 ejus
3381 917 3575 973 regna-

1987 1000 2064 1054 vit
2092 999 2252 1054 annis
2281 998 2455 1053 ferme
2480 1005 2571 1054 38.

2059 1076 2184 1149 937.
2210 1092 2440 1165 Ungarii
2473 1091 2785 1158 Franciam,
2822 1092 3228 1155 Alemanniam,
3252 1089 3489 1148 Galliam
3520 1097 3576 1146 et

1988 1186 2365 1255 Burgundiam
2410 1194 2703 1251 vastantes,
2748 1185 2971 1239 tandem
3006 1201 3102 1255 per
3132 1185 3346 1239 Italiam
3399 1183 3572 1239 redie-

1989 1291 2120 1335 runt
2142 1281 2200 1335 in
2234 1282 2589 1334 Pannoniam.
2625 1280 2953 1335 Monasteria
2981 1278 3146 1331 sancti
3181 1278 3315 1333 Galli
3364 1289 3415 1331 et
3444 1292 3576 1331 san-

1990 1375 2065 1429 cti
2097 1374 2354 1428 Bouifacii
2378 1381 2819 1428 cenervmantur.
2864 1370 3166 1426 Routlolfus
3206 1387 3297 1425 rex
3330 1374 3577 1440 Burgun-

1992 1467 2098 1523 ἀίω
2126 1467 2277 1528 obiit.
2322 1484 2417 1538 pro
2457 1483 2567 1536 quo
2608 1467 2751 1521 filius
2794 1466 2911 1535 ejus
2952 1466 3319 1519 Cliounratlus
3352 1478 3577 1533 regnum

1992 1561 2247 1631 Suscepit,
2291 1558 2553 1617 Arumfus
2591 1561 2695 1615 (lux
2734 1560 2993 1629 Bajoarize
3026 1559 3181 1620 obiit,
3210 1565 3581 1626 «tentumque

1993 1655 2108 1727 ejus
2152 1655 2357 1723 accepit
2403 1653 2733 1708 Bertholt'us.
2781 1652 3019 1724 Bajoani
3060 1667 3185 1706 cum
3229 1650 3351 1705 aliis
3393 1649 3582 1703 multis

1996 1748 2105 1819 regi
2135 1747 2323 1803 Ottoni
2360 1747 2645 1802 rebellant.

2069 1847 2193 1903 93s.
2236 1848 2366 1895 Utto
2414 1858 2504 1896 rex
2535 1851 2721 1895 contra
2752 1840 3033 1911 Bajoarios
3072 1840 3412 1909 procinctum
3456 1853 3577 1891 mo-

1998 1934 2089 2001 vit,
2130 1950 2372 2006 peneque
2408 1950 2596 1989 omnes
2633 1933 2735 1989 sibi
2775 1934 3103 2005 subiugavit.
3133 1937 3326 1989 Romae
3351 1931 3583 2002 Stepha-

1995 2044 2102 2084 nus
2137 2030 2283 2096 VIII,
2317 2044 2454 2100 papa
2496 2034 2665 2096 130‘",
2705 2028 2850 2083 sedit
2874 2028 3030 2082 annis
3057 2035 3110 2091 3,
3156 2025 3434 2083 mensibus
3458 2036 3591 2096 qna-

1999 2129 2145 2177 tuor.

2068 2221 2194 2271 939.
2239 2217 2373 2270 Otto
2400 2230 2497 2270 rex
2529 2229 2721 2270 omnes
2758 2213 2859 2269 sibi
2891 2214 3122 2269 rebelles
3170 2223 3350 2285 preter
3378 2214 3590 2267 Meten-

1996 2323 2111 2365 sem
2143 2309 2456 2379 episcopum
2495 2306 2817 2379 subjugavit.

2070 2418 2196 2467 940.
2232 2412 2363 2467 Otto
2390 2427 2483 2465 rex
2534 2410 2737 2466 Gallias
2779 2417 2978 2465 contra
3006 2406 3370 2462 Ludovvicum
3400 2420 3591 2477 regem

2001 2505 2174 2576 petiit.
2206 2505 2404 2559 Hiems
2430 2519 2554 2559 seva
2580 2512 2637 2558 et
2665 2502 2967 2558 mortalitas
2996 2500 3340 2556 animalium.

2073 2610 2202 2660 942.
2238 2608 2370 2660 Otto
2412 2612 2465 2659 et
2498 2605 2823 2659 Ludowicus
2857 2619 3009 2675 reges
3051 2602 3425 2674 paciﬁcantur.
3473 2605 3594 2656 Ro-

2002 2714 2111 2755 ma
2139 2697 2382 2753 Marinus
2412 2700 2487 2764 II,
2520 2713 2652 2768 papa
2688 2703 2857 2765 131‘",
2888 2696 3032 2751 sedit
3058 2698 3214 2750 annis
3244 2702 3297 2763 3,
3330 2710 3504 2749 mens.
3541 2700 3594 2749 6.

2074 2804 2198 2855 943.
2233 2798 2461 2871 Ungarii
2493 2798 2769 2869 Bajoarios
2794 2795 3109 2851 invadentes
3136 2796 3446 2850 vincuntur.

2074 2908 2202 2960 944.
2256 2907 2630 2961 Terraamotus
2664 2901 2839 2957 factus
2867 2907 2971 2968 est,
3021 2904 3088 2955 16
3132 2899 3407 2955 Kalendas
3449 2898 3596 2953 Maii.

2082 3014 2205 3064 945.
2250 3010 2450 3062 Roma:
2479 3004 2742 3077 Agapitus
2771 3006 2844 3070 ΙΙ,
2879 3019 3016 3075 papa
3064 3009 3231 3070 132‘",
3263 3002 3407 3059 sedit
3438 2997 3601 3057 annis

2010 3100 2187 3158 ferme
2216 3108 2299 3157 10.
2338 3103 2472 3157 Otto
2502 3116 2599 3155 rex
2628 3098 2866 3155 Galliam
2898 3096 3223 3169 ingreditur.

2082 3210 2210 3261 946.
2258 3203 2420 3275 Apud
2468 3204 2733 3258 Sanctum
2780 3200 2999 3258 Gallum
3031 3198 3311 3255 Rachildis
3350 3199 3499 3270 virgo
3528 3197 3605 3253 in-

2012 3300 2161 3355 clusa
2193 3296 2441 3368 migravit
2464 3295 2535 3350 ad
2565 3294 2888 3349 Dominum.

2084 3407 2209 3456 947.
2255 3394 2569 3453 Bertholfus
2618 3395 2728 3451 dux
2772 3395 3037 3467 Bajoariae
3084 3394 3242 3463 obiit,
3280 3392 3366 3448 cui
3403 3391 3604 3449 Henri-

2012 3509 2129 3560 cus,
2161 3492 2327 3547 frater
2363 3490 2589 3547 Ottonis
2618 3488 2784 3561 regis,
2821 3487 2881 3543 in
2906 3488 3164 3544 ducatum
3184 3487 3460 3543 successit.

2084 3601 2207 3650 948.
2270 3593 2639 3649 Herimannus
2694 3590 2804 3646 dux
2852 3589 3192 3644 Alemanniae
3252 3586 3409 3657 obiit,
3450 3586 3609 3659 cujus

2013 3689 2276 3745 ducatum
2304 3685 2601 3751 Liutolfus,
2629 3683 2851 3740 Ottonis
2880 3682 3021 3754 regis
3051 3681 3217 3748 ﬁlius,
3245 3681 3476 3752 accepit.
3504 3683 3609 3750 Sy-

2014 3782 2194 3838 nodus
2217 3796 2412 3852 magna
2435 3780 2817 3850 episcOporum
2838 3791 3026 3831 coram
3046 3777 3253 3831 Ottone
3277 3783 3332 3831 et
3351 3773 3610 3830 Ludowi-

2015 3892 2080 3932 eo
2111 3875 2333 3947 regibus
2360 3872 2504 3945 apud
2536 3870 2907 3942 Ingelenheim
2934 3869 3100 3925 facta.

2085 3982 2209 4033 949.
2245 3974 2504 4032 Lothario
2531 3989 2662 4045 rege
2691 3972 2865 4028 Italia:
2884 3980 3124 4040 mortuo,
3147 3969 3495 4042 Beringarius
3516 3985 3604 4025 re-

2013 4087 2186 4144 gnum
2231 4070 2349 4141 ejus
2393 4067 2610 4135 invasit,
2669 4066 2999 4136 viduamque
3043 4063 3165 4134 ejus
3220 4060 3602 4130 Adelheidem,

2016 4163 2279 4220 Boudolﬁ
2308 4161 2448 4233 regis
2494 4158 2826 4232 Burgundia:
2856 4158 3044 4223 ﬁliam,
3075 4154 3263 4211 multis
3285 4154 3499 4224 injuriis
3528 4153 3605 4209 af-

2114 4273 2174 4309 Ιῐ.
3409 4292 3416 4300 .

2016 4256 2174 4311 flixit.
3409 4292 3416 4300 .

2092 4352 2216 4403 950.
2253 4348 2390 4409 ,Otto
2435 4360 2529 4399 rex
2564 4343 2776 4399 Italiam
2818 4340 2972 4412 petit,
3020 4339 3232 4411 sibique
3274 4354 3395 4393 eam
3432 4337 3607 4409 subje-

2021 4440 2115 4508 cit,
2138 4447 2194 4496 et
2222 4437 2382 4511 pulso
2408 4434 2754 4508 Beringario,
2787 4432 3053 4489 domuum
3078 4430 3436 4487 Adelbeidem
3467 4430 3601 4486 libe—

1936 4542 1988 4609 D
2022 4533 2176 4590 ravit.

2086 4633 2211 4684 951.
2247 4624 2502 4698 Synodus
2530 4629 2599 4679 25
2640 4621 3024 4692 episcoporum
3068 4631 3411 4689 magnusque
3436 4616 3607 4673 totius

2018 4720 2526 4793 regni.conventus
2579 4713 2723 4786 apud
2767 4716 3073 4783 Augustam
3130 4709 3465 4765 Viudelicam
3512 4726 3605 4766 co-

2017 4812 2309 4868 adunatur.
2336 4809 2524 4879 Ibique
2558 4804 2903 4877 Beringarius
2922 4804 3109 4860 Ottoni
3134 4802 3249 4874 regi
3277 4804 3345 4860 ad
3373 4802 3606 4860 deditio-

2017 4922 2147 4965 nem
2200 4904 2361 4961 venit.
2421 4901 2626 4973 lgnitus
2675 4900 2831 4969 lapis,
2874 4897 3028 4970 quasi
3093 4913 3274 4955 massa
3324 4899 3623 4956 candentis

2018 5000 2173 5066 ferri,
2209 4997 2277 5053 ab
2304 4995 2584 5052 occidente
2611 5008 2707 5065 per
2732 5008 2853 5048 aera
2888 4991 3055 5060 venit,
3085 4999 3137 5046 et
3164 4991 3330 5048 draco
3361 4992 3503 5048 visus
3525 4999 3608 5047 est

2020 5092 2325 5149 ambulans.

2090 5192 2222 5243 952.
2260 5187 2392 5241 Otto
2440 5197 2535 5238 rex
2571 5192 2701 5236 cum
2736 5180 2847 5236 ﬁlio
2876 5195 2977 5235 suo
3015 5178 3258 5235 Liutoll‘o
3287 5177 3495 5233 Italiam
3524 5176 3607 5232 in-

2019 5282 2153 5348 trat,
2189 5286 2247 5335 et
2280 5276 2490 5349 nuptiae
2515 5274 2722 5348 regales
2749 5274 2932 5347 Papia
2954 5273 3317 5329 celebrantur.

2094 5387 2219 5439 953.
2272 5377 2529 5436 Lutolfus
2556 5378 2670 5434 dux
2698 5377 2890 5433 Ottoni
2931 5375 2997 5410 ’θ’
3049 5374 3191 5447 patri
3216 5387 3319 5428 suo
3364 5370 3608 5441 rebellat,

2022 5483 2107 5533 set
2134 5491 2163 5531 a
2193 5474 2395 5531 sanctis
2423 5471 2689 5545 episcopis
2715 5467 3044 5528 reconciliati
3072 5472 3220 5522 sunt.

1627 5629 1811 5690 VARI
1822 5632 1881 5687 ιΕ
1925 5627 2341 5686 LECTIONES.
2366 5677 2371 5682 .

392 5787 467 5826 ’⁸⁸
504 5789 541 5846 i.
571 5806 620 5847 e.
651 5791 713 5847 P.
747 5792 815 5847 Ο.
847 5805 898 5845 e.
925 5790 1119 5846 addita
1160 5794 1209 5843 1.
1246 5788 1438 5844 desunt
1477 5793 1529 5843 3.
1559 5783 1632 5824 ’³9
1662 5790 1726 5844 In
1768 5818 1841 5829 —
1878 5785 2054 5842 lueret
2079 5781 2271 5840 addita
2304 5788 2351 5839 1.
2404 5780 2475 5815 “°
2503 5780 2572 5835 Α.
2618 5794 2664 5836 s.
2696 5776 2766 5833 G.
2807 5776 2963 5847 B._v.
3004 5771 3043 5828 i.
3076 5788 3128 5847 e.
3168 5772 3273 5829 alio
3307 5776 3514 5829 atram.
3564 5780 3612 5829 1.

317 5860 393 5896 ²⁴¹
423 5844 748 5934 Νίιίιιῖιιῖιιει
760 5844 1030 5934 antiquos
1055 5844 1171 5916 non
1197 5859 1546 5933 Mogontium
1576 5867 1661 5917 set
1696 5859 2116 5932 Mogonciacum
2142 5853 2342 5914 dicitur
2366 5855 2425 5908 in
2451 5866 2627 5921 marg.
2662 5855 2713 5905 1.
2744 5852 2795 5904 2.
2855 5844 2923 5880 ³⁸³
2954 5845 3114 5903 Otoni
3138 5851 3189 5901 1.
3248 5884 3253 5891 .

610 5951 853 6007 ΡΑτιιοι..
898 5950 1157 6006 CXLVIII.

3194 5937 3260 5990 43
