4052 6196
626 272 761 327 1355
1631 266 1723 320 ΔΙ)
1760 265 1987 319 OPERA
2024 266 2077 319 S.
2121 264 2441 321 GREGOBII
2476 267 2908 321 APPENDICES.
3722 276 3811 328 1355

695 400 817 451 954.
853 393 1085 465 Ungarii
1126 394 1261 447 item
1289 391 1517 462 egressi,
1558 390 1866 457 Franciam,
1898 388 2205 461 Bajoariam
2238 393 2291 456 Α
2390 396 2519 446 972.
2561 390 2781 462 Synodo
2811 390 2955 459 apud
2998 390 3364 461 lngelenheim
3407 392 3473 447 ab
3497 392 3720 464 episcopis
3739 398 3811 451 col-

624 489 944 558 Italiamque
970 470 1278 541 devastant.
2322 483 2694 551 lecta,'beatus
2715 483 3040 539 Oudairicus
3063 486 3341 555 episcopus
3356 493 3411 539 et
3436 486 3677 542 Adalbero
3693 498 3814 544 trans-

692 589 816 636 955.
847 579 1076 651 Ungarii
1107 588 1281 635 totam
1318 577 1621 649 Bajoariam
1651 575 2061 649 depopulantes,
2086 576 2209 648 jux-
2322 576 2616 649 gressionis
2642 594 2918 633 canonum
2949 587 3298 644 accusantur;
3321 588 3404 633 set
3421 595 3597 634 caussa
3624 597 3699 634 sua
3719 582 3813 637 diua

620 682 673 729 ta
722 678 1046 745 Augustam,
1092 674 1432 729 Alemanniaa
1480 672 1692 739 urbem,
1736 676 1850 727 Deo
1874 673 2098 744 juvante
2142 671 2212 726 ab
2320 680 2374 725 et
2411 681 2692 737 excusata,
2739 671 2974 726 absoluti
3022 672 3401 726 discesserunt.
3450 675 3626 728 Romae
3646 675 3812 731 Benedi-

618 769 822 824 Ottone
854 783 976 839 rege
1002 784 1181 839 pugna
1214 767 1359 835 victi,
1382 767 1653 823 immensa
1678 766 1813 822 cede
1833 774 2110 831 necantur,
2153 772 2207 820 4.
2318 772 2441 819 ctus
2467 767 2558 832 VI,
2586 779 2724 836 paga
2756 771 2925 832 137‘",
2957 763 3097 820 sedit
3111 780 3238 820 ann.
3274 772 3325 831 1,
3358 780 3525 821 mens.
3556 774 3627 821 10.

618 860 746 916 Idus
790 861 1040 933 Augusti.
1098 864 1177 915 Ex
1226 862 1427 916 nostris
1476 861 1639 915 etiam
1691 859 2047 917 Chounradus
2099 858 2208 913 dux
2389 862 2520 912 973.
2570 858 2844 914 Adalbero
2900 858 3147 925 clericus,
3202 858 3412 914 futurus
3462 869 3519 915 ut
3572 862 3817 931 sperabatur

617 968 745 1007 cum
791 953 910 1009 aliis
953 954 1139 1009 multis
1167 953 1442 1009 occubuit.
1474 952 1707 1025 Ungarii
1748 953 1913 1007 etiam
1955 952 2044 1023 qui
2079 961 2211 1006 tunc
2317 951 2603 1023 episcopus
2645 952 2800 1008 obiit.
2844 954 2977 1007 Otto
3023 953 3318 1023 imperator
3366 953 3527 1008 Nonis
3560 954 3667 1009 Maii
3691 955 3814 1009 subito

617 1044 861 1118 effugere
909 1055 1180 1118 poterant,
1238 1064 1335 1117 per
1386 1055 1563 1102 totam
1606 1047 1915 1118 Bajoariam
1957 1044 2207 1100 trucidati
2318 1054 2591 1111 mortuus,
2632 1045 2775 1115 apud
2813 1044 3283 1115 Parthenopolim,
3322 1044 3377 1100 id
3404 1054 3483 1100 est
3511 1046 3813 1118 Magcdeburg,

618 1148 766 1195 sunt.
802 1144 982 1212 Reges
1011 1157 1207 1197 eorum
1247 1141 1568 1211 Ratispona:
1589 1140 1640 1194 in
1680 1140 1936 1210 patibulis
1965 1138 2208 1210 suspensi
2318 1137 2409 1191 ubi
2442 1138 2558 1207 ipse
2585 1137 3075 1209 archiepiscOpium
3104 1137 3170 1170 ’“
3195 1136 3423 1206 fecerat,
3447 1140 3664 1210 sepultus
3685 1150 3760 1204 est,
3782 1150 3816 1193 et

615 1240 764 1288 sunt.
790 1236 991 1291 Romae
1017 1234 1304 1290 Johannes
1331 1235 1465 1301 XII,
1494 1234 1583 1304 qui
1614 1241 1666 1287 et
1690 1234 2039 1296 Octavianus,
2074 1249 2207 1305 papa
2316 1230 2460 1286 ﬁlius
2489 1232 2606 1303 ejus
2631 1235 2761 1288 Otto
2791 1232 3034 1303 regnavit
3072 1247 3170 1303 pro
3198 1248 3283 1287 eo.
3317 1235 3543 1288 Sanctus
3569 1232 3817 1289 Oudalricus

618 1332 787 1393 133*",
828 1328 971 1383 sedit
1010 1344 1138 1383 ann.
1196 1335 1249 1393 8,
1298 1342 1517 1383 menses
1544 1335 1807 1398 quatuor;
1832 1328 1923 1397 qui
1954 1328 2088 1382 tanti
2115 1343 2206 1382 or-
2318 1326 2679 1393 Augustensis
2704 1324 2991 1395 episcopus
3029 1327 3279 1397 migravit
3308 1327 3378 1381 ad
3406 1326 3693 1390 Dominum,
3718 1342 3816 1379 anno

614 1419 777 1488 diuis,
825 1437 923 1492 pro
964 1422 1121 1479 dolor
1148 1425 1161 1477 Ι
1193 1420 1415 1489 oblitus,
1457 1421 1684 1478 vanitati
1713 1429 1769 1477 et
1788 1422 2072 1493 spurciciaa
2103 1420 2208 1477 fuit
2314 1419 2490 1473 aetatis
2548 1424 2644 1473 83°
2699 1420 3041 1490 episcopatus
3095 1426 3215 1487 50°,
3258 1428 3452 1491 quarto
3478 1422 3643 1475 Nonas
3677 1420 3813 1474 Iulias.

615 1513 853 1570 deditus.
2314 1512 2665 1569 Burchardus
2711 1512 2819 1568 dux
2860 1514 3201 1569 Alemanniaa
3255 1514 3415 1581 obiit,
3459 1522 3508 1569 et
3546 1516 3677 1581 Otto,
3714 1514 3815 1567 ﬁlius

685 1612 811 1663 956.
874 1606 1128 1664 Lutolfus
1172 1608 1283 1665 dux
1322 1608 1530 1665 Italiam
1576 1609 1847 1677 hostiliter
1888 1609 2112 1676 invadit,
2146 1617 2203 1665 et
2314 1606 2556 1695 Liutolﬁ,
2589 1616 2875 1678 paternum
2902 1623 2998 1677 pro
3028 1623 3093 1663 eo
3121 1606 3387 1663 ducatum
3416 1608 3618 1679 recepit.

613 1701 993 1773 Beringarium
1019 1717 1147 1757 cum
1179 1703 1287 1757 ﬁlio
1313 1703 1430 1774 ejus
1464 1702 1681 1773 fugavit.
2234 1759 2281 1774 Ἀ
2383 1706 2507 1755 974.
2538 1703 2733 1756 Romae
2758 1700 3085 1757 Benedictus
3128 1717 3263 1772 papa
3298 1718 3329 1755 a
3356 1702 3608 1757 Romanis
3630 1701 3814 1755 crimina-

683 1759 814 1849 957".
854 1794 1103 1851 Lutolfus
1133 1796 1241 1851 dux
1272 1759 1633 1867 Adalpertiim
1663 1796 1803 1851 bello
1824 1796 1972 1865 vicit,
2001 1805 2057 1853 et
2086 1797 2200 1869 ipse
2234 1759 2283 1823 B
2312 1802 2399 1849 tus
2429 1795 2825 1866 strangulatur,
2854 1803 2908 1851 et
2934 1811 2999 1851 eo
3024 1759 3238 1851 vivente
3261 1795 3565 1851 Bonifacius
3588 1811 3698 1867 papa
3719 1795 3814 1849 ordi-

569 1900 578 1907 '
611 1887 807 1944 eodem
839 1905 986 1945 anno
1014 1889 1172 1956 obiit,
1216 1898 1272 1946 et
1300 1890 1649 1947 Burchardus
1678 1891 1938 1947 ducatum
1961 1892 2079 1963 ejus
2107 1908 2194 1947 ac-
2310 1897 2503 1955 natur;
2535 1888 2631 1943 sed
2656 1897 2779 1959 post
2805 1904 2978 1943 unum
3010 1904 3253 1943 mensem
3285 1888 3553 1961 expulsus,
3580 1888 3811 1943 Constanti-

610 1982 772 2053 ccpit.
2311 1982 2555 2052 nopolim
2582 1982 2745 2052 petit;
2778 1992 2834 2037 et
2871 1982 3199 2038 Benedictus
3230 1985 3356 2049 Vll,
3384 1983 3569 2038 Sutria:
3596 1982 3715 2053 prius
3734 1982 3808 2051 epi-

680 2080 802 2129 958.
859 2076 1057 2131 Cruces
1103 2076 1158 2129 in
1186 2077 1422 2132 vestibus
1469 2077 1796 2147 quibusdam
1843 2085 2195 2148 aparuerunt.
2307 2090 2494 2145 copus,
2525 2091 2659 2146 papa
2694 2080 2866 2142 138‘”,
2896 2075 3038 2131 sedit
3057 2076 3217 2130 annis
3240 2081 3298 2130 9.
3324 2075 3637 2132 Constantia:
3659 2074 3808 2130 Choun-

681 2173 807 2223 961.
838 2170 966 2224 Otto
997 2184 1094 2223 rex
1123 2168 1297 2224 ﬁlium
1334 2186 1497 2225 suum
1522 2172 1780 2225 Ottonem
1811 2187 1877 2225 ex
1899 2170 2196 2225 Adelheide
2305 2168 2474 2223 radus
2517 2177 2722 2225 sanctae
2770 2170 3051 2224 memoria:
3094 2170 3407 2241 episcopus,
3440 2176 3473 2226 6
3500 2170 3611 2224 Kal.
3641 2172 3809 2223 Decem-

607 2260 789 2331 regina
816 2276 1001 2332 regem
1021 2261 1139 2332 eligi
1162 2259 1309 2328 fecit,
1340 2272 1395 2317 et
1420 2262 1532 2334 ipse
1562 2264 1773 2318 Italiam
1789 2279 1915 2319 cum
1952 2263 2195 2320 exercitu
2303 2262 2417 2316 bris
2448 2261 2550 2317 hac
2575 2263 2687 2317 vita
2729 2263 2981 2331 decessit,
3026 2263 3115 2318 cui
3142 2263 3491 2319 Ganenolfus
3515 2262 3576 2296 ’⁸⁵
3606 2260 3805 2317 successit.

606 2353 764 2421 petit.
798 2354 1026 2423 Signum
1058 2354 1112 2408 in
1142 2354 1256 2409 sole
1284 2356 1553 2426 apparuit.
2374 2362 2499 2419 976.
2528 2357 2814 2412 Dissensio
2841 2356 2983 2412 inter
3002 2358 3263 2413 Ottonem
3294 2374 3476 2431 regem
3496 2365 3547 2413 et
3573 2356 3808 2413 Heinricum

674 2448 798 2498 962.
828 2447 960 2501 Otto
980 2461 1071 2500 rex
1091 2449 1334 2501 Romam
1374 2447 1613 2517 veniens,
1638 2466 1668 2504 a
1692 2448 1944 2505 Johanne
1972 2466 2068 2505 seu
2098 2452 2197 2506 οο-
2303 2446 2502 2505 ducem
2527 2450 2796 2522 Bajoariw
2819 2460 3095 2506 commota
3118 2460 3221 2508 est.

604 2537 831 2593 taviano
870 2554 1007 2609 papa
1036 2538 1335 2609 imperator
1381 2550 1696 2609 coronatur,
1729 2543 1949 2615 ipseque
1994 2561 2193 2615 papam
2372 2548 2495 2597 977.
2549 2544 2829 2600 Discordia
2858 2546 3005 2600 inter
3046 2547 3327 2601 Ottonem
3375 2546 3558 2603 ducem
3592 2542 3808 2601 Sueviaeet

600 2646 702 2702 pro
752 2630 1050 2688 sceleribus
1090 2632 1205 2687 suis
1258 2649 1512 2705 arguens,
1559 2636 1790 2692 minime
1835 2652 1964 2692 eum
2020 2638 2195 2709 potuit
2304 2636 2626 2692 Heinricum
2650 2638 2846 2694 ducem
2876 2639 3145 2709 Bajoarize
3178 2639 3265 2695 “5.

597 2724 894 2796 corrigere.
2372 2736 2498 2785 978.
2534 2733 2667 2787 Otto
2697 2747 2793 2787 rex
2812 2742 3001 2787 contra
3032 2732 3372 2789 Lotharium
3407 2750 3575 2807 regem
3597 2732 3645 2788 in
3668 2727 3809 2787 Gallias

669 2822 791 2873 963.
828 2820 1131 2890 Imperator
1174 2820 1411 2875 natalem
1441 2822 1668 2877 Domini
1702 2823 1876 2894 Papia:
1905 2832 2178 2893 moratus,
2299 2822 2457 2878 duxit
2486 2826 2802 2881 exercitum.

596 2911 794 2966 iterum
824 2914 1064 2967 Romam
1104 2912 1270 2980 venit,
1300 2930 1399 2985 pro
1421 2914 1717 2971 sceleribus
1745 2918 2007 2972 Johannis
2036 2933 2190 2989 papae
2377 2924 2508 2973 979.
2555 2921 2888 2975 Constantia:
2919 2920 3279 2978 Gameuolfus
3313 2922 3581 2994 episcOpus
3614 2917 3738 2983 obiit,
3760 2912 3810 2969 ei-

596 3002 984 3074 dijudicaudis.
1015 3008 1107 3061 Set
1143 3006 1339 3061 eodem
1380 3008 1627 3064 Iohanne
1686 3010 2076 3081 imperatorem
2136 3011 2192 3066 in
2300 3028 2408 3083 que
2436 3012 2791 3069 Gebehardus
2827 3014 3025 3071 nobilis
3062 3016 3257 3086 praasul
3289 3016 3588 3079 succedens,
3614 3018 3668 3067 16
3690 3008 3805 3064 annis

595 3097 953 3168 Campaniam
984 3097 1247 3169 fugiente,
1302 3100 1360 3154 in
1390 3101 1508 3171 ejus
1552 3103 1734 3157 locum
1766 3120 1795 3157 a
1825 3104 2093 3159 Romanis
2130 3114 2185 3160 et
2217 3132 2262 3196 α
2299 3106 2439 3161 rexit
2484 3106 2801 3175 ecclesiam;
2849 3110 2942 3180 qui
2992 3109 3274 3165 basilicam
3319 3110 3489 3165 sancti
3525 3103 3736 3176 Gregorii
3772 3101 3811 3154 in

590 3189 916 3261 imperatore
954 3191 1037 3246 vir
1084 3193 1401 3249 venerabilis
1432 3196 1543 3251 Leo
1578 3198 1701 3252 VIII
1724 3212 1867 3268 papa
1914 3203 2059 3253 134‘"
2091 3215 2182 3254 or—
2225 3189 2261 3196 ’
2294 3198 2412 3270 ripa
2441 3199 2625 3255 Rheni
2650 3200 3035 3274 abbatiamque
3083 3203 3195 3258 suis
3222 3219 3290 3258 ex
3326 3198 3533 3276 praediis
3552 3194 3808 3255 construxit.

589 3281 811 3340 dinatus
840 3292 942 3340 est.
2362 3299 2489 3349 981.
2552 3296 2689 3350 Otto
2733 3312 2844 3365 rex,
2895 3306 3178 3369 peragrata
3206 3299 3391 3367 Italia,
3420 3295 3681 3356 Calabriam
3710 3301 3810 3343 cum

659 3382 785 3433 964.
817 3376 1059 3432 Romani
1097 3380 1345 3435 Leonem
1375 3395 1571 3452 papam
1609 3383 1907 3454 expellunt,
1939 3393 2184 3442 mortuo-
2290 3388 2532 3443 exercitu
2563 3388 2895 3461 ingreditur.

586 3484 695 3543 que
722 3472 971 3526 Johanne
996 3487 1131 3543 papa
1152 3472 1356 3543 priore,
1388 3474 1708 3531 Benedictus
1728 3476 1991 3534 diaconus
2020 3495 2049 3533 a
2080 3481 2185 3535 Ro-
2359 3487 2482 3539 982.
2516 3486 2649 3540 Otto
2686 3502 2781 3542 rex
2805 3487 2949 3557 apud
2973 3488 3299 3556 Calabriam,
3344 3489 3516 3545 occiso
3542 3501 3569 3541 a
3587 3481 3741 3541 Grecis
3770 3484 3811 3531 et

587 3564 790 3629 manis,
838 3565 1061 3620 nolente
1106 3565 1457 3637 imperatore,
1488 3568 1795 3637 ordinatur,
1825 3572 1907 3626 sui
1937 3573 2181 3628 nominis
2288 3578 2570 3633 Saracenis
2614 3581 2879 3653 exercitu,
2911 3581 2978 3636 de
3032 3582 3153 3636 navi
3201 3582 3432 3639 exiliens
3476 3583 3635 3650 inqua
3662 3582 3807 3644 captus

586 3654 827 3725 quintus,
877 3673 1014 3729 papa
1047 3664 1214 3726 135w,
1241 3667 1295 3713 et
1331 3659 1472 3715 sedit
1509 3676 1666 3717 mens
1696 3669 1749 3716 2.
1781 3666 1851 3718 Et
1888 3664 2079 3721 civitas
2110 3665 2179 3721 ab
2288 3681 2421 3738 erat,
2467 3670 2676 3744 aufugit
2721 3673 2814 3738 (cf.
2848 3678 3226 3743 ALpsanM).
3262 3678 3404 3733 Otto
3440 3675 3542 3731 dux
3571 3674 3806 3728 Suevorum

584 3747 914 3818 imperatore
949 3751 1169 3806 obsessa
1215 3760 1297 3807 est
1339 3760 1391 3807 et
1433 3762 1581 3809 tanta
1624 3754 1769 3811 fame
1807 3773 2084 3829 oppressa,
2118 3767 2183 3815 ut
2286 3762 2444 3830 obiit,
2472 3773 2526 3819 et
2554 3764 2915 3823 Chounradus
2942 3768 3044 3822 sibi
3078 3772 3368 3826 successit.

585 3840 808 3931 modius
834 3839 1062 3897 furfuris
1087 3849 1155 3898 3o
1186 3844 1395 3900 veniret
1422 3846 1676 3902 denariis.
1709 3851 1823 3905 Nec
1856 3852 2027 3907 multo
2059 3860 2181 3922 post
2359 3862 2481 3912 983.
2516 3860 2647 3913 Otto
2676 3875 2769 3915 rex
2792 3862 2987 3916 Romae
3010 3862 3330 3918 inﬁrmatus
3358 3905 3373 3931 ,
3398 3869 3431 3918 6
3454 3862 3573 3918 ldus
3596 3851 3802 3915 Decemb-

584 3930 767 3988 dedita
788 3931 930 4030 urbe
942 3933 1250 4030 traditoque
1270 3938 1581 4006 Benedicto,
1606 3940 1902 4011 imperator
1931 3946 2178 4000 Leonem
2286 3949 2442 4017 obiit,
2469 3958 2526 4005 et
2554 3951 2611 4005 in
2639 3953 2855 4023 porticu
2882 3955 3053 4010 sancti
3083 3957 3227 4011 Petri
3255 3959 3534 4030 sepelitur.

585 4040 778 4096 papam
804 4025 1060 4092 restituit,
1084 4036 1137 4082 et
1156 4030 1444 4085 Romanos
1461 4031 1509 4086 ei
1531 4032 1697 4089 ﬁdem
1724 4049 1821 4105 per
1839 4047 2177 4094 sacramenta
2356 4049 2479 4100 984.
2514 4044 2642 4101 Otto
2682 4048 2901 4115 tercius,
2929 4049 3153 4105 secundi
3185 4025 3417 4107 Ottohis
3445 4067 3505 4105 ex
3544 4048 3689 4105 Greca
3712 4053 3803 4095 σου·

583 4120 903 4190 Prw-nim?re
931 4120 1124 4193 οοθὸίῑ·
2278 4134 2405 4208 juge
2448 4136 2617 4208 ﬁlius,
2666 4139 2845 4196 adhuc
2890 4158 3023 4212 puer
3048 4158 3149 4213 pro
3170 4153 3326 4214 patre
3366 4142 3615 4215 regnavit.
3653 4140 3799 4191 Roma

654 4217 779 4269 965.
811 4216 1115 4309 Imperator
1134 4215 1201 4271 de
1228 4216 1379 4273 Italia
1417 4218 1577 4287 redit,
1609 4227 1663 4275 et
1685 4222 2037 4283 Burchardus
2066 4226 2175 4284 dux
2282 4228 2561 4285 Johannes
2580 4234 2735 4301 XIV,
2768 4235 2859 4305 qui
2881 4244 2937 4290 et
2952 4238 3164 4305 Petrus,
3188 4237 3371 4307 Papize
3399 4238 3544 4309 prius
3563 4232 3797 4305 θρὶεθονηεν

582 4308 887 4363 Suevorum
912 4308 968 4362 in
993 4308 1148 4364 Italia
1173 4309 1401 4367 rebelles
1440 4310 1757 4385 imperatori
1792 4318 1939 4374 vicit.
1976 4356 1981 4359 -
2280 4338 2421 4394 papa
2449 4329 2615 4393 139m,
2635 4326 2779 4381 sedit
2799 4343 2973 4383 mens.
3002 4336 3057 4395 8,
3085 4345 3325 4401 eumque
3359 4308 3666 4387 Bonifacius,
3692 4318 3803 4391 Ρῐίυε

654 4407 779 4457 966.
821 4405 1016 4458 Roma
1057 4402 1316 4460 defuncto
1372 4408 1579 4478 Leone,
1644 4410 1926 4468 Iohannes
1962 4416 2171 4485 XIII“,
2281 4417 2519 4488 relegato
2565 4420 2885 4489 Benedicto,
2932 4424 3073 4477 male
3130 4424 3439 4492 ordinatus,
3497 4422 3561 4477 de
3596 4420 3804 4474 Conslan‘

588 4494 742 4590 prius
760 4495 1080 4590 Narniensis
1104 4497 1393 4570 episcopus
1424 4500 1523 4568 ³4³,
1551 4517 1695 4572 papa
1728 4510 1896 4573 136‘",
1915 4506 2061 4563 sedit
2087 4524 2179 4565 an-
2206 4506 2258 4570 D
2287 4509 2515 4581 tinopoli
2541 4527 2650 4582 quo
2677 4512 2892 4585 fugerat
2909 4532 3174 4584 reversus,
3203 4516 3630 4590 comprehendit,
3654 4517 3698 4565 et
3712 4517 3806 4561 eum

582 4585 666 4640 nis
695 4587 816 4657 plus
840 4588 1023 4682 minus
1052 4596 1106 4645 7.
2281 4612 2342 4659 ut
2391 4604 2675 4675 perhibent
2719 4609 2997 4679 toxicavit,
3045 4611 3267 4682 ejusque
3293 4585 3486 4667 sedem
3532 4612 3665 4663 140‘”
3698 4611 3805 4673 Papa

656 4684 783 4734 968.
818 4680 1045 4750 Eclipsis
1073 4682 1206 4738 solis
1238 4690 1298 4738 11
1326 4686 1451 4740 Kal.
1486 4689 1805 4746 Decembris
1833 4688 1995 4748 facta.
2277 4696 2494 4754 invasit.

654 4774 782 4871 969.
827 4772 1556 4871 Hoc‘temporeAJohaunes
1598 4796 1739 4852 papa
1767 4798 1797 4837 a
1834 4784 2169 4855 quibusdam
2346 4796 2469 4847 985.
2515 4796 2712 4851 Romae
2750 4796 3059 4853 Bonifacius
3099 4800 3219 4866 VII,
3269 4808 3557 4871 postquam
3600 4785 3805 4849 ιωάεάω

583 4862 824 4964 {nultum
867 4863 1100 4964 ἃῖῧίοξυε
1138 4868 1325 4935 θΧίΙίον
1376 4871 1463 4926 ViX
1494 4873 1716 4930 tandem
1741 4891 1772 4931 a
1801 4877 2042 4949 quodam
2070 4880 2167 4936 Jo-
2277 4886 2561 4944 mensibus
2589 4889 2834 4946 invasam
2862 4889 3048 4947 sedem
3079 4862 3463 4964 occupaverat,
3486 4889 3650 4947 subita
3674 4888 3809 4939 morte

584 4954 768 5012 hanne
797 4972 912 5013 suae
938 4956 1054 5013 sedi
1082 4961 1405 5018 restituitur.

2276 4979 2456 5049 periit,
2490 4989 2545 5037 et
2587 4992 2839 5040 mortuus
2866 5002 2897 5040 a
2926 4986 3043 5041 suis
3085 5002 3261 5055 cesus,
3290 4986 3571 5043 confossus
3596 4990 3644 5036 et
3670 4973 3806 5031 trivia-

651 5055 775 5146 970.
805 5053 943 5146 Otto
964 5050 1263 5123 imperator
1283 5058 1525 5114 Romam
1546 5062 1786 5131 veniens,
1819 5063 2050 5136 injurias
2077 5066 2169 5123 do-
2276 5072 2377 5128 tim
2405 5074 2631 5145 pedibus
2658 5085 2888 5146 tractus,
2921 5080 3007 5135 vix
3052 5050 3275 5136 tandem
3317 5080 3528 5137 clericis
3564 5064 3808 5132 misean-

581 5144 695 5199 mni
726 5159 879 5217 papae
930 5144 987 5201 in
1039 5148 1359 5205 auctoribus
1393 5152 1663 5209 scelerum
1695 5157 1929 5227 graviter
1986 5159 2169 5214 vindi-
2276 5166 2379 5222 bus
2406 5144 2487 5223 est
2516 5169 2787 5227 humatus.

580 5238 742 5342 “‘Y
802 5336 832 5342 _
1059 5336 1087 5342 ,
1152 5331 1171 5342 ,
1210 5336 1222 5342 ,
1261 5335 1271 5342 ,
1471 5339 1479 5342 _
1714 5341 1718 5342 ν
2350 5266 2692 5320 986.Romae
2709 5266 2989 5325 Johannes
3010 5272 3139 5337 XV,
3163 5285 3294 5342 papa
3330 5275 3497 5333 1410-,
3527 5263 3659 5322 sedit
3682 5254 3805 5315 annis

636 5337 767 5433 971.
796 5336 1029 5433 Sanctus
1048 5331 1373 5433 Oudalricus
1395 5339 1686 5415 episcopus
1706 5341 1978 5416 inﬁrmus,
2004 5347 2169 5407 Adal-
2279 5360 2367 5421 10,
2398 5358 2689 5414 mensibus
2735 5366 2806 5428 7;
2854 5363 2944 5433 qui
2995 5331 3389 5420 clericossuos
3441 5331 3801 5433 parvipendem.

572 5426 789 5493 beroni,
825 5429 1029 5484 sororis
1060 5445 1177 5487 suae
1206 5431 1339 5500 ﬁlio,
1372 5433 1747 5508 episcopatum
1772 5455 1937 5497 suum
1961 5442 2030 5497 ab
2058 5444 2167 5499 im-
2274 5449 2403 5505 odio
2430 5450 2501 5506 ab
2530 5451 2663 5521 ipsis
2686 5462 2770 5510 est
2795 5426 3034 5513 habitus.

575 5529 826 5591 peratore
848 5521 1174 5594 impetravit.
2345 5548 2471 5600 987.
2503 5547 2695 5604 Fames
2730 5562 2931 5620 magna
2962 5558 3045 5607 est
3072 5549 3234 5609 facta.

1889 5692 2128 5748 VARUE
2165 5694 2594 5755 LECTIONES.
2686 5738 2691 5765 ε

618 5794 708 5864 ,⁸⁸⁸
736 5801 1023 5862 ordinatus
1047 5812 1149 5861 est.
1180 5809 1463 5878 3.reh‘q1ta
1488 5811 1701 5869 desunt.
1734 5814 1814 5865 ’44
1841 5819 2123 5891 archiepm
2158 5833 2208 5883 1.
2240 5827 2305 5861 ³⁴⁶
2335 5831 2415 5884 ita
2442 5835 2492 5887 1.
2524 5829 2599 5868 ⁸⁸⁵
2627 5842 2913 5891 commota
2952 5843 3034 5890 est
3068 5838 3240 5906 repeti
3258 5842 3309 5892 3.
