3988 6188
206 285 318 337 1357

1079 283 1366 337 APPEND.
1404 284 1488 337 III.
1527 311 1595 323 —
1632 284 2048 339 MONUMENTA
2085 284 2540 340 GREGORIANA.

3320 287 3455 339 1358

263 411 374 463 991.
397 406 734 500 'I'heophanu
758 407 934 463 Greca
963 406 1307 477 imperatrix,
1334 415 1509 464 mater
1539 409 1762 500 Gttonis
1793 416 1845 475 Α
1947 417 2101 466 1005.
2146 410 2221 448 ²⁵⁰
2242 412 2439 466 Romae
2466 415 2589 480 post
2629 405 2957 463 Gerbertum
2984 406 3262 464 Iohannes
3285 409 3447 475 XVI,

204 501 340 573 regis,
369 499 526 556 obiit.

266 599 377 650 992.
421 594 486 627 ²⁴⁷
515 593 845 666 Aquisgrani
876 594 927 649 in
953 595 1190 666 generali
1219 594 1429 667 synodo
1466 612 1654 651 coram
1690 598 1763 652 le-

205 690 318 761 gatis
332 687 594 743 Johannis
624 704 777 758 papa:
806 688 1082 743 sancitum
1110 698 1213 754 est,
1246 698 1306 744 ut
1334 697 1564 759 quatuor
1594 689 1765 746 ebdo-

206 783 358 839 madis
385 790 510 837 ante
538 781 777 837 natalem
801 782 1046 850 Domini,
1080 791 1134 837 et
1157 798 1187 837 a
1216 784 1621 854 septuagesima
1641 792 1764 840 ante

206 876 382 949 pascha
403 917 420 943 ,
445 884 501 931 et
531 880 593 930 14
647 874 840 930 diebus
870 884 996 931 ante
1052 875 1257 931 festum
1288 877 1462 932 sancti
1497 876 1767 932 Johannis

206 970 467 1041 Baptistae,
512 968 694 1024 nullus
729 969 988 1024 secularia
1020 970 1220 1040 placita
1255 986 1416 1042 agere
1448 978 1544 1026 aut
1572 970 1765 1042 conju-

206 1064 336 1136 gium
355 1061 680 1118 contrahere
709 1070 1002 1133 praasumat
1031 1067 1230 1129 (1278).

266 1163 379 1214 994.
434 1155 723 1214 Counrado
744 1161 853 1228 regi
877 1158 1207 1228 Burgundim
1236 1156 1521 1227 defuncto,
1549 1172 1767 1215 succes-

205 1253 265 1307 sit
298 1249 602 1307 Roudolfus
639 1250 779 1305 ﬁlius
802 1250 877 1289 ³⁸⁸
906 1250 1025 1322 ejus
1048 1252 1107 1306 in
1138 1267 1387 1324 regnum.

266 1351 382 1402 995.
413 1344 703 1399 Heinricus
726 1342 839 1399 dux
861 1344 1136 1416 Bajoariae
1162 1345 1317 1413 obiit,
1346 1346 1500 1417 cujus
1514 1346 1775 1401 ducatum

207 1440 332 1496 ﬁlius
371 1439 488 1511 ejus
526 1437 771 1511 ejusdem
834 1438 1073 1494 nominis
1114 1438 1366 1495 obtinuit.
1439 1440 1776 1496 Constantia

206 1532 554 1591 Gcbehardus
573 1531 862 1603 episcopus
880 1532 1203 1589 venerabilis
1232 1533 1389 1601 obiit,
1421 1542 1477 1590 et
1502 1535 1561 1589 in
1586 1534 1776 1589 basili-

208 1644 260 1684 ca
297 1627 465 1683 sancti
494 1626 747 1697 Gregorii
806 1641 957 1697 papae
1003 1643 1032 1681 a
1089 1641 1146 1681 se
1174 1635 1485 1684 constructa
1536 1628 1780 1699 sepultus

208 1721 456 1794 quiescit;
488 1720 647 1790 eique
676 1722 1004 1790 Lampertus
1037 1720 1341 1777 monachus
1370 1721 1429 1776 in
1459 1721 1779 1793 episcopatu

209 1814 508 1880 succedens,
541 1812 761 1884 praafuit
788 1814 946 1870 annis
977 1819 1065 1869 23.

273 1914 391 1966 996.
426 1911 551 1965 Otto
582 1924 675 1963 rex
706 1908 920 1963 Italiam
965 1923 1093 1963 cum
1122 1908 1361 1964 exercitu
1386 1909 1539 1981 petit,
1576 1908 1786 1980 sibique

211 2003 424 2059 rebelles
447 2001 731 2058 coartavit.

275 2102 393 2152 997.
440 2097 567 2152 Otto
613 2111 732 2164 rex,
764 2096 1004 2151 subactis
1047 2097 1359 2164 rebellibus,
1396 2097 1547 2152 Italia
1590 2099 1791 2152 Roma-

209 2208 309 2263 que
338 2192 540 2263 potitus
562 2198 659 2245 est.
695 2192 762 2245 Et
782 2190 1080 2262 Gregorius
1118 2195 1184 2259 V,
1219 2191 1313 2263 qui
1338 2198 1391 2246 et
1414 2193 1621 2259 Bruno,
1648 2190 1790 2245 ﬁlius

211 2285 396 2343 Otonis
422 2284 596 2353 ducis,
646 2300 781 2355 papa
817 2288 963 2339 1‘12us
987 2284 1291 2351 ordinatus,
1328 2293 1381 2340 et
1426 2288 1559 2340 Otto
1617 2283 1686 2338 ab
1725 2299 1789 2339 eo

211 2380 499 2450 imperator
526 2386 822 2433 coronatus
851 2386 951 2433 est.
977 2380 1081 2447 Qui
1110 2379 1430 2433 venerabilis
1457 2394 1593 2448 papa
1623 2393 1792 2433 cano-

210 2474 385 2529 nicam
411 2472 487 2527 ibi
516 2472 863 2543 disciplinam
888 2487 1140 2541 reparare
1167 2480 1439 2542 satagens,
1466 2471 1608 2525 sedit
1637 2470 1795 2525 anuis

211 2568 401 2634 tribus,
429 2566 715 2621 mensibus
744 2571 797 2619 9.
827 2565 1018 2636 Augiaa
1038 2565 1312 2620 Alawicus
1338 2565 1506 2619 abbas
1534 2569 1647 2618 26us
1673 2579 1798 2634 pro-

213 2671 408 2724 motus,
435 2663 633 2716 Romae
662 2659 729 2714 ab
750 2659 868 2729 ipso
900 2675 1038 2729 papa
1060 2667 1409 2714 consecratus
1433 2666 1488 2712 et
1514 2657 1797 2727 privilegio

211 2757 447 2813 donatus
475 2762 576 2810 est.
610 2753 935 2809 Counradus
958 2753 1068 2807 dux
1097 2754 1532 2807 Alamannorum
1558 2751 1717 2818 obiit,
1746 2759 1799 2806 et

213 2865 309 2920 pro
338 2866 401 2905 eo
433 2848 806 2903 Herimannus
833 2846 1091 2903 ducatum
1117 2845 1330 2917 accepit

279 2950 404 3000 999.
437 2946 570 3000 Otto
600 2942 900 3014 imperator
928 2940 1127 2997 iterum
1156 2940 1373 2996 Italiam
1398 2955 1526 2995 cum
1558 2938 1799 2995 exercitu

215 3038 289 3089 ³⁸9
315 3037 540 3093 invadit.

1878 520 2017 576 papa
2051 511 2218 572 144‘",
2251 504 2537 559 ordinatur
2566 502 2706 558 sedit
2725 515 2873 557 anno
2900 516 3028 557 uno.

1951 604 2107 654 1006.
2138 601 2328 653 Romae
2357 597 2638 653 Johannes
2664 598 2846 663 XVII,
2878 595 2968 666 qui
2997 603 3051 650 et
3070 598 3340 665 Fasanus,
3366 612 3457 668 pa-

1876 708 1938 763 pa
1974 699 2120 748 145'“
2138 692 2444 759 ordinatur,
2470 700 2522 747 et
2549 690 2690 746 sedit
2709 690 2866 745 anuis
2890 705 2984 744 sex
3014 691 3107 741 ³⁵1.

1950 791 2106 840 1007.
2140 786 2429 841 Heinricus
2457 801 2548 839 rex
2579 800 2797 839 summo
2822 783 3000 839 studio
3041 783 3185 854 apud
3216 791 3459 839 castrum

1877 895 2041 934 suum
2065 878 2385 950 Babenberg
2414 877 2648 943 dictum,
2693 877 2935 933 nobilem
2968 886 3022 933 et
3056 877 3279 933 divitem
3314 893 3450 932 con-

1878 974 2075 1029 struxit
2104 973 2483 1045 episcopatum
2506 972 2594 1037 ³⁵³,
2622 972 2939 1044 primusque
2959 972 3033 1027 ibi
3061 971 3163 1027 hoc
3190 987 3333 1027 anno
3359 972 3463 1044 e'pi-

1882 1084 2077 1140 scopus
2098 1076 2385 1140 promotus
2422 1076 2502 1122 est
2520 1065 2891 1121 Eberhardus.

1962 1169 2118 1218 1008.
2150 1162 2344 1233 Augiae
2396 1167 2610 1216 remoto
2667 1161 2946 1214 Ymmone
2995 1159 3188 1214 abbate
3226 1159 3458 1225 crudeli,

1884 1260 2027 1313 Bern
2056 1256 2138 1312 vir
2158 1254 2354 1311 doctus
2378 1263 2432 1310 et
2459 1255 2599 1326 pius,
2631 1252 2964 1308 Prnmiensis
2992 1251 3317 1322 monachus,
3346 1259 3462 1308 Au-

1883 1351 1986 1425 giae
2013 1350 2178 1405 abbas
2211 1349 2604 1413 constituitur;
2640 1346 2733 1419 qui
2764 1354 3039 1417 gratanter
3070 1354 3378 1416 susceptus,
3410 1355 3464 1401 et

1887 1462 1916 1501 a
1945 1444 2347 1502 Constantiensi
2389 1443 2647 1514 episcopo
2686 1443 2982 1511 Lamperto
3012 1439 3183 1495 abbas
3222 1440 3339 1511 ejus
3366 1440 3470 1495 loci

1888 1544 2001 1595 29us
2026 1546 2395 1606 consecratus,
2429 1537 2627 1608 pietate
2666 1542 2719 1590 et
2747 1534 2971 1589 scientia
3019 1534 3219 1600 clarus,
3252 1532 3473 1602 praefuit

1888 1633 2045 1688 annis
2065 1638 2155 1687 40.

1966 1732 2123 1782 1009.
2159 1725 2235 1762 ³⁵³
2258 1728 2453 1781 Romae
2491 1723 2709 1794 Sergius
2738 1724 2832 1789 IV,
2866 1737 3002 1793 papa
3038 1726 3203 1789 146'",
3248 1719 3475 1777 ordina-

1893 1828 1998 1875 tur.
2429 1838 2437 1847 ο

1967 1921 2121 1970 1011.
2171 1912 2477 1984 Willigisus
2514 1909 2986 1982 Mogonciacensis
3038 1907 3478 1980 archiepiscopus

1894 2008 2048 2071 obiit,
2077 2008 2238 2077 eique
2264 2004 2674 2060 Erchenbaldus
2694 2003 2980 2059 successit.

1970 2107 2124 2155 1012.
2176 2098 2535 2155 Chounradus
2583 2097 2691 2152 dux
2717 2094 3483 2163 Carentanimoriens,'Adal-

1894 2194 2084 2249 beroni
2110 2192 2371 2248 ducatum
2408 2190 2644 2262 reliquit.
2699 2190 3075 2245 Herimannus
3102 2189 3213 2245 dux
3244 2188 3479 2244 aleman-

1895 2289 1999 2343 nia}
2030 2287 2184 2353 obiit,
2209 2284 2367 2356 cujus
2395 2282 2657 2339 ducatum
2688 2286 2895 2337 Ernust
2921 2283 3146 2353 accepit.

1976 2387 2131 2436 1013.
2199 2384 2390 2434 Romae
2417 2376 2677 2433 defuncto
2706 2376 2895 2449 Sergio
2930 2391 3092 2446 papa,
3160 2374 3486 2430 Benedictus

1900 2477 2052 2541 VIII,
2085 2490 2221 2544 papa
2268 2479 2436 2539 147‘",
2461 2472 2601 2527 sedit
2628 2472 2785 2526 annis
2822 2468 2995 2525 ferme
3024 2477 3109 2525 12.

1979 2571 2135 2623 1014.
2171 2565 2460 2620 Heinricus
2483 2581 2577 2619 rex
2604 2566 2796 2619 Romae
2818 2563 3085 2634 imperiali
3106 2562 3490 2619 benedictione

1905 2678 1935 2716 a
1971 2659 2268 2714 Benedicto
2291 2674 2424 2729 papa
2453 2666 2780 2729 coronatur.

1981 2758 2138 2809 1015.
2174 2756 2379 2806 Ernust
2406 2750 2519 2805 dux
2549 2748 2889 2805 Alamanniae
2918 2748 2974 2802 in
2998 2756 3195 2803 venatu
3233 2748 3302 2802 ab
3330 2748 3493 2803 Adal-

1906 2849 2112 2905 berone
2153 2846 2355 2901 comite
2398 2843 2568 2899 feram
2598 2849 2906 2914 appetente,
2936 2841 3132 2912 sagitta
3158 2841 3492 2907 vulneratus,

1908 2943 2131 3008 interiit,
2182 2949 2237 2996 et
2262 2939 2521 2995 ducatum
2560 2937 2675 3009 ejus
2723 2936 2865 2991 ﬁlius
2891 2935 3202 3006 equivocus,
3270 2933 3493 2989 viduam

1911 3052 2037 3093 vero
2058 3036 2172 3106 ejus
2201 3032 2444 3090 Giselam
2471 3028 2810 3097 Counradus,
2836 3028 3081 3084 Heinrici
3116 3027 3278 3093 ﬁlius,
3311 3028 3487 3096 impe-

286 3138 442 3187 1000.
472 3134 667 3186 Romae
682 3129 942 3186 defuncto
973 3128 1248 3201 Gregorio
1270 3144 1431 3199 papa,
1460 3126 1719 3182 Silvester
1746 3127 1799 3180 Il
1828 3148 1873 3212 ρ
1908 3139 2057 3185 rator
2108 3137 2290 3201 postea
2337 3126 2570 3191 futurus,
2598 3124 2828 3194 accepit.
2875 3121 3277 3194 Megingaudus
3303 3118 3494 3175 Trevi-

211 3229 306 3301 qui
334 3236 388 3283 et
410 3226 727 3293 Gerbertus,
783 3226 965 3298 primo
996 3228 1323 3290 Remorum,
1361 3231 1484 3295 post
1515 3226 1797 3278 Ravenna

206 3330 331 3378 tum
351 3320 816 3390 archiepiscopus,
868 3319 1098 3375 seculari
1127 3320 1425 3373 literaturee
1454 3317 1688 3371 nimium
1716 3315 1808 3371 de-

210 3416 381 3485 ditus,
409 3423 463 3470 et
487 3414 556 3470 ob
584 3413 691 3470 hoc
719 3413 936 3469 curioso
990 3410 1310 3481 imperatori
1338 3410 1637 3466 admodum
1660 3424 1809 3464 ama-

212 3518 324 3577 tus,
366 3524 505 3581 papa
537 3514 685 3563 143‘"
712 3505 851 3562 sedit
879 3504 1038 3559 annis
1068 3510 1118 3557 5.

292 3609 452 3658 1001.
494 3604 626 3658 Otto
674 3599 968 3670 imperator
997 3596 1208 3652 Italiam
1231 3595 1333 3652 sibi
1371 3610 1809 3668 quaquaversum

212 3696 496 3753 subditam
548 3695 758 3751 lustrat.

295 3797 453 3846 1002.
488 3792 622 3845 Otto
652 3789 946 3858 imperator
974 3785 1031 3840 in
1062 3785 1214 3842 Italia
1248 3791 1313 3840 10
1332 3784 1461 3841 Kal.
1489 3784 1620 3841 Feb.
1655 3783 1809 3852 obiit,

212 3900 370 3941 anno
394 3883 546 3953 regni
574 3887 683 3949 18°,
706 3888 761 3936 et
790 3880 1041 3935 intestina
1061 3880 1179 3951 ejus
1207 3881 1490 3951 Augustae,
1534 3877 1809 3950 reliquum

210 3994 352 4033 vero
409 3990 606 4046 corpus
662 3974 778 4046 ejus
832 3973 1157 4044 Aquisgrani
1214 3974 1495 4044 sepelitur.
1554 3975 1661 4027 Pro
1701 3987 1810 4043 quo

216 4069 525 4126 Heinricus
554 4067 662 4125 dux
706 4066 969 4138 Bajoariae
1002 4081 1098 4122 rex
1135 4064 1388 4135 effectus,
1433 4066 1681 4137 regnavit
1710 4080 1813 4119 an-

218 4165 314 4221 nis
343 4169 433 4218 23.

298 4261 463 4313 1003.
504 4256 799 4312 Heinricus
838 4270 935 4311 rex
990 4252 1304 4310 Heinricum
1334 4250 1711 4308 marchionem
1760 4256 1815 4306 et

215 4352 361 4407 alios
387 4350 492 4406 sibi
508 4350 821 4405 resistentes
843 4348 1086 4404 exercitu
1114 4346 1265 4418 petit.
1298 4345 1599 4418 Argentina
1634 4362 1665 4400 a
1695 4347 1812 4400 He-

214 4446 476 4501 rimanno
495 4444 631 4500 duce
674 4443 1036 4509 Alemannia,
1064 4442 1175 4514 regi
1217 4439 1534 4508 rebellante,
1581 4439 1814 4511 spoliata

1913 3239 2101 3279 rorum
2126 3220 2560 3291 archiepiscopus
2588 3219 2741 3284 obiit,
2772 3232 2870 3288 pro
2901 3232 3010 3288 quo
3036 3218 3247 3286 Poppo.

1990 3323 2146 3372 1017.
2206 3312 2541 3379 Gotefridus,
2614 3312 2724 3368 dux
2795 3310 2958 3382 partis
3006 3308 3494 3379 Lotharingorum,

1918 3409 2273 3467 Gerhardum
2304 3408 2562 3463 comitem
2591 3405 2733 3460 bello
2763 3404 2915 3458 vicit.

1990 3510 2147 3559 1018.
2202 3500 2541 3558 Constantia-3
2586 3500 2883 3568 Lamperto
2903 3496 3156 3567 episcopo
3212 3491 3499 3561 defuncto,

1916 3596 2286 3654 Roudhardus
2316 3592 2533 3665 praefuit
2564 3591 2722 3646 annis
2756 3589 2926 3646 ferme
2966 3593 3018 3643 5.

1991 3696 2146 3746 1019.
2165 3686 2572 3751 Chrounradus,
2596 3684 2735 3739 ﬁlius
2750 3681 3091 3739 Chrounradi
3108 3678 3386 3752 quondam
3410 3676 3504 3733 du-

1917 3784 1996 3840 cis
2015 3781 2324 3850 Carentani,
2351 3779 2760 3835 Adalberonem
2775 3776 2975 3832 ducem
2994 3774 3137 3847 apud
3159 3773 3387 3829 Ulmam
3404 3785 3505 3841 pu—

1917 3894 2020 3950 gna
2060 3877 2261 3931 victum
2289 3873 2514 3945 fugavit.

1992 3977 2148 4027 1020.
2190 3967 2518 4024 Benedictus
2569 3979 2708 4037 papa
2754 3962 2821 4018 ab
2851 3962 3179 4033 imperatore
3221 3962 3501 4031 invitatus,

1918 4065 2236 4135 Babenberg
2274 4062 2444 4128 venit,
2484 4059 2665 4131 ibique
2715 4056 2983 4113 ecclesiam
3021 4055 3199 4111 sancti
3238 4056 3503 4127 Stephani

2028 4156 2204 4211 icavit.

2028 4159 2037 4211 i
2112 4156 2204 4210 vit.

1919 4156 2154 4304 dec12:211.
2186 4245 2505 4300 Heribertus
2534 4242 2778 4297 Coloniae
2806 4240 3120 4313 Agrippinae
3149 4238 3510 4310 archiepisco-
3550 4260 3553 4261 '

1922 4358 2043 4415 pus,
2062 4342 2141 4395 vir
2163 4353 2374 4410 magnae
2390 4335 2715 4401 sanctitatis,
2740 4334 2844 4388 hac
2862 4334 2969 4387 vita
2986 4332 3295 4399 discedens,
3322 4333 3510 4389 multis

1921 4433 2203 4491 miraculis
2227 4431 2453 4498 claruit;
2491 4429 2577 4485 cui
2621 4427 2923 4498 Piligrinus
2952 4424 3234 4479 successit.
3262 4425 3508 4481 Erchen-

216 4548 279 4596 et
308 4538 574 4596 divinitus
599 4539 657 4593 in
684 4545 938 4593 auctores
965 4536 1187 4592 sceleris
1213 4535 1451 4607 graviter
1480 4533 1815 4590 vindicatum
1845 4532 1896 4595 D
1925 4529 2087 4586 baldo
2122 4543 2343 4601 quoque
2374 4519 2816 4596 Mogonciacensi
2863 4518 3273 4589 archiepiscpr
3312 4518 3509 4575 defun-

214 4640 330 4700 est,
363 4641 420 4689 et
445 4632 514 4688 ab
540 4632 658 4703 ipso
697 4632 836 4687 duce
865 4646 1021 4686 sacro
1051 4630 1169 4685 loco
1200 4629 1563 4685 satisfactum.

304 4733 465 4783 1004.
499 4726 787 4781 Heinricus
806 4741 898 4781 rex
919 4724 1139 4780 Italiam
1168 4730 1380 4794 petens,
1406 4723 1511 4778 sibi
1531 4738 1656 4777 eam
1687 4721 1819 4777 sub-

196 4820 387 4893 jecit;
430 4818 656 4891 Papiam
704 4818 824 4890 ipsa
872 4817 961 4873 die
1004 4834 1111 4889 qua
1158 4824 1452 4872 coronatus
1489 4824 1545 4870 et
1609 4814 1817 4869 irrum-

206 4930 382 4985 pens,
409 4913 591 4985 gladio
624 4920 681 4968 et
728 4912 854 4983 igne
882 4910 1223 4983 perdomuit.
1259 4909 1393 4965 Inde
1424 4909 1478 4963 in
1521 4909 1818 4964 Saxoniam

202 5006 462 5075 rediens,
511 5006 797 5062 Boemiam
825 5014 879 5061 et
916 5005 1223 5061 Bolizlaum
1267 5003 1465 5061 ducem
1499 5002 1817 5059 Sclavorum

202 5117 354 5158 cum
373 5108 490 5157 tota
513 5109 673 5173 gente
694 5116 793 5157 sua
821 5098 1149 5171 subjugavit.

1927 4634 2034 4692 cto,
2069 4623 2237 4679 Aribo
2267 4618 2518 4676 succesit.
2550 4613 2845 4671 Heinricus
2887 4612 3188 4683 imperator
3215 4612 3272 4667 in
3297 4613 3511 4669 Italiam

1930 4716 2340 4789 expeditionem
2366 4711 2558 4767 movit.

2003 4816 2161 4866 1022.
2204 4807 2497 4863 Heinricus
2550 4804 2853 4874 imperator
2898 4801 3254 4872 Campaniam
3293 4810 3501 4872 petens,

1924 4906 2173 4968 Troiam,
2198 4899 2507 4972 Noapolim,
2535 4900 2804 4968 Capuam,
2834 4903 2887 4951 et
2926 4902 3137 4951 ceteras
3175 4895 3424 4951 civitates
3454 4896 3513 4953 in

1924 4997 2258 5056 deditionem
2288 4994 2520 5065 accepit;
2550 4999 2604 5047 et
2632 4989 3006 5045 Nordmannis
3033 4988 3381 5061 quibusdam,
3418 4988 3511 5056 qui

1924 5102 2170 5164 tempore
2198 5089 2315 5162 ejus
2328 5088 2422 5144 illo
2450 5085 2845 5154 conﬂuxerant,
2875 5082 3172 5156 quoddam,
3205 5089 3265 5137 ut
3310 5080 3513 5149 ferunt,

1513 5244 1760 5301 VARLE
1798 5237 2216 5299 LECTIONES.

290 5368 369 5417 ³4⁷
421 5375 530 5429 hwc
569 5372 675 5428 alio
718 5375 1020 5427 atra-mento
1048 5373 1268 5425 irtserta.

194 5443 504 5500 Johannes
532 5447 663 5500 XVI
689 5461 824 5515 papa
853 5450 904 5499 3.
932 5446 1061 5498 vitio
1091 5445 1432 5513 typographi.

197 5517 483 5589 martyris
521 5517 696 5572 addit.
727 5524 779 5573 3.

1348 5372 1422 5417 ³48
1458 5368 1500 5426 f.
1538 5387 1587 5445 e.
1614 5371 1653 5426 i.
1700 5387 1747 5426 r.
1780 5369 1970 5445 desu_nt
2002 5371 2053 5421 3.
2132 5368 2205 5408 “9
2228 5368 2493 5445 exercert‘i.‘

1516 5442 1586 5479 ²⁵¹
1616 5458 1663 5498 a.
1705 5458 1795 5498 sex
1822 5442 1999 5497 eodem
2026 5441 2332 5493 atramento
2360 5434 2607 5489 additum
2636 5435 2685 5485 1.

879 5495 952 5553 '3"
972 5495 1244 5570 ﬁdem;
1259 5495 1559 5570 atramento
1587 5495 1811 5570 ararum
1829 5495 1889 5569 et
1916 5527 2055 5566 anno
2088 5515 2243 5565 1010.
2276 5507 2578 5576 adscripta,
2620 5503 2765 5558 linea
2793 5496 3030 5566 ejusdem
3058 5495 3352 5548 atramenti
3380 5504 3523 5549 anno

2132 5361 2205 5408 “9
2228 5359 2550 5417 exercertitu
2577 5375 2621 5414 c.
2703 5357 2778 5396 ³⁵⁸
2806 5355 3000 5412 Fames
3024 5364 3219 5421 magna
3247 5347 3388 5404 facta
3412 5357 3513 5421 est.

2764 5428 2836 5465 ιιι
2883 5426 2935 5479 in
2964 5420 3170 5477 honore
3203 5421 3258 5475 S.
3297 5420 3517 5491 Georgii

202 5588 386 5643 1009.
424 5590 791 5658 adsignantur
821 5594 868 5642 1.
899 5604 1036 5642 anno
1070 5592 1228 5641 1009.
1261 5588 1536 5657 adscripta
1565 5592 1616 5641 2.
1648 5604 1788 5643 anno
1822 5590 1977 5641 1010.
2013 5590 2065 5639 3.

1755 5728 1989 5785 NOTE.

288 5862 493 5926 (1278)
528 5858 665 5914 Acta
689 5855 854 5929 hujus
884 5854 1075 5928 synodi
1113 5855 1389 5927 perierunt
1414 5862 1469 5912 et
1497 5853 1627 5911 hinc
1658 5861 1874 5913 tantum
1900 5854 2276 5911 innotuerunt.
