4052 6196
494 317 628 370 I359

1477 278 1562 347 AD
1598 296 1844 365 orsus
1882 308 1938 365 s.
1978 308 2300 365 causam
2336 306 2773 364 APPENDICES.

3645 309 3771 361 1360

490 438 598 494 illis
641 439 701 493 in
747 436 994 509 partibus
1029 436 1369 492 territorium
1397 428 1702 500 concessu,
1730 434 1915 506 sicque
1961 438 2073 506 ipse
2100 438 2154 500 Α
2253 439 2410 489 1032.
2445 429 2758 487 Roudolfus
2785 445 2880 486 rex
2907 428 3244 502 Burgundia:
3273 428 3503 502 ignavus
3531 429 3694 499 obiit,
3716 439 3763 485 et

490 546 585 601 per
619 533 860 586 Romam
884 528 1062 585 victor
1080 528 1243 585 rediit
1269 530 1329 584 in
1349 522 1735 585 Germaniam.
1780 527 2073 585 Roudhar-

488 624 591 680 dus
617 622 1047 678 Constantiensis
1079 624 1362 696 episcopus
1389 621 1543 679 obiit.
1572 623 1679 677 Pro
1728 638 1836 693 quo
1874 620 2072 677 Heimo

487 714 663 771 ferme
687 715 847 771 annis
898 716 968 759 ’δά
999 716 1234 788 praefuit.
1266 717 1544 773 Notkerus
1568 730 1785 787 quoque
1813 716 2075 786 magister

487 807 554 864 de
581 810 783 865 Sancto
813 809 972 866 Gallo
997 809 1146 867 obiit.

565 908 729 958 1023.
789 903 1109 975 Ratisponze
1142 911 1264 976 post
1315 901 1705 960 Gehebardum
1734 903 2071 973 episcopum,

486 995 666 1050 virum
699 994 856 1053 laude
884 996 1296 1069 dignissimum,
1313 996 1452 1052 alter
1480 994 1836 1063 Gebehardus
1864 994 2072 1050 inthro-

485 1088 723 1145 nizatur.

560 1185 624 1238 In
680 1183 756 1220 ’⁵⁸
806 1183 912 1240 hoc
974 1199 1080 1239 ano
1146 1183 1403 1240 convenit
1445 1180 1687 1240 'sinodus
1737 1184 2072 1255 Mogontiaci

488 1280 690 1345 (I279),
745 1277 804 1332 in
854 1293 964 1349 qua
1032 1278 1396 1333 constitutum
1461 1285 1565 1344 est,
1614 1286 1677 1333 ut
1722 1276 1878 1349 plebs
1922 1277 2073 1332 chri-

483 1370 664 1426 stiana
733 1376 795 1425 14
860 1369 977 1427 dies
1020 1378 1148 1427 ante
1197 1369 1400 1426 festum
1466 1370 1645 1426 sancti
1727 1370 1994 1425 Johannis
2040 1386 2071 1425 a

483 1478 649 1519 carne
694 1471 749 1519 et
796 1464 1063 1536 sagimine
1118 1465 1409 1531 abstineat,
1457 1463 1559 1519 nisi
1606 1463 1925 1519 inﬁrmitate
1975 1479 2071 1518 co-

482 1565 669 1627 gente,
697 1566 792 1613 aut
815 1556 1126 1625 festivitate,
1173 1573 1299 1629 quae
1322 1558 1379 1613 in
1406 1556 1502 1613 illo
1529 1557 1805 1628 episcopio
1840 1555 2072 1612 celebris

484 1649 736 1706 habetur.
785 1650 1045 1706 Similiter
1093 1655 1161 1707 14
1217 1650 1336 1708 dies
1381 1658 1507 1707 ante
1548 1650 1788 1706 natalem
1831 1650 2068 1706 Domini.

480 1744 623 1798 Item
662 1744 739 1799 ibi
767 1744 1126 1800 constitutum
1168 1752 1271 1813 est,
1314 1751 1377 1800 ut
1415 1743 1593 1816 vigilia
1626 1742 1951 1815 epiphaniae,
1995 1743 2071 1798 vi-

2179 524 2473 582 Connrado
2502 524 2825 595 imperatori
2846 522 3097 578 diadema
3124 539 3286 579 suum
3308 522 3641 580 transmisit.
3674 524 3769 579 Cu-

2173 620 2264 693 jus
2295 635 2526 691 regnum
2572 617 2717 687 Odo,
2750 617 2955 673 sororis
2982 632 3095 673 sua:
3125 617 3293 685 ﬁlius,
3324 617 3581 689 princeps
3611 617 3767 673 Galli-

2180 730 2260 771 cae
2300 713 2637 785 Campaniae,
2680 712 2893 768 invasit.
2946 713 3091 767 Bern
3128 709 3296 766 abbas
3341 710 3553 783 Augize,
3600 709 3771 765 missis

2181 812 2422 864 Romam
2443 806 2654 863 cenobii
2682 806 2764 862 sui
2794 805 3110 878 privilegiis,
3141 820 3171 860 a
3199 802 3454 860 Iohanne
3472 819 3614 875 papa
3640 804 3765 859 item

2182 901 2521 974 privilegium
2567 916 2693 955 cum
2734 898 3016 965 sandaliis,
3068 905 3128 953 nt
3173 897 3571 969 episcopalibus
3619 897 3769 953 indu-

2181 996 2385 1051 mentis
2427 995 2623 1049 missas
2663 1000 2870 1064 ageret,
2910 991 3143 1063 accepit.
3174 990 3337 1048 Unde
3372 1006 3401 1046 a
3428 993 3767 1048 Warmanno

2182 1088 2602 1145 Constantiense
2629 1088 2890 1158 episcopo
2917 1085 3062 1156 apud
3086 1085 3482 1156 imperatorem
3509 1085 3665 1156 quasi
3693 1085 3767 1141 sui

2180 1198 2437 1253 pervasor
2462 1180 2628 1238 ofﬁcii
2670 1188 2975 1248 accusatus,
3017 1195 3083 1235 eo
3112 1194 3288 1250 usque
3317 1179 3387 1234 ab
3417 1178 3668 1251 utrisque
3690 1195 3768 1235 co-

2181 1284 2410 1340 artatur,
2437 1275 2609 1331 donec
2639 1274 2785 1330 idem
2833 1289 2959 1329 cum
2988 1272 3245 1329 sandaliis
3292 1272 3641 1343 privilegium
3670 1273 3762 1343 ipsi

2180 1370 2438 1440 episcopo
2482 1368 2738 1434 traderet,
2770 1366 2987 1439 publice
3033 1366 3093 1421 in
3123 1365 3320 1422 sinodo
3350 1381 3470 1433 sua,
3500 1365 3559 1421 id
3607 1366 3764 1422 estin

2179 1478 2313 1518 cena
2336 1461 2559 1518 Domini
2581 1460 2865 1533 sequentis
2892 1458 3040 1525 anni,
3070 1458 3498 1515 incendendum.
3530 1461 3662 1530 Ipso
3683 1476 3764 1515 an-

2180 1572 2253 1612 no
2300 1555 2751 1628 Bouchaugiense
2792 1553 3084 1610 cenobinm
3120 1558 3154 1607 2
3194 1552 3326 1610 Idus
3373 1554 3522 1610 Junii
3571 1555 3650 1593 ³⁵⁵
3695 1556 3765 1609 in-

2179 1649 2371 1705 cendio
2413 1649 2625 1721 ﬂagrat.

2258 1747 2413 1799 1033.
2448 1745 2754 1813 Imperator
2781 1741 2996 1798 Odonis
3026 1741 3359 1813 provinciam
3388 1740 3669 1797 Gallicam
3700 1743 3763 1791 *5:

481 1837 610 1910 gilia
639 1838 891 1893 omnium
936 1845 1277 1904 sanctorum,
1312 1836 1922 1909 vigiliaoassumptionis
1947 1852 2074 1892 san—
2109 1847 2156 1910 Β
2183 1835 2450 1893 invadens
2476 1836 2854 1906 Campaniam,
2891 1844 3005 1891 tam
3035 1834 3130 1891 diu
3159 1835 3412 1903 vastavit,
3439 1834 3624 1890 donec
3660 1837 3763 1906 ipse

480 1938 585 1987 ctaa
606 1931 815 2001 Mariae,
843 1930 1024 2002 vigilia
1051 1931 1224 1987 sancti
1246 1930 1535 1986 Laurentii
1553 1929 1893 2002 jejunentor,
1913 1930 1986 1986 ita
2010 1938 2071 1986 ut

480 2041 585 2080 una
611 2023 932 2081 refectionis
949 2024 1086 2085 hora
1109 2024 1453 2080 admittatur.

555 2123 711 2172 1024.
737 2120 936 2173 Romae
950 2116 1203 2173 defuncto
1215 2116 1532 2184 Benedicto,
1554 2116 1726 2172 frater
1735 2116 1852 2188 ejus
1863 2116 2067 2172 Johan-

475 2223 576 2264 nes
599 2212 807 2276 XVIII,
830 2225 895 2264 ex
924 2210 1063 2264 laico
1094 2225 1229 2281 papa
1261 2214 1431 2276 148‘",
1462 2208 1605 2264 sedit
1623 2208 1783 2264 annis
1808 2208 1980 2264 ferme
2009 2216 2062 2266 9.

476 2303 768 2357 Heinricus
809 2316 1025 2372 quoque
1071 2301 1390 2372 imperator,
1438 2307 1469 2355 3
1518 2300 1643 2356 Idus
1686 2302 1815 2356 Julii
1862 2301 2066 2373 absque

475 2393 603 2448 ﬁliis
632 2393 779 2448 diem
813 2392 1023 2461 obiens,
1067 2392 1211 2464 apud
1239 2392 1746 2464 Babenbergensem
1776 2394 2065 2465 episcopa-

474 2493 598 2541 tum
626 2501 656 2541 a
698 2501 755 2541 se
801 2493 1200 2555 constructum,
1230 2501 1394 2557 quem
1441 2486 1691 2541 omnium
1730 2487 2062 2557 praediorum

473 2586 530 2635 et
556 2578 942 2636 thesaurorum
972 2594 1202 2635 suorum
1229 2580 1526 2652 reliquerat
1555 2577 1837 2647 heredem,
1870 2581 1930 2635 in
1970 2581 2061 2637 ba-

471 2671 621 2727 silica
662 2671 837 2728 sancti
891 2672 1037 2728 Petri
1088 2672 1379 2744 sepelitur;
1447 2672 1744 2744 habitoque
1789 2683 2060 2741 conventu

469 2764 616 2837 apud
682 2764 866 2820 villam
906 2764 1206 2836 Kambam,
1256 2765 1623 2823 Chounradus
1668 2766 1867 2834 senior,
1920 2767 2061 2823 ﬁlius

467 2857 734 2926 Heinrici,
778 2874 875 2914 rex
920 2867 1229 2929 promotus,
1276 2859 1347 2915 ab
1374 2858 1619 2916 Aribone
1655 2859 2061 2932 archiepiscopo

464 2950 799 3024 Mogonciaci
826 2960 1029 3008 unctus
1055 2961 1161 3019 cst,
1196 2958 1230 3008 6
1254 2952 1384 3008 Idus
1409 2953 1761 3023 Septembris.
1792 2956 1903 3009 Nec
1925 2954 2062 3010 mul-

463 3050 521 3099 to
559 3052 685 3114 post
724 3060 865 3100 uxor
910 3044 1023 3116 ejus
1069 3045 1252 3101 Gisela
1294 3062 1324 3101 a
1366 3044 1623 3116 Piligrino
1652 3045 2054 3119 archiepiscopo

461 3135 707 3198 Coloniae
734 3138 920 3209 regina
949 3137 1314 3203 benedicitur,
1347 3144 1404 3193 11
1442 3138 1568 3193 Kal.
1604 3138 1879 3194 Octobris.

2181 1930 2302 1986 Odo
2350 1929 2578 2001 supplex
2630 1928 2942 1998 adveniens,
3005 1926 3434 2007 satisfactionem
3483 1928 3615 1983 licet
3653 1928 3763 1983 ﬁcte

2175 2023 2538 2095 promitteret.
2588 2025 2787 2079 Romae
2821 2021 3081 2078 defuncto
3124 2021 3400 2088 Johanne,
3440 2020 3764 2077 Benedictus

2176 2119 2281 2188 IX,
2313 2116 2405 2188 qui
2434 2124 2489 2172 et
2516 2115 2960 2186 Theophilactus,
2985 2130 3124 2187 papa
3153 2120 3322 2182 149'",
3350 2114 3475 2170 licet
3505 2122 3658 2170 tanto
3679 2130 3760 2170 or.

2175 2209 2288 2265 dini
2316 2194 2590 2281 indignus,
2617 2208 2760 2265 sedit
2787 2208 2949 2264 annis
2976 2209 3100 2280 plus
3129 2214 3215 2264 12.

2255 2308 2414 2358 1034.
2462 2307 2771 2373 Imperator
2826 2302 3199 2374 Burgundiam
3242 2309 3454 2372 petens,
3509 2300 3614 2356 sibi
3654 2316 3764 2357 eam

2171 2395 2422 2468 subjecit.
2453 2395 2789 2451 Constantiae
2829 2397 3178 2451 Warmanno
3204 2394 3457 2464 episcopo
3484 2392 3761 2461 defuncto,

2168 2489 2431 2545 successit
2486 2487 2849 2545 Eberhardus.
2917 2487 3280 2560 Meginbardo
3335 2486 3761 2560 Wirziburgensi

2168 2582 2424 2654 episcopo
2453 2585 2625 2648 Brun,
2658 2581 2798 2638 filius
2829 2581 3107 2638 Mathildis
3135 2581 3415 2637 successit.

2243 2682 2401 2733 1035.
2435 2676 2673 2733 Sinodus
2700 2692 2899 2748 magna
2920 2674 3064 2747 apud
3091 2675 3405 2731 Triburiam
3433 2675 3505 2730 ab
3530 2674 3760 2747 impera-

2167 2778 2287 2826 tore
2313 2770 2541 2827 collecta
2571 2778 2693 2828 est..

2242 2870 2403 2920 1030.
2474 2863 2733 2936 Piligrino
2777 2863 3087 2919 Coloniensi
3135 2863 3553 2934 archiepiscopo
3604 2864 3759 2919 Heri-

2166 2972 2427 3025 mannus,
2469 2956 2796 3014 Gebehardo
2823 2957 3064 3013 secundo
3091 2956 3474 3027 Ratisponensi
3505 2957 3762 3028 episcopo

2162 3050 2419 3106 defuncto
2464 3050 2664 3106 tercius
2712 3048 3070 3107 Gebehardns
3111 3050 3396 3106 successit.
3460 3050 3762 3105 Heinricus

2159 3159 2278 3212 rex,
2304 3144 2447 3199 ﬁlius
2471 3142 2842 3215 imperatoris,
2889 3142 3298 3211 Chunibildem,
3329 3144 3608 3200 Gnutonis
3654 3146 3762 3198 Da-

534 3235 690 3286 1025.
722 3206 973 3286 Rebellio
1001 3223 1192 3286 contra
1221 3230 1575 3287 Counradum
1603 3246 1790 3303 regem
1814 3248 1844 3288 a
1874 3233 2053 3289 Coun-
2087 3206 2133 3271 C
2157 3206 2358 3295 norum
2387 3245 2441 3293 et
2468 3206 2775 3308 Anglorum
2798 3206 2940 3309 regis
2967 3236 3137 3293 ﬁliam
3159 3236 3261 3292 sibi
3288 3206 3434 3307 apud
3460 3236 3761 3291 Novioma-

459 3322 594 3380 rado
609 3324 729 3396 ejus
748 3323 990 3392 patruele
1009 3332 1065 3379 et
1077 3326 1322 3380 Ernusto
1341 3324 1477 3381 duce
1495 3324 1839 3382 Alemanniae
1862 3334 1918 3382 et
1936 3327 2054 3384 aliis

368 3462 387 3471 -
458 3432 619 3488 quam
649 3417 899 3488 pluribus
937 3417 1209 3473 estfacta.

530 3514 688 3566 1026.
723 3512 844 3566 Rex
872 3509 1194 3568 Counradus
1221 3511 1441 3568 Italiam
1470 3520 1680 3584 petens,
1712 3521 1888 3570 totam
1917 3530 2050 3587 pene

455 3602 558 3658 sibi
587 3603 893 3676 subjugavit
911 3620 977 3660 ex
1009 3604 1111 3661 hac
1141 3613 1296 3677 parte
1313 3606 1529 3662 Romae.
1562 3607 1899 3665 Constantia
1928 3616 2052 3679 post

453 3695 788 3762 Heimonem
838 3698 1155 3770 episcopum
1200 3701 1578 3756 Warmannus
1611 3700 1854 3771 praefuit,
1897 3701 2052 3758 annis

454 3785 627 3843 ferme
655 3794 711 3855 8,

526 3882 684 3934 1021.
714 3881 1033 3937 Counradus
1059 3898 1155 3937 rex
1202 3886 1443 3940 Romam
1473 3887 1816 3957 perveniens,
1865 3902 1897 3942 a
1944 3889 2048 3943 Jo-

452 3970 632 4027 hanne
656 3986 796 4044 papa
824 3972 885 4027 in
908 3972 994 4029 die
1022 3983 1212 4029 sancto
1244 3976 1454 4046 pascha:
1484 3977 1786 4049 imperator
1821 3995 2051 4035 corona-

453 4073 565 4122 tur.
611 4064 743 4122 Inde
790 4065 847 4120 in
895 4066 1285 4124 Alemanniam
1330 4084 1601 4138 reversus,
1645 4070 1793 4141 apud
1818 4072 2047 4129 Ulmam

449 4160 753 4215 Ernustum
775 4158 974 4215 ducem
991 4167 1047 4216 et
1068 4160 1441 4229 Counradum,
1463 4178 1522 4219 se
1541 4163 1619 4218 illi
1639 4162 1916 4235 dedentes,
1939 4166 2047 4222 exi-

453 4250 525 4307 lio
561 4250 861 4322 deputavit.

528 4351 682 4402 1028.
737 4332 1021 4402 Heinricus
1077 4343 1217 4402 ﬁlius
1273 4347 1623 4419 imperatoris
1647 4390 1663 4418 ,
1712 4351 2040 4425 Aquisgrani

452 4453 556 4494 rex
585 4438 809 4506 electus,
839 4455 869 4494 a
893 4439 1153 4511 Piligrino
1188 4439 1518 4498 Coloniense
1544 4442 1955 4517 archiepiscopo
1979 4447 2039 4501 in

461 4528 551 4585 die
578 4540 767 4587 sancto
798 4532 1018 4603 paschae
1041 4540 1126 4589 est
1157 4541 1374 4590 unctus.

533 4629 694 4679 1029.
722 4616 869 4681 Brun
899 4627 1261 4697 Augustensis
1289 4627 1579 4701 episcopus
1608 4629 1746 4687 obiit
1771 4638 1829 4686 et
1867 4630 2035 4689 Eber-

455 4715 688 4772 hardum
718 4721 918 4790 accepit
946 4736 1341 4779 successorem.
1436 4792 1443 4795 ν

535 4814 693 4864 1030.
726 4813 929 4867 Ernust
955 4812 1065 4870 dux
1090 4815 1245 4871 exilio
1273 4806 1563 4884 relaxatus,
1597 4819 1906 4893 iterumque
1933 4821 2037 4877 im-

455 4903 692 4975 peratori
736 4903 1022 4974 rebellans,
1073 4923 1199 4964 cum
1239 4909 1431 4968 multis
1476 4911 1594 4967 aliis
1639 4911 1911 4969 occiditur
1972 4920 2039 4970 16

452 4998 580 5053 Kal.
610 4998 967 5069 Septembris.

526 5097 683 5147 1031.
714 5092 882 5148 Aribo
910 5094 1250 5167 Mogonciaci
1284 5097 1725 5171 archiepiscopus
1753 5100 1908 5156 obiit.
1938 5100 2038 5157 Cui

450 5182 632 5242 Bardo
675 5186 1005 5257 monachus,
1036 5188 1145 5245 vita
1191 5196 1248 5246 et
1284 5189 1474 5247 habitu
1502 5191 1868 5263 venerandus,
1912 5208 2034 5249 suc-

449 5279 628 5336 cessit.

2157 3346 2289 3404 gum
2335 3330 2612 3403 regalibus
2657 3331 2857 3401 nuptiis
2915 3329 3191 3401 copulavit
3239 3345 3490 3386 uxorem.
3534 3329 3759 3385 Lentizi

2156 3422 2334 3478 Sclavi
2363 3423 2683 3494 imperatori
2714 3423 3002 3494 vectigales
3022 3422 3181 3479 facti.
3230 3425 3541 3494 Imperator
3572 3420 3757 3477 hieme

2158 3517 2371 3572 Italiam
2408 3516 2568 3588 petit.

2232 3616 2388 3667 1037.
2422 3613 2728 3681 Imperator
2750 3610 2979 3681 Papiam
3008 3609 3220 3677 adiens,
3250 3609 3605 3665 Heribertnm
3635 3612 3748 3665 Me-

2155 3702 2529 3759 diolanensem
2547 3703 3037 3775 archiepiscopum,
3072 3702 3415 3760 inﬁdelitatis
3433 3712 3751 3759 accusatum

2155 3796 2212 3853 in
2235 3796 2547 3853 custodiam
2565 3797 2748 3866 misit;
2778 3797 2869 3868 qui
2900 3795 3026 3869 fuga
3045 3798 3285 3869 elapsus,
3303 3798 3518 3853 cunctis
3541 3798 3753 3853 viribus

2153 3889 2471 3962 imperatori
2500 3890 2757 3946 rebellare
2785 3890 3092 3946 contendit.
3134 3893 3446 3962 Imperator
3487 3891 3751 3947 Mediola-

2153 3998 2287 4038 num
2317 3983 2549 4053 obsedit,
2583 3992 2640 4041 et
2677 3983 3103 4055 circumquaque
3131 3983 3385 4055 quaelibet
3426 3983 3497 4039 ad
3524 3984 3750 4039 rebelles

2156 4078 2485 4148 pertinentia
2506 4078 2831 4135 devastavit.
2851 4078 2973 4133 Odo
2994 4078 3247 4149 princeps
3269 4077 3494 4133 Galliae
3516 4079 3747 4147 Campa-

2154 4170 2262 4227 niae
2292 4187 2320 4225 a
2369 4171 2665 4227 Gozzilone
2696 4170 3157 4243 Lotharingorum
3202 4170 3340 4227 duce
3368 4187 3549 4243 pugna
3577 4170 3742 4225 victus

2155 4262 2494 4337 fugiensque,
2522 4281 2552 4320 a
2582 4263 2823 4337 quodam
2852 4263 3026 4320 milite
3055 4263 3338 4320 occiditur.

2223 4364 2380 4414 1038.
2405 4362 2709 4429 Imperator
2727 4374 2854 4415 cum
2874 4358 3116 4415 natalem
3140 4356 3366 4414 Domini
3389 4361 3606 4414 Parma!
3623 4370 3747 4430 age-

2146 4458 2252 4519 ret,
2296 4458 2418 4505 orto
2464 4451 2708 4506 tumultu
2771 4449 2911 4506 inter
2958 4451 3279 4506 Parmenses
3321 4458 3375 4505 et
3421 4451 3749 4515 exercitum,

2146 4542 2429 4614 utrimque
2459 4544 2640 4611 multi,
2670 4551 2753 4599 set
2782 4560 2849 4600 ex
2878 4544 3270 4600 Parmensibus
3305 4543 3511 4616 plures,
3541 4541 3753 4599 cecide-

2146 4644 2293 4703 runt,
2320 4644 2375 4691 et
2401 4636 2516 4707 ipsa
2561 4637 2755 4693 civitas
2794 4636 3052 4693 incendio
3081 4646 3428 4708 comsumpta
3452 4644 3557 4692 est.
3601 4639 3753 4707 Papa

2143 4728 2611 4801 archiepiscopum
2661 4729 3122 4786 Mediolanensem
3176 4730 3493 4802 imperatori
3560 4729 3749 4785 rebel-

2145 4822 2254 4878 lem
2277 4824 2782 4879 excommunicavit.
2809 4823 3150 4879 Chunibildis
3173 4824 3378 4894 regina,
3400 4838 3545 4879 uxor
3577 4824 3753 4878 Hein-

2146 4916 2243 4971 rici
2270 4916 2435 4988 regis,
2466 4922 2525 4971 17
2552 4916 2678 4973 Kal.
2712 4915 2966 4988 Augusti,
2996 4924 3052 4971 et
3078 4917 3451 4972 Herimannus
3478 4914 3592 4971 dux
3623 4916 3753 4972 Ale-

2148 5010 2401 5065 maniaa5
2443 5011 2571 5066 Kal.
2627 5011 2885 5083 Augusti,
2936 5025 3062 5065 cum
3112 5009 3299 5066 multis
3325 5009 3445 5065 aliis
3492 5009 3550 5063 in
3594 5010 3756 5065 Italia

2146 5102 2416 5159 obierunt.
2469 5104 2778 5175 Stephanus
2818 5119 2909 5159 rex
2934 5103 3310 5175 lJngariorum
3341 5103 3503 5159 bona;
3532 5118 3754 5159 memo-

2144 5196 2242 5252 ria:
2271 5197 2425 5264 obiit,
2457 5197 2549 5268 qui
2586 5196 2826 5269 seipsum
2851 5213 2980 5253 cum
3011 5205 3123 5253 tota
3167 5206 3329 5271 gente
3355 5213 3453 5253 sua
3478 5195 3553 5253 ad
3579 5196 3753 5254 ﬁdem

2143 5288 2342 5345 Christi
2370 5289 2666 5357 convertit;
2696 5305 2797 5362 pro
2832 5305 2941 5362 quo
2970 5292 3166 5348 Petrus
3192 5290 3459 5363 regnavit.

1712 5410 1958 5468 VARI/ﬁ
2002 5413 2185 5470 LECT
2189 5415 2313 5471 ΙΟΝ
2318 5416 2423 5471 ES.

519 5529 784 5609 ’ξι-μεθῇ.
810 5538 835 5588 1
849 5539 948 5609 .-2.
1021 5531 1103 5609 ff“
1130 5533 1197 5586 In
1216 5562 1283 5609 έ-
1304 5532 1624 5609 admittatur
1652 5538 1709 5589 in
1728 5540 1973 5607 margine
1989 5544 2174 5609 postea
2193 5540 2405 5607 addita,
2427 5540 2609 5596 eadem
2631 5545 2808 5598 tamen
2828 5557 2994 5597 manu
3026 5548 3079 5598 1.
3159 5541 3236 5579 ³⁵6
3258 5544 3395 5597 JAN.
3426 5556 3569 5597 corr.
3600 5543 3747 5596 JUN.

447 5602 495 5655 1.
525 5600 695 5657 Julias
715 5610 766 5658 3.
844 5603 919 5653 I57
953 5604 1167 5675 galliam
1203 5608 1250 5659 1.
1282 5608 1334 5656 2.
1366 5601 1476 5658 sed.
1511 5621 1559 5658 υ.
1593 5608 1743 5672 infra
1773 5625 1823 5663 (ι.
1855 5600 2022 5666 1037..

1975 5737 2205 5792 NOT/E.

517 5844 703 5909 (1279)
736 5840 919 5899 Potius
944 5842 1322 5941 Saligenstadi,
1362 5843 1506 5902 haud
1531 5848 1718 5927 procul
1747 5848 2029 5919 Moguntia
2063 5860 2118 5910 et
2141 5852 2499 5912 Francofurto
2522 5878 2536 5923 ς
2563 5854 2631 5912 cf.
2657 5856 2839 5913 Vitam
2870 5854 3183 5912 ltIeiuwerc-i
3206 5872 3255 5911 c.
3291 5859 3407 5910 178.
