4052 6196
506 280 513 287 '
589 277 722 329 1363

1586 268 1675 332 AD
1713 268 1944 327 OPERA
1980 272 2030 327 S.
2076 264 2396 326 GREGORH
2434 271 2869 327 APPENDICES.
3158 310 3169 315 ς
3652 284 3745 339 1361

661 406 817 457 1048.
848 404 1157 471 Imperator
1180 400 1445 454 Ottonem
1463 397 1535 454 de
1562 398 1828 453 Suinvurt
1860 399 2050 455 Suevis
2074 396 2173 453 du-
2200 403 2254 465 Α
2280 396 2479 463 Bardo,
2554 394 2877 451 venerabilis
2934 396 3293 467 Mogonciacij
3334 398 3690 474 archiepiscopus
3727 415 3747 462 3

534 474 537 479 v
590 509 711 551 cem
741 492 1039 549 constituit.
1079 491 1310 564 Sanguis
1336 491 1561 547 Domini
1603 491 1745 564 apud
1787 490 1982 547 urbem
2023 493 2177 546 Man-

587 596 761 654 tuam,
805 596 867 641 ut
899 585 1161 665 creditur,
1200 586 1378 641 divina
1407 602 1504 657 per
1546 586 1816 658 quendam
1847 600 2058 641 caecum
2086 600 2172 638 re-

590 680 861 736 velatione
884 680 1177 734 invenitur.
1213 682 1355 734 Bern
1386 680 1554 735 abbas
1598 679 1911 752 Augiensis,
1956 679 2041 733 vir
2069 677 2168 732 do-

589 775 759 829 ctrina
782 780 837 828 et
856 772 1101 828 moribus
1122 772 1375 844 insignis,
1403 773 1565 843 obiit;
1594 775 1682 827 cui
1706 772 2033 828 Oudalricus
2054 786 2174 825 suc-

588 867 769 923 cessit.
822 868 1008 937 Poppo
1055 866 1351 921 Brixiensis
1402 867 1687 938 episcopus
1735 865 1803 920 ab
1850 866 2176 935 imperatore

588 960 812 1029 electus,
842 962 1084 1016 Romam
1128 960 1384 1029 mittitur,
1432 968 1489 1015 et
1532 958 1831 1015 honoriﬁce
1873 966 2175 1029 susceptus,

588 1072 727 1129 papa
760 1061 908 1113 153‘"
934 1055 1002 1090 ³⁷⁸
1029 1053 1338 1118 ordinatur,
1369 1054 1592 1109 nomine
1622 1057 1895 1108 Damasus
1925 1055 1999 1118 ll,
2027 1059 2079 1106 et
2110 1051 2175 1084 ³⁷⁵

589 1150 732 1206 sedit
760 1156 827 1206 30
864 1150 999 1207 dies.
1027 1148 1318 1204 Heinricus
1346 1148 1645 1218 imperator
1671 1155 1727 1202 et
1758 1145 2053 1201 Heinrieus
2080 1160 2175 1199 rex

590 1243 891 1300 Galliarum
910 1241 1290 1300 conveniente
1318 1242 1374 1295 in
1400 1240 1636 1295 Metensi
1660 1239 1963 1303 territorio,
1990 1253 2177 1310 pacem

590 1337 733 1393 inter
755 1354 813 1394 se
849 1338 1162 1409 juramento
1192 1336 1537 1391 conﬁrmant.
1567 1332 1886 1390 Gotefridus
1915 1331 2176 1387 Adalbcr-

589 1439 712 1486 tum
739 1432 935 1487 ducem
967 1430 1196 1498 occidit;
1224 1429 1380 1501 cujus
1401 1429 1661 1484 ducatum
1694 1425 1980 1483 Gerhardo
2010 1425 2177 1496 impe-

590 1533 741 1580 rator
760 1525 907 1581 dedit
918 1524 1006 1579 ²⁷⁸.

638 1614 817 1673 1049.
864 1622 1166 1689 Imperator
1220 1614 1615 1672 Chounradum
1662 1612 1863 1669 ducem
1920 1612 2180 1683 Bajoariae

591 1711 896 1779 constituit,
958 1719 1014 1766 et
1064 1708 1432 1767 Gotebaldum
1494 1709 1760 1781 Aquileia:
1806 1706 2179 1778 patriarcham

590 1814 716 1877 post
728 1804 1151 1861 Heberhardum
1164 1820 1341 1876 nuper
1358 1801 1705 1869 defunctum,
1723 1801 2015 1873 promovit.
2036 1801 2183 1855 Non—
2210 1783 2258 1844 B

591 1898 724 1954 nulli
760 1900 1032 1970 principes
1060 1907 1115 1953 et
1156 1897 1394 1970 episc0pi
1427 1895 1866 1967 Phladirtingam
1894 1895 2177 1949 intrantes.

592 1992 991 2049 Theodericum
1020 2008 1199 2063 pugna
1220 1991 1428 2046 victum
1456 1990 1731 2057 occidunt,
1757 1997 1811 2043 et
1841 1987 2182 2060 provinciam

593 2088 743 2142 illam
773 2086 1089 2157 imperatori
1121 2086 1437 2156 subjiciunt.
1470 2088 1619 2139 Brun
1654 2086 1990 2149 Leucorum,
2016 2081 2071 2137 id
2102 2089 2184 2137 est

592 2180 659 2235 de
674 2180 831 2235 Tullo
848 2178 934 2248 επ,
953 2180 1259 2249 episcOpus,
1275 2177 1344 2233 ab
1356 2178 1685 2247 imperatore
1700 2178 1922 2241 electus,
1947 2180 2182 2230 Romam

592 2273 851 2339 mittitur,
894 2280 949 2326 et
986 2286 1123 2341 papa
1172 2276 1316 2324 154‘"
1350 2268 1425 2319 ³7⁸
1463 2285 1642 2324 nonus
1679 2272 1791 2323 Leo
1837 2276 2080 2335 vocatur,
2132 2275 2186 2321 et

593 2362 735 2418 sedit
764 2364 922 2418 annis
950 2363 1208 2433 quinque.
1246 2363 1349 2430 Qui
1392 2363 1448 2416 in
1477 2362 1725 2432 proximo
1758 2362 1952 2433 pascha
1983 2358 2184 2417 Oudal-

593 2456 767 2510 ricum
805 2459 1003 2511 Romae
1050 2456 1382 2527 Augiensem
1421 2456 1759 2511 consecravit
1801 2455 2080 2522 abbatem,
2132 2462 2186 2509 et

595 2549 912 2604 monasterii
939 2548 1186 2620 ejusdem
1212 2549 1511 2620 privilegia,
1537 2565 1568 2603 a
1597 2548 1723 2604 sede
1747 2549 2045 2620 apostolica
2068 2556 2180 2603 tra-

593 2642 729 2709 dita,
786 2642 1128 2713 conﬁrmavit
1165 2650 1220 2697 et
1264 2642 1557 2697 innovavit.
1608 2642 1758 2697 Idem
1806 2658 1939 2714 papa
1985 2646 2185 2697 Romae

591 2735 884 2808 synodum,
915 2736 1156 2791 maxime
1184 2744 1370 2791 contra
1401 2736 1775 2807 symoniacam
1807 2736 2061 2803 heresim,
2094 2752 2181 2791 ce-

590 2829 839 2884 lebravit.
885 2829 991 2884 Hic
1035 2830 1113 2880 ’79
1156 2830 1213 2884 in
1250 2830 1491 2901 plenaria
1537 2832 1749 2904 synodo
1792 2831 2079 2886 constituit
2125 2838 2186 2886 ut

589 2927 978 2979 Romanorum
1024 2924 1455 2995 presbiterorum
1514 2925 1830 2981 concubium
1876 2934 2077 2979 extuuc
2132 2931 2186 2978 et

588 3016 844 3088 deinceps
865 3018 1219 3072 Lateranensi
1248 3018 1451 3089 palatio
1483 3018 1927 3089 adjudicarentur
1953 3019 2181 3075 ancillae.

589 3111 909 3181 Emptiones
938 3120 991 3165 et
1018 3110 1353 3166 venditiones
1390 3111 1641 3166 altarium
1687 3112 1788 3167 sub
1829 3112 2180 3168 anathemate

592 3204 893 3274 prohibuit.
928 3208 1108 3260 Imma
1141 3204 1213 3241 ²⁸⁰
1243 3205 1378 3260 obiit
1406 3220 1552 3260 anno
1589 3204 1880 3262 dominicae
1916 3207 2177 3261 incarna-

591 3299 757 3353 tionis
808 3302 967 3365 1049,
1018 3304 1050 3353 2
1098 3301 1286 3354 Nonas
1328 3300 1552 3370 Aprilis.
1605 3299 1770 3355 Odilo
1813 3301 2183 3355 Cloniacensis

592 3391 759 3447 abbas
789 3391 1117 3447 venerabilis
1161 3392 1413 3464 migravit
1458 3393 1527 3448 ad
1558 3394 1882 3448 Dominum.
1914 3394 2040 3449 Kal.
2090 3398 2181 3450 Ja-

588 3501 743 3541 nuar.
787 3484 857 3521 ²⁸¹
908 3485 1223 3542 Gotefridus
1278 3495 1335 3543 et
1362 3486 1714 3544 Balduwinus
1760 3488 2181 3544 reconciliantur

590 3577 915 3651 imperatori.

666 3678 823 3727 1050.
856 3676 1110 3729 Domnus
1136 3690 1272 3746 papa
1296 3675 1567 3747 synodum
1607 3678 1803 3733 Romae
1830 3684 1953 3749 post
1982 3675 2179 3747 pascha

590 3767 833 3837 collegit,
856 3769 911 3822 in
937 3769 1007 3807 ²⁸²
1036 3786 1141 3842 qua
1170 3770 1401 3826 heresim
1426 3771 1893 3844 Beringarianam,
1916 3787 2089 3842 nuper
2113 3770 2181 3826 ad

592 3860 949 3928 apostolicam
978 3862 1162 3917 sedem
1191 3862 1452 3930 delatam,
1483 3864 1781 3920 damnavit.
1822 3868 1961 3919 Item
1992 3866 2049 3919 in
2085 3881 2179 3919 au-

591 3960 783 4006 tumno
815 3951 1343 4039 sinodumyircellis
1368 3955 1445 3993 ²³³
1474 3958 1708 4027 collegit,
1737 3958 1791 4012 in
1819 3973 1923 4027 qua
1951 3956 2180 4012 eandem

592 4044 830 4103 heresim
880 4045 1357 4102 anathematizavit
1407 4048 1478 4086 ²⁸²
1523 4054 1720 4115 (1280).
1773 4050 1895 4118 Quo
1935 4058 2181 4121 tempore

593 4142 780 4210 Agnes
818 4140 1131 4210 imperatrix
1156 4140 1329 4195 ﬁlium
1360 4142 1680 4213 imperatori
1710 4144 1930 4214 peperit.

669 4238 820 4289 1051.
874 4237 1182 4304 Imperator
1222 4236 1456 4290 natalem
1493 4237 1712 4291 Domini
1764 4237 1909 4308 apud
1951 4219 2180 4293 Goslare

590 4328 723 4399 egit,
749 4335 804 4381 et
841 4327 1046 4382 multos
1087 4344 1150 4383 ex
1196 4329 1526 4400 principibus
1559 4330 1669 4386 ﬁlio
1698 4346 1800 4387 suo
1823 4331 2178 4404 jurejurando

532 4422 533 4427 ‘
590 4416 760 4471 ﬁdem
791 4417 1110 4487 promittere
1150 4418 1293 4472 fecit.
1340 4417 1644 4475 Hunfridus
1686 4423 1974 4476 Ravennas
2009 4420 2179 4476 archi-

2286 489 2413 546 ldus
2451 490 2605 544 Junii
2635 488 2953 557 defunctus,
3006 489 3187 545 multis
3215 490 3369 547 claret
3409 492 3751 568 miraculis;pro

2284 600 2392 655 quo
2417 581 2768 655 Liutpaldus.
2793 583 3127 640 Constantia
3149 584 3459 641 Theoderico
3478 588 3682 660 episcopo
3695 591 3753 645 de-

2283 677 2496 746 functo,
2542 678 2809 733 successit
2836 677 3227 734 Rumaldus.In
3264 679 3506 735 autdmno
3537 683 3755 754 imperator

2284 787 2516 843 regnum
2560 771 2819 843 Ungariae
2866 772 3177 826 devastavit.
3226 775 3339 827 Hoc
3373 781 3587 844 tempore
3617 779 3754 840 Touta,

2285 866 2486 920 nobilis
2513 873 2569 920 et
2605 864 2854 936 religiosa
2881 864 3061 933 vidua,
3094 864 3481 938 Bouchaugensi
3512 875 3555 922 et
3578 868 3757 924 Lindau-

2286 959 2440 1029 gensi
2459 958 2731 1013 coenobiis
2754 957 3023 1013 abbatissa
3043 958 3109 1013 ab
3127 959 3443 1030 imperatore
3467 961 3710 1030 praeﬁcitur.

2360 1056 2514 1108 1052.
2546 1055 2852 1122 Imperator
2891 1052 3121 1107 Goslare
3158 1052 3387 1108 natalem
3412 1054 3603 1108 Domini
3627 1070 3758 1126 agens,

2286 1145 2553 1218 quosdam
2581 1145 2655 1201 ibi
2677 1145 2943 1201 hereticos
2979 1144 3305 1214 Manicheos,
3350 1148 3655 1203 omnisesum
3680 1150 3762 1202 ani-

2286 1240 2446 1294 malis
2501 1247 2843 1306 execrantes,
2886 1254 3157 1295 consensu
3201 1240 3453 1310 omnium,
3493 1255 3552 1295 ne
3591 1236 3763 1297 heretica

2287 1333 2491 1389 scabies
2517 1341 2754 1403 serperet
2772 1333 2829 1386 in
2869 1333 3067 1403 plures,
3090 1333 3147 1387 in
3174 1333 3403 1404 patibulo
3431 1331 3647 1404 suspendi
3664 1331 3763 1387 fecit

2288 1428 2389 1482 His
2415 1426 2605 1482 diebus
2624 1425 2937 1482 Bonifacius
2958 1426 3055 1493 ’37,
3084 1427 3251 1482 ltaliaa
3270 1426 3494 1482 marchio
3519 1426 3763 1489 ditissimus,

2286 1520 2548 1576 Beatricis
2585 1519 2939 1576 nobilissimae
2983 1520 3277 1576 comitissa:
3304 1520 3527 1587 maritus,
3559 1535 3585 1574 a
3615 1518 3765 1574 duobus

2288 1616 2552 1671 militibus
2596 1615 2809 1687 sagittis
2854 1616 3105 1671 toxicatis
3149 1615 3471 1683 vulneratus,
3509 1613 3711 1677 moritur,
3732 1622 3767 1667 et

2294 1710 2533 1764 Mantuae
2556 1709 2859 1764 honoriﬁce
2889 1708 3433 1780 sepelitur.’_Reliquias
3461 1706 3577 1761 beati
3600 1706 3766 1761 Zenonis

2293 1800 2636 1871 confessoris,
2668 1818 2696 1856 a
2735 1803 3001 1858 Waltario
3042 1805 3352 1858 Veronense
3370 1802 3588 1872 episeopo
3613 1799 3654 1853 in
3676 1798 3761 1853 Ale-

2294 1897 2570 1951 manniam
2592 1896 2661 1951 ad
2679 1896 2862 1952 villam
2885 1896 3111 1953 Ulmam
3132 1897 3328 1963 allatae,
3351 1893 3574 1967 plurimis
3596 1893 3764 1948 claruerc

2291 1990 2561 2045 miraculis
2579 1989 2671 2044 ³⁸⁸.

2364 2088 2523 2139 1053.
2561 2082 2864 2155 l'mperator
2891 2099 3021 2140 cum
3057 2083 3262 2140 domno
3302 2097 3432 2154 papa
3465 2080 3664 2137 natalem
3694 2081 3769 2133 Do-

2291 2178 2425 2233 mini
2459 2177 2780 2235 Wormatiae
2835 2178 2959 2250 egit.
2996 2177 3104 2235 Ubi
3145 2193 3274 2235 cum
3310 2192 3435 2249 papa
3472 2176 3592 2231 sicut
3622 2170 3764 2228 dudum

2291 2281 2509 2342 ceperat
2546 2272 2868 2328 Fuldensem
2904 2272 3185 2328 abbatiam
3227 2272 3421 2341 aliaque
3448 2267 3659 2324 nonnulla
3692 2267 3768 2320 loca

2291 2373 2344 2420 et
2379 2367 2624 2433 cenobia,
2667 2382 2791 2438 quae
2816 2374 3002 2422 sancto
3041 2368 3209 2422 Petro
3246 2363 3526 2437 antiquitus
3556 2355 3769 2417 (1011111110⁴

2292 2469 2506 2528 runtur,
2539 2462 2606 2515 ab
2633 2461 2965 2531 imperatore
2991 2476 3291 2533 reposcens
3326 2458 3582 2531 exegisset,
3613 2454 3770 2510 demum

2293 2553 2587 2624 imperator
2635 2556 2894 2626 pleraque
2937 2554 2991 2609 in
3032 2552 3433 2610 Ultraromanis
3488 2547 3684 2621 partibus
3728 2540 3771 2597 ad

2293 2663 2454 2702 suum
2478 2649 2569 2720 jus
2598 2650 2938 2720 pertinentia,
2993 2663 3091 2719 pro
3151 2646 3434 2718 Cisalpinis
3466 2644 3529 2698 illi
3566 2639 3686 2713 quasi
3713 2652 3774 2706 per

2295 2742 2680 2797 concambium
2710 2742 2945 2797 tradidit.
2986 2742 3163 2813 Eique
3202 2749 3383 2796 contra
3421 2739 3774 2793 Normannorum

2291 2835 2603 2890 violentiam
2644 2834 3069 2907 propulsandam
3107 2835 3316 2890 auxilia
3351 2829 3599 2903 delegavit.
3633 2828 3693 2880 Ea
3731 2821 3777 2875 si-

2292 2929 2514 2999 quidem
2554 2945 2681 3000 gens
2719 2946 2747 2983 a
2769 2929 3116 3000 temporibus
3145 2927 3346 3001 prioris
3366 2922 3575 2981 Heinrici
3607 2920 3777 2988 impera-

2292 3022 2426 3076 toris
2472 3022 2529 3076 in
2586 3031 2766 3093 partes
2805 3023 3087 3087 Calabria,
3150 3020 3407 3083 Samnite,
3453 3012 3781 3085 Campaniaeque

2290 3116 2570 3170 conﬂuxit.
2622 3119 2693 3172 Et
2751 3116 2877 3187 quia
2924 3116 3206 3186 indigenis
3260 3122 3437 3170 contra
3480 3111 3720 3166 Grecorum
3746 3107 3785 3155 et

2289 3211 2714 3265 Sarracenorum
2756 3209 3093 3264 incursiones
3108 3208 3375 3266 audacter
3396 3201 3645 3278 praeliando
3673 3194 3785 3250 auxi~

2288 3301 2539 3370 liabatur,
2582 3303 2758 3372 primo
2834 3310 3116 3373 gratanter
3191 3301 3462 3373 accipitur.
3501 3299 3649 3352 Postea
3689 3301 3786 3341 vero

2288 3394 2533 3467 pluribus
2564 3412 2759 3451 eorum
2788 3395 2860 3451 ad
2907 3396 3133 3451 uberem
3176 3406 3375 3452 terram
3413 3382 3783 3448 concurrentibus.

2287 3489 2493 3545 viribus
2530 3487 2770 3556 adaucti,
2812 3490 2962 3560 ipsos
3005 3489 3291 3561 indigetes
3333 3497 3384 3545 et
3416 3502 3495 3542 res
3526 3492 3680 3538 eorum
3709 3474 3786 3527 vio-

2287 3583 2465 3639 lenter
2491 3583 2796 3654 possedere.
2827 3582 2988 3639 Unde
3027 3582 3273 3639 domnus
3302 3598 3431 3654 papa
3464 3592 3572 3634 cum
3604 3567 3787 3644 plurimis

2286 3678 2712 3732 Teutonicorum
2750 3678 2989 3732 Romam
3028 3674 3273 3743 rediens,
3310 3683 3427 3747 post
3464 3668 3627 3744 pascha
3650 3667 3782 3718 contra

2287 3770 2672 3825 Nordmannos
2731 3769 3030 3825 exercitum
3076 3770 3272 3825 movit.
3326 3771 3416 3825 Set
3459 3762 3660 3821 exercitu
3703 3753 3785 3824 ejus

2289 3865 2491 3935 partim
2534 3863 2745 3935 fugato,
2782 3863 2986 3934 partim
3028 3864 3216 3919 occiso
3254 3880 3285 3918 a
3328 3853 3673 3919 Nordmannis,
3705 3848 3784 3917 ipse

2287 3973 2423 4028 papa
2473 3957 2533 4011 in
2575 3955 2817 4028 quodam
2870 3956 3091 4011 castello
3137 3957 3208 4013 ab
3255 3957 3332 4012 eis
3386 3955 3630 4014 obsessus,
3667 3953 3784 4010 ειΡυ·

2287 4059 2451 4122 gnata
2473 4051 2588 4123 jam
2640 4050 2861 4122 jamque
2901 4048 3235 4118 munitione,
3275 4047 3575 4105 necessitate
3607 4043 3782 4095 coactus.

2288 4146 2733 4202 communionem
2778 4145 2858 4201 eis
2909 4145 3062 4217 prius
3117 4145 3465 4201 interdictam
3516 4131 3779 4195 reddidisset;

2288 4250 2541 4312 acceptus
2577 4241 2645 4295 ab
2664 4240 2765 4304 eis,
2800 4242 3177 4295 Beneventum
3199 4254 3329 4295 cum
3359 4238 3556 4291 honore
3576 4237 3713 4283 tamen
3724 4231 3783 4271 re-

2287 4333 2517 4390 ducitur.
2573 4335 2786 4406 Ibique,
2824 4349 2894 4389 ne
2933 4332 3163 4401 rediret,
3213 4327 3538 4402 aliquamdiu
3570 4320 3785 4406 detinetur.

2284 4424 2592 4493 Imperator
2632 4402 2923 4479 Heinricus
2955 4420 3142 4477 habito
3180 4428 3455 4477 conventu
3488 4410 3614 4485 apud
3645 4402 3789 4462 Tribu-

589 4508 896 4578 episcopus,
926 4508 1129 4564 domno
1154 4509 1306 4547 ἐδ-’⁸⁵
1326 4526 1477 4582 papae
1496 4510 1640 4582 apud
1666 4518 1963 4583 Augustam
1992 4529 2182 4570 recon-
2215 4532 2264 4593 ι)
2291 4514 2453 4579 riam,
2474 4512 2648 4567 ﬁlium
2673 4515 2998 4584 equivocum
3022 4528 3213 4584 regem
3250 4528 3280 4567 a
3307 4508 3508 4567 cunctis
3539 4501 3666 4572 eligi,
3685 4495 3796 4593 eique

592 4594 825 4649 ciliatur.
856 4598 985 4651 Post
1027 4597 1225 4667 pascha
1276 4600 1544 4669 synodum
1586 4602 1781 4654 Romae
1814 4600 2031 4673 collegit
2067 4604 2180 4658 Leo

588 4697 750 4751 papa,
775 4681 867 4737 ubi
897 4683 1224 4755 Gregorium
1262 4687 1664 4744 Vercellensem
1695 4689 2030 4761 episcopum,
2059 4708 2181 4762 pro-

592 4777 714 4840 pter
752 4770 1029 4839 quoddam
1081 4772 1411 4830 adulterium
1460 4784 1516 4832 et
1558 4777 1794 4849 perjuria
1848 4788 2177 4851 perpetrata,

590 4858 876 4915 absentem
934 4869 988 4915 et
1048 4863 1381 4919 nescientem
1432 4868 1933 4923 excommunicavit.
2000 4871 2178 4939 Quem

591 4959 775 5006 tamen
815 4958 937 5021 post
967 4953 1211 5009 Romam
1241 4955 1546 5012 venientem
1569 4967 1623 5013 et
1651 4957 2087 5015 satisfactionem
2107 4959 2179 4996 ³⁸⁸

592 5039 1036 5110 promittentem,
1063 5042 1229 5112 priori
1260 5043 1441 5099 ofﬁcio
1476 5046 1722 5102 restituit.
1756 5048 1956 5104 Eadem
1991 5057 2180 5105 aestate

2292 4609 2417 4673 post
2453 4600 2669 4656 obitum
2715 4618 2901 4669 suum,
2959 4601 3004 4656 si
3044 4609 3226 4657 rector
3253 4601 3434 4674 justus
3461 4596 3648 4653 futurus
3676 4586 3795 4641 esset.

2286 4691 2686 4763 subjectionem
2725 4691 2969 4761 promitti
3015 4690 3158 4746 fecit.
3227 4721 3295 4731 —
3350 4686 3611 4744 Hazilinus
3656 4675 3799 4732 etiam»

2287 4780 2752 4854 Babenbergensis
2795 4782 3105 4853 episcopus,
3142 4779 3371 4835 infamis
3412 4776 3639 4834 moritur.

2363 4876 2519 4926 1054.
2543 4874 2848 4941 Imperator
2858 4868 3267 4925 Adalberonem
3284 4865 3650 4925 consobrinum
3669 4862 3803 4941 θυμω*

2288 4960 2344 5015 111
2368 4960 2486 5015 villa
2518 4939 2737 5031 Otinga,
2759 4960 2851 5014 ubi
2886 4958 3125 5014 natalem
3156 4958 3387 5013 Domini
3411 4955 3532 5026 egit,
3558 4939 3802 5033 Babenber-

2289 5049 2442 5121 gensi
2483 5048 2712 5104 ecclesiae
2747 5045 3003 5119 praafecit.
3051 5050 3311 5103 Domnus
3339 5058 3473 5118 papa
3508 5036 3716 5098 tandem,
3751 5038 3805 5079 ω·

1887 5139 2130 5193 νΑΒΙᾸΞ
2168 5140 2477 5197 LECTION
2490 5139 2585 5192 ES.

659 5219 735 5269 ’74
767 5219 931 5273 CLII.
969 5220 1154 5274 addito
1177 5223 1220 5275 1.
1269 5230 1317 5277 1.
1394 5223 1466 5273 ’7‘
1486 5231 1540 5278 et
1562 5239 1603 5279 ε.
1634 5228 1808 5281 ΧΧΧ
1840 5226 1895 5281 d.
1934 5229 2127 5282 addita
2156 5236 2200 5284 1.

590 5293 781 5345 desunt
812 5295 862 5344 3.
893 5290 969 5340 ’73
1002 5292 1185 5346 CLIII.
1216 5294 1346 5347 add.
1389 5296 1430 5348 I.
1476 5301 1520 5348 1.

588 5449 643 5485 so
691 5440 735 5486 l.
810 5430 885 5467 ³⁸³
926 5435 1005 5485 ita
1036 5434 1117 5487 hic
1151 5440 1197 5488 ι.
1238 5440 1289 5488 2.
1324 5442 1374 5489 3.

1456 5438 1585 5477 ³⁸⁵-5
1612 5440 1829 5495 domum
1862 5448 1911 5495 1.
1953 5449 2002 5495 2.
2083 5443 2151 5479 ἐδ

1600 5308 1675 5345 279
1705 5298 1809 5352 Hic
1834 5328 1903 5337 —
1942 5300 2222 5370 prohibuit
2254 5303 2310 5355 in
2348 5301 2591 5368 margine
2640 5296 2832 5370 addita
2876 5302 2921 5370 _1.

584 5367 776 5430 postea
810 5361 1007 5439 addita
1039 5371 1094 5439 1.
1164 5362 1388 5417 ³8ι1111.
1420 5366 1575 5439 Non.
1600 5384 1733 5423 corr.
1768 5361 1960 5439 postea
1986 5372 2102 5425 Kal.
2142 5378 2163 5426 1
2208 5374 2331 5426 Illl.
2359 5361 2488 5424 Kal:
2511 5376 2563 5424 2.
2596 5373 2647 5423 3.

2210 5448 2267 5496 in
2306 5444 2411 5496 loco
2457 5457 2577 5495 raso
2630 5446 2674 5494 1.

2285 5228 2353 5265 ³⁸⁷⁸
2394 5230 2475 5283 hic
2511 5223 2771 5281 nonnulla
2796 5241 2954 5279 erasa
2982 5231 3107 5280 sunt
3136 5230 3189 5279 1.
3273 5222 3341 5259 ³⁷⁷
3372 5235 3532 5292 supra
3571 5217 3733 5296 luteum
3772 5207 3803 5255 ι·

2285 5318 2310 5350 u
2348 5301 2591 5350 maraine
2640 5296 2832 5350 addita.
2876 5302 2921 5350 1.
2997 5296 3067 5332 ²⁸⁰
3109 5299 3289 5350 Imma
3318 5325 3379 5334 —
3408 5290 3563 5350 April.
3596 5302 3645 5338 ut
3676 5289 3803 5339 πιᾶναι

3136 5310 3289 5350 mma
3318 5325 3379 5334 -·
3408 5306 3563 5362 April.
3596 5306 3646 5362 111
3676 5306 3805 5362 "tmp-

2757 5438 2830 5488 =37
2874 5420 3193 5493 benefacius
3222 5420 3277 5492 2.
3362 5436 3435 5473 ³⁸⁸
3457 5436 3568 5503 post
3594 5429 3686 5503 hac

590 5503 821 5556 adrasus
855 5511 902 5557 1.
936 5506 1025 5556 cui
1073 5506 1198 5558 olim
1246 5509 1487 5573 fortasse
1533 5492 1881 5565 Constantia:—
1900 5492 2128 5567 basilica
2630 5492 2850 5564 icorruit
2872 5492 2938 5565 ear
2977 5492 3308 5566 Hers'manni
3347 5492 3577 5563 chronica
3608 5492 3806 5557 ὑιδιτίρω

589 5578 768 5637 erant;
800 5573 971 5639 hodie,
1002 5590 1121 5643 qua:
1158 5592 1329 5647 supra
1351 5579 1454 5634 col.
1488 5584 1643 5648 1280,
1674 5582 1771 5635 lin.
1802 5588 2032 5639 84—40.
2060 5586 2403 5653 transcripsi,
2432 5585 2514 5637 ibi
2541 5588 2590 5636 et
2620 5584 2677 5635 in
2702 5583 2948 5650 margine
2972 5583 3242 5651 leguntur.

658 5746 1076 5831 (1?80.)_Engm
1115 5749 1228 5806 fere
1255 5753 1448 5810 iisdem
1472 5754 1648 5810 verbis
1677 5755 1735 5810 in
1762 5757 2023 5814 Bernoldi
2061 5675 2328 5829 011ἒὲΤέ
2335 5714 2667 5831 ’Βθτθῐιεεπὶί
2699 5758 3050 5816 damnatione
3092 5757 3396 5829 multiplici
3441 5753 3686 5824 leguntur.
3718 5737 3809 5794 US$-

587 5818 782 5873 Prodr.
814 5818 886 5881 ll,
912 5821 1038 5873 432.

2763 5366 2835 5403 ³⁸³
2873 5368 2929 5421 111
2956 5396 3028 5409 -
3052 5356 3525 5422 anathematizavit
3552 5363 3604 5412 in
3630 5356 3805 5423 locord-
3888 5416 3891 5423 _
