4052 6196
307 275 436 326 1365

1202 275 1487 333 APPEND.
1528 280 1614 336 ΙΙΙ.
1654 307 1724 322 -
1761 282 2174 339 MONUMENTA
2199 272 2676 343 GREGORIANA.
2767 285 2770 287 ’

3453 296 3588 349 1366

295 405 478 455 stante
509 399 715 471 pascali
743 407 1010 473 tempore,
1041 404 1283 458 Romam
1313 417 1585 473 reversus,
1607 415 1888 479 egrotans,
1920 413 1971 475 Α
1999 423 2117 464 sam
2164 408 2293 464 facti
2325 409 2708 482 iuquisiturus,
2739 428 2869 469 cum
2916 375 3118 484 populo
3163 415 3230 471 ad
3273 416 3582 476 orationem

293 492 535 562 glorioso
563 493 735 560 exitu,
765 494 980 549 cunctis
1011 496 1161 565 prius
1191 496 1522 554 benedicens
1549 506 1604 555 et
1632 501 1882 556 admoni-

290 584 360 640 tis
383 584 689 640 valedicens
717 594 1020 659 sanctoque
1043 591 1207 645 Petro
1227 600 1441 662 peccata
1472 609 1569 648 sua
1596 593 1880 651 confessus

295 685 351 732 et
378 677 574 733 devote
593 694 651 733 se
677 678 759 734 illi
788 681 1204 752 commendans,
1238 689 1302 740 16
1326 685 1452 740 Kal.
1481 687 1612 743 Maii
1645 687 1802 754 obiit,
1827 696 1883 744 et

293 771 346 826 in
373 768 591 826 basilica
621 773 798 828 sancti
831 775 976 830 Petri
1001 775 1155 846 juxta
1184 779 1500 848 sepulcrum
1540 781 1711 836 sancti
1752 782 1887 837 Gre-

293 865 426 937 gorii
458 866 724 936 sepultus,
758 867 1038 924 miraculis
1079 869 1340 926 claruisse
1383 878 1882 930 memoratur.'Pro

292 974 403 1029 quo
433 959 816 1025 Gebehardus,
867 962 1056 1017 Victor
1085 965 1135 1018 ΙΙ
1165 966 1496 1033 nominatus,
1540 983 1676 1038 papa
1732 974 1882 1024 155‘"

291 1051 392 1117 ³⁸9,
428 1052 566 1107 sedit
593 1051 664 1086 ²⁹⁰
691 1054 865 1110 tribus
906 1056 1080 1111 annis.
1114 1058 1260 1112 Huic
1289 1063 1468 1126 (1281)
1517 1060 1880 1116 subdiaconus

290 1146 535 1201 toxicum
555 1146 612 1201 in
639 1148 864 1205 calicem
893 1149 1070 1216 misit;
1109 1166 1277 1222 quem
1299 1167 1424 1208 cum
1455 1153 1574 1224 ipse
1606 1163 1730 1224 post
1753 1169 1882 1209 con-

290 1241 660 1297 secrationem
685 1241 861 1298 levare
884 1243 1065 1313 vellet,
1091 1260 1194 1300 nec
1219 1255 1424 1316 posset,
1445 1263 1477 1302 a
1499 1249 1739 1303 Domino
1755 1263 1881 1304 cau-

1989 504 2389 573 prosternitur;
2435 505 2730 578 statimque
2758 506 3031 563 toxicator
3077 507 3195 579 ejus
3239 524 3269 562 a
3320 509 3583 567 demonio

1988 596 2261 666 arripitur.
2293 599 2373 652 Ita
2393 598 2557 670 igitur
2595 615 2757 656 causa
2788 599 3156 667 manifestata,
3181 601 3418 658 domnus
3442 619 3582 675 papa

1987 689 2211 744 calicem
2231 706 2360 745 cum
2391 693 2657 763 sanguine
2681 693 2957 749 dominico
2987 693 3203 749 cuidam
3235 695 3392 750 altari
3414 697 3585 767 jussit

1992 781 2213 849 includi,
2258 792 2314 838 et
2345 800 2444 855 pro
2493 786 2736 858 reliquiis
2787 786 2840 842 in
2887 797 3216 860 perpetuum
3248 791 3580 845 conservari.

1992 873 2202 930 Deinde
2226 877 2426 932 iterum
2445 894 2573 934 cum
2597 880 2794 950 populo
2819 881 3008 937 tandiu
3037 881 3104 936 ad
3121 882 3429 938 orationem
3447 899 3580 954 pro-

1989 968 2250 1024 sternitur
2282 985 2570 1041 quousque
2613 973 2982 1029 subdiaconus
3025 990 3057 1030 a
3087 974 3347 1031 demonio
3392 976 3585 1032 libera-

1988 1069 2157 1116 retur.
2184 1062 2487 1118 Balduinus
2506 1063 2821 1134 imperatori
2839 1067 3080 1122 rebellat.
3109 1067 3448 1136 Gotefridus,
3474 1069 3583 1125 dux

1988 1154 2126 1209 clam
2153 1155 2428 1226 ingressus
2450 1157 2682 1225 Italiam,
2708 1160 2970 1216 domnam
2995 1162 3324 1229 Beatricem,
3351 1163 3581 1218 viduam
3643 1155 3650 1162 I

1988 1248 2257 1304 Bonifacii
2286 1250 2648 1320 marchionis,
2681 1251 2782 1308 sibi
2821 1252 2880 1308 in
2917 1253 3236 1325 conjugium
3282 1255 3577 1327 copulavit.

1558 1407 2304 1444 ψ

1097 1578 1445 1694 PARS
1526 1580 2070 1725 ALTERA
2119 1586 2771 1742 'GENUINA

1625 1780 1784 1856 (AN.
1835 1783 2243 1862 4055-1100.)

995 2069 1172 2124 MLV.

354 2159 662 2227 Imperator
689 2159 899 2214 Italiam
927 2161 1124 2229 visitat,
1149 2170 1206 2218 et
1226 2161 1545 2234 praedictam
1569 2167 1872 2223 Beatricem

280 2247 411 2304 inde
460 2249 687 2306 abduxit
735 2253 1046 2324 captivam,
1099 2257 1299 2328 quippe
1357 2258 1592 2314 multum
1642 2261 1874 2316 moleste

280 2341 496 2410 ferens,
542 2341 672 2398 duci
714 2345 1018 2402 Gotefredo
1060 2363 1178 2404 esse
1220 2351 1550 2421 cepulatam.
1595 2351 1725 2410 Velf
1765 2354 1872 2410 dux

278 2434 691 2491 Carinthiorum
716 2437 870 2493 obiit.

933 2533 1119 2588 MLVI
1146 2533 1235 2591 9".

349 2620 539 2676 Victor
557 2637 695 2694 papa
715 2625 885 2680 misso
906 2626 1280 2682 Hildebrando
1302 2635 1438 2684 tunc
1460 2629 1868 2697 archidiacono,

274 2722 358 2770 set
409 2722 598 2785 postea
647 2718 968 2787 apostolico,
1015 2720 1270 2776 sinodum
1300 2723 1538 2778 Turonis
1565 2725 1870 2795 generalem

276 2807 522 2880 collegit,
567 2808 621 2863 in
672 2825 780 2881 qua
811 2812 1160 2884 Beriugarius
1210 2815 1612 2887 Audegavensis
1644 2817 1871 2874 azclesiae

277 2900 592 2968 canonieus,
621 2918 652 2957 a
676 2919 784 2974 quo
814 2905 1204 2976 Beringariaua
1237 2907 1441 2964 heresis
1466 2909 1868 2979 denominatur,

275 2994 594 3051 sinodaliter
627 3005 679 3050 et
719 2999 1135 3068 praesentialiter
1177 3017 1274 3070 pro
1299 3001 1490 3058 eadem
1533 3003 1704 3059 heresi
1737 3021 1867 3060 exa-

275 3088 536 3144 minatur.
568 3090 675 3159 Qui
705 3106 830 3145 cum
859 3107 918 3147 se
946 3091 1241 3149 defendere
1269 3111 1382 3150 non
1401 3105 1603 3167 posset,
1635 3097 1867 3153 heresim

270 3198 430 3238 suam
459 3198 642 3238 coram
682 3184 946 3241 omnibus
973 3186 1453 3243 anathematizavit
1489 3199 1543 3245 et
1578 3190 1865 3262 abjuravit,

272 3276 580 3334 secundum
603 3279 840 3334 formam
862 3296 1028 3352 quam
1057 3291 1240 3338 sancta
1277 3293 1333 3338 et
1360 3285 1686 3341 universalis
1715 3287 1865 3343 sino-

273 3373 378 3429 dus
407 3372 674 3445 Ephesina
702 3378 1016 3448 prescripsit
1049 3381 1343 3447 (1282-83).

911 3473 1117 3527 MLVII
1159 3471 1242 3528 θ’.

341 3563 640 3620 Heiuricus
671 3565 970 3635 imperator
992 3565 1169 3622 ﬁlium
1198 3583 1380 3635 suum,
1406 3567 1522 3640 jam
1551 3584 1741 3641 regem
1779 3568 1866 3624 fa-

272 3663 448 3724 ctum,
495 3657 823 3729 principibus
870 3660 1017 3731 regni
1048 3661 1464 3730 commendans,
1506 3663 1621 3718 obit
1652 3668 1682 3716 3
1716 3664 1860 3718 Non.

275 3750 554 3807 Octobris.
598 3753 704 3806 Pro
745 3767 852 3823 quo
895 3754 1183 3810 Heinricus
1211 3754 1358 3811 ﬁlius
1386 3756 1528 3828 ejus,
1559 3755 1862 3812 admodum

270 3860 428 3915 puer,
463 3860 588 3898 cum
619 3853 796 3901 matre
823 3862 922 3901 sua
950 3850 1160 3917 Agnete
1196 3849 1336 3920 cepit
1367 3865 1617 3921 regnare.
1668 3853 1864 3906 Romae

271 3946 397 4009 post
434 3939 713 3995 Victorem
761 3940 1102 4008 Fridericus,
1148 3939 1320 3996 frater
1368 3941 1640 3998 Gotefridi
1680 3943 1860 4011 ducis,

269 4030 489 4086 dudum
523 4033 695 4089 beatae
724 4034 1010 4089 memoriae
1038 4035 1244 4089 Leonis
1283 4050 1436 4105 papae
1475 4035 1860 4106 archicapella-

266 4139 392 4192 nus,
425 4140 490 4180 ex
538 4125 733 4182 clerico
782 4126 1082 4182 monachus
1122 4126 1322 4197 factus,
1377 4138 1563 4199 postea
1613 4129 1778 4183 abbas
1806 4130 1862 4184 in

268 4225 461 4274 monte
505 4219 731 4276 Cassino
769 4229 1076 4292 promotus,
1105 4219 1414 4292 Stephanus
1452 4236 1635 4277 nonus
1660 4237 1864 4276 nomen

1906 2078 1954 2139 Β
1983 2074 2235 2146 adeptus,
2267 2092 2406 2148 papa
2441 2082 2589 2133 I56us
2611 2077 2689 2128 ³9³
2723 2077 2939 2150 ριέῖιιίι
2962 2095 3157 2135 novem
3179 2079 3458 2136 mensibus
3486 2080 3577 2135 3“.

1987 2168 2093 2224 Hic
2126 2173 2310 2237 (1284)
2332 2185 2526 2226 omnes
2553 2173 2844 2229 Romanos
2867 2173 3095 2229 clericos
3121 2173 3189 2228 ab
3220 2174 3576 2230 aaclesiastico

1985 2272 2258 2318 conventu
2311 2265 2610 2334 separavit,
2670 2265 2762 2337 qui
2829 2275 2952 2336 post
2983 2315 2988 2322 .
3019 2266 3372 2323 interdictum
3434 2267 3578 2323 beati

1983 2355 2185 2411 Leonis
2214 2372 2365 2428 papae
2413 2357 2812 2414 incontinentes
2835 2358 3142 2414 extiterant.
3171 2361 3256 2415 Sic
3297 2361 3443 2415 enim
3472 2362 3578 2431 piae

1983 2450 2270 2504 memoria:
2302 2455 2482 2516 (128.5)
2512 2453 2708 2507 Petrus
2747 2451 3023 2522 Damiani,
3049 2452 3342 2509 cardinalis
3369 2454 3577 2524 episco-

1982 2556 2103 2610 pus,
2135 2543 2192 2596 in
2224 2543 2394 2598 literis
2417 2544 2490 2592 ³9⁵
2531 2545 2643 2600 suis
2665 2553 2917 2600 testatur.

2655 2664 2806 2718 MLV
2817 2665 2912 2720 III.

2052 2779 2251 2832 Romae
2280 2784 2404 2848 post
2432 2775 2812 2848 Sthephanum
2837 2779 3064 2850 quidam
3090 2779 3420 2836 Benedictus
3446 2797 3576 2836 con-

1979 2879 2065 2925 tra
2111 2886 2352 2928 canones
2389 2871 2600 2942 privata
2644 2871 3011 2942 quorumdam
3061 2872 3234 2944 gratia
3264 2872 3572 2940 ordinatus,

1979 2965 2099 3020 sine
2126 2965 2544 3020 consecratione
2560 2963 2845 3019 mensibus
2865 2973 3076 3036 septem
3101 2965 3175 3015 ³96
3194 2965 3411 3036 praefuit
3428 2966 3575 3022 aeole-

1978 3057 2096 3113 siae.
2139 3058 2298 3130 Quia
2329 3057 2616 3114 Gotefrido
2645 3057 2783 3113 duce
2819 3057 3128 3128 expellitur,
3164 3067 3218 3113 et
3247 3059 3572 3115 Gerhardus

1977 3153 2272 3207 Florentiae
2317 3152 2636 3222 episcopus,
2687 3151 2961 3208 secundus
3008 3151 3263 3208 Nicolaus
3307 3161 3572 3220 vocatus,

1979 3260 2114 3316 papa
2152 3250 2302 3300 157us
2329 3243 2416 3312 "7,
2455 3243 2674 3316 praefuit
2714 3245 2868 3300 annis
2904 3243 3018 3300 fere
3059 3246 3254 3301 tribus.
3292 3247 3398 3314 Qui
3436 3261 3573 3300 con-

1974 3338 2177 3404 stituit,
2225 3346 2286 3393 ut
2326 3338 2417 3409 qui
2455 3345 2590 3393 tunc
2627 3354 2657 3394 a
2696 3339 3030 3410 symoniacis
3069 3347 3252 3395 essent
3299 3340 3472 3411 gratis
3498 3338 3568 3375 “3

1901 3461 1947 3524 ρ
1977 3431 2241 3502 promoti,
2257 3431 2560 3486 ministerio
2577 3447 2678 3486 suo
2698 3433 3154 3502 permitterentur
3177 3433 3275 3488 uti.
3311 3432 3570 3503 Deinceps

1977 3532 2164 3579 autem
2196 3523 2507 3595 quicunque
2539 3541 2570 3580 a
2601 3525 2932 3596 symoniacis
2960 3525 3363 3592 ordinarentur,
3397 3525 3566 3580 nichil

1974 3619 2067 3674 tali
2111 3619 2458 3690 promotione
2515 3619 2876 3674 lucrarentur.
2932 3622 3096 3675 Hunc
3145 3619 3312 3675 etiam
3369 3635 3565 3691 papam

1976 3715 2166 3768 Petrus
2209 3712 2486 3777 Damiani,
2515 3713 2620 3784 piae
2647 3712 2927 3768 memoriae
2965 3713 3271 3784 episcOpus,
3303 3713 3371 3768 ad
3401 3714 3569 3768 corri-

1973 3806 2212 3879 gendam
2257 3807 2413 3878 juxta
2445 3822 2680 3862 canones
2718 3807 3046 3862 clericorum
3091 3806 3560 3873 incontinentiam,

1974 3916 2072 3971 pro
2082 3901 2297 3956 vocavit
2324 3905 2530 3967 (1286).

2670 4015 2868 4070 MLIX.

2044 4130 2350 4186 Fridericus
2386 4137 2440 4184 et
2481 4129 2679 4186 fratres
2731 4141 2807 4179 =99
2857 4130 2974 4200 ejus
3015 4130 3083 4186 de
3121 4127 3448 4200 Glichberga
3495 4128 3564 4162 ³⁰ο

1973 4225 2152 4290 (1287)
2183 4222 2442 4277 Heinrico
2478 4222 2593 4293 regi
2622 4222 2913 4278 rebellant.

1564 4347 1808 4401 VARI/ﬁ
1844 4347 2153 4402 LECTION
2164 4346 2265 4401 ES.

342 4469 418 4516 "9
457 4469 678 4524 CLIIII.
717 4485 850 4524 corr.
889 4472 997 4524 alio
1023 4475 1327 4526 atramento
1356 4471 1516 4526 CLV.
1545 4469 1632 4526 ²⁹⁰.
1679 4471 1815 4526 sedit
1847 4473 1923 4526 Ill
1954 4487 2044 4525 an.
2092 4473 2150 4524 in
2181 4473 2290 4524 Ioco
2324 4485 2465 4524 raso.
2495 4472 2634 4524 Hinc
2661 4484 2830 4540 usque
2877 4471 2950 4523 ad
2975 4472 3194 4524 initium
3222 4473 3358 4525 anni
3401 4475 3557 4528 1057.

268 4543 468 4608 scripta
494 4543 553 4594 in
583 4543 689 4595 loco
709 4557 830 4595 raso
861 4543 1042 4596 littera
1067 4545 1296 4609 minuta,
1328 4543 1515 4598 eadem
1542 4549 1719 4597 tamen
1758 4559 1942 4596 manu.
1973 4559 2111 4596 anno
2149 4544 2358 4596 circiter
2397 4544 2554 4595 1092.
2595 4544 2802 4596 inserta
2827 4547 2970 4594 sunt.
3005 4542 3147 4606 Quid
3189 4541 3420 4597 deletum
3459 4547 3551 4612 sit,

271 4612 584 4690 dubitatur.
617 4616 858 4690 Fortasse
878 4615 1129 4690 quaedam
1161 4615 1483 4690 adAlaudem
1516 4617 1842 4690 Herimquni
1869 4616 2169 4690 Augiensis_
2183 4616 2384 4682 scripta
2403 4618 2590 4690 erant;
2616 4615 2678 4690 in_
2704 4615 3009 4690 uec-relegit;
3022 4615 3410 4690 saltimeodem
3438 4617 3558 4682 fere

268 4689 596 4748 atramento,
628 4686 736 4738 haec
773 4684 854 4737 ad
877 4685 935 4738 d.
969 4689 1022 4740 8.
1067 4686 1186 4739 Kal.
1231 4685 1342 4739 Oct.
1385 4687 1636 4754 leguntur
1669 4703 1681 4740 :
1719 4688 2102 4740 Heremaunus
2138 4685 2332 4740 doctor
2352 4685 2598 4755 egregius
2627 4683 2786 4747 obiit,
2813 4690 2864 4738 et
2904 4688 2962 4737 in
2991 4685 3165 4738 libello
3199 4685 3264 4739 de
3302 4702 3557 4741 cano-num

271 4758 597 4808 auctoritate
627 4757 736 4809 ἡ(εο
776 4757 960 4809 scribit
1010 4772 1028 4808 .’
1065 4755 1332 4810 Chronica
1363 4772 1524 4825 quam
1562 4757 1800 4811 domnus
1831 4760 2205 4811 Heremannus
2242 4754 2499 4826 egregius
2514 4754 2810 4809 calculator
2844 4761 2898 4809 et
2917 4762 3249 4826 _temporum
3269 4757 3558 4813 solertissi—

274 4841 399 4879 mus
420 4826 701 4897 indagator
725 4841 787 4879 ex
819 4826 1357 4897 diversisrchronicis
1381 4824 1437 4880 et
1458 4826 1704 4881 historiis
1730 4828 2141 4893 diligentissime
2166 4824 2500 4895 composuit.
2529 4840 2652 4896 quae
2676 4841 2842 4895 usque
2866 4824 2937 4880 ad
2975 4828 3226 4880 MLIVU'“
3269 4827 3556 4885 dominica
3658 4880 3670 4897 ,

272 4896 661 4970 incarnationis
696 4913 899 4951 annum
930 4896 1158 4970 fideliter
1199 4897 1468 4970 perduxit.
1495 4899 1970 4970 (Usserm._Prod-r.
1998 4901 2070 4952 ΙΙ.
2099 4914 2156 4970 p.
2189 4899 2334 4970 340.)
2359 4898 2639 4952 Sententia
2677 4913 2839 4965 quam
2865 4899 3122 4952 Urstisius
3161 4899 3252 4952 hoc
3271 4916 3410 4954 anno
3438 4906 3556 4970 post
3602 4956 3606 4960 ,

271 4968 532 5022 demonio
559 4969 882 5023 liberaretur
909 4968 1124 5023 exhibet
1149 4987 1164 5022 :
1213 4969 1584 5023 Herimannus
1622 4968 1924 5024 Wolferadi
1953 4969 2172 5023 comitis
2203 4969 2364 5034 Iilius,
2395 4976 2496 5022 etc.
2540 4983 2710 5037 usque
2738 4971 2982 5038 sepultus
3011 4977 3091 5023 est
3119 4986 3187 5024 ea:
3210 4968 3561 5038 Sangaliensi

270 5039 555 5093 Bertholdo
576 5045 853 5106 assumpta
883 5045 978 5104 est,
1013 5057 1178 5108 quam
1205 5040 1402 5094 videsis
1423 5055 1608 5108 supra.
1641 5041 1869 5104 (Patrol.
1905 5048 1946 5094 t.
1977 5041 2222 5105 CXLVI,
2252 5039 2318 5094 ad
2355 5055 2444 5092 an.
2483 5041 2665 5106 1080.)
2692 5043 2888 5094 Temtus
2925 5043 3209 5094 anterioris
3231 5043 3460 5108 vestigia
3497 5044 3553 5094 in

271 5109 626 5164 Gottwicensi
653 5116 702 5164 et
730 5113 966 5165 Murensi
987 5112 1274 5165 Bertholdo
1313 5114 1470 5164 armis
1503 5114 1638 5165 1055
1682 5142 1749 5149 -
1783 5116 1937 5165 1057.
1973 5127 2241 5181 superesse
2277 5111 2557 5165 videntur.
2601 5111 2671 5159 ’9'
2715 5112 2824 5164 hwc
2861 5111 3056 5167 littera
3095 5113 3307 5164 minuta
3348 5113 3551 5181 scripta.

267 5182 830 5262 sgntgeademntumen
850 5197 1015 5235 manu
1042 5182 1114 5262 1.Δ
1174 5183 1245 5223 ²9²
1274 5184 1506 5262 fortasse
1531 5198 1784 5262 nume-rus
1815 5184 2014 5236 MLVI.
2039 5188 2234 5262 posteri
2247 5185 2304 5234 in
2329 5183 2556 5262 MLVII.
2587 5186 2838 5262 mli-tertiis
2859 5187 2948 5262 est
2971 5190 3038 5262 At“;
3110 5181 3175 5213 ’9³
3193 5181 3378 5262 -CLV.
3406 5196 3538 5262 corr

269 5253 454 5306 CLVI.
494 5258 541 5306 1.
622 5251 687 5285 ²⁹⁵
731 5269 849 5321 qua:
890 5258 1207 5320 sequ-untur,
1227 5259 1410 5322 postea
1448 5255 1637 5308 eadem
1677 5259 1851 5307 tamen
1874 5251 2052 5307 manu”
2081 5255 2274 5308 addita
2309 5258 2436 5307 sunt
2469 5261 2514 5306 ι.
2625 5251 2691 5284 ²⁹⁶
2734 5253 2818 5308 Itis
2858 5256 2930 5319 ll.
2971 5252 3039 5286 ²⁹⁶
3070 5267 3140 5305 m.
3193 5252 3315 5304 VII.
3356 5253 3558 5306 inserta

264 5325 435 5391 paulo
457 5327 583 5391 post
613 5330 658 5380 1.
736 5325 808 5372 297
843 5325 1056 5378 CLVII.
1090 5340 1227 5378 corr.
1260 5325 1369 5378 alio
1388 5329 1499 5379 atr.
1531 5325 1776 5379 CLVIII.
1805 5331 1852 5379 1.
2000 5323 2071 5372 ⁸9⁸
2094 5341 2198 5380 vos:
2242 5327 2461 5379 circiter
2485 5339 2630 5378 anno
2664 5329 2821 5380 1092.
2864 5325 3056 5379 addita
3107 5327 3156 5375 1.
3203 5322 3348 5376 deest
3384 5329 3434 5377 4.
3477 5323 3556 5376 4b.

269 5395 345 5442 ³99
371 5393 543 5450 frater
571 5400 621 5448 3.
699 5394 771 5429 ³⁶⁰
791 5395 807 5448 l
823 5396 945 5465 jam
976 5394 990 5448 i
1023 5400 1250 5464 apparet
1283 5401 1331 5451 1.
1787 5405 1789 5410 ’
3272 5417 3276 5420 ’

1797 5494 2030 5549 NOTAE.

343 5610 528 5672 (1281)
551 5607 760 5663 Eadem
801 5607 996 5662 iisdem
1029 5607 1211 5662 verbis
1237 5607 1380 5677 apud
1403 5607 1762 5666 Lambertum
1794 5607 1863 5664 ad
1894 5615 1942 5675 D

272 5693 358 5731 an.
391 5684 532 5734 1054
555 5681 778 5744 (Patrol.
808 5687 846 5733 t.
881 5681 1148 5740 CXLVI.)
1181 5680 1454 5749 leguntur.

344 5755 603 5814 (1282-83
630 5753 835 5822 Victor)
852 5780 921 5791 —-
941 5752 1290 5818 Beringarius
1310 5759 1367 5804 et
1385 5753 1484 5820 qui
1502 5767 1624 5806 cum
1637 5783 1708 5793 —
1725 5767 1869 5822 prte-

271 5824 486 5890 scripsit
514 5820 800 5890 Bernold.,
831 5836 1016 5891 opusc.
1056 5822 1181 5889 ult.,
1210 5836 1372 5876 num.
1413 5827 1467 5888 3,
1496 5828 1550 5878 5.

2045 5613 2224 5676 (1284)
2252 5627 2302 5664 v.
2335 5609 2479 5665 Petri
2502 5612 2665 5664 Dam.
2697 5623 2784 5678 ep.
2812 5607 2907 5673 IV,
2931 5609 2960 5658 3
2990 5604 3058 5661 ad
3079 5604 3455 5662 Cuuibertum.

2041 5685 2222 5746 (I285)
2271 5681 2421 5736 Obiit
2457 5697 2509 5736 a.
2555 5683 2716 5734 1072.

2050 5751 2230 5819 (1286)
2260 5751 2464 5806 Similia
2487 5753 2747 5821 leguntur
2775 5746 3059 5821 Bernold.,
3091 5749 3198 5805 col.
3231 5752 3404 5807 1006.¹

2051 5827 2232 5887 (1287)
2262 5819 2734 5893 Gleyberg'pmpe
2763 5819 3010 5875 Giessen.
