3988 6188
450 265 481 314 Ἰ
496 260 598 313 36⁸7

1102 375 1274 431 MLX
1302 372 1392 429 3“.

516 480 732 535 .Romze
746 469 1077 530 Niehholaus
1097 484 1232 540 papa
1263 465 1496 540 generali
1520 465 1715 522 sinodo
1735 463 2053 536 praesidens,

468 567 857 640 Beringaerium
906 563 981 601 ³⁰²
1028 560 1442 635 praesentialiter
1483 568 1540 616 et
1582 558 1907 614 sinodaliter
1954 571 2054 629 pro

468 662 644 718 heresi
695 676 792 715 sua
837 659 1041 714 iterum
1078 655 1434 721 examinavit;
1486 653 1577 725 qui
1625 651 1849 708 tandem
1905 649 2057 722 quasi

464 768 782 821 conversus,
803 752 970 807 libros
984 765 1097 807 sua:
1125 750 1376 805 hereseos
1398 762 1586 803 coram
1615 744 1811 802 sinodo
1832 758 2055 800 concre-

468 847 662 913 mavit,
691 854 747 901 et
773 843 1009 901 eandem
1036 842 1274 899 heresim
1300 850 1359 896 ut
1388 840 1535 912 prius
1554 837 1795 912 jurando
1831 835 2058 892 anathe-

469 940 755 997 matizavit
781 944 982 1006 (I288).

1150 1031 1363 1085 MLXI.

532 1132 734 1184 Romae
767 1125 994 1184 Nicolao
1025 1137 1163 1195 papa
1190 1121 1449 1178 defuncto
1477 1126 1510 1175 6
1539 1118 1772 1175 Kalend.
1805 1118 2056 1191 Augusti,

472 1221 708 1277 Romani
734 1219 995 1275 Heinrico
1021 1217 1153 1287 regi,
1181 1213 1425 1287 ejusdem
1453 1213 1695 1269 nominis
1719 1220 1937 1284 quarto,
1966 1227 2060 1267 co-

471 1330 669 1371 ronam
702 1320 756 1367 et
779 1311 883 1366 alia
911 1325 1139 1364 munera
1177 1308 1476 1373 mittentes,
1508 1306 1577 1362 de
1605 1305 1811 1360 summi
1840 1304 2061 1377 pontiﬁ-

470 1408 550 1463 cis
579 1406 839 1462 electione
859 1419 1041 1474 regem
1065 1401 1135 1440 ³⁰³
1157 1400 1651 1470 interpellaverunt.
1685 1399 1791 1468 Qui
1825 1398 2062 1471 generali

472 1500 705 1555 concilio
724 1497 952 1553 Basileaa
990 1495 1194 1561 habito,
1227 1494 1481 1566 imposita
1507 1509 1706 1549 corona
1737 1509 1768 1549 a
1798 1492 2065 1549 Romanis

472 1592 827 1658 transmissa,
878 1588 1133 1661 patricius
1176 1590 1557 1643 Romanorum
1618 1597 1699 1641 est
1740 1587 2063 1658 appellatus.

470 1685 684 1742 Deinde
701 1683 986 1739 communi
1014 1682 1267 1737 omnium
1291 1680 1543 1744 consilio,
1574 1682 2066 1751 Romanorumque

472 1778 666 1851 legatis
699 1777 1047 1847 eligentihus,
1086 1774 1322 1829 Chadelo
1353 1773 1669 1828 Parmensis
1700 1773 1988 1851 episcopus
2030 1780 2060 1827 7

471 1872 702 1929 Kalend.
727 1869 1056 1927 Novembris
1084 1883 1218 1938 papa
1238 1866 1454 1938 eligitur
1481 1874 1536 1920 et
1559 1866 1842 1921 Honorius
1878 1866 2063 1937 appel-

473 1966 641 2030 latur,
691 1972 950 2034 papatum
978 1959 1045 1994 ³⁰⁵
1081 1976 1364 2032 nunquam
1397 1974 1764 2029 possessurus.
1797 1960 1891 2013 Set
1927 1959 2065 2014 vice-

474 2060 612 2115 sima
640 2057 865 2127 septima
896 2055 984 2111 die
1014 2062 1139 2109 ante
1180 2055 1296 2120 ejus
1326 2052 1753 2123 promotionem,
1797 2052 2064 2107 Lucensis

472 2152 777 2222 episcopus,
800 2149 1026 2203 nomine
1047 2145 1408 2207 Anshelmus,
1433 2161 1462 2199 a
1484 2144 1855 2200 Nordmannis
1874 2152 1928 2199 et
1951 2145 2065 2216 qui-

472 2243 710 2300 busdam
740 2241 1009 2296 Romanis
1036 2256 1172 2310 papa
1211 2245 1359 2294 l58‘"
1397 2237 1464 2271 ³⁰⁵
1489 2239 1768 2293 ordinatus
1790 2279 1804 2304 ,
1831 2238 2065 2293 Alexan-

474 2337 571 2392 der
598 2344 839 2398 vocatus,
863 2334 1007 2388 sedit
1032 2349 1204 2387 annos
1233 2340 1319 2387 12.
1350 2332 1454 2401 Qui
1486 2332 1615 2386 satis
1635 2340 1858 2386 strenue
1883 2347 2066 2403 symo-

473 2428 687 2483 niacam
727 2426 965 2481 heresim
994 2424 1293 2492 destruxit,
1329 2433 1383 2480 et
1414 2424 1672 2479 ministris
1700 2423 1887 2478 altaris
1932 2439 2063 2479 cum

475 2521 795 2592 coniugibus
844 2519 1018 2587 coire,
1057 2517 1207 2588 juxta
1247 2534 1525 2573 canonum
1564 2525 1769 2572 statuta
1803 2533 1930 2572 cum
1967 2532 2061 2573 ex-

476 2613 983 2670 communicatione
1011 2610 1310 2677 interdixit,
1344 2612 1599 2682 ipsosque
1635 2610 1795 2666 Iaicos
1830 2610 2061 2665 clerico-

475 2723 599 2763 rum
628 2715 814 2778 aperte
851 2704 1303 2760 incontinentiam
1332 2704 1508 2760 ofﬁcia
1549 2704 1754 2774 audire,
1789 2720 1887 2776 per
1924 2704 2061 2760 bau-

474 2817 607 2856 num
654 2799 956 2871 prohibuit;
1002 2798 1186 2869 sicque
1229 2798 1551 2854 clericorum
1603 2798 2058 2853 incontinentiam

474 2895 606 2949 satis
633 2892 924 2964 prudenter
954 2890 1263 2947 refrenavit.
1299 2892 1479 2963 Hujus
1510 2899 1692 2946 autem
1722 2892 2063 2948 constitutio-

472 2986 559 3042 nis
577 2987 813 3041 maxime
842 2984 940 3040 l'uit
964 2995 1158 3041 auctor
1177 2984 1599 3051 Hildebrandus,
1630 2993 1758 3040 tunc
1790 2989 2061 3043 Romanae

474 3080 699 3137 aaclesiac
719 3078 1154 3146 archidiaconus,
1174 3078 1427 3134 bereticis
1444 3079 1681 3134 maxime
1701 3078 1953 3136 infestus.

1114 3174 1351 3227 MLXII.

554 3267 658 3323 His
684 3266 1027 3337 temporibus
1051 3264 1225 3322 fames
1250 3281 1445 3337 magna
1474 3265 1594 3321 fuit.
1626 3268 1824 3339 Magna
1848 3266 2066 3324 dissen-

473 3362 554 3417 sio
573 3360 718 3416 facta
746 3368 827 3415 est
848 3360 992 3414 inter
1016 3359 1419 3431 imperatricem
1440 3365 1705 3430 Agnetem
1731 3368 1788 3416 et
1806 3362 2064 3418 Gundha-

474 3454 621 3511 rium
652 3453 1157 3527 Babenbcrgensem
1185 3453 1524 3524 episcopum.

1165 3549 1428 3602 MLXIIL

543 3638 839 3696 Heinricus
886 3656 978 3695 rex
1008 3641 1309 3696 exercitum
1359 3639 1418 3694 in
1446 3640 1783 3696 Pannoniam
1814 3657 2064 3715 movens,

473 3731 843 3798 Salemonem,
880 3730 1053 3786 ﬁlium
1086 3731 1327 3789 Andreae
1354 3734 1517 3804 regis,
1551 3734 1609 3789 in
1634 3750 1863 3805 regnum
1896 3737 2066 3808 patris

475 3823 561 3877 sui
588 3822 850 3876 restituit.
884 3823 1177 3879 Heinricus
1216 3827 1575 3896 Augustensis
1599 3828 1881 3900 episc0pus
1909 3829 2060 3895 obiit,

478 3930 576 3985 pro
614 3930 724 3985 quo
748 3914 1008 3970 Imbrico.
1053 3915 1229 3970 Cedes
1258 3934 1459 3988 magna
1510 3920 1731 3975 Coslare
1759 3923 1985 3993 conligit
2014 3926 2066 3977 in

473 4008 687 4064 ecclesia
713 4023 835 4080 rege
865 4017 1148 4078 praesente.

1090 4103 1329 4158 MLle
1358 4101 1451 4160 ³⁰⁶.

544 4198 743 4267 Magna
773 4193 971 4250 seditio
1001 4205 1119 4251 orta
1150 4206 1232 4251 est
1259 4197 1402 4251 inter
1438 4198 1798 4257 Adalbertum
1828 4203 2066 4259 Hamin-

473 4288 802 4361 burgensem
832 4289 1304 4361 archiepiscopum
1336 4300 1390 4345 et
1417 4293 1683 4364 principes
1710 4297 1885 4368 regni.

1092 4382 1145 4434 Μ
1153 4382 1302 4435 LXV
1350 4379 1418 4431 ⁸⁰7
1429 4423 1441 4436 .

1409 280 1415 289 .
1454 248 1545 304 AD
1583 234 1806 303 OPERA
1845 245 1901 300 s.
1943 243 2264 300 esseom:
2301 203 2735 298 APPENDICES.

2079 373 2136 436 Α
2165 367 2251 424 die
2281 376 2335 423 et
2387 365 2633 423 Christus
2657 365 2985 434 resurrexit,
3036 366 3094 420 in
3139 366 3304 421 tertia
3351 363 3449 422 die
3487 365 3745 436 pasclnlis

3616 243 3744 298 i368

2159 460 2504 527 ebdomadae,
2526 466 2578 514 4.
2608 458 2839 515 Kalend.
2870 457 3074 531 Aprilis
3102 458 3405 515 indictione
3434 460 3640 527 tereia,
3662 475 3749 516 rex

2161 555 2449 611 Heinricus
2477 569 2619 609 anno
2648 552 2801 624 regni
2828 550 2910 608 sui
2940 551 3017 618 9°,
3065 552 3242 608 aetatis
3268 567 3384 609 sua:
3437 552 3557 619 14°,
3593 553 3753 609 accin-

2159 658 2281 705 ctus
2307 647 2489 720 gladio
2519 647 2575 702 in
2604 646 2831 702 nomine
2868 645 3110 701 Domini.
3145 645 3499 702 Pataviensis
3528 644 3617 694 "9
3659 648 3756 719 epi-

2160 757 2358 814 sc0pus
2377 740 2544 806 obiit;
2570 740 2658 796 cui
2688 739 3016 795 Altmannus
3038 739 3412 810 imperatricis
3441 738 3759 810 capellam

2161 835 2440 891 successit.
2491 837 2613 889 Hoc
2653 841 2903 903 tempore
2930 829 3232 904 Sigifredus
3276 832 3763 904 Mogontiacensis

2164 928 2623 999 archiepiscopus,
2660 932 2715 981 et
2742 924 3100 982 Gundharius
3140 925 3634 997 Babenbergensis
3673 927 3767 997 epi-

2163 1036 2390 1092 scopus,
2431 1030 2487 1076 et
2514 1020 2645 1076 Otto
2687 1018 3103 1090 Ratisponensis
3143 1018 3461 1090 episcopus,
3495 1027 3566 1074 et
3594 1018 3764 1085 Willi

2165 1115 2382 1171 helmus
2400 1113 2762 1184 Trajectensis
2788 1112 3091 1184 episcopus,
3122 1127 3251 1167 cum
3277 1128 3485 1185 magna
3514 1112 3765 1171 multitu-

2166 1207 2295 1265 dine
2336 1207 2637 1263 Jerusalem
2681 1204 2941 1278 profecti,
2994 1205 3051 1260 in
3090 1219 3156 1260 eo
3202 1205 3401 1260 itinere
3449 1220 3484 1260 a
3554 1206 3769 1277 paganis

2170 1302 2339 1356 multa
2380 1309 2507 1356 sunt
2537 1299 2800 1371 perpessi.
2834 1301 2979 1354 Nam
3008 1306 3065 1353 et
3097 1297 3307 1354 bellum
3349 1314 3485 1353 cum
3522 1299 3615 1353 eis
3644 1300 3767 1353 inire

2168 1403 2298 1451 sunt
2332 1394 2505 1450 coacti
2533 1392 2624 1449 ⁸¹⁰.
2657 1395 2724 1448 In
2758 1390 2953 1448 eodem
2982 1391 3178 1447 itinere
3219 1392 3578 1449 Guntharius
3622 1392 3767 1447 obiit.

2168 1488 2267 1544 Cui
2294 1487 2651 1545 Ricimannus
2676 1484 2741 1521 ³¹¹
2768 1484 3083 1558 symoniace
3109 1485 3391 1540 successit.

2746 1634 2749 1637 λ
2789 1622 3026 1678 MLXVI
3052 1620 3142 1677 3".
3245 1672 3251 1682 .

2244 1744 2403 1800 Multi
2438 1744 2651 1801 nobiles
2680 1742 2822 1798 bello
2846 1741 2990 1797 civili
3023 1740 3328 1813 perierunt.
3357 1744 3621 1800 Cometa
3649 1752 3771 1799 sunt

2173 1840 2301 1896 visae
2337 1840 2395 1895 in
2420 1838 2622 1893 octavis
2646 1835 2882 1908 paschae,
2915 1840 2950 1890 9
2977 1836 3102 1891 Kal.
3135 1837 3292 1903 Maii,
3321 1845 3383 1892 et
3418 1852 3521 1908 per
3551 1843 3629 1892 30
3670 1836 3773 1893 dies

2172 1947 2494 2003 apparuere.
2539 1928 2890 1986 Eberhardus
2923 1929 3270 1984 Treverensis
3301 1929 3769 2001 archiepiscopus,

2180 2032 2238 2082 l7
2269 2024 2511 2081 Kalend.
2556 2024 2706 2091 Maii,
2733 2022 2959 2079 sabbato
2986 2030 3174 2079 sancto
3210 2024 3461 2092 paschae,
3486 2024 3775 2094 completis

2174 2137 2207 2176 a
2232 2135 2290 2176 se
2338 2120 2509 2191 ipsius
2556 2118 2667 2174 diei
2712 2118 2924 2185 ofﬁciis,
2970 2119 3105 2190 ipsis
3143 2117 3587 2174 sacerdotalibus
3614 2119 3767 2173 vesti-

2173 2215 2378 2269 mentis
2418 2213 2658 2281 indutus,
2709 2214 2977 2285 requievit
3002 2215 3061 2269 in
3102 2227 3251 2284 pace.
3299 2212 3407 2269 Cui
3452 2211 3775 2268 Chonradus

2170 2308 2504 2363 Coloniensis
2546 2307 2867 2378 praepositus
2888 2306 3075 2363 debuit
3101 2305 3431 2373 succedere;
3466 2314 3555 2362 set
3587 2322 3621 2361 a
3646 2306 3779 2361 civi-

2172 2401 2275 2457 bus
2302 2416 2413 2456 non
2451 2408 2534 2456 est
2561 2399 2780 2455 electus.
2820 2399 2980 2457 Unde
3019 2398 3245 2472 quidam
3292 2415 3509 2467 comes,
3554 2399 3775 2455 nomine

2172 2493 2562 2561 Theodericus,
2591 2493 2824 2550 eundem
2843 2492 3217 2550 .Chonradum
3254 2490 3329 2547 ad
3358 2492 3568 2548 urbem
3593 2492 3779 2548 Trevi-

2168 2601 2358 2644 rorum
2381 2587 2698 2643 tendentem
2725 2586 3161 2658 comprehendit,
3193 2594 3245 2641 et
3272 2586 3366 2641 diu
3392 2586 3502 2641 sub
3522 2585 3780 2642 custodia

2169 2690 2534 2748 maceratum,
2557 2689 2792 2752 quatuor
2815 2681 3081 2736 militibus
3109 2679 3427 2736 necandum
3461 2681 3780 2745 commisit;

2168 2775 2262 2846 qui
2313 2775 2447 2831 dum
2492 2790 2618 2831 eum
2664 2783 2747 2830 ter
2806 2790 2902 2845 per
2948 2772 3227 2846 quoddam
3279 2774 3671 2846 praecipitium
3720 2772 3783 2806 *ιδ

2168 2867 2507 2939 dejecisseut,
2536 2876 2592 2922 et
2618 2868 2692 2923 nil
2740 2867 2845 2923 sibi
2876 2868 2980 2923 nisi
3016 2866 3308 2923 brachium
3354 2867 3637 2923 collidere
3664 2882 3783 2940 pos-

2169 2970 2322 3029 sent,
2372 2977 2516 3016 unus
2563 2976 2628 3015 ex
2671 2960 2777 3016 illis
2822 2961 3118 3031 penitentia
3160 2959 3390 3028 ductus,
3444 2961 3518 3016 ab
3564 2976 3637 3016 eo
3697 2976 3783 3015 ve-

2169 3054 2321 3110 niam
2349 3054 2681 3125 impetravit.
2711 3054 2869 3110 Alius
2886 3063 3070 3111 autem
3096 3054 3289 3109 volens
3315 3069 3451 3109 eum
3477 3053 3782 3121 decollare,

2100 3120 2146 3184 ο
2175 3120 2447 3203 maxillam
2494 3148 2612 3218 ejus
2664 3155 2884 3204 tantum
2932 3147 3190 3215 abscidit;
3247 3154 3308 3203 et
3358 3147 3444 3201 sic
3492 3149 3613 3218 ipse
3662 3152 3783 3203 Deo

2172 3241 2368 3312 dignus
2408 3240 2604 3297 martir
2643 3240 2717 3296 ad
2760 3242 3071 3299 Dominum
3123 3240 3398 3313 migravit.
3448 3242 3642 3294 Passus
3690 3248 3782 3295 est

2173 3344 2357 3390 autem
2373 3334 2499 3390 Kal.
2518 3335 2690 3402 Junii,
2714 3350 2857 3390 anno
2871 3335 2940 3389 ab
2956 3334 3333 3391 incarnatione
3355 3334 3591 3389 Domini
3614 3340 3773 3397 l066,

2172 3428 2325 3498 regni
2374 3443 2500 3482 vero
2548 3427 2788 3482 Heinrici
2831 3433 2938 3493 10,
3001 3427 3244 3497 sepultus
3289 3426 3441 3498 apud
3494 3426 3783 3482 abbatiam

2172 3521 2402 3576 nomine
2434 3522 2701 3578 Doleiam.
2748 3522 2885 3605 Tres
2919 3529 3104 3576 autem
3143 3520 3348 3575 milites
3374 3519 3586 3576 mortis
3616 3520 3784 3592 hujus

2173 3615 2313 3670 servi
2341 3614 2440 3670 Dei
2461 3623 2711 3670 auctores
2737 3613 2903 3685 digna
2930 3613 3070 3669 ultio
3096 3612 3455 3686 postmodum
3480 3614 3781 3671 subsecuta

2174 3716 2272 3763 est.
2318 3710 2459 3764 Nam
2506 3723 2650 3764 unus
2701 3723 2894 3764 eorum
2936 3718 3225 3779 acceptum
3249 3708 3440 3763 cibum
3480 3707 3782 3779 degluttire

2172 3817 2284 3856 non
2336 3800 2542 3868 valens,
2591 3801 2680 3856 alii
2732 3800 2843 3857 duo
2890 3816 3089 3857 manus
3133 3816 3262 3856 suas
3319 3802 3671 3871 lacerantes,
3716 3801 3782 3856 ad

2170 3895 2401 3951 claustra
2430 3894 2626 3950 inferni
2662 3894 3065 3951 descenderunt
3090 3894 3183 3949 διδ.
3216 3894 3342 3951 Udo
3386 3902 3518 3965 post
3548 3895 3771 3951 interfe-

2170 3996 2322 4045 ctum
2347 3988 2743 4044 Chounradum
2775 3988 2975 4060 praesul
3013 3988 3353 4046 Trevirensis
3380 3990 3763 4045 constituitur.

2173 4082 2392 4153 Nuptiae
2421 4081 2660 4137 Heinrici
2688 4082 2845 4154 regis.

2244 4201 2385 4252 Item
2434 4204 2649 4253 cometa
2697 4197 2811 4252 visa
2842 4205 2943 4252 est.
2998 4197 3101 4253 His
3142 4196 3495 4267 temporibus
3544 4212 3768 4252 venera-

2170 4291 2298 4347 bilis
2324 4293 2516 4347 Petrus
2544 4290 2813 4358 Damiani,
2844 4306 2907 4345 ex
2935 4290 3207 4345 heremita
3232 4290 3538 4347 cardinalis
3563 4293 3773 4363 episco—

2172 4402 2290 4457 pus,
2322 4387 2491 4441 multa
2507 4384 2851 4454 conscripsit,
2870 4392 2923 4439 et
2943 4384 3402 4439 incontinentiam
3420 4386 3781 4441 sacerdotum

541 4475 756 4528 Domus
781 4474 977 4541 regalis
1012 4474 1226 4530 Gnslari
1261 4473 1326 4507 3°”
1346 4486 1693 4532 concremata
1717 4485 1819 4534 est.
1853 4480 2057 4538 Eodem
2090 4492 2141 4555 D
2167 4479 2298 4534 satis
2344 4477 2747 4534 rationabiliter
2775 4478 2830 4532 in
2869 4478 3086 4549 scriptis
3115 4478 3231 4532 suis
3261 4476 3599 4547 confutavit,
3630 4480 3783 4536 ordi-

471 4579 638 4629 anno,
669 4567 735 4618 ah
762 4567 1132 4622 incarnatione
1166 4568 1382 4622 Domini
1434 4575 1584 4637 I065,
1619 4571 1835 4641 quando
1878 4578 2062 4641 (1289)

470 4662 523 4707 et
549 4654 743 4724 pascha
772 4657 1102 4711 celebratum
1134 4665 1217 4712 est
1246 4662 1279 4711 6
1305 4659 1585 4714 Kalendas
1614 4661 1838 4732 Aprilis,
1873 4662 1929 4717 in
1958 4681 2061 4735 qua

2172 4580 2329 4627 natos
2378 4580 2563 4626 autem
2591 4588 2621 4625 a
2668 4572 3016 4643 symoniacis,
3057 4579 3116 4625 ut
3160 4571 3337 4638 aiunt,
3382 4572 3642 4629 nimium
3676 4574 3789 4629 cie-

2172 4673 2388 4720 menter
2424 4665 2676 4720 tractavit
2700 4664 2793 4721 ⁸⁸⁸.
2824 4667 2986 4737 Ηιιεη
3007 4664 3368 4719 Bizantiensis
3406 4666 3790 4739 archiepisco-

1764 4770 2010 4824 VARI/E
2050 4773 2466 4828 LECTIONES.

541 4854 614 4890 ³⁰¹
635 4860 787 4937 tam:
805 4863 1169 4937 annuswﬁo.
1198 4865 1374 4937 priori
1404 4868 1555 4937 teratu
1575 4880 1740 4931 eraso,
1772 4870 1912 4921 circa
1933 4885 1987 4925 α.
2026 4874 2181 4925 109?.
2210 4872 2408 4925 minori
2430 4872 2616 4925 littera
2644 4873 2873 4925 insertus
2897 4875 2978 4925 est
3007 4880 3025 4925 ι
3053 4892 3067 4936 ;
3103 4872 3177 4937 cf.
3220 4875 3433 4925 (emtum
3706 4875 3787 4925 4".

466 4929 716 5011 supra'in
747 4930 1118 5011 BertfzoI-dop.
1149 4929 1277 5011 2__7l:
1318 4933 1421 5011 ff”
1455 4929 1832 5011 lieringaarium
1866 4948 1908 4993 l.
1943 4957 1972 4993 e
1997 4942 2208 4996 addito.
2280 4941 2662 5011 3°3supralin.
2695 4943 2821 4997 add.
2858 4948 2904 4996 1.
2927 4941 2999 4976 ³⁰δ
3116 4929 3171 4995 n.
3201 4958 3251 5009 p.
3276 4944 3332 4995 in
3360 4957 3543 5009 marg.
3579 4944 3791 4997 addita

461 4999 807 5086 ξοδξρὸξειᾳη
836 5006 898 5086 ut
920 5002 1412 5086 videturﬂapialai,
1451 4999 1908 5086 dekquoleer{i_nt'(
1934 5018 2139 5086 constat
2161 5033 2177 5079 ,-
2202 5018 2322 5081 post
2343 4999 2547 5067 aurium
2578 5020 2752 5068 tamen
2776 5018 2949 5086 IO7§._
3116 4999 3453 5086 Afrosth
3482 4999 3553 5066 ἆί
3580 5016 3789 5068 Parma

470 5072 529 5152 ΞΓ.
572 5074 640 5152 ΙΙΪ
666 5073 1116 5152 habereturratum
1140 5076 1279 5152 i_n_2,
1305 5082 1352 5130 3.
1382 5082 1435 5130 4.
1470 5070 1564 5131 4":
1628 5078 1923 5152 3°5_Cl.Vl[.
1964 5070 2236 5139 addito'i.
2270 5087 2376 5140 alio
2418 5091 2723 5139 atramento
2758 5091 2805 5139 1.
2881 5083 2953 5117 ³⁰⁶
2998 5070 3240 5138 τίαν-ι·αέέο
3262 5084 3428 5152 hujus
3462 5088 3609 5138 amri
3640 5088 3790 5140 deest

467 5146 515 5227 Et.
596 5140 668 5227 εἶν
701 5143 987 5227 lltLX‘lll‘l:
1025 5148 1075 5196 3.
1120 5143 1229 5227 .303
1256 5149 1338 5227 itu
1380 5155 1433 5227 ι.
1482 5153 1534 5227 2_.
1567 5156 1619 5204 4.
1668 5144 1996 5227 4f.‘goslare
2038 5161 2089 5208 3.
2166 5152 2241 5203 ⁸ος)
2271 5158 2328 5210 Ρ.
2368 5172 2417 5210 e.
2452 5172 2506 5210 ο.
2538 5172 2587 5211 c.
2619 5160 2685 5210 A.
2716 5154 2750 5208 i.
2783 5172 2833 5227 c-.
2869 5170 2915 5209 s.
2946 5157 3006 5209 in
3036 5159 3289 5227 margine
3316 5140 3435 5227 (ilio
3460 5161 3787 5212 atratum

467 5217 536 5293 ξ..
560 5212 650 5293 ξςᾴ
667 5215 872 5293 -ᾳίζξηηε
910 5216 1070 5293 θεέιξηι
1108 5218 1167 5293 in
1196 5222 1250 5293 2.
1294 5223 1343 5271 3.
1373 5224 1423 5272 4.
1572 5227 1622 5274 5.
1700 5212 2015 5293 ’Wureh'qua.
2057 5229 2190 5280 anni
2228 5228 2338 5281 alio
2368 5232 2670 5282 atramento
2715 5226 2912 5280 addita
2948 5232 3075 5281 sunt
3113 5212 3191 5281 ι.”
3239 5225 3303 5259 ³¹¹
3343 5226 3704 5282 rizimaunus
3726 5234 3781 5282 2.

900 5373 906 5374 γ
952 5285 1056 5374 ³¹ξ³ε
1087 5287 1324 5374 pcipium
1361 5295 1435 5374 ι.¹
1486 5290 1556 5374 3f}
1586 5294 1670 5374 hic
1706 5280 1985 5374 numerum
2010 5301 2145 5374 anni
2174 5280 2613 5353 MLVlfinscrit
2654 5280 2710 5352 73.
2788 5297 2859 5335 ⁸⁸⁵
2887 5280 3097 5367 reliqua
3118 5280 3265 5354 fauni
3296 5298 3412 5352 alio
3459 5280 3784 5355 (ιω-αὶέῶ

461 5360 645 5421 postea
669 5357 864 5411 addita
888 5363 1014 5413 sunt
1038 5364 1086 5412 1.
1119 5359 1218 5414 sed
1237 5361 1438 5413 adsunt
1465 5364 1627 5417 etiam
1648 5367 1706 5418 in
1727 5371 1778 5420 2.
1813 5373 1865 5421 3.
1900 5376 1953 5420 ιι.
1977 5369 2059 5423 4b.

1996 5473 2227 5529 ΝΟΤᾸΞ.

532 5558 714 5627 (1288)
762 5560 1129 5644 Egilio-Infert:
1183 5579 1370 5644 opuse.
1422 5568 1564 5636 ult.,
1607 5584 1762 5623 num.
1822 5576 1868 5625 l.
1911 5571 2048 5625 Acta
2157 5587 2283 5644 quo_
2322 5570 2411 5644 die
2469 5570 2827 5627 Dominicam
2877 5571 3369 5644 resurrectionem_
3400 5569 3621 5644 factam
3667 5587 3773 5627 esse

462 5627 1142 5717 Colqg-ngp-jlanﬁ‘XlK.
1174 5627 1311 5717 ξφ..
1500 5712 1512 5717 _
1545 5627 1561 5636 ’
1583 5712 1619 5717 _
1718 5710 1730 5717 ι
2159 5627 2469 5717 credebant
2500 5651 2741 5717 veteres;
2790 5642 2938 5698 unde
2987 5651 3044 5698 et
3089 5642 3286 5698 eodem
3317 5641 3408 5698 die
3438 5643 3497 5697 in
3527 5644 3767 5717 antiquis

533 5696 874 5784 (2289)-Ν-οξι
901 5696 1153 5784 intendit,
1186 5710 1465 5764 Christum
1498 5712 1550 5764 iu
1583 5710 1845 5784 Paschate
1869 5728 2052 5768 resur—
2157 5696 2501 5769 Kalendariis
2526 5696 2735 5784 passim
2770 5696 3356 5770 homiur'aeiimbab
3405 5696 3765 5777 hisiis

461 5773 677 5827 rexisse.
711 5773 802 5825 sed
835 5773 1031 5828 Pascha
1050 5775 1165 5829 hoc
1191 5794 1334 5833 anno
1366 5784 1451 5834 die.
1481 5787 1548 5834 27
1580 5782 1759 5834 Martii
1784 5784 2047 5847 evenisse,
2158 5794 2210 5838 et
2254 5783 2341 5838 die
2382 5789 2449 5839 25
2494 5773 2673 5839 Illartii
2721 5787 3030 5840 Incamatz'o
3071 5790 3120 5839 ct
3143 5787 3331 5854 passio
3358 5787 3621 5841 Domini.
3652 5773 3761 5842 Dis‘
