3988 6188
171 277 306 333 1369

1070 277 1356 330 APPEND.
1398 276 1486 330 ΙΙΙ.
1525 305 1596 316 —-
1631 219 2545 334 MONUMENTA‘GREGORIANA.

3321 286 3456 339 1370

167 418 267 475 pus
314 401 447 457 obiit
481 403 688 466 (1290).
738 400 837 456 Cui
893 399 1136 472 ejusdem
1187 399 1414 456 ecclesiae
1454 401 1755 456 canonicus
1783 406 1835 466 Α
1867 401 2019 457 niace
2048 401 2124 441 3"
2147 403 2450 474 acquisivit,
2485 403 2686 474 quique
2717 403 3012 460 thesauros
3035 405 3280 477 ejusdem
3308 409 3458 464 acle-

168 496 347 565 (1291)
371 510 400 549 a
427 493 684 550 fratribus
718 494 939 561 electus,
969 510 998 549 a
1023 509 1146 566 rege
1171 493 1540 549 substituitur.

814 589 1086 644 MLXVII
1097 629 1109 643 .

239 682 472 738 Saxonia
499 682 640 738 civili
679 681 892 737 laborat
930 681 1224 738 discordia.
1257 680 1597 738 Nordmanni
1640 685 1755 736 Ro-

166 793 318 832 mam
341 776 494 832 adire
520 775 813 831 voluerunt
833 774 1115 830 hostiliter.
1147 774 1500 831 Burchardus
1525 774 1755 830 Halber-

163 869 415 926 stetcnsis
447 869 732 940 episcopus
770 869 1124 924 Leuticorum
1155 877 1372 941 gentem
1405 868 1629 923 viriliter
1654 868 1754 924 de-

163 963 389 1020 vastavit
425 961 517 1017 3'5.
552 961 900 1018 Heinhardus
940 963 1209 1032 Spirensis
1234 963 1524 1033 episcopus
1569 963 1625 1017 in
1665 961 1753 1017 iti-

164 1074 294 1113 nere
333 1059 591 1113 Romano
631 1056 784 1111 obiit.
818 1057 918 1112 Cui
953 1056 1242 1111 Heinricus
1265 1056 1546 1111 successit.

801 1151 1117 1205 MLXVIII.

231 1244 522 1299 Heinricus
558 1243 631 1294 a'7
668 1259 761 1299 rex
790 1243 1170 1299 adolescentiae
1207 1259 1323 1299 suae
1363 1258 1549 1299 errore
1590 1242 1753 1298 sedu-

161 1347 303 1403 ctus,
334 1338 574 1410 legitime
602 1337 850 1409 conjugis
876 1337 1011 1392 adeo
1043 1337 1398 1404 obliviscitur,
1428 1345 1482 1392 et
1509 1345 1626 1392 tam
1661 1352 1752 1391 ne-

164 1431 338 1487 fandis
353 1429 682 1486 criminibus
704 1431 980 1486 iuvolutus
1001 1447 1120 1486 esse
1140 1429 1478 1497 diffamatur,
1505 1439 1566 1485 ut
1583 1430 1751 1485 etiam

163 1525 436 1595 principes
458 1523 575 1595 ejus
603 1539 728 1578 cum
760 1540 926 1595 regno
957 1524 1167 1595 privare
1196 1524 1538 1580 molirentur.
1573 1527 1749 1580 Totus

163 1618 252 1673 ille
279 1632 456 1673 annus
486 1616 754 1688 pluvialis.
1138 1665 1145 1672 .

821 1712 1092 1766 MLXIX.

232 1807 343 1862 Pax
388 1813 443 1860 et
468 1805 838 1861 reconciliatio
868 1805 921 1859 in
970 1805 1189 1875 populo,
1233 1803 1287 1859 iu
1330 1804 1494 1859 natali
1534 1804 1749 1859 Domini

159 1897 305 1970 apud
349 1898 594 1965 Goslare,
642 1898 810 1968 regali
857 1897 1041 1953 edicto
1091 1899 1192 1954 sub
1237 1907 1582 1954 sacramento
1625 1905 1751 1952 sunt

159 1991 512 2047 confirmatae.
553 1991 847 2047 Heinricus
887 2007 980 2046 rex
1018 1999 1240 2062 gentem
1271 1992 1626 2047 Leuticorum
1651 1991 1746 2046 de-

159 2093 354 2140 vastat.
396 2085 552 2140 Dedo
590 2084 838 2139 marchio
877 2085 1176 2140 Saxonicus
1205 2085 1315 2155 regi
1346 2085 1609 2140 Heinrico
1653 2101 1747 2140 re-

158 2179 356 2242 bellat;
387 2187 468 2233 set
497 2177 854 2249 postmodum
880 2187 1100 2233 coactus
1120 2178 1187 2232 ad
1213 2177 1548 2233 deditionem
1580 2179 1739 2232 venit.

159 2271 480 2328 Oudalricus
529 2271 698 2326 abbas
730 2271 1017 2342 Augiensis
1044 2271 1200 2337 obiit,
1253 2287 1350 2342 pro
1380 2288 1489 2342 quo
1533 2271 1740 2342 Megin-

162 2364 384 2420 bardus.
419 2366 754 2420 Constantia)
797 2364 1107 2419 Bumaldus
1145 2365 1434 2436 episcopus
1465 2364 1629 2430 obiit;
1657 2365 1742 2420 cui

153 2459 399 2514 Karolus
420 2474 513 2529 per
541 2458 918 2530 symoniacam
950 2457 1186 2511 heresim
1213 2458 1266 2511 in
1291 2458 1604 2527 episcopatu
1625 2473 1744 2511 suc-

151 2552 332 2608 cessit.
379 2551 694 2608 Gotefridus
722 2551 832 2605 dux
873 2550 1012 2604 inter
1049 2550 1320 2604 seculares
1359 2550 1740 2604 excellentissi-

149 2660 296 2710 mus,
328 2645 459 2700 etin
489 2643 862 2700 recordatione
884 2650 1230 2712 peccatorum
1249 2657 1474 2697 suorum
1499 2639 1570 2697 ad
1595 2658 1745 2696 com-

149 2739 510 2810 pnnctionem
561 2737 912 2792 lacrimarum
959 2735 1272 2801 facillimus,
1333 2735 1386 2789 in
1428 2735 1743 2806 erogationc

151 2831 568 2888 elimosinarum
609 2831 968 2902 largissimus,
994 2829 1048 2884 in
1080 2829 1259 2898 vigilia
1292 2829 1486 2884 natalis
1517 2828 1742 2883 Domini

145 2926 283 2981 satis
305 2924 561 2981 laudabili
591 2924 699 2981 line
726 2923 992 2996 requievit
1015 2923 1068 2976 in
1099 2938 1226 2992 pace
1253 2921 1349 2974 ³³⁸.

828 3020 878 3072 Μ
889 3018 1046 3074 LXX
1056 3056 1072 3074 .

1869 495 1984 563 sim,
2013 505 2203 568 utpute
2249 497 2539 570 sacrilegus
2572 495 2678 563 fur,
2722 498 2776 552 in
2822 514 2951 554 suos
2989 514 3120 554 usus
3169 501 3455 572 dispersit;

1864 587 2051 645 habito
2115 591 2343 646 concilio
2403 591 2774 662 Mogonciaci,
2856 608 2919 647 ex
2975 601 3243 664 pt'zecepto
3308 613 3458 666 papa:

1863 683 2186 755 Alexandri,
2217 684 2505 755 praedictus
2535 685 2795 756 Symonis
2847 683 3162 756 discipulus,
3209 689 3456 747 nondum

1862 785 2210 832 consecratus
2248 777 2562 848 deponitur,
2611 779 2809 850 quippe
2839 795 2966 834 cum
3015 795 3046 833 τι
3075 779 3284 835 clericis
3311 783 3452 836 Con-

1862 870 2252 925 stantiensibus
2277 871 2480 926 ibidem
2520 880 2834 939 accusatus,
2879 872 3092 942 objecta
3119 889 3314 944 negare
3343 890 3456 930 non

1861 971 2059 1034 posset.
2089 964 2189 1018 Cui
2219 965 2478 1019 successit
2503 967 2636 1020 Otto
2665 966 2717 1020 in
2747 966 3116 1037 episcopatum
3146 971 3347 1033 (1294).

2502 1061 2808 1114 MLXXII.

1931 1151 2220 1206 Heinricus
2253 1167 2346 1206 rex
2374 1168 2512 1222 pene
2541 1152 2657 1207 sine
2697 1151 3020 1207 difﬁcultate
3046 1153 3315 1209 bellorum
3346 1155 3452 1210 sibi

1858 1245 2194 1300 reluctantes
2213 1247 2512 1317 superavit.
2543 1251 2734 1303 Petrus
2749 1247 3036 1312 Damiani,
3057 1248 3155 1317 piae
3180 1249 3455 1304 memoriae

1858 1339 2147 1394 cardinalis
2189 1339 2493 1411 episcopus,
2515 1340 2634 1410 jam
2665 1339 2875 1394 dudum
2911 1339 3119 1394 mundo
3146 1341 3451 1407 crucifixus,

1859 1433 2110 1503 migravit
2137 1431 2208 1486 ad
2240 1433 2568 1500 Dominum,
2595 1440 2629 1488 8
2666 1433 2906 1488 Kalend.
2941 1433 3120 1488 Martii
3156 1433 3449 1498 310(1295).

1856 1527 1957 1581 Cui
2004 1525 2242 1580 domnus
2290 1526 2584 1596 Gcroldus,
2625 1543 2808 1581 revera
2859 1527 3181 1594 monachus,
3226 1528 3452 1582 scientia

1858 1620 2254 1690 scripturarum
2294 1619 2540 1690 insignis,
2573 1628 2627 1674 et
2655 1620 2911 1677 moribus
2934 1620 3322 1690 praedecessori
3351 1636 3452 1676 suo

1859 1728 1970 1767 non
2015 1713 2212 1782 impar,
2264 1712 2320 1767 in
2367 1714 2743 1785 episcOpatum
2797 1715 3077 1769 successit.
3125 1713 3453 1769 Adalbertus

1860 1806 2351 1877 Haminburgensis
2369 1807 2482 1862 sive
2506 1807 2815 1862 Bremeusis
2831 1807 3272 1878 archiepiscopus
3294 1807 3446 1862 obiit.

1809 1963 1812 1966 λ
1859 1901 1958 1955 Cui
1991 1900 2326 1955 Leobmarus
2353 1900 2417 1936 ³²ι
2453 1902 2741 1956 successit.
2782 1903 2896 1956 Rex
2933 1901 3103 1956 multa
3137 1900 3238 1956 sibi
3268 1901 3450 1955 muni-

1861 1994 2066 2049 tissima
2095 1995 2316 2049 castella
2361 1997 2667 2050 construxit
2711 1994 2764 2048 in
2809 1993 3057 2064 partibus
3105 1993 3356 2048 Saxonia:
3397 2000 3451 2048 et

1863 2087 2200 2158 Thuringiae,
2243 2095 2293 2141 ct
2318 2088 2520 2141 multas
2550 2087 2656 2141 sibi
2687 2087 3015 2142 munitiones
3052 2085 3253 2157 injuste
3295 2100 3453 2140 usur-

1861 2179 2034 2250 pavit;
2063 2181 2208 2236 unde
2230 2181 2529 2236 multorum
2559 2181 2776 2235 animos
2805 2188 2996 2235 contra
3016 2193 3074 2234 se
3103 2179 3377 2234 excitavit.

2486 2276 2812 2328 MLXXIII.

1932 2364 2244 2422 Roudolfus
2265 2365 2372 2422 dux
2396 2367 2755 2433 Alemanniaa,
2777 2375 2831 2421 et
2849 2366 3166 2423 Bertholfus
3197 2367 3308 2422 dux
3332 2368 3449 2422 Ka-

1858 2459 2214 2525 rinthiorum,
2247 2467 2302 2513 et
2330 2459 2486 2514 Welf
2503 2459 2612 2514 dux
2640 2460 2925 2530 Bajoariae,
2970 2477 2999 2516 a
3023 2476 3151 2532 rege
3183 2461 3446 2516 Heinrico

1856 2550 2256 2616 discesserunt;
2283 2551 2379 2620 qui
2401 2551 2520 2605 aliis
2550 2551 3062 2608 subintroeuntibus
3092 2553 3442 2622 consiliariis,

1858 2659 2019 2698 suum
2051 2643 2340 2698 consilium
2387 2643 2529 2712 apud
2574 2659 2756 2715 regem
2788 2660 2900 2699 non
2932 2645 3109 2700 valere
3151 2662 3442 2716 perspexe-

1857 2745 2004 2792 runt.
2037 2735 2407 2792 Theodericus
2436 2749 2619 2790 comes
2649 2737 2945 2805 peuitcntia
2987 2737 3184 2792 ductus
3227 2753 3324 2807 pro
3361 2737 3445 2792 fa-

1856 2831 2041 2885 cinore
2071 2829 2224 2901 quod
2253 2830 2306 2883 in
2337 2829 2558 2883 beatum
2591 2828 2982 2884 Chounradum
3031 2829 3446 2885 Trevirensibus

1856 2924 2143 2995 praesulem
2172 2923 2492 2994 deputatum
2523 2921 2821 2984 commisit,
2853 2915 2978 2977 licet
3008 2922 3178 2976 multa
3208 2923 3444 2992 pericula

1857 3017 2158 3080 obstarent,
2186 3017 2397 3072 ardenti
2429 3024 2615 3071 tamen
2646 3014 2756 3071 ﬁde
2785 3031 2911 3070 cum
2943 3015 3062 3071 aliis
3084 3015 3269 3071 multis
3289 3019 3443 3072 Jero-

222 3112 445 3168 Francia
479 3112 619 3167 civili
658 3112 871 3166 laborat
897 3109 1194 3166 discordia.
1237 3111 1370 3167 Otto
1407 3109 1520 3164 dux
1560 3110 1741 3182 Bajoa-
1769 3120 1812 3183 ρ
1848 3113 2098 3168 solimam
2128 3111 2275 3182 cepit
2312 3111 2411 3166 ire.
2445 3112 2550 3180 Qui
2576 3126 2701 3166 cum
2731 3125 2882 3165 mare
2913 3109 3124 3181 navigio
3152 3109 3437 3175 intrarent,

140 3207 248 3262 riae
275 3206 383 3278 regi
411 3205 672 3261 Heinrico
702 3205 946 3271 rebellat,
975 3213 1030 3260 et
1061 3207 1314 3274 Magnus,
1352 3204 1496 3259 filius
1520 3204 1744 3259 Ottonis

139 3301 304 3356 ducis
333 3301 582 3355 Saxonia:
615 3299 970 3370 aquilonialis.
1017 3301 1110 3353 Set
1151 3315 1244 3353 rex
1291 3298 1612 3368 prmdictum
1641 3299 1742 3354 0t-

138 3403 366 3458 tonem,
383 3408 511 3448 cum
532 3393 772 3464 legitime
796 3391 866 3446 ad
887 3389 1314 3445 satisfactionem
1336 3399 1558 3445 vocatus
1575 3391 1742 3446 nollet

134 3487 355 3555 venire,
383 3485 588 3542 ducatu
624 3484 874 3556 privavit.
914 3483 1310 3553 Meginliardus
1349 3492 1543 3553 sponte
1587 3483 1739 3538 dere-

129 3581 306 3650 liquit
351 3581 684 3649 Augiensem
743 3577 1052 3640 abbatiam;
1113 3584 1237 3646 post
1297 3592 1463 3646 quem
1513 3577 1738 3647 quidam

128 3673 498 3744 Rondpertus
527 3672 746 3743 indigne
773 3670 950 3725 eidem
981 3669 1212 3725 abbatize
1235 3668 1542 3739 praefectus,
1576 3669 1739 3740 digne

128 3767 507 3840 postmodum
545 3775 628 3822 est
652 3764 906 3836 expulsus
943 3769 1145 3830 (1292).
1180 3763 1410 3834 Hiemps
1434 3771 1657 3820 ventosa
1683 3771 1740 3819 et

124 3860 411 3934 pluvialis.

807 3952 1074 4006 MLXXI.

217 4043 370 4100 Welf
393 4044 499 4099 dux
531 4043 796 4114 Bajoarim
823 4043 1073 4099 efﬁcitur.
1105 4043 1392 4098 Heinricus
1415 4058 1509 4098 rex
1534 4044 1738 4100 multas

115 4138 366 4197 insidias
398 4152 611 4208 passus,
649 4137 874 4192 viriliter
896 4152 1091 4191 omnes
1128 4135 1392 4191 transivit.
1446 4138 1508 4190 ln
1541 4145 1733 4207 pente-

118 4242 295 4289 coste
336 4232 514 4301 (1293)
554 4233 709 4296 Otto,
750 4229 1080 4301 jampridem
1125 4228 1236 4283 dux
1283 4228 1572 4300 Bajoarize,
1605 4245 1733 4284 cum

119 4324 306 4384 sociis
345 4325 456 4380 suis
500 4325 609 4397 regi
655 4323 913 4378 Heinrico
943 4322 1009 4378 ad
1051 4322 1588 4402 deditionem_venit
1636 4337 1734 4378 sua

117 4427 356 4490 sponte,
401 4434 546 4473 anno
588 4418 656 4473 ab
692 4417 1061 4472 incarnatione
1103 4417 1324 4471 Domini
1379 4423 1531 4483 1071,
1581 4417 1732 4486 regni

1849 3206 2026 3260 subita
2065 3213 2389 3276 tempestate
2436 3203 2831 3271 circumventi,
2879 3204 3174 3274 statimque
3217 3204 3440 3259 obtene-

1851 3299 2004 3353 brata
2047 3298 2131 3352 die
2182 3314 2288 3368 quo
2341 3298 2482 3352 irent
2524 3298 2745 3363 incerti,
2791 3298 2975 3352 celesti
3022 3298 3226 3352 lumine
3262 3297 3442 3368 sepius

1849 3391 2236 3446 exhilarantur.
2271 3389 2480 3445 Deinde
2520 3407 2633 3444 non
2666 3391 2781 3461 jam
2827 3399 3060 3445 mortem
3094 3391 3146 3444 in
3193 3391 3440 3460 periculis

1849 3484 2123 3550 timentes,
2147 3492 2232 3538 set
2249 3484 2410 3538 vitam
2445 3491 2705 3538 aeternam
2733 3483 3188 3553 praemeditantes,
3214 3485 3439 3539 marinis

1848 3577 2107 3632 ﬂuctibus
2151 3575 2433 3632 emundati
2482 3592 2510 3631 a
2542 3584 2887 3647 peccatorum
2919 3575 3194 3643 sordibus,
3228 3577 3439 3647 migra-

1847 3679 2041 3725 verunt
2069 3670 2139 3725 ad
2185 3671 2512 3733 Dominum,
2567 3675 2629 3723 13
2673 3669 2907 3724 Kalend.
2956 3669 3193 3723 Martii:
3242 3670 3440 3741 quippe

1846 3763 2216 3820 Theodericus
2245 3778 2431 3818 comes
2453 3804 2466 3829 ,
2499 3761 2799 3828 Widerolt,
2830 3764 3126 3825 Marcuart,
3158 3778 3283 3817 cum
3314 3763 3437 3817 aliis

1850 3863 1968 3912 113.
2003 3861 2200 3912 Romae
2223 3855 2532 3912 Alexander
2559 3871 2693 3927 papa
2723 3854 2975 3910 decessit.
3003 3857 3110 3910 Pro
3136 3871 3244 3926 quo
3271 3871 3436 3910 vene-

1847 3951 2034 4006 rabilis
2067 3949 2501 4016 Hildebrandus,
2530 3952 2802 4004 Romamn
2840 3949 3070 4004 ecclesiae
3093 3948 3440 4004 archidiaco-

1844 4060 1978 4110 nus,
2029 4044 2314 4099 communi
2373 4043 2625 4098 omnium
2687 4041 2916 4098 consilio
2967 4042 3241 4111 expetitur
3300 4057 3437 4112 papa

1845 4137 2279 4192 constituendus.
2329 4139 2452 4206 Quo
2497 4135 2685 4190 audito
2728 4136 2845 4206 ipse
2895 4134 3346 4198 archidiaconus,
3379 4147 3436 4188 se

1845 4229 2047 4284 viribus
2077 4245 2193 4283 esse
2237 4229 2506 4298 imparem
2554 4235 2707 4282 tanto
2741 4227 2971 4292 honori,
3021 4228 3198 4281 immo
3247 4227 3432 4292 oneri,

1842 4329 2120 4390 reputans,
2168 4319 2416 4374 iuducia
2452 4319 2818 4390 respondendi
2871 4319 3046 4388 petiit,
3095 4327 3149 4372 et
3193 4318 3273 4373 sic
3309 4316 3436 4389 fuga

1842 4416 2075 4485 elapsus,
2106 4413 2317 4484 aliquot
2354 4411 2472 4467 dies
2501 4411 2569 4467 ad
2612 4412 2842 4466 Vincula
2873 4411 3046 4464 sancti
3078 4409 3220 4464 Petri
3249 4410 3432 4464 occul-

119 4520 325 4569 autcm
357 4512 599 4566 Heinrici
638 4517 719 4576 I5,
750 4510 924 4566 aetatis
953 4525 1079 4563 vero
1096 4510 1212 4580 ejus
1240 4513 1328 4573 3",
1359 4509 1654 4564 indictione
1678 4517 1732 4574 9,
1764 4494 1814 4555 Ι)
1845 4515 1988 4562 tatus
2021 4507 2196 4561 latuit.
2229 4509 2323 4562 Set
2350 4505 2574 4561 tandem
2606 4504 2694 4558 vix
2733 4503 3007 4568 inventus,
3039 4509 3097 4557 et
3123 4501 3190 4556 ad
3213 4511 3435 4573 aposto-

117 4605 307 4662 tercia
346 4604 475 4660 feria
507 4603 752 4675 ejusdem
799 4601 1147 4666 ebdomadae,
1195 4609 1260 4656 18
1290 4602 1526 4657 Kalend.
1577 4603 1727 4657 Julii.

119 4699 379 4756 Karolus
437 4698 529 4768 qui
583 4696 1057 4752 Constanticnsem
1111 4695 1483 4765 episcOpatum
1545 4712 1730 4767 symo-

1841 4603 1999 4657 licam
2027 4599 2214 4655 sedem
2237 4600 2288 4652 vi
2319 4598 2636 4668 perductus,
2662 4612 2799 4667 papa
2827 4601 2980 4650 159‘"
3002 4594 3078 4630 ³³³
3101 4594 3383 4652 ordinatur
3403 4603 3433 4652 7

1844 4693 2079 4749 Kalend.
2119 4693 2248 4748 Maii
2281 4691 2378 4758 ⁵³³,
2409 4699 2463 4746 et
2501 4689 2802 4761 Gregorius
2830 4692 2985 4743 Vll'“
3013 4689 3315 4760 appellatur
3340 4689 3431 4744 ³³⁸.

1432 4821 1578 4873 VAR
1591 4823 1609 4873 1
1621 4823 1679 4874 ΑΞ
1718 4819 2137 4874 LECTIONES.

212 4927 279 4961 ³¹⁶
305 4930 517 4997 reliqua
542 4929 683 4982 anni
703 4929 810 4980 alio
835 4930 1134 4980 atramento
1160 4928 1216 4997 in
1247 4927 1492 4997 margine
1522 4924 1740 4997 adjecta
1763 4932 1888 4980 sunt
1919 4935 1966 4980 1.
1997 4927 2089 4980 sed
2114 4925 2386 4979 habentur
2411 4927 2573 4978 etiam
2619 4928 2672 4977 in
2701 4929 2752 4977 2.
2784 4929 2835 4977 3.
2867 4926 2916 4978 4.
2957 4917 3035 4997 4ξ).
3068 4923 3140 4962 ³¹⁷
3162 4927 3345 4997 primo
3367 4925 3433 4975 1i-

120 5015 238 5054 nea
264 5003 319 5053 in
349 4995 455 5054 Ioc—0
476 5016 605 5053 raso
643 5008 684 5052 1.
724 5005 783 5054 at
807 4999 1000 5053 eadem
1024 5001 1081 5050 in
1114 4995 1339 5065 reliquis
1370 4996 1652 5050 habentur.

1726 4996 1798 5032 ³⁸⁸
1845 4998 1974 5068 inp.
2020 4999 2185 5066 paulo
2209 5003 2329 5065 post
2367 4997 2557 5068 additu
2596 5004 2638 5050 1.
2684 4997 2876 5048 desunt
2907 4998 2957 5049 3.
2992 4995 3084 5068 3'97
3109 4993 3438 5066 symoniacae

121 5087 277 5125 corr.
309 5073 626 5141 symoniace
660 5079 701 5124 1.
743 5070 814 5103 ³²⁰
846 5072 961 5124 Vll.
994 5072 1062 5124 Κ.
1107 5070 1177 5121 Μ.
1203 5067 1722 5141 ειιρνιι-ιέηηαάάίιᾳ
1754 5074 1810 5130 1;
1847 5065 2126 5141 etudsunt
2159 5071 2213 5120 in
2243 5069 2482 5135 reliquis.
2510 5065 2573 5099 ³²¹
2617 5067 2947 5141 leothmarus
2985 5073 3036 5121 2.
3075 5065 3348 5141 lenmarus
3379 5068 3430 5141 3_.

120 5143 210 5179 ³³³
254 5134 466 5197 CLVII.
513 5144 701 5196 addito
741 5143 762 5196 ι
800 5141 907 5194 alio
945 5134 1338 5194 atramento—1.
1371 5137 1442 5172 ³³³
1488 5140 1584 5192 Vll
1619 5139 1740 5192 Kal.
1789 5139 1914 5194 Maii
1947 5142 2055 5194 alio
2109 5134 2405 5193 atra-mento
2434 5140 2690 5192 Bernoldi
2729 5146 2906 5192 tamen
2954 5154 3120 5191 manu
3159 5134 3353 5187 addita
3387 5139 3432 5185 1.

115 5213 338 5268 adsunt
375 5216 426 5267 3.
464 5213 653 5267 desunt
680 5218 732 5266 2.
771 5217 824 5268 4.
855 5205 930 5265 4b.
983 5211 1047 5244 ³³⁸
1078 5213 1365 5280 Hucusquc
1411 5208 1706 5264 Bernoldus
1739 5214 1920 5280 primo
1959 5214 2251 5281 scripsisse,
2281 5210 2404 5263 dein
2451 5226 2599 5264 anno
2635 5215 2790 5264 1074.
2841 5226 2960 5279 qua:
2982 5210 3104 5276 jam
3135 5209 3434 5272 sequuntur

1666 5353 1896 5408 NOTAE.

115 5285 416 5340 addidisse
441 5285 675 5340 videtur.

111 5461 458 5534 tinguebant
487 5477 616 5534 ergo
657 5458 1152 5534 scriptoresmedii
1185 5461 1285 5515 zcvi
1329 5459 1476 5534 diem
1513 5459 1733 5534 Pascha

115 5530 382 5604 quolibet
411 5530 846 5589 annouvariantis
879 5550 906 5587 τι
940 5531 1030 5586 die
1075 5532 1486 5586 resurrectionis
1514 5530 1568 5585 in
1612 5533 1730 5585 Ka-

114 5603 399 5661 lendariis
425 5605 491 5660 ad
511 5606 561 5660 d.
598 5611 661 5660 27
687 5605 868 5660 Martii
897 5604 1024 5657 ﬁxo.
1059 5605 1187 5658 Uss.

209 5680 393 5741 (1290)
426 5678 524 5731 [)ie
553 5683 618 5731 2'7
651 5677 816 5738 Julii;
842 5673 912 5729 cf.
944 5673 1160 5728 Dunod.
1202 5673 1348 5728 Hist.
1381 5672 1450 5728 de
1481 5673 1719 5744 I’Eglise,

114 5745 261 5802 ville
287 5756 342 5800 et
369 5747 589 5803 diocese
617 5747 684 5802 de
710 5751 993 5820 Besancon
1023 5747 1064 5810 l,
1092 5761 1146 5815 p.
1201 5751 1324 5810 104,
1352 5759 1474 5816 sqq.

208 5822 392 5884 (1291)
423 5821 584 5889 Hugo
615 5820 687 5872 Il.

1915 5464 2094 5526 (1292)
2124 5461 2351 5531 Grcgor.
2381 5459 2596 5531 Regist.
2632 5461 2678 5525 Ι,
2710 5463 2802 5512 82.

1913 5554 2096 5614 (1293)
2123 5551 2190 5602 D.
2230 5555 2286 5603 I2
2306 5550 2437 5602 Jun.

1900 5639 2088 5700 (1294)
2125 5635 2317 5703 Mansi,
2346 5645 2388 5690 t.
2419 5635 2556 5700 XX,
2587 5648 2640 5702 p.
2678 5635 2763 5684 10.

1902 5728 2080 5788 (1295)
2107 5725 2167 5778 In
2198 5727 2243 5779 Ν
2251 5723 2522 5793 ecrologio
2543 5719 2757 5775 obitum
2780 5715 2895 5788 ejus
2918 5714 3028 5772 diei
3049 5721 3084 5771 9
3108 5715 3239 5771 Kal.
3264 5718 3434 5773 Mart.

1832 5814 2074 5886 assignat
2096 5811 2420 5870 Bernoldus.
