3988 6188
484 283 614 337 1371

1488 275 1579 328 ΑΙ)
1615 272 1844 328 OPERA
1882 271 1938 327 S.
1979 269 2297 326 GREGORII
2334 270 2769 326 APPENDICES.

3653 277 3778 330 1372

482 405 652 478 Cujus
679 401 994 476 prudentia,
1021 413 1134 454 non
1176 398 1358 454 solum
1399 398 1458 453 in
1490 397 1644 470 italia
1691 405 1775 452 set
1801 398 1970 451 etiam
2019 397 2072 450 in
2108 400 2159 462 Α
2188 404 2404 452 cretum
2435 405 2519 452 est
2556 411 2584 451 a
2624 395 2888 468 Gregorio
2917 411 3076 468 papa,
3111 405 3169 452 ut
3207 396 3389 452 clerici
3428 397 3677 467 aliquem
3703 412 3774 453 sr-

485 497 805 556 Teutonicis
848 493 1128 565 partibus,
1173 490 1442 547 relrenata
1485 499 1569 547 est
1611 490 1958 546 sacerdotum
1987 489 2076 544 in-

483 589 838 650 continentia.
872 587 1088 643 Scilicet
1115 585 1260 658 quod
1293 588 1662 658 prmdecessor
1691 586 1808 656 ejus
1837 585 1892 640 in
1923 584 2076 639 Italia

483 685 780 760 prohibuit,
815 681 919 737 hoc
947 681 1062 752 ipse
1093 680 1148 734 in
1183 688 1297 734 tota
1341 679 1606 735 catholica
1637 679 1851 736 ecclesia
1886 677 2078 749 prohi-

484 779 611 835 bere
638 775 868 832 studuit.
899 776 1038 830 Tota
1077 773 1378 844 Thuringia
1420 781 1475 828 et
1502 773 1738 828 Saxonia
1770 771 1883 843 regi
1913 770 2080 826 Hein-

481 873 598 928 rico
636 869 921 937 rebellant,
956 876 1180 938 propter
1209 867 1494 938 praedictas
1524 867 1863 921 munitiones
1901 874 1955 920 et
1977 864 2078 919 alia

482 965 655 1022 multa
691 979 815 1034 quae
858 971 1049 1017 contra
1079 962 1416 1016 voluntatem
1465 959 1708 1031 ejusdem
1762 959 1949 1030 populi
1984 975 2078 1012 rex

485 1061 544 1116 in
571 1073 764 1114 eorum
795 1056 1016 1128 regione
1056 1054 1186 1109 fecit
1219 1053 1538 1108 inconsulte.
1571 1052 1926 1124 Eggehardus
1955 1060 2077 1106 tan-

487 1153 616 1210 dem
644 1151 812 1207 abbas
854 1149 1155 1220 Augiensis
1183 1147 1440 1215 efﬁcitur,
1488 1154 1543 1201 et
1573 1162 1602 1201 a
1634 1145 1895 1218 prmdicto
1941 1161 2080 1216 papa

486 1249 686 1303 Romae
713 1252 1082 1301 consecratur.

1123 1336 1442 1390 MLXXIV.

560 1433 853 1488 Heinricus
875 1446 968 1486 rex
999 1429 1318 1485 absentibus
1344 1427 1429 1483 sui
1460 1429 1614 1500 regni
1647 1425 1986 1499 principibus
2013 1441 2079 1481 eo

492 1534 652 1599 pacto
700 1525 1018 1597 paciﬁcatur
1063 1539 1192 1578 cum
1236 1521 1579 1589 Saxonibus,
1633 1529 1693 1575 ut
1747 1519 2082 1576 munitiones

490 1620 766 1692 praedicta:
808 1618 1238 1684 destruerentur,
1274 1623 1499 1686 propter
1527 1629 1661 1686 quas
1713 1612 1912 1669 seditio
1963 1622 2083 1668 orta

492 1722 597 1781 est,
628 1728 754 1785 quae
773 1721 828 1768 et
853 1720 1044 1782 postea
1068 1719 1196 1765 sunt
1216 1709 1529 1766 destructa}.
1560 1707 1872 1763 Roudolius
1901 1706 2011 1762 dux
2031 1715 2086 1762 et

491 1807 658 1863 ceteri
691 1806 1112 1862 reconciliantur
1142 1805 1275 1877 regi.
1304 1806 1424 1859 Hoc
1449 1812 1697 1872 tempore
1742 1801 1902 1872 legati
1934 1800 2080 1856 sedis

491 1901 804 1972 apostolicae
835 1901 890 1954 in
919 1899 1303 1954 Alemanniam
1331 1897 1398 1952 ad
1428 1912 1616 1970 regem
1653 1911 1869 1963 venere,
1901 1910 1998 1965 pro
2021 1893 2087 1927 ⁸³⁵

493 1995 664 2066 ipsius
689 1996 833 2065 regis
862 1993 1109 2048 moribus
1138 1991 1496 2063 corrigendis.
1527 1993 1587 2045 In
1613 2005 1857 2061 quorum
1890 2003 2089 2043 manus

497 2103 555 2144 se
613 2104 706 2143 rex
744 2088 858 2158 ipse
901 2087 1002 2141 sub
1053 2085 1408 2140 correctionis
1455 2084 1748 2156 sponsione
1777 2082 2087 2148 commisit,

495 2195 765 2252 suumque
793 2179 1051 2235 auxilium
1071 2179 1277 2234 domno
1310 2178 1614 2248 apostolico
1643 2175 1711 2230 ad
1738 2173 2091 2245 deponendos

499 2274 845 2344 symoniacos
891 2272 1206 2326 ﬁrmissime
1249 2270 1518 2340 promisit.
1571 2270 1678 2339 Ipsi
1727 2269 1896 2322 etiam
1947 2268 2091 2338 regis

499 2365 792 2420 consiliarii
831 2380 1024 2418 omnes
1061 2379 1148 2418 res
1189 2363 1524 2417 ecclesiarum
1570 2362 1769 2432 injuste
1797 2361 2091 2431 acquisitas

495 2473 554 2514 se
582 2456 912 2523 reddituros,
945 2469 1133 2511 coram
1158 2455 1368 2510 eisdem
1400 2455 1591 2527 legatis
1614 2455 1715 2510 sub
1743 2463 2090 2509 sacramento

498 2551 833 2622 promisere;
879 2549 1076 2621 quippe
1123 2549 1215 2619 qui
1265 2547 1488 2603 easdem
1537 2563 1624 2602 res
1687 2564 1716 2601 a
1763 2547 2092 2618 symoniacis

500 2651 772 2710 emerunt,
803 2642 1028 2697 consilio
1063 2657 1162 2696 suo
1202 2641 1428 2697 eosdem
1462 2641 1717 2712 indignos
1745 2640 1813 2696 ad
1853 2641 2090 2696 ecclesia-

498 2737 704 2793 sticum
733 2736 1000 2791 honorem
1034 2733 1367 2806 adjuvando.
1402 2735 1504 2788 His
1548 2735 1618 2788 ita
1659 2735 1968 2805 dispositis,
2012 2735 2092 2788 le-

497 2830 609 2903 gati
639 2829 783 2885 sedis
813 2829 1127 2901 apostolicae
1147 2828 1434 2883 redierunt
1457 2827 1526 2865 ³²⁶
1553 2833 1755 2893 (1296).
1787 2831 2092 2883 Hereman-

499 2938 605 2979 nus
652 2922 930 2985 marchio,
962 2922 1105 2976 ﬁlius
1131 2921 1204 2972 ³³7
1244 2922 1483 2977 Bertaldi
1527 2921 1702 2987 ducis,
1736 2921 1972 2976 Cluniaci
2002 2938 2093 2976 an-

500 3017 731 3088 gelicam
781 3016 951 3070 vitam
1013 3013 1407 3086 perfectissime
1453 3015 1718 3086 arripiens
1770 3013 1856 3083 3'7,
1910 3014 2092 3070 adhuc

2184 507 2404 545 crorum
2431 491 2691 545 ordinum
2729 489 2959 559 gradum
2989 491 3066 544 vel
3094 489 3335 547 ofﬁcium
3361 491 3553 562 precio
3585 491 3774 562 adepti.

2185 584 2438 656 deinceps
2482 586 2536 639 iu
2579 585 2790 640 azclesia
2838 601 2952 638 non
2979 583 3314 649 ministrent,
3356 601 3473 639 non
3507 585 3771 640 ecclesiam

2185 678 2365 749 precio
2389 677 2727 748 adquisitam
2761 678 2952 750 aliquis
2975 679 3227 745 retineat,
3258 694 3358 732 nec
3383 676 3660 748 deinceps
3695 681 3777 733 ali-

2187 772 2273 826 cui
2308 771 2578 827 aeclesiam
2604 771 2842 827 vendere
2872 773 2950 826 vel
2980 786 3160 826 emere
3203 771 3377 826 liceat.
3415 770 3640 826 Deinde
3671 782 3728 826 ut
3756 789 3781 827 δ

2187 865 2423 922 clericali
2446 864 2631 920 ofﬁcio
2668 874 2899 926 cessent.
2929 863 3264 937 quicumque
3309 881 3365 920 se
3408 881 3513 936 per
3553 866 3783 921 inconti-

2187 960 2428 1015 nentiam
2459 958 2908 1030 reprehensibiles
2945 957 3220 1013 exhibent.
3253 962 3417 1026 Item,
3450 968 3514 1013 ut
3557 961 3785 1030 populus

2187 1054 2516 1108 clericorum
2552 1051 2734 1107 ofﬁcia
2775 1052 3088 1107 nullatenus
3126 1051 3364 1122 recipiat,
3405 1069 3557 1125 quos
3588 1054 3787 1124 pradi-

2188 1157 2303 1202 ctas
2357 1147 2680 1216 apostolicas
2740 1146 3118 1201 institutiones
3175 1155 3541 1201 contemnere
3616 1150 3788 1217 perci-

2190 1241 2302 1312 piat
2332 1244 2534 1305 (1300).
2565 1243 2684 1294 Rex
2715 1239 3041 1294 Wormatiae
3070 1238 3268 1308 pascha
3308 1239 3640 1305 celebravit,
3675 1251 3788 1310 post

2186 1342 2540 1405 pentecosten
2568 1333 2868 1390 exercitum
2915 1333 2973 1388 in
3025 1332 3314 1387 Saxoniam
3360 1336 3694 1405 promovit,
3739 1336 3794 1389 ia

2191 1444 2299 1500 qua
2318 1427 2661 1498 expeditione
2688 1425 3101 1483 innumerabilis
3131 1425 3436 1481 multitudo
3467 1432 3500 1480 5
3531 1425 3671 1482 ldus
3701 1430 3793 1483 Jn—

2191 1522 2268 1576 nii
2288 1521 2441 1592 juxta
2472 1519 2682 1577 ﬂumen
2719 1520 2943 1575 nomine
2969 1521 3242 1575 Unstrout
3270 1521 3560 1591 utrimque
3591 1521 3798 1576 cecide-

2193 1623 2342 1682 runt,
2373 1623 2427 1670 et
2456 1614 2612 1669 multi
2648 1629 2713 1669 ex
2742 1612 3053 1669 Saxonibus
3077 1614 3188 1684 regi
3220 1614 3288 1668 ad
3324 1612 3682 1669 deditionem
3714 1631 3798 1668 re-

2195 1717 2412 1764 nerunt.
2458 1707 2746 1763 Detwinus
2784 1706 3145 1761 Leodicensis
3190 1707 3487 1778 episcopus
3533 1707 3794 1772 decessit;

2195 1803 2282 1858 cui
2340 1801 2632 1858 Heinricus
2680 1800 2958 1856 successit.
3021 1805 3184 1855 Anno
3241 1801 3572 1856 venerabilis
3639 1801 3793 1856 Colo-

2196 1896 2395 1951 niensis
2440 1894 2900 1966 archiepiscopus,
2947 1894 3105 1950 miras
3145 1895 3476 1960 sanctitatis,
3527 1895 3798 1966 requievit

2198 1991 2249 2044 in
2281 2005 2412 2061 pace
2458 1995 2490 2044 2
2534 1993 2720 2045 Nonas
2749 1987 3102 2054 Decembris;
3151 1987 3241 2043 cui
3282 1987 3579 2053 Hiltoll‘us,
3629 1989 3800 2060 impar

2197 2098 2390 2156 genere
2417 2091 2472 2139 et
2494 2082 2762 2149 moribus,
2795 2082 3073 2137 successit.

2827 2177 2882 2230 Μ
2889 2177 3122 2231 LXXVI
3133 2220 3144 2230 .

2268 2273 2387 2326 Rex
2426 2271 2666 2326 natalem
2704 2270 2928 2326 Domini
2965 2268 3217 2324 Goslarie
3245 2267 3578 2334 celebravit,
3622 2268 3796 2339 ibique

2199 2364 2472 2437 quosdam
2497 2365 2679 2436 jurare
2710 2362 3000 2434 compulit,
3033 2370 3092 2417 ut
3116 2361 3294 2416 ﬁlium
3325 2362 3448 2433 ejus
3471 2371 3602 2433 post
3627 2363 3797 2432 ipsum

2201 2459 2463 2529 eligerent
2493 2457 2562 2512 ad
2588 2473 2842 2528 regnum.
2877 2457 2979 2510 His
3006 2456 3350 2526 temporibus
3377 2471 3481 2510 rex
3519 2456 3798 2510 Heinricus

2201 2568 2297 2623 per
2323 2553 2703 2622 symoniacam
2734 2550 2966 2604 heresim
2995 2557 3244 2605 sanctam
3274 2549 3602 2604 aeoclesiam
3629 2548 3798 2604 fedare

2199 2661 2309 2700 non
2347 2645 2594 2710 cessavit,
2635 2644 2843 2698 scilicet
2871 2659 2966 2714 pro
3009 2644 3193 2714 precio
3222 2643 3606 2714 episcopatus,
3644 2643 3798 2697 abba-

2200 2739 2324 2807 tias,
2349 2747 2404 2793 et
2431 2739 2532 2793 alia
2564 2737 2881 2809 hujusmodi
2913 2735 3274 2802 investiendo,
3313 2745 3370 2791 et
3397 2737 3555 2792 inter
3573 2736 3680 2792 alia
3704 2738 3796 2792 cri«

2202 2832 2351 2888 mina
2393 2832 2559 2887 etiam
2601 2831 3087 2887 excommunicatis
3129 2830 3634 2887 communicando.
3673 2831 3788 2886 Cin-

2200 2925 2307 2980 tius
2339 2925 2406 2964 ³³ι
2433 2925 2653 2997 quidam
2675 2928 2960 2980 Romanus
2980 2925 3136 2992 civis,
3163 2925 3502 2995 Gregorium
3535 2941 3734 2996 papam
3751 2927 3802 2978 in

2199 3019 2284 3074 die
2307 3019 2504 3074 natalis
2534 3018 2756 3074 Domini
2784 3019 3082 3073 missarum
3112 3017 3382 3072 solemnia
3429 3017 3799 3073 celebrantem

499 3109 838 3174 adolescens,
865 3124 1034 3164 uxore
1055 3117 1110 3163 et
1132 3109 1298 3164 unico
1324 3108 1439 3162 ﬁlio
1462 3117 1518 3162 et
1536 3108 1792 3163 omnibus
1822 3123 1945 3180 qute
1972 3125 2092 3180 pos-
2129 3131 2174 3194 ρ
2201 3111 2650 3184 comprehendit;
2680 3127 2844 3183 quem
2871 3113 2944 3166 ita
2973 3111 3447 3181 comprehensum
3482 3112 3716 3182 quidam
3745 3127 3805 3166 ex

501 3202 715 3258 sederat
751 3201 1022 3256 derelictis
1059 3201 1153 3268 ³³⁸,
1199 3217 1325 3257 vere
1366 3201 1692 3270 monachus,
1737 3203 1994 3274 migravit
2022 3202 2090 3259 ad

500 3295 826 3362 Dominum,
857 3302 888 3350 7
922 3295 1160 3351 Kalend.
1188 3295 1320 3350 Maii
1349 3301 1556 3361 (1297).

1153 3391 1445 3445 MLXXV.

572 3483 864 3539 Heinricus
910 3499 1004 3538 rex
1067 3483 1404 3538 nativitatem
1458 3483 1683 3538 Domini
1741 3483 2094 3555 Argentoraci

502 3575 654 3637 fecit.
692 3562 1107 3648 Expeditionem
1137 3577 1193 3631 in
1236 3576 1533 3633 Saxoniam
1577 3577 1872 3632 ordinavit.
1919 3579 2097 3632 Here-

499 3685 737 3724 mannus
763 3669 1214 3742 Babinbergcnsis
1244 3673 1551 3742 episcopus,
1584 3687 1614 3725 a
1643 3672 1856 3726 clericis
1885 3672 1995 3726 suis
2023 3669 2096 3706 3'9

506 3777 606 3832 pro
645 3763 940 3817 simoniaca
971 3763 1153 3819 heresi
1190 3773 1504 3832 accusatus,
1551 3780 1579 3818 a
1611 3781 1751 3836 papa
1777 3764 2096 3834 deponitur,

503 3854 594 3908 cui
615 3853 930 3908 Roubertus
951 3855 1322 3910 substituitur.
1352 3859 1653 3928 Gregorius
1681 3874 1820 3928 papa
1845 3859 1897 3912 in
1922 3860 2098 3928 prima

505 3943 809 4016 epdomada
865 3946 1302 4018 quadragesimae
1365 3949 1622 4004 sinodum
1686 3953 1880 4005 Romae
1933 3950 2099 4005 colle-

504 4039 583 4111 git
611 4041 817 4106 (1208),
846 4038 904 4093 in
933 4053 1037 4108 qua
1065 4054 1293 4094 causam
1326 4040 1564 4094 Heinrici
1586 4041 1658 4074 ³³⁰
1687 4042 1959 4112 Spirensis
1989 4044 2103 4114 epi-

505 4131 675 4202 scopi,
723 4140 807 4186 set
833 4131 1138 4197 simoniaci,
1184 4133 1539 4188 examinavit.
1574 4135 1679 4204 Qui
1712 4134 1826 4205 ipsa
1855 4135 1943 4190 die
1971 4152 2100 4191 cum

505 4225 914 4281 examinaretur
941 4241 1104 4281 causa
1143 4225 1262 4298 ejus
1302 4230 1524 4294 Romae,
1574 4227 1628 4282 id
1670 4237 1752 4283 est
1781 4235 1815 4283 6
1861 4229 2098 4285 Kalend.

504 4319 714 4384 Marcii,
755 4319 1070 4375 inﬁrmatus
1101 4328 1188 4376 est
1207 4320 1404 4392 Spirae,
1440 4320 1536 4376 sed
1567 4321 1766 4376 deinde
1793 4327 1827 4376 4
1866 4324 2094 4379 Kalend.

505 4413 684 4467 Martii
717 4413 1100 4469 miserabiliter
1128 4415 1418 4484 expiravit,
1450 4415 1670 4485 quando
1691 4425 1744 4470 et
1768 4432 1796 4470 a
1828 4419 2098 4495 Gregorio

2201 3207 2468 3261 militibus
2490 3206 2735 3277 ejusdem
2761 3205 2922 3262 Cintii
2951 3205 3198 3261 occidere
3218 3205 3527 3260 destinavit.
3553 3207 3654 3260 Set
3674 3222 3804 3260 cum

2201 3299 2438 3370 gladium
2468 3315 2632 3370 super
2658 3309 2824 3370 caput
2849 3299 2966 3371 ejus
2986 3299 3228 3367 libraret,
3261 3299 3428 3354 nimio
3446 3308 3650 3354 terrore
3672 3314 3801 3353 cor-

2201 3401 2387 3466 reptus
2425 3393 2652 3461 corruit,
2681 3409 2782 3448 nec
2810 3395 3090 3465 inceptum
3121 3393 3300 3448 ictum
3354 3393 3573 3464 explere
3597 3394 3795 3464 potuit.

2205 3488 2414 3544 Cintius
2435 3496 2621 3543 autem
2653 3503 2850 3559 papam
2880 3489 2937 3542 in
2965 3489 3162 3542 turrim
3193 3503 3353 3542 suam
3381 3497 3618 3558 captum
3637 3486 3802 3543 dedu-

2205 3582 2301 3645 Xit,
2346 3597 2468 3653 quae
2507 3582 2689 3637 statim
2717 3597 2746 3635 a
2785 3581 3057 3636 Romanis
3085 3581 3304 3652 penitus
3351 3580 3714 3651 dilapidatur,
3754 3592 3802 3636 et

2207 3690 2344 3747 papa
2389 3674 2687 3746 prudenter
2729 3675 2978 3746 eripitur,
3023 3675 3114 3746 qui
3162 3681 3217 3728 et
3253 3689 3355 3729 suo
3393 3675 3615 3746 captori
3651 3677 3738 3730 vix
3773 3692 3800 3729 a

2208 3769 2474 3824 Romanis
2503 3769 2672 3823 vitam
2717 3768 3044 3839 impetravit.
3075 3769 3215 3824 Cum
3245 3777 3437 3824 autem
3483 3785 3588 3824 rex
3633 3770 3801 3840 sepius

2206 3862 2318 3934 jam
2348 3861 2555 3916 dudum
2585 3878 2614 3916 a
2648 3877 2784 3932 papa
2817 3863 3176 3931 praemonitus
3205 3877 3261 3917 se
3302 3863 3592 3934 corrigere
3623 3863 3797 3926 nollet,

2207 3964 2261 4012 et
2303 3971 2438 4026 papa
2472 3957 2526 4009 in
2558 3955 2907 4010 admonendo
2944 3955 3016 4009 nil
3065 3955 3380 4026 proﬁceret,
3435 3955 3505 4012 ad
3551 3957 3791 4012 ultimum

2209 4047 2490 4103 mandavit
2518 4048 2587 4113 ei,
2618 4047 2763 4120 quod
2793 4048 2848 4102 in
2888 4050 3138 4104 Romana
3167 4048 3366 4103 sinodo
3395 4057 3534 4104 tunc
3561 4051 3786 4120 proxima

2207 4158 2334 4197 eum
2394 4142 2974 4198 excommunicaturus
3039 4150 3204 4210 esset,
3273 4141 3382 4196 nisi
3446 4144 3781 4214 resipisceret.

2205 4237 2341 4304 Quae
2373 4235 2570 4306 legatio
2600 4235 2653 4288 in
2693 4235 2903 4290 octavis
2944 4235 3169 4289 Domini
3210 4234 3276 4289 ad
3306 4251 3503 4306 regem
3530 4235 3779 4306 pervenit.

2207 4328 2367 4383 Unde
2399 4345 2488 4382 rex
2524 4333 2706 4394 (1301)
2743 4329 2796 4382 in
2831 4329 3235 4398 septuagesima
3261 4327 3332 4367 ³³³
3360 4330 3512 4400 apud
3552 4331 3800 4384 Worma—

2211 4421 2342 4475 tiam
2383 4421 2658 4492 colloquio
2689 4421 2862 4490 facto,
2895 4429 2954 4477 et
2982 4422 3090 4476 alio
3139 4422 3194 4477 in
3225 4423 3624 4490 Longobardia
3667 4423 3800 4494 apud

508 4521 642 4576 papa
670 4505 964 4562 difﬁnitam
993 4522 1108 4563 suae
1135 4507 1513 4563 damnationis
1551 4509 1877 4564 sententiam
1910 4511 1964 4564 in
1998 4492 2100 4566 lto-
2134 4492 2182 4552 D
2213 4515 2566 4579 Placentiam,
2599 4530 2793 4569 omnes
2839 4531 2977 4586 quos
3027 4516 3203 4585 potuit
3245 4515 3627 4572 obedientiam
3674 4492 3805 4588 pra-

505 4612 672 4654 mana
712 4599 907 4655 sinodo
959 4602 1169 4671 excepit
1197 4606 1399 4668 (1299).
1435 4605 1495 4658 In
1522 4601 1718 4658 eadem
1763 4603 1959 4659 sinodo
2003 4605 2098 4660 dc-

2205 4607 2357 4662 dicto
2383 4624 2537 4679 papa:
2568 4609 2932 4663 exhibendam
2960 4609 3211 4680 abjurare
3239 4608 3395 4678 fecit,
3444 4619 3503 4666 et
3532 4612 3708 4666 missa
3737 4613 3812 4666 le-

1801 4735 2045 4792 VARl/E
2084 4738 2501 4794 LECTIONES.

579 4850 650 4886 δύ

515 4921 580 4955 ³³⁷
608 4923 643 4976 f.
679 4921 730 4976 b.
761 4921 818 4976 d.
857 4929 905 4977 et
938 4940 984 4977 a.
1025 4941 1074 4976 ν.

675 4867 724 4934 p.
755 4853 793 4934 ἱζ
810 4865 850 4904 r.
879 4869 951 4934 m.
978 4869 1022 4907 c.
1049 4858 1106 4906 tn
1138 4855 1243 4908 loco
1274 4871 1402 4934 raso
1425 4857 1607 4911 eadem
1635 4862 1811 4912 tamen
1836 4877 2014 4934 manu
2044 4869 2112 4924 l.,
2136 4867 2183 4917 et
2205 4865 2403 4917 adsunt
2427 4867 2484 4918 in
2512 4867 2757 4934 reliquis.
2786 4864 2858 4901 ³³⁸
2880 4865 3006 4919 hinc
3031 4865 3156 4920 inde
3177 4866 3332 4919 aliud
3357 4869 3736 4921 atramentum
3773 4873 3813 4919 1.

1119 4940 1168 5005 p_.
1195 4942 1261 5005 a.‘
1287 4929 1343 5005 in
1380 4929 1487 5005 loco
1504 4944 1667 5005 __7'aso
1700 4936 1750 4984 1.
1782 4933 1874 5005 sed
1897 4935 2099 5005 eadem,
2128 4951 2292 4988 manu
2326 4942 2374 4989 et
2403 4937 2601 4990 adsunt
2627 4929 2684 4990 in
2723 4938 2966 5005 reliquis.
3004 4936 3077 4971 ³³⁸
3120 4937 3170 4990 is
3203 4940 3259 4989 in
3293 4937 3398 4990 loco
3422 4954 3544 4990 raso
3586 4944 3638 4992 1.
3667 4939 3746 4986 ³³9
3770 4954 3814 4991 a.

514 4993 580 5048 cl.
620 5009 660 5049 ε.
699 4995 891 5049 desunt
927 5001 980 5048 2.
1021 4994 1090 5028 ³³⁰
1123 4997 1264 5050 deest
1307 5001 1358 5052 3.
1393 4997 1457 5033 33‘
1495 4993 2142 5060 Cintius—celebrantem
2179 5009 2234 5059 in
2278 5008 2384 5061 loco
2422 5024 2565 5070 raso,
2597 5009 2689 5063 sed
2724 4993 2909 5063 eadem
2953 5025 3118 5062 manu
3153 5014 3206 5063 1.
3243 5007 3313 5043 ³³³
3361 5010 3635 5063 LXXma
3666 5027 3738 5081 ap
3773 5018 3817 5062 1.

2040 5131 2254 5185 NOTAE
2269 5171 2281 5182 .

579 5248 764 5310 (1296)
797 5243 1049 5315 Gregorii
1084 5245 1204 5308 VII,
1235 5247 1442 5314 Regist.
1484 5250 1529 5313 l,
1563 5254 1665 5315 85;
1693 5251 1766 5316 li,
1799 5257 1886 5306 30.

583 5320 764 5380 (1297)
784 5323 838 5369 6.
866 5317 990 5371 Kal.
1015 5318 1087 5370 M.
1123 5318 1345 5371 Necrol.
1380 5319 1660 5374 Bernoldi.

584 5390 762 5457 (1298)
799 5387 973 5457 Miansi
1004 5389 1144 5453 XX,
1175 5403 1230 5457 p.
1260 5393 1389 5444 443.

583 5455 762 5535 (i299)
912 5459 1101 5535 eadem
1132 5455 1242 5512 fere
1278 5460 1458 5535 verba
1473 5459 1529 5514 in
1570 5462 1799 5533 epistola
1843 5463 1913 5518 de
1941 5464 2099 5522 dam-

510 5528 732 5604 natione
773 5528 1246 5604 schismaticorum
1288 5547 1380 5604 ap.
1410 5528 1748 5604 Ussermann
1791 5535 1981 5591 Prodr.
2027 5540 2099 5604 ll,

513 5612 568 5665 p.
601 5602 706 5675 266
730 5603 1121 5675 et_apol_ogiam
1151 5617 1261 5675 pro!
1284 5603 1576 5658 Gebhardo
1603 5608 1792 5660 Const.
1825 5621 1911 5675 ep.
1944 5602 2099 5672 ibid.,

517 5684 567 5736 p.
604 5673 850 5722 379-382
880 5689 892 5722 :
933 5673 998 5724 Ut
1023 5677 1200 5726 autem
1226 5673 1597 5729 damnatorias
1621 5673 1914 5730 sententias
1937 5683 2105 5734 nostri

517 5740 800 5820 apostolici
815 5745 864 5792 et
878 5742 1062 5820 ﬁssilis
1083 5746 1353 5820 principis
1383 5748 1744 5820 apostolorum
1772 5764 1932 5817 super
1956 5750 2102 5803 Ann-

514 5811 661 5862 m’am
687 5815 737 5862 et
762 5811 1048 5878 Saphiram
1073 5817 1202 5880 pari
1235 5811 1472 5882 efﬁcacia
1506 5819 1706 5884 pollere
1730 5811 1854 5872 non-
1865 5822 2099 5887 dubites,

2215 5257 2612 5310 dmmmt-tonem
2652 5259 2920 5326 Spirensis
2951 5260 3276 5328 eptscopiiet
3303 5263 3528 5312 mortem
3560 5260 3690 5328 ejus
3718 5267 3818 5313 sta-

2214 5328 2359 5400 diose
2384 5329 2700 5400 corcsideres,
2735 5337 2836 5382 etc.
2876 5327 3107 5400 Reliqua
3128 5327 3302 5383 habes
3327 5345 3493 5399 supra
3528 5327 3711 5400 lmjus
3736 5346 3814 5384 vo-

2215 5397 2434 5452 luminis
2453 5401 2557 5453 col.
2594 5405 2750 5454 1170.

2288 5469 2471 5538 (1300)
2508 5473 2738 5594 Apolog.
2770 5469 2976 5526 decret.
3007 5471 3200 5542 Greg.,
3224 5470 3330 5550 col.
3362 5473 3528 5524 1107.

2288 5545 2464 5594 (1301)
2505 5545 2548 5594 Ε
2574 5578 2588 5592 .
2633 5542 2921 5594 epistolam
2960 5542 3027 5594 de
3061 5542 3413 5594 damnatione
3445 5542 3528 5594 sel

2287 5545 2464 5613 (1301)
2505 5542 2588 5595 Cf.
2633 5542 2921 5613 epistolam
2960 5542 3027 5597 de
3061 5542 3413 5597 damnatione
3445 5542 3816 5598 schismatiea-

2214 5627 2338 5664 rum
2369 5611 2472 5665 col.
2515 5611 2682 5673 1169,
2707 5613 2798 5668 ubi
2844 5629 2893 5667 e.
2938 5630 2986 5683 ε.
3018 5613 3135 5668 hac
3173 5614 3432 5683 leguntur
3464 5630 3476 5665 :
3522 5619 3695 5668 Anno

2213 5688 2306 5736 tur
2327 5683 2605 5757 dominicae
2642 5687 3025 5740 incantationes
3049 5686 3654 5757 1076,_Grego-r_ioil'11
3676 5701 3807 5757 papa

2212 5756 2269 5828 in
2307 5756 2595 5828 apostolica
2622 5757 2748 5811 sede
2771 5759 3078 5824 constituto,
3105 5755 3335 5826 Reliqua
3367 5754 3494 5808 vide
3523 5754 3701 5828 hujus
3726 5754 3810 5809 vo-

2215 5824 2440 5880 luminis
2479 5826 2584 5880 col.
2619 5833 2780 5882 1169.

2327 5943 2360 5952 ς
