4052 6196
278 315 411 369 1373

1176 309 1462 368 APPEND.
1505 312 1592 367 Ill.
1632 342 1704 352 —
1739 312 2157 369 MONUMENTA
2196 315 2652 405 GRFGORIANA.

3426 325 3444 395 pl
3462 321 3563 375 1m

273 438 497 511 gatioue
537 438 605 494 ad
651 443 962 496 Romanam
1008 436 1299 506 sinodum‘,
1342 450 1469 509 quae
1508 437 1561 493 in
1618 438 1866 510 proxima
1895 441 1948 503 A
1976 438 2137 495 Unde
2156 447 2210 495 et
2237 455 2372 511 papa
2404 440 2592 496 missis
2622 440 2815 513 legatis
2851 441 3187 513 principibus
3204 445 3367 515 regni
3389 444 3565 500 decla-

272 532 686 605 quadragesima
716 532 985 588 celebrata
1014 539 1097 586 est
1119 538 1324 599 (1302),
1373 532 1555 602 ipsum
1599 531 1862 602 apostoli-

272 640 400 680 cum
427 625 497 679 ab
534 626 829 696 apostolica
870 623 999 680 sede
1026 626 1429 681 contumaciter
1452 624 1612 695 jussit
1634 624 1861 681 descen-

273 718 403 775 dere
435 722 636 786 (1303).
694 720 790 775 Set
828 719 977 773 missi
1031 718 1148 790 ejus
1199 719 1517 790 turpissime
1559 718 1616 773 in
1667 718 1862 774 sinodo

274 812 486 868 tractati
504 854 519 879 ,
545 812 631 866 vix
661 828 691 867 a
715 812 1012 879 Romanis,
1042 812 1334 884 adjuvaute
1360 828 1495 885 papa
1512 851 1528 879 ,
1558 820 1862 868 evaserunt.

272 908 458 978 Ipsum
486 913 670 961 autem
691 921 901 977 regem,
930 905 1122 961 sinodo
1148 905 1453 973 indicante,
1490 906 1747 962 ﬁdelitate
1771 905 1867 961 ho-

272 1000 505 1066 minum,
534 1015 705 1072 regno
733 1006 788 1054 et
809 999 1198 1055 communione
1229 1001 1484 1071 privavit,
1516 1009 1570 1055 et
1598 1015 1788 1055 omnes
1818 1000 1863 1054 ei

274 1093 343 1149 ad
368 1108 606 1165 regnum
654 1094 881 1165 juratos
902 1093 1221 1165 juramento
1277 1093 1525 1149 absolvit.
1553 1095 1865 1165 Omnesque

272 1189 578 1259 episcopos,
616 1187 725 1259 qui
755 1187 867 1259 regi
911 1196 1107 1258 sponte
1143 1196 1331 1243 contra
1373 1204 1571 1259 papam
1603 1187 1863 1253 faverant,

273 1280 461 1338 officio
491 1290 547 1337 et
565 1281 959 1337 communione
982 1281 1252 1351 privavit;
1287 1281 1501 1353 reliquis
1534 1290 1743 1349 autem,
1770 1282 1865 1354 qui

274 1376 427 1430 inviti
459 1374 634 1430 eidem
686 1374 1072 1446 couSpirationi
1104 1374 1423 1443 intererant,
1461 1390 1634 1446 usque
1662 1375 1730 1431 ad
1782 1375 1863 1430 fe-

270 1469 577 1524 stivitatem
597 1468 767 1523 sancti
789 1468 934 1523 Petri
960 1468 1201 1525 indutias
1220 1468 1375 1525 dedit
1393 1472 1596 1535 (1304).
1626 1467 1862 1525 Gotefri-

271 1563 375 1619 dus
420 1561 551 1629 dux,
613 1561 761 1617 ﬁlius
800 1560 1071 1618 Gotefridi
1125 1562 1298 1630 ducis,
1352 1563 1623 1635 particeps
1688 1563 1863 1619 immo

272 1664 461 1712 auctor
488 1656 814 1727 supradictae
836 1656 1270 1727 conspirationis,
1301 1658 1533 1728 turpiter
1561 1672 1591 1713 a
1622 1656 1862 1728 quodam

272 1765 452 1822 coquo
494 1765 591 1821 per
620 1750 921 1820 posteriora
962 1765 1091 1805 cum
1131 1750 1199 1807 ad
1246 1751 1613 1806 necessarium
1653 1750 1861 1807 sederet

275 1842 612 1909 vulneratus,
659 1850 788 1899 ante
832 1841 900 1877 ³³⁸
946 1843 1193 1899 medium
1239 1841 1306 1877 ³³⁸
1322 1844 1749 1916 quadragesimae
1780 1842 1865 1914 ,³³³
1897 1818 1947 1881 Β

274 1937 552 2008 expiravit.
605 1940 743 1993 Item
770 1938 1141 1994 Willihelmus
1169 1938 1537 2010 Trajectensis
1558 1939 1861 2009 episcopus,

274 2032 451 2086 multa
482 2032 537 2085 in
562 2032 929 2102 apostolicum
959 2032 1309 2099 conviciatus,
1342 2032 1623 2088 subitanea
1656 2041 1857 2101 morte,

275 2125 483 2196 absque
512 2125 861 2181 ecclesiastica
901 2126 1292 2181 communione
1328 2133 1451 2197 post
1477 2125 1546 2159 ³³⁵
1574 2125 1776 2197 pascha
1794 2124 1864 2159 ³³⁸

275 2219 571 2285 multatur;
620 2220 706 2275 cui
754 2219 1042 2276 Conradus
1097 2220 1446 2290 subrogatur.
1504 2224 1625 2275 Jam
1670 2234 1864 2274 omnes

273 2327 412 2382 pene
442 2311 710 2383 principes
736 2314 887 2384 regni
924 2331 955 2369 a
982 2313 1377 2368 communione
1412 2312 1648 2367 Heiurici
1680 2328 1739 2367 se
1767 2312 1861 2382 Ise-

273 2412 643 2475 questrarunt.
674 2408 869 2461 Mense
895 2406 1059 2476 igitur
1082 2406 1310 2461 Octobri
1355 2406 1688 2477 colloquium
1720 2405 1865 2477 apud

272 2497 579 2568 Openheim
610 2515 641 2554 a
672 2499 1005 2569 principibus
1032 2499 1185 2569 regni
1213 2499 1508 2570 colligitur,
1540 2500 1628 2554 cui
1667 2499 1864 2569 legatio

273 2590 420 2647 sedis
469 2592 786 2663 apostolicae
829 2590 1098 2647 interfuit.
1142 2591 1225 2645 lbi
1252 2591 1556 2659 Heinricus,
1585 2592 1639 2646 in
1670 2591 1863 2661 puriﬁ-

279 2685 554 2741 cationem
583 2694 791 2741 sanctae
816 2686 1005 2741 Maria:
1044 2693 1177 2740 tunc
1200 2686 1512 2756 proximam
1536 2700 1593 2740 se
1624 2700 1865 2754 praesen-

277 2778 505 2834 tandum
542 2779 747 2834 domno
794 2793 947 2850 papae
994 2777 1136 2849 apud
1185 2785 1495 2849 Augustam
1550 2777 1866 2834 ﬁrmissime

281 2873 546 2944 promisit.
593 2875 733 2928 Nam
782 2881 837 2927 et
874 2872 1001 2927 illuc
1030 2872 1298 2928 domuum
1341 2872 1705 2943 apostolicum
1750 2873 1867 2943 ipse

279 2983 404 3021 cum
436 2966 767 3038 principibus
795 2966 950 3038 regni
981 2967 1252 3022 invitavit.
1284 2968 1469 3020 Frater
1498 2965 1775 3021 Kadalaus
1802 2983 1867 3020 ex

283 3061 509 3115 seculari
539 3060 741 3115 milicia
770 3075 1091 3127 conversus,
1139 3064 1208 3115 ad
1237 3058 1661 3131 Opiuheimeuse
1693 3061 1866 3114 collo-

226 3191 233 3202 .
276 3155 467 3225 quium
502 3155 825 3225 legationem
878 3170 1015 3225 papa
1044 3153 1258 3220 detulit,
1290 3168 1455 3224 quam
1514 3153 1688 3208 eidem
1733 3156 1877 3209 mu!-

277 3255 398 3301 tum
424 3248 694 3319 egrotanti
736 3264 883 3319 papa
918 3248 973 3302 in
1002 3246 1377 3303 remissionem
1403 3247 1650 3301 omnium
1683 3264 1876 3318 pecca—

286 3348 474 3396 torum
496 3342 777 3412 imposuit.
810 3342 1040 3412 Expleta
1070 3342 1234 3413 igitur
1258 3341 1529 3413 legatione
1558 3340 1731 3396 frater
1758 3345 1873 3399 Ka-

278 3432 472 3489 dalaus
518 3443 769 3504 suscepto
829 3434 1088 3489 monachi
1138 3435 1358 3502 habitu,
1403 3434 1506 3489 sub
1566 3436 1874 3507 evangelica

279 3527 616 3598 perfectione
642 3526 909 3597 requievit
928 3528 982 3582 in
1010 3543 1159 3598 pace.

879 3623 1227 3676 MLXXVII.

350 3719 475 3771 Dux
511 3715 846 3771 Bolenorum
896 3719 1076 3781 (1305)
1116 3730 1173 3769 se
1226 3715 1282 3770 in
1333 3731 1517 3787 regem
1564 3716 1860 3772 coronavit.

279 3811 523 3865 Maxima
572 3809 666 3864 nix
703 3818 885 3864 totum
912 3824 1141 3880 regnum
1181 3825 1211 3864 a
1237 3814 1291 3863 2.
1320 3809 1557 3864 Kalend.
1598 3810 1863 3866 Novemb.

280 3904 409 3959 anui
440 3903 654 3973 prioris,
681 3918 855 3973 usque
903 3902 959 3956 in
990 3909 1019 3957 7
1048 3902 1285 3958 Kalend.
1315 3903 1516 3973 Aprilis
1544 3904 1673 3957 anni
1729 3919 1866 3974 prae-

281 3997 454 4051 sentis
482 3996 739 4051 obtinuit.
771 3995 1064 4051 Heinricus
1097 4011 1191 4050 rex
1219 3995 1416 4063 dictus,
1438 3998 1673 4067 propria;
1697 4013 1875 4052 causa:

281 4088 540 4145 difﬁdens
594 4098 650 4144 et
692 4089 899 4144 idcirco
936 4089 1248 4159 generalem
1288 4088 1625 4143 audientiam
1654 4090 1869 4144 subter-

284 4182 516 4254 fugieus,
561 4182 759 4238 furtive
788 4182 1003 4237 Italiam
1053 4189 1245 4235 contra
1272 4196 1422 4252 papae
1450 4191 1784 4252 praeceptum
1816 4192 1872 4237 et

283 4277 513 4332 concilia
558 4276 867 4348 principum
906 4274 1147 4341 intravit,
1189 4283 1244 4328 et
1283 4274 1578 4346 apostolico
1632 4274 1703 4329 ad
1741 4291 1873 4329 cou~

285 4370 496 4426 dictum
521 4370 667 4426 diem
698 4374 1006 4442 Augustam
1047 4368 1327 4437 tendenti,
1360 4376 1488 4423 ante
1537 4368 1871 4438 purificatio-

285 4480 413 4520 nem
461 4473 669 4521 sauctae
714 4466 906 4521 Maria:
953 4463 1177 4519 Canusii
1224 4461 1291 4496 ⁸³⁸
1321 4462 1562 4519 obviavit
1588 4467 1729 4530 (Jan.
1759 4468 1869 4530 28).

285 4558 402 4614 Ubi
433 4566 488 4613 et
515 4558 586 4613 ab
610 4574 674 4613 eo
713 4575 809 4629 per
833 4557 1092 4614 inauditae
1134 4556 1524 4612 humiliationis
1562 4557 1872 4613 simulatio-

282 4666 437 4717 nem,
482 4660 774 4722 utcumque
802 4652 1001 4722 potuit,
1045 4666 1156 4705 non
1194 4650 1370 4721 regni,
1413 4658 1495 4706 set
1522 4652 1873 4706 communio-

284 4745 372 4800 nis
398 4754 621 4801 tantum
650 4745 1058 4800 concessionem
1092 4744 1179 4798 vix
1209 4744 1437 4799 demum
1468 4742 1717 4809 extorsit,
1745 4744 1874 4799 dato

1968 528 2141 599 ravit,
2195 549 2254 589 se
2320 550 2519 605 parum
2577 532 2901 605 profecisse,
2969 536 3024 590 in
3071 551 3136 591 eo
3205 537 3351 607 quod
3410 538 3564 594 illum

1971 625 2029 680 in
2073 627 2517 685 communionem
2559 629 2850 700 receperit,
2914 644 3041 684 cum
3116 645 3312 686 omnes
3354 630 3420 663 ³³⁷
3470 648 3563 704 sy-

1972 720 2214 776 mouiaci
2254 721 2336 777 vel
2389 723 2851 778 excommunicati
2898 738 3010 778 non
3075 724 3258 779 minus
3304 734 3434 779 tunc
3487 725 3567 781 fo-

1974 821 2231 868 verentur
2294 814 2364 869 ab
2409 829 2475 871 eo
2530 832 2697 887 quam
2742 815 2974 887 pridem.
3024 817 3125 872 His
3170 833 3298 889 ergo
3336 818 3566 885 auditis,

1974 907 2221 978 princeps
2248 909 2404 978 regni
2448 910 2686 979 generali
2731 910 3004 980 colloquio
3048 911 3195 981 apud
3242 911 3567 968 Forecheim

1976 1006 2006 1055 3
2034 999 2166 1056 Idus
2204 1001 2385 1056 Martii
2416 1001 2603 1057 habito
2625 1042 2639 1069 ,
2671 1004 2953 1075 egregium
2978 1002 3176 1059 ducem
3225 1004 3565 1061 Roudolfum

1974 1094 2073 1150 sibi
2103 1094 2157 1149 in
2186 1111 2373 1167 regem
2399 1096 2786 1164 sublimaruut,
2812 1113 2979 1167 quem
3012 1098 3071 1151 in
3100 1104 3154 1151 7.
3185 1098 3311 1152 Kal.
3346 1099 3567 1169 Aprilis,

1973 1188 2067 1242 ubi
2099 1204 2165 1243 eo
2208 1204 2349 1244 anno
2394 1188 2640 1245 medium
2672 1189 3102 1263 quadragesima:
3143 1192 3402 1257 occurrit,
3449 1196 3565 1247 Mo-

1973 1281 2177 1352 gontiaa
2219 1281 2286 1315 ³³⁸
2323 1292 2674 1338 coronarunt.
2705 1284 2945 1339 Maxima
2988 1292 3174 1339 autem
3204 1285 3322 1347 uix,
3357 1300 3481 1355 qua
3505 1300 3568 1340 eo

1972 1391 2118 1431 anno
2148 1376 2362 1431 tamdiu
2382 1384 2559 1431 totam
2582 1385 2788 1432 terram
2814 1376 3038 1445 obtexit,
3066 1377 3125 1431 iu
3152 1377 3417 1432 electione
3442 1379 3567 1433 novi

1972 1469 2116 1541 regis
2139 1470 2333 1525 resolvi
2359 1470 2585 1525 tandem
2611 1471 2828 1541 incepit.
2864 1474 2925 1525 In
2955 1471 3039 1525 die
3058 1478 3249 1526 autem
3280 1486 3568 1526 consecra.

1972 1562 2140 1618 tionls
2172 1564 2290 1636 ejus
2331 1580 2428 1635 per
2452 1565 2856 1636 suggestionem
2882 1564 3319 1621 simoniacorum
3344 1566 3566 1621 clerico-

1974 1671 2099 1712 rum
2118 1659 2355 1714 maxima
2387 1658 2580 1715 seditio
2610 1658 2907 1730 Mogontiaa
2932 1666 3051 1714 orta
3078 1667 3181 1726 est,
3214 1660 3285 1714 ita
3313 1667 3375 1713 ut
3400 1658 3564 1713 etiam

1975 1751 2237 1822 palatium
2266 1754 2569 1823 irrumpere
2597 1753 2819 1819 vellent,
2869 1761 2922 1807 et
2961 1752 3401 1823 religiosissimos
3452 1753 3561 1807 clec

1976 1849 2121 1903 ricos
2149 1856 2205 1903 et
2231 1846 2532 1903 monachos
2556 1846 2823 1902 occidere.
2869 1846 2973 1902 Sed
2999 1846 3221 1901 dextera
3244 1847 3344 1901 Dei
3365 1846 3566 1901 milites

1975 1942 2097 1998 novi
2126 1941 2406 2013 principis,
2439 1940 2566 1996 licet
2590 1941 2849 2004 inermes,
2877 1940 2948 1995 ita
2972 1940 3228 2011 protexit,
3264 1947 3324 1993 ut
3348 1940 3565 1995 nullum

1975 2037 2073 2092 nisi
2120 2051 2293 2091 unum
2320 2050 2383 2090 ex
2420 2034 2534 2089 suis
2565 2034 2871 2106 perderent,
2914 2050 2978 2089 ex
3010 2033 3333 2088 adversariis
3384 2042 3569 2087 autem

1976 2130 2098 2202 plus
2123 2145 2292 2200 quam
2335 2137 2557 2183 centum
2590 2129 2791 2198 partim
2822 2126 2967 2182 ferro
2997 2128 3199 2198 partim
3226 2142 3361 2197 aqua
3406 2142 3570 2181 neca-

1975 2232 2115 2278 rent.
2151 2222 2359 2290 Quibus
2383 2222 2547 2277 etiam
2578 2236 2677 2291 pro
2712 2220 3028 2275 homicidiis
3071 2218 3388 2291 hujusmodi
3411 2236 3442 2275 a
3487 2220 3567 2275 le-

1974 2318 2110 2390 gatis
2155 2315 2468 2387 apostolicae.
2491 2313 2637 2369 sedis
2660 2313 2783 2368 talis
2817 2314 3109 2383 penitentia
3156 2314 3411 2384 imposita
3444 2321 3558 2381 est,

1976 2409 2261 2481 ut‘singuli
2292 2417 2388 2464 aut
2433 2414 2504 2463 40
2532 2407 2646 2463 dies
2665 2407 2995 2478 jejunarent,
3026 2415 3120 2461 aut
3177 2412 3247 2461 40
3294 2422 3561 2476 pauperes

1977 2503 2143 2558 semel
2170 2509 2479 2572 pascerent,
2501 2516 2602 2557 nec
2624 2509 2813 2556 tamen
2843 2500 3289 2555 (ecclesiasticam
3314 2513 3568 2553 commu-

1978 2596 2195 2650 nionem
2239 2595 2397 2664 quasi
2445 2593 2741 2648 homicidae
2811 2593 3063 2648 vitarent.
3105 2592 3417 2648 Roudolfus
3473 2608 3569 2647 rex

1977 2696 2101 2760 post
2127 2686 2595 2742 consecrationem
2627 2686 2685 2741 in
2722 2687 2975 2741 Sueviam
3010 2684 3290 2752 secedens,
3341 2698 3571 2757 regnum

1975 2783 2077 2838 sibi
2107 2780 2436 2852 subiugavit.
2468 2779 2695 2833 Interim
2712 2779 3001 2834 Heinricus
3028 2776 3426 2849 Lougobardize
3457 2794 3575 2834 mo-

1976 2878 2218 2938 rabatur,
2263 2874 2331 2930 ad
2379 2889 2544 2944 quem
2571 2871 2807 2938 Cincius,
2839 2872 2969 2926 civis
3029 2874 3339 2937 Romanus,
3389 2886 3573 2925 secum

1977 2971 2182 3026 ducens
2208 2976 2433 3037 captum
2474 2965 2843 3021 venerabilem
2889 2965 3202 3019 Cumanum
3227 2965 3567 3034 episcopum,

1977 3062 2203 3119 nomine
2229 3059 2614 3132 Reginaldum,
2645 3059 2872 3129 Papiam
2901 3059 3070 3120 venit,
3096 3058 3293 3128 quippe
3319 3072 3581 3112 remune-

1988 3157 2096 3212 rari
2134 3173 2163 3210 a
2214 3154 2478 3209 Heiurico
2510 3154 2716 3219 volens,
2763 3168 2829 3207 eo
2858 3152 3004 3228 quod
3043 3152 3099 3206 iu
3138 3151 3419 3206 servitium
3461 3151 3577 3223 ejus

1982 3250 2131 3306 hunc
2156 3248 2319 3304 modo
2341 3247 2659 3318 episcopum
2676 3253 2732 3302 et
2756 3247 2813 3300 in
2840 3245 3113 3317 praeterito
3136 3260 3279 3299 anno
3304 3245 3572 3299 domuum

1984 3344 2341 3415 apostolicum
2370 3342 2763 3413 captivaverat;
2817 3349 2898 3395 set
2939 3340 3013 3394 ibi
3067 3339 3349 3395 subitanea
3396 3348 3575 3393 morte

1984 3445 2319 3510 praeventus,
2352 3436 2595 3492 debitam
2620 3435 3124 3490 remunerationem
3147 3434 3378 3503 accepit,
3409 3447 3575 3503 quam

1980 3540 2064 3587 tot
2087 3530 2374 3603 sacrilegiis
2418 3528 2725 3600 promereri
2771 3544 2885 3583 non
2930 3527 3137 3583 timuit.
3186 3526 3477 3581 Heinricus
3511 3523 3581 3558 33°

1977 3625 2163 3681 audita
2207 3623 2548 3696 promotione
2579 3621 2859 3689 Roudolﬁ,
2890 3620 3157 3677 auxilium
3185 3634 3340 3691 papae
3379 3627 3571 3674 contra

1977 3719 2128 3774 illum
2173 3718 2507 3788 imploravit,
2539 3716 2669 3772 licet
2697 3714 3075 3785 supradictum
3101 3713 3417 3769 Ostiensem
3448 3711 3566 3780 epi-

1976 3827 2206 3881 scopum
2238 3812 2295 3866 iu
2322 3811 2576 3882 captione
2615 3808 2794 3864 adhuc
2821 3808 2996 3863 teneri
3028 3805 3348 3878 permiserit.
3403 3804 3575 3860 Unde

1977 3914 2030 3961 et
2059 3921 2197 3975 papa
2231 3904 2311 3958 illi
2351 3902 2655 3974 respondit,
2696 3917 2755 3956 se
2780 3917 2894 3956 non
2922 3916 3081 3972 posse
3112 3900 3231 3971 ejus
3260 3897 3577 3968 interpella-

1975 3998 2111 4054 tioui
2157 3996 2497 4068 satisfacere,
2546 3994 2807 4066 quamdiu
2837 3993 2984 4064 apud
3014 3993 3169 4047 illum
3219 4000 3445 4046 sanctus
3473 3992 3579 4045 Pe-

1977 4101 2097 4148 trus
2143 4092 2198 4147 in
2247 4091 2424 4161 legato
2454 4105 2555 4145 suo
2586 4088 2780 4159 ligatus
2823 4086 2891 4120 ³⁵⁰
2941 4094 3242 4143 teneretur.
3298 4087 3579 4140 Frustrata

1978 4187 2145 4258 igitur
2174 4184 2577 4255 supplicatione
2602 4198 2719 4247 sua,
2742 4181 2992 4236 animum
3019 4181 3074 4234 in
3103 4177 3429 4233 tirannidem
3448 4191 3576 4229 con-

1979 4279 2157 4345 vertit,
2203 4293 2305 4331 nec
2344 4292 2574 4346 regnum
2604 4278 2721 4344 jam
2752 4290 2848 4343 per
2886 4273 3180 4344 justiciam,
3212 4279 3297 4326 set
3326 4284 3423 4339 per
3454 4270 3575 4323 vio-

1980 4371 2204 4426 lentiam
2263 4368 2513 4423 obtinere
2556 4366 2831 4437 cogitavit.
2882 4369 2994 4419 Rex
3038 4362 3227 4419 autem
3269 4360 3579 4417 Roudolfus

1983 4463 2126 4535 apud
2182 4466 2489 4533 Augustam
2528 4457 2987 4531 gloriosissimum
3038 4456 3233 4527 pascha
3283 4454 3582 4509 celebravit

1984 4558 2148 4628 (Apr.
2186 4562 2271 4621 16)
2303 4571 2427 4610 cum
2472 4554 2666 4625 legatis
2696 4551 3009 4623 apostolicae
3038 4548 3208 4604 sedis.
3258 4551 3339 4603 Ex
3385 4548 3583 4619 quibus

1982 4667 2146 4718 unus,
2176 4648 2629 4723 religiosissimus
2660 4645 2869 4701 scilicet
2898 4643 3068 4698 abbas
3094 4642 3428 4709 Bernardus,
3466 4644 3579 4697 Ro-

1985 4761 2135 4801 mam
2163 4744 2413 4815 dirigitur
2433 4750 2514 4796 set
2534 4741 2600 4796 ab
2626 4738 2911 4794 Oudalrico
2942 4738 3146 4792 comite
3177 4741 3386 4803 (1306),
3421 4737 3583 4792 Heiu-

284 4847 467 4895 tamcu
499 4839 650 4910 prius
680 4846 1053 4905 sacramento,
1085 4846 1146 4892 ut
1190 4837 1258 4892 de
1307 4836 1530 4908 objectis
1559 4837 1876 4891 criminibus
1905 4870 1957 4931 Β
1985 4838 2081 4893 rici
2133 4836 2417 4906 complice,
2455 4842 2646 4905 captus
2675 4841 2733 4887 et
2762 4831 3057 4903 praedatus,
3089 4846 3294 4885 annum
3330 4845 3467 4901 pene
3499 4829 3575 4885 di-

285 4932 358 4987 ad
395 4933 667 5004 judicium
711 4948 863 5003 papw
891 4929 1249 4997 satisfaceret,
1282 4946 1381 4984 nec
1422 4945 1573 5001 papae
1602 4930 1686 4984 vel
1717 4930 1878 4985 alicui

288 5026 406 5097 ejus
446 5026 593 5081 ﬁdeli
648 5041 883 5096 usquam
924 5025 1076 5080 eunti
1107 5025 1187 5080 vel
1219 5022 1472 5079 redeunti
1502 5023 1735 5094 aliquam
1767 5040 1881 5079 mo-

288 5120 501 5175 lestiam
529 5118 720 5175 inferri
745 5118 1099 5174 consentiret.
1142 5120 1265 5173 Hoc
1291 5125 1475 5173 autem
1501 5119 1881 5190 juramentum

286 5229 390 5268 nec
444 5218 506 5267 15
530 5212 643 5267 dies
691 5211 1022 5278 observavit,
1049 5211 1221 5282 captis
1259 5211 1658 5266 venerabilibus
1684 5209 1750 5244 ³³⁵
1774 5212 1888 5282 epi-

288 5309 489 5381 scopis,
522 5307 759 5365 Geraldo
789 5307 1030 5363 Ostiensi
1062 5305 1151 5375 '3‘,
1217 5314 1272 5362 et
1312 5307 1571 5362 Auselmo
1627 5309 1879 5361 Lucensi.

1988 4930 2235 4986 midiavit
2276 4930 2330 4983 in
2372 4928 2707 4999 captivitate,
2737 4942 2901 4997 quem
2922 4925 3286 4981 Cluniacensis
3325 4925 3494 4980 abbas
3517 4923 3584 4983 de

1989 5024 2242 5080 manibus
2270 5021 2513 5078 Heinrici
2540 5022 2627 5076 vix
2656 5020 2882 5075 demum
2904 5020 3120 5090 eripuit.
3150 5022 3266 5073 Rex
3298 5018 3365 5055 3"
3397 5024 3583 5071 autem

1991 5128 2114 5193 post
2160 5116 2357 5191 pascha
2398 5115 2649 5189 generale
2695 5114 3029 5185 colloquium
3081 5112 3223 5185 apud
3271 5108 3586 5178 Ezzeliugiu

1991 5231 2119 5270 eum
2143 5211 2473 5285 principibus
2491 5208 2646 5281 regni
2676 5208 2892 5280 collegit
2912 5249 2924 5272 ,
2955 5223 3065 5279 quo
3092 5206 3292 5271 soluto,
3317 5204 3431 5273 ipse
3458 5217 3587 5256 cum

1993 5306 2298 5363 admodum
2338 5302 2525 5377 paucis
2558 5301 2629 5357 ad
2672 5301 3041 5359 obsidendum
3069 5295 3351 5369 quoddam
3390 5295 3592 5349 castel-

1569 5397 1814 5451 VARl/E
1844 5398 2264 5453 LECTIONES.

362 5484 431 5518 ⁸³⁸
456 5486 633 5541 noctis
662 5493 715 5542 3.
776 5484 843 5519 ³³³⁵
871 5500 1039 5554 supra
1077 5485 1173 5537 lin.
1214 5490 1258 5538 1.
1298 5553 1301 5554 ν
1338 5482 1405 5516 ³³⁸
1436 5485 1799 5539 venerabibus
1833 5493 1879 5540 1.

303 5555 371 5591 ³³³
400 5558 473 5610 Η.
506 5572 596 5612 rex
623 5563 675 5612 2.
759 5556 832 5603 “4°
862 5553 1070 5628 legatus
1102 5571 1238 5609 corr.
1272 5553 1469 5625 ligatus
1500 5562 1550 5611 1.
1618 5556 1684 5593 ⁸⁴¹
1716 5560 1786 5613 Β.
1816 5563 1869 5611 2.

1959 5485 2029 5522 ³³6
2053 5486 2288 5540 ostieuse
2321 5499 2460 5538 corr.
2489 5481 2711 5537 ostieusi
2746 5486 2796 5535 1.
2829 5478 2895 5513 ³³⁷
2932 5478 3076 5532 deest
3104 5481 3154 5529 3.
3232 5472 3299 5550 ἣδε
3344 5474 3488 5529 deest
3532 5480 3581 5528 3.

1808 5648 2045 5704 NOT/E.

366 5726 550 5797 (1302)
596 5727 773 5782 Mansi
808 5729 943 5792 xx,
975 5731 1101 5780 467.

368 5801 552 5864 (1303)
582 5799 720 5853 Vide
747 5799 853 5854 col.
908 5804 1059 5852 1169.

366 5874 549 5933 (1304)
579 5870 766 5939 Ofﬁcio
788 5899 849 5909 —
869 5870 1037 5923 dedit.
1072 5867 1241 5934 lbid.,
1266 5882 1317 5937 p.
1360 5871 1482 5923 22o.

2063 5730 2245 5791 (1305)
2265 5724 2551 5780 Boleslaus
2591 5724 2663 5777 II.

2060 5788 2239 5865 (-1306)
2272 5797 2335 5851 de
2361 5796 2666 5861 Lentzburg
2706 5788 2878 5845 addit.
2905 5795 2954 5843 3.
