4052 6196
627 251 760 302 1375

1619 243 1710 298 ΑΙ)
1749 243 1976 301 OPERA
2013 245 2068 300 S.
2109 244 2430 301 GREGORII
2469 243 2902 302 APPENDICES.
3692 259 3776 312 mo

620 373 738 428 lum
783 370 1036 444 perrexit.
1072 371 1166 423 Set
1214 383 1339 423 ecce
1384 383 1448 422 ex
1481 367 1781 439 improviso
1832 369 2046 425 emulus
2088 370 2208 441 ejus
2235 375 2289 437 Α
2320 385 2442 425 rum
2471 369 2772 437 funeribus,
2817 370 2875 424 in
2898 383 3124 440 corpore
3171 379 3224 426 et
3266 372 3442 428 anima
3476 383 3695 444 mortuus,
3727 397 3779 435 re-

624 466 906 522 Heinricus
931 477 1054 516 eum
1108 462 1343 516 maxima
1392 461 1742 517 multitudine
1773 463 2131 518 Boemiorum
2153 471 2206 516 et

620 558 1000 631 Bajoariorum
1039 554 1279 623 advenit,
1310 571 1448 627 quos
1475 571 1602 610 cum
1629 557 1799 623 rebus
1835 557 2205 612 aecclesiarum

621 653 912 720 derepente
964 647 1064 704 sibi
1101 664 1420 720 comparare
1463 650 1667 720 potuit;
1702 650 1904 722 quibus
1960 649 2200 705 libentis-

619 743 753 799 sime
781 759 872 798 rex
915 758 1040 797 cum
1090 743 1224 813 ipsis
1255 743 1439 813 paucis
1465 758 1605 813 quos
1635 759 1701 798 eo
1733 752 1978 814 tempore
2018 743 2205 798 habuit

617 836 908 904 obviasset,
943 837 988 890 si
1040 851 1150 890 non
1191 837 1457 907 principes
1480 836 1595 907 eius
1620 836 1720 891 hoc
1764 837 1820 891 in
1864 836 2017 891 aliud
2065 846 2207 893 tem-

617 946 718 1000 pus
738 929 1107 985 differendum
1132 929 1340 984 cautius
1356 929 1688 1000 judicarent.
1725 930 2016 986 Heinricus
2040 931 2206 1000 igitur

617 1032 839 1095 accepta
910 1024 1217 1091 occasione,
1257 1023 1443 1078 omnia
1495 1023 1922 1094 circumquaque
2000 1023 2201 1095 praeda,

612 1115 782 1185 ferro,
816 1125 870 1172 et
897 1117 1009 1188 igni
1045 1132 1158 1172 non
1205 1116 1432 1172 cessavit
1453 1116 1751 1182 devastare,
1783 1117 2036 1172 homines
2065 1133 2201 1188 quo-

612 1227 717 1283 que
745 1227 902 1266 more
929 1210 1199 1282 pecudum
1224 1210 1493 1280 captivare
1518 1209 1613 1264 ³⁵³.
1649 1213 1789 1265 Nam
1818 1208 2061 1265 fautores
2087 1212 2205 1282 ejus

612 1319 677 1358 ex
735 1303 976 1370 Boemia,
1021 1303 1271 1357 homines
1311 1303 1566 1358 libentius
1594 1319 1758 1374 quam
1791 1303 2027 1374 pecudes
2060 1319 2202 1374 prae-

612 1396 905 1464 dabantur,
955 1404 1017 1450 ut
1043 1412 1136 1452 eos
1165 1412 1338 1466 usque
1375 1396 1444 1451 ad
1490 1397 1801 1452 satietatem
1839 1412 1952 1453 suae
1991 1396 2203 1452 libidini

611 1489 930 1545 inhumanae
958 1490 1371 1558 prostituerent,
1404 1499 1457 1544 et
1493 1499 1676 1558 postea
1718 1489 2078 1546 inhumanius
2109 1507 2202 1547 eos

613 1581 984 1653 Cinocepbalis
1012 1581 1352 1637 devorandos
1375 1559 1691 1637 venderent.
1714 1586 1830 1637 Rex
1850 1592 2030 1638 autem
2061 1588 2205 1640 Rou-

612 1674 814 1741 dolfus,
863 1675 1132 1731 celebrato
1190 1684 1502 1745 pentecoste
1558 1675 1703 1747 apud
1773 1678 1964 1732 cellam
2033 1679 2205 1733 sancti

2315 465 2647 534 portabatur.
2713 467 2962 536 Augusto
3021 480 3203 521 mense
3254 466 3366 537 jam
3407 483 3530 537 pene
3567 477 3774 540 transacto,

2315 557 2602 613 Heinricus
2640 572 2770 614 cum
2823 558 3254 615 scismaticorum
3281 560 3600 618 multitudine
3644 568 3782 636 procin-

2312 659 2463 708 ctum
2511 651 2579 684 ³⁸⁸
2619 652 2673 706 in
2722 651 3008 707 Saxoniam
3039 667 3350 723 promovere
3400 654 3608 712 decrevit
3639 661 3778 728 (Ana),

2313 746 2394 801 cui
2434 744 2748 801 Roudolfus
2777 761 2874 800 rex
2915 743 2983 778 3“
3009 760 3133 801 cum
3156 747 3448 803 Saxonibus
3475 765 3618 820 usque
3650 753 3781 807 Herbi-

2311 840 2481 910 polim
2515 839 2735 894 obviam
2761 839 3053 910 processit,
3083 847 3137 894 et
3166 840 3389 895 eandem
3412 841 3604 911 urbem,
3627 843 3705 898 sibi
3733 861 3786 900 re-

2312 930 2632 999 bellantem,
2663 932 2902 999 obsedit;
2921 949 3033 1004 quo
3063 932 3194 988 dum
3215 933 3398 989 ﬁdeles
3436 935 3537 1006 ejus
3565 951 3619 990 ex
3650 939 3780 992 Sueria

2312 1033 2682 1094 properarent,
2699 1025 2756 1078 in
2777 1024 3094 1080 Heinricum
3116 1024 3235 1096 ejus
3249 1026 3483 1081 emulum
3506 1025 3781 1094 offenderunt,

2311 1117 2456 1187 quia
2483 1115 2613 1172 facie
2642 1133 2831 1172 eorum
2861 1118 3136 1183 secedens,
3171 1118 3288 1188 plus
3331 1135 3483 1190 quam
3515 1129 3692 1175 centum
3722 1121 3783 1174 ho-

2313 1209 2488 1264 mines
2538 1211 2594 1264 in
2638 1226 2748 1264 una
2783 1211 3016 1278 aaclesia,
3069 1210 3125 1265 id
3169 1219 3250 1265 est
3293 1211 3432 1281 apud
3460 1212 3712 1267 Wizinloch
3743 1212 3785 1245 ⁸⁴⁶

2311 1305 2516 1370 (1308),
2547 1302 2651 1357 sibi
2677 1303 3070 1367 resistentium,
3113 1305 3472 1360 concremavit
3507 1306 3660 1376 sicque
3693 1306 3784 1358 ultra

2312 1398 2532 1450 Renum
2579 1394 2821 1467 fugiens,
2871 1396 2939 1451 ab
2970 1397 3186 1467 incepto
3223 1397 3405 1452 itinere
3432 1397 3592 1452 ﬁdeles
3609 1397 3714 1469 regis
3729 1397 3786 1453 di-

2314 1497 2521 1544 vertere
2560 1505 2673 1544 non
2714 1490 2909 1560 potuit.
2960 1493 3039 1546 Eo
3070 1498 3316 1561 tempore
3355 1507 3478 1562 papa
3507 1491 3680 1562 utrique
3710 1491 3782 1561 regi

2312 1597 2375 1636 ex
2396 1590 2547 1652 parte
2575 1583 2744 1637 sancti
2772 1583 2909 1637 Petri
2940 1584 3193 1654 praecepit
3221 1592 3280 1638 ut
3308 1592 3508 1638 treuvas
3541 1583 3597 1638 ad
3621 1583 3782 1638 invicem

2315 1673 2572 1741 facerent,
2601 1685 2656 1731 et
2677 1676 2978 1732 adventum
3017 1677 3134 1748 ejus
3155 1676 3224 1732 ad
3247 1677 3549 1732 Teutonicas
3569 1685 3706 1746 partes
3723 1692 3782 1745 pro

613 1767 820 1823 Aurelii
869 1771 1012 1836 (Jun.
1058 1770 1110 1835 4)
1143 1773 1351 1836 (1307),
1385 1770 1622 1840 legatum
1650 1769 1923 1840 quendam
1953 1771 2018 1825 ad
2069 1788 2204 1842 apo-
2237 1787 2284 1848 Β
2315 1767 2621 1824 dirimenda
2654 1769 2746 1824 lite
2773 1785 2882 1824 non
2915 1770 3274 1840 impedirent,
3324 1770 3411 1825 sed
3436 1770 3637 1825 debitum
3665 1769 3783 1823 consi-

611 1862 866 1917 stolicum
896 1861 1109 1927 direxit,
1142 1869 1197 1916 et
1232 1863 1344 1932 ipse
1375 1863 1431 1916 in
1458 1864 1748 1918 Saxoniam
1779 1865 2100 1934 properavit.
2125 1867 2204 1920 Eo

613 1963 861 2027 tempore
905 1938 1191 2011 Heinricus
1234 1955 1490 2026 imposita
1536 1956 1638 2011 sibi
1671 1972 1872 2012 corona
1929 1958 2072 2029 apud
2099 1959 2204 2015 Ul-

616 2065 784 2116 mam,
813 2049 1168 2105 interdictum
1195 2065 1425 2121 regnum
1473 2052 1782 2122 usurpavit;
1818 2052 1910 2106 ubi
1951 2060 2006 2108 et
2059 2068 2204 2124 prae-

615 2143 822 2199 dictum
848 2145 1116 2198 comitem
1148 2144 1532 2209 Oudalricum,
1562 2153 1625 2199 ut
1656 2144 1721 2178 ³⁵³
1753 2146 1954 2215 optime
1988 2161 2204 2216 prome-

613 2237 806 2304 ritum,
839 2238 1269 2306 inbeneﬁciavit,
1301 2254 1365 2292 eo
1390 2239 1539 2309 quod
1569 2239 1934 2294 venerabilem
1951 2239 2203 2295 abbatem

613 2330 976 2394 Bernardum,
1007 2331 1287 2401 apostolici
1327 2331 1587 2404 legatum,
1633 2331 1812 2386 adhuc
1840 2333 1899 2387 in
1949 2334 2203 2403 captione

613 2422 898 2477 cruciaret.
944 2423 1301 2478 Vercellensis
1336 2440 1552 2495 quoque
1604 2426 1918 2496 episcopus,
1963 2424 2200 2496 depositi

620 2515 765 2585 regis
817 2516 1188 2584 cancellarius,
1229 2534 1356 2573 cum
1419 2518 1694 2574 omnibus
1722 2520 1837 2574 suis
1879 2520 2202 2591 sequacibus

614 2610 870 2681 generale
898 2610 1237 2681 colloquium
1265 2613 1409 2668 circa
1438 2612 1712 2668 Kalendas
1745 2611 1872 2667 Maii
1902 2613 1956 2666 in
1980 2615 2200 2667 Runca-

499 2767 519 2786 ’
609 2701 752 2757 libus
779 2702 1042 2769 condixit,
1067 2712 1125 2758 ut
1165 2705 1209 2759 si
1237 2705 1417 2776 aliquo
1448 2707 1615 2760 modo
1641 2713 1845 2774 posset,
1873 2705 2200 2775 Gregorium

608 2811 805 2866 papam
838 2796 1152 2867 deponeret.
1208 2797 1313 2853 Sed
1367 2799 1481 2868 ipse
1519 2798 1584 2852 ad
1623 2797 1859 2852 eundem
1899 2799 2196 2854 terminum

609 2889 814 2960 absque
857 2892 1228 2946 mcclesiastica
1277 2890 1665 2945 communione
1705 2890 1869 2944 vitam
1923 2891 2084 2946 simul
2144 2901 2198 2947 et

605 2982 973 3053 episcopatum
1004 2985 1108 3039 heu
1135 2982 1514 3038 miserabiliter
1539 2982 1807 3052 deposuit,
1843 2999 1951 3054 quo
1981 2984 2066 3039 ille
2103 3000 2195 3056 pa-

604 3092 732 3148 pam
772 3075 976 3132 nefaria
1024 3075 1448 3148 praesumptione
1493 3076 1684 3130 statuit
1729 3075 2016 3147 deponere.

2312 1862 2450 1917 lium
2487 1870 2542 1917 et
2585 1863 2854 1918 auxilium
2895 1863 2963 1918 ad
2991 1863 3096 1919 hoc
3125 1864 3230 1917 iter
3253 1863 3298 1918 ei
3343 1863 3624 1933 praeberent.
3645 1861 3782 1932 Legatis

2307 1963 2498 2010 autem
2528 1956 2664 2023 suis,
2695 1957 2788 2026 qui
2811 1955 2992 2012 adhuc
3031 1957 3088 2012 in
3117 1956 3425 2012 Teutonicis
3446 1956 3643 2028 partibus
3665 1968 3782 2009 mora-

2307 2047 2524 2115 bantur,
2574 2050 2851 2119 praacepit,
2883 2058 2945 2104 ut
2984 2066 3052 2105 ex
3079 2049 3300 2106 duobus
3344 2050 3539 2121 regibus
3571 2049 3689 2103 illum
3723 2062 3782 2100 ex-

2309 2142 2801 2209 communicarent,
2831 2144 2922 2213 qui
2952 2142 3234 2214 praedictas
3271 2142 3508 2214 legationi
3549 2157 3639 2196 non
3659 2137 3779 2194 obedi-

2308 2243 2411 2298 ret,
2455 2234 2802 2291 obedientem
2834 2252 2958 2291 vero
2988 2253 3052 2291 ex
3079 2245 3238 2307 parte
3280 2237 3445 2292 sancti
3468 2235 3588 2291 Petri
3611 2235 3654 2287 in
3671 2247 3779 2302 regno

2309 2327 2720 2384 conﬁrmarent.
2775 2330 2938 2402 Quod
2967 2338 3022 2385 et
3050 2345 3167 2385 non
3193 2331 3362 2386 multo
3408 2337 3518 2400 post
3556 2327 3711 2382 factum
3733 2332 3784 2378 est

2309 2423 2510 2489 (Neu);
2566 2423 2772 2478 scilicet
2817 2424 2872 2478 in
2922 2423 3008 2479 die
3064 2425 3317 2495 sequenti
3378 2430 3490 2494 post
3526 2419 3782 2477 festivitatem

2306 2515 2474 2570 sancti
2499 2517 2744 2584 Martini,
2785 2517 3073 2584 Goslariae,
3109 2516 3367 2574 Heinrico
3391 2531 3479 2586 pro
3517 2510 3781 2568 inobedientia

2304 2608 2505 2664 iterum
2533 2610 3004 2665 exeommunicato
3048 2619 3102 2665 et
3132 2608 3404 2666 Roudolfo
3435 2623 3521 2680 pro
3554 2602 3778 2663 obedientia

2307 2701 2361 2756 in
2411 2718 2641 2773 regnum
2691 2703 3009 2766 sublimato.
3047 2706 3198 2758 Nam
3250 2703 3514 2758 Heinricus
3555 2696 3784 2770 praedictam

2309 2795 2636 2866 legationem
2689 2812 2843 2867 papae
2891 2812 2993 2853 nec
3043 2796 3321 2867 suscipere
3347 2795 3572 2867 dignatus
3609 2799 3688 2854 est,
3722 2803 3789 2843 nec

2311 2888 2556 2943 animum
2586 2888 2652 2943 ad
2685 2898 2898 2946 treuvas
2937 2891 3420 2960 compositionem,
3448 2895 3519 2942 set
3533 2885 3592 2941 ad
3621 2879 3788 2954 tyranni-

2313 2980 2396 3035 dis
2455 2981 2832 3038 crudelitatem
2871 2983 3107 3038 intendit
3135 2982 3231 3036 ³⁸⁷.
3275 2982 3521 3039 Geraldus
3553 2972 3788 3034 venerabilis

2307 3074 2578 3130 Ostiensis
2625 3076 2926 3146 episcopus,
2969 3076 3037 3131 de
3067 3075 3132 3109 “3
3165 3092 3276 3149 quo
3305 3091 3457 3146 supra
3486 3079 3790 3128 commemora-

673 3172 797 3224 Non
835 3171 1008 3226 multo
1057 3178 1182 3240 post
1209 3170 1324 3240 ejus
1354 3170 1641 3226 interitum
1670 3169 1960 3242 praefectus
1990 3176 2197 3229 Roma-
2229 3153 2272 3216 (ἶ
2306 3169 2501 3234 νὶωιιε,
2521 3170 2637 3241 jam
2667 3169 2878 3226 (indum
2913 3175 3028 3226 Deo
3057 3169 3124 3204 ⁸⁸³
3150 3173 3331 3238 Vivus,
3359 3167 3542 3226 mundo
3560 3161 3789 3222 eruamus!

605 3281 692 3322 nae
734 3266 900 3334 urbis,
936 3266 1243 3322 indefessus
1283 3266 1442 3322 miles
1469 3269 1642 3323 sancti
1668 3269 1814 3323 Petri
1845 3278 2035 3324 contra
2057 3271 2193 3324 scis-

602 3360 856 3427 maticos,
893 3376 922 3414 a
951 3360 1191 3431 quodam
1222 3361 1466 3416 Heinrici
1497 3361 1707 3417 fautore
1736 3363 2033 3418 crudeliter
2056 3365 2198 3419 occi-

607 3453 769 3508 ditur.
807 3453 891 3510 Ad
934 3454 1088 3526 cujus
1116 3470 1314 3525 corpus
1342 3455 1398 3510 in
1419 3471 1584 3526 parvo
1618 3463 1862 3527 tempore
1887 3457 2003 3528 plus
2029 3472 2194 3528 quam

605 3546 786 3616 viginti
817 3547 1076 3603 miracula
1128 3549 1501 3621 contigerunt,
1549 3557 1612 3603 ut
1655 3549 1893 3604 ﬁdelium
1946 3551 2194 3605 virorum

603 3639 861 3695 relatione
879 3641 1190 3698 didicimus.
1221 3643 1460 3698 Imbrico
1494 3643 1856 3715 Augustensis
1883 3645 2192 3714 episcopus,

603 3729 697 3799 qui
725 3729 780 3783 in
821 3734 1098 3800 praeterito
1147 3735 1345 3805 pascha
1385 3734 1669 3791 Roudolfo
1709 3737 1821 3807 regi
1873 3736 2193 3792 ﬁdelitatem

595 3821 818 3891 juravit,
845 3823 920 3875 nil
949 3824 1016 3877 de
1046 3826 1284 3895 perjurio
1323 3844 1542 3891 curans,
1599 3829 1852 3884 Heiurico
1883 3828 2190 3884 advenienti

607 3911 838 3977 adhesit,
881 3922 935 3967 et
959 3915 1105 3982 apud
1129 3917 1282 3970 illum
1313 3919 1550 3988 quadam
1594 3919 1684 3973 die
1716 3921 1937 3976 missam
1971 3920 2192 3986 faciens,

608 4005 750 4061 hanc
797 4006 898 4062 sibi
955 4006 1333 4063 conditionem
1375 4008 1543 4064 miser
1583 4011 1870 4080 imposuit,
1916 4021 1976 4066 ut
2024 4029 2193 4070 sacrae

607 4099 901 4156 oblationis
971 4103 1244 4172 perceptio
1301 4102 1356 4157 in
1406 4102 1675 4172 judicium
1741 4105 1790 4159 ei
1865 4106 2188 4175 proveniret,

605 4193 650 4248 si
707 4192 966 4250 dominus
1026 4195 1142 4265 ejus
1218 4196 1511 4252 Heinricus
1556 4213 1787 4268 regnum
1830 4199 1934 4254 sibi
1991 4200 2192 4272 injuste

602 4295 904 4357 usurparet.
971 4289 1101 4344 Post
1172 4288 1313 4344 hanc
1387 4290 1733 4345 temerariam
1789 4293 2193 4363 perceptionem

601 4394 768 4449 parvo
808 4389 1056 4452 tempore
1084 4381 1232 4452 quod
1259 4384 1560 4454 supravixit
1589 4401 1760 4454 usque
1812 4385 1880 4440 ad
1928 4395 2190 4456 mortem,

605 4488 886 4544 nunquam
915 4491 973 4530 se
999 4491 1197 4530 sanum
1227 4475 1296 4531 de
1323 4476 1461 4532 lecto
1488 4477 1700 4532 levavit.
1738 4482 1877 4532 Nam
1908 4479 2048 4534 circa
2076 4482 2186 4534 Ka-

606 4565 793 4620 lendas
829 4568 960 4622 Julii
1003 4569 1205 4640 absque
1237 4570 1613 4626 aecclesiastica
1665 4572 2063 4627 communione
2104 4572 2195 4627 de-

602 4655 823 4712 functus
858 4668 954 4714 est.
992 4665 1128 4716 ltem
1174 4661 1504 4730 Sigeliardus
1555 4663 1920 4735 Aquileiensis
1967 4665 2192 4735 patriar-

601 4749 722 4815 cha,
767 4751 819 4804 in
846 4753 1109 4808 auxilium
1135 4755 1377 4810 Heinrici
1418 4764 1610 4812 contra
1636 4757 1880 4812 bannum
1910 4759 2188 4828 apostolici

601 4852 809 4899 armata
852 4859 1016 4900 manu
1051 4848 1292 4914 veniens,
1343 4849 1399 4904 in
1446 4851 1747 4906 amentiam
1790 4852 2012 4906 vertitur
2044 4853 2189 4923 apud

602 4937 999 5008 Ratisponam,
1043 4947 1098 4994 et
1153 4940 1270 5011 ipso
1323 4943 1517 4999 itinere
1570 4944 1850 5015 repentina
1895 4953 2075 5000 morte
2116 4945 2190 5000 in-

601 5032 917 5102 tercipitur;
947 5032 1131 5104 sicque
1169 5033 1397 5092 domum
1438 5052 1551 5093 non
1584 5037 1701 5092 sine
1742 5037 2016 5108 aliquibus
2054 5053 2188 5092 suo-

2301 3261 2369 3318 de
2401 3261 2562 3334 hujus
2615 3263 2738 3319 vitae
2792 3264 3067 3335 ergastulo
3118 3265 3385 3320 liberatus
3433 3270 3521 3324 est,
3557 3266 3582 3314 8
3620 3254 3716 3310 ldus
3743 3249 3794 3282 ’θ’

2303 3356 2648 3412 Decembris.
2675 3363 2857 3428 Agnes
2884 3357 3296 3428 religiosissima
3325 3353 3618 3427 imperati-ix,
3637 3349 3724 3420 jam
3744 3343 3791 3376 ³⁵³

2309 3454 2378 3504 20
2408 3450 2564 3509 annis
2592 3451 2648 3505 in
2677 3451 2938 3507 viduitate
2978 3451 3044 3485 ⁸⁵³
3075 3454 3200 3509 Deo
3244 3450 3566 3508 devotissime
3606 3439 3791 3498 serviens.

2307 3564 2376 3604 ne
2395 3564 2424 3604 c
2452 3546 2562 3600 ﬁlio
2591 3559 2691 3599 suo
2722 3545 2977 3600 Heinrico
3005 3553 3207 3601 contra
3237 3543 3562 3616 apostolicam
3598 3534 3738 3591 sedem
3755 3529 3792 3583 in

2305 3642 2484 3713 aliquo
2495 3637 2867 3704 consentiens,
2883 3641 3077 3694 Romae
3090 3639 3366 3711 requievit
3377 3639 3426 3693 in
3440 3649 3551 3708 pace
3569 3636 3620 3686 19
3635 3627 3726 3684 Kal.
3739 3622 3794 3675 Ja-

2307 3750 2443 3790 nuar
2457 3732 2548 3788 ³⁵³.
2559 3731 2781 3803 Sepulta
2798 3735 2996 3788 Romae
3018 3732 3075 3787 in
3087 3732 3340 3789 aecclesia
3353 3737 3533 3787 sanctae
3548 3717 3792 3781 Petronilla.

2910 3827 3282 3882 MLXXVlll.
3784 3900 3790 3907 ,

2378 3921 2668 3976 Heinricus
2719 3919 2920 3974 iterum
2965 3920 3292 3989 apostolicae
3331 3915 3440 3974 sedi
3496 3913 3555 3970 de
3587 3924 3664 3967 sua
3690 3917 3791 3975 quast

2304 4015 2499 4086 injusta
2543 4014 2894 4070 damnatione
2945 4015 3340 4085 conquaaritur.
3387 4008 3538 4068 Unde
3579 3997 3790 4070 Gregorius

2307 4124 2443 4179 papa
2462 4107 2613 4163 facto
2653 4106 2889 4162 concilio
2922 4121 3111 4162 mense
3150 4108 3356 4162 Martio
3390 4105 3556 4172 (1309)
3584 4098 3603 4123 ⁴
3637 4092 3790 4150 idoneos

2304 4201 2514 4272 legatos
2541 4202 2743 4256 iterum
2791 4200 3098 4267 destinavit,
3133 4202 3232 4271 qui
3261 4199 3403 4256 facto
3446 4191 3645 4268 generali
3675 4181 3789 4239 collo-

2303 4295 2452 4365 quio,
2478 4309 2701 4350 causam
2738 4293 2892 4365 regni
2919 4293 3064 4364 juste
3091 4293 3519 4349 determinarent
3557 4291 3638 4340 :et
3659 4285 3794 4333 omnes

2302 4389 2538 4445 sinodali
2564 4389 2832 4444 sententia
2859 4386 3166 4458 damnavit,
3185 4390 3516 4461 quicumque
3536 4374 3795 4450 impedirent.

2223 4510 2272 4570 Β
2302 4497 2373 4536 ne
2403 4482 2744 4552 colloquium
2777 4482 2946 4537 ﬁeret.
3000 4482 3161 4551 Quod
3193 4478 3498 4538 Roudolfus
3524 4465 3798 4570 libentissime

2304 4574 2477 4630 voluit
2498 4550 2646 4642 ﬁeri;
2679 4573 2968 4631 Heinricus
2991 4583 3194 4644 autem,
3223 4585 3509 4644 utcumque
3527 4564 3693 4640 pot-uit,
3710 4550 3800 4612 ί¹¹λ¹ἀ

2369 4685 2393 4708 ³⁸
2425 4687 2490 4739 In
2526 4685 2630 4740 hoc
2677 4685 2908 4741 concilio
2957 4685 3096 4740 facta
3127 4693 3210 4741 est
3256 4667 3801 4757 exceptio‘quarundant

2299 4763 2658 4830 personarum
2694 4758 2763 4830 _de
2798 4757 3140 4830 Heinriciana
3172 4743 3802 4830 excornliiiiuicatione.__€_l

2299 4820 2407 4882 hoc
2430 4829 2615 4898 utique
2645 4828 2711 4883 ad
2752 4837 2992 4898 tempus,
3025 4827 3078 4882 id
3107 4836 3189 4882 est
3217 4841 3467 4890 uxorum,
3493 4820 3802 4898 ﬁliorumqfff:

2297 4880 2574 4974 vorumet
2622 4880 3107 4974 reliquortlim,'q_ui
3150 4914 3262 4974 non
3309 4880 3529 4974 scienter
3553 4880 3803 4974 velff'ﬂ

2296 4983 2409 5023 non
2456 4969 2688 5024 libenter
2713 4963 3203 5025 e'xcomm'unicatis
3245 4963 3800 5039 socianturjanQW‘?

2297 5041 2490 5095 addita
2524 5047 2572 5096 ι.
2607 5041 2800 5097 des-unt
2819 5048 2871 5095 2.
2903 5041 3168 5096 habentur
3185 5043 3243 5095 in
3267 5045 3317 5096 3.
3340 5042 3459 5109 post
3488 5037 3671 5090 Martio.

1885 5164 2134 5218 VARIE
2165 5164 2585 5219 LECTIONES.

675 5261 742 5296 ³η
871 5280 924 5335 q.
954 5281 1033 5347 m.
1078 5281 1127 5335 p.
1161 5267 1435 5354 praesunt
1461 5273 1512 5321 3.
1539 5267 1692 5354 θξῗηιῃ
1721 5285 1773 5324 o.
1812 5269 1959 5354 pLja
1985 5271 2100 5354 loco.
2129 5285 2250 5324 raso
2280 5271 2460 5354 eadem
2489 5275 2860 5354 tamen‘manu
2897 5273 3312 5354 posteajncerta
3463 5263 3523 5354 "L‘

602 5323 919 5412 δεκοηίδηίν
950 5336 1034 5412 ςιιί
1079 5323 1131 5390 ἒ.
1163 5337 1232 5412 ³4⁵
1259 5338 1422 5412 deest.
1456 5346 1486 5391 2
1561 5337 1628 5371 ³⁵⁸
1660 5341 1679 5392 i
1705 5323 1789 5410 ap.
1813 5323 2122 5395 Wizinloch
2151 5323 2318 5408 supra
2359 5323 2773 5396 Itineamrreadem
2799 5323 3190 5412 hi’aiia's'éiéiptﬁ
3221 5346 3278 5412 1.
3323 5341 3529 5412 desunt_
3552 5323 3604 5412 ‘3:
3641 5323 3802 5412 ’Ἶρίν

599 5393 918 5480 sequuntur,
946 5409 1008 5480 tu
1034 5411 1279 5476 margine
1309 5409 1491 5462 littera
1528 5412 1728 5464 minori
1740 5393 1952 5466 addita
1995 5393 2121 5467 auat-
2363 5393 2768 5480 “taeniis.
2802 5393 3186 5468 desunt—5.1""
3205 5393 3321 5466 scio
3350 5424 3482 5463 corr.
3500 5403 3566 5460 do
3592 5409 3628 5480 lg.
3655 5395 3738 5451 deo
3764 5393 3798 5441 2ο

606 5475 791 5530 seculo
818 5483 867 5532 3.
946 5476 1013 5510 ⁸⁶⁰
1041 5475 1181 5533 VII].
1215 5482 1310 5534 Π).
1344 5487 1393 5534 1.
1419 5481 1516 5535 ΙΧ.
1547 5481 1674 5535 Idus
1704 5488 1754 5536 3.
1833 5483 1898 5516 ³⁵¹
1927 5484 1960 5538 i.
1994 5483 2205 5540 dudum
2245 5485 2380 5550 XX,
2408 5489 2459 5538 2.
2536 5475 2603 5516 ³⁵³
2629 5481 2846 5540 viduata
2867 5485 2921 5538 1.
2996 5483 3063 5518 ³⁵³
3096 5489 3180 5539 19.
3204 5484 3278 5536 Κ.
3310 5483 3349 5536 l.
3384 5480 3562 5534 desunt
3599 5477 3643 5526 3.

2135 5581 2365 5665 ueras.

673 5709 858 5774 (1307)
893 5705 1182 5762 Hirschau.

671 5782 853 5842 (1308)
885 5777 1147 5834 Wisloch.

2372 5716 2553 5780 (1309)
2580 5714 2757 5769 Mansi
2786 5716 2926 5784 XX,
2949 5719 3071 5772 503.
