3988 6188
168 273 305 324 1377

1072 269 1356 323 ΑΡΡΕΝΙ).
1400 269 1485 323 Ill.
1525 297 1593 308 —
1629 269 2050 326 MONUMENTA
2088 269 2552 326 GREGORIANA.

3319 275 3455 351 1,373

162 391 427 463 impedire
446 406 563 446 non
582 391 832 445 cessavit.
863 390 1005 445 Nam
1036 400 1228 447 contra
1259 401 1598 463 praeceptum
1625 410 1750 465 apo-
1780 400 1832 461 Α
1863 395 2068 467 absque
2117 412 2212 467 spe
2255 396 2671 467 recuperationis
2699 394 2955 466 deposuit
2983 395 3075 465 36°,
3108 405 3163 451 et
3190 397 3453 468 scriptum

162 486 335 543 stolici
366 484 611 540 maxima
654 484 1010 540 multitudine
1050 485 1457 556 ﬂagiciosorum
1488 488 1749 554 adunata,

162 581 506 653 procinctum
539 581 594 634 in
624 578 914 634 Saxoniam
943 579 1175 649 paravit,
1201 580 1288 634 cui
1318 596 1411 635 rex
1443 579 1753 635 Roudolfus

160 675 301 747 apud
328 675 543 729 Strowe
583 688 713 727 cum
744 673 986 728 exercitu
1016 673 1255 728 obviavit
1287 692 1299 727 :
1334 683 1389 728 et
1418 674 1509 728 illo
1536 672 1752 744 fugato,

160 768 274 840 ipse
321 783 583 839 campum
646 767 892 823 victoriae
934 766 1190 836 obtinuit,
1241 773 1271 821 7
1322 767 1447 822 ldus
1496 768 1748 839 Augusti.

159 862 430 920 Occubuit
460 869 645 915 tamen
676 860 749 915 ibi
785 876 849 915 ex
882 869 1033 932 parte
1065 860 1324 916 Roudolﬁ
1354 861 1561 929 Wecel,
1596 876 1753 916 vene-

161 956 349 1012 rabilis
366 954 876 1026 Magideburgensis
896 956 1204 1025 episcopus,
1233 964 1284 1009 et
1306 956 1753 1010 Wormaciacen-

158 1051 235 1106 sis
278 1050 563 1121 episcopus
609 1056 802 1119 captus
843 1057 945 1103 est.
997 1049 1216 1103 Inﬁnita
1245 1057 1426 1103 autem
1458 1048 1753 1104 multitudo

160 1144 440 1213 utrimque
472 1141 725 1196 occubuit
756 1159 769 1195 :
815 1142 996 1212 plures
1045 1150 1226 1197 tamen
1255 1152 1311 1197 et
1347 1144 1755 1198 excellentiores

157 1236 221 1294 ex
252 1246 407 1308 parte
434 1235 695 1290 Heinrici.
734 1235 941 1291 Eodem
988 1244 1260 1308 tempore,
1302 1254 1431 1291 cum
1464 1238 1752 1292 Alemanni

157 1330 303 1386 facto
325 1330 564 1385 exercitu
593 1327 662 1383 ad
688 1328 980 1385 dominum
1010 1345 1173 1385 suum
1196 1345 1378 1401 regem
1410 1328 1483 1373 ³⁵⁵
1513 1330 1753 1385 Roudol-

158 1422 273 1479 fum
319 1430 693 1494 properarent,
746 1438 882 1492 pene
943 1427 1006 1477 12
1054 1422 1200 1477 milia
1251 1423 1517 1492 conjurati
1570 1422 1752 1493 populi

156 1517 449 1571 transitum
480 1518 727 1571 Nectarae
759 1514 835 1551 ³⁵⁵
864 1516 1013 1569 ﬂuvii
1045 1516 1149 1570 illis
1179 1516 1519 1587 prohibentia
1552 1516 1751 1587 partim

156 1610 502 1675 occiderunt,
519 1609 785 1680 plurimos
804 1617 990 1665 autem
1011 1609 1421 1665 misericordius
1440 1610 1751 1681 castigando

155 1703 673 1760 eunuchizaverunt.
710 1703 919 1759 Deinde
948 1702 1224 1774 quandam
1252 1704 1619 1758 munitionem
1658 1704 1751 1758 ini-

159 1797 432 1853 micorum
453 1795 595 1851 facto
612 1795 817 1866 impetu
837 1804 1263 1868 occupaverunt.
1291 1796 1564 1852 Roudoll'o
1588 1797 1751 1869 igitur

163 1892 219 1946 in
240 1891 531 1947 Saxoniam
557 1905 796 1958 reverso,
826 1889 1114 1945 Heinricus
1137 1889 1431 1961 derepente
1451 1891 1753 1946 recollectis

157 1984 383 2046 viribus,
436 1983 826 2039 Alemanniam
888 1983 1093 2054 praada,
1144 1983 1285 2039 ferro
1335 1992 1390 2039 et
1432 1984 1560 2055 igni,
1613 1984 1751 2039 circa

158 2078 510 2133 festivitatem
559 2078 814 2133 omnium
857 2085 1173 2132 sanctorum
1202 2077 1500 2133 devastavit
1528 2080 1749 2133 Terram

159 2170 236 2209 ³⁵⁵
273 2171 524 2227 videlicet
573 2170 969 2226 catholicorum
1017 2170 1218 2226 ducum
1266 2171 1537 2226 Berthaldi
1589 2180 1750 2242 atque

153 2264 425 2321 Welfonis
465 2272 519 2319 et
558 2264 799 2319 aliorum
841 2264 1017 2319 sancti
1069 2265 1208 2319 Petri
1240 2263 1486 2319 ﬁdelium
1536 2265 1749 2335 penitus

156 2358 417 2429 dissipare
457 2374 743 2430 aggressus
774 2365 875 2413 est.
907 2359 1061 2413 Tunc
1089 2374 1306 2428 quoque
1338 2373 1530 2428 parum
1566 2358 1750 2413 minus

152 2468 320 2524 quam
350 2460 569 2507 centum
599 2451 839 2506 ecclesiae
858 2451 917 2504 in
948 2450 1025 2499 ³⁵7
1050 2450 1138 2505 illa
1158 2450 1507 2521 expeditione
1539 2450 1751 2506 violatae

152 2555 303 2601 sunt.
339 2546 546 2601 Eodem
584 2546 754 2601 etiam
784 2554 1032 2616 tempore
1060 2560 1123 2598 ex
1155 2553 1303 2614 parte
1332 2543 1593 2598 Roudolﬁ
1619 2548 1750 2598 Ber-

152 2639 337 2695 taldus
363 2639 771 2695 Carinthiorum
798 2638 931 2704 dux,
970 2638 1073 2707 piae
1104 2638 1409 2703 memoriae,
1452 2645 1509 2691 et
1535 2637 1751 2691 Heinri-

148 2749 250 2789 cus
292 2734 565 2799 marchio,
606 2733 864 2788 obierunt
902 2732 959 2787 in
1009 2748 1161 2801 pace.
1207 2731 1373 2786 Facto
1415 2739 1599 2785 autem
1646 2731 1752 2785 alio

150 2827 387 2883 concilio
415 2831 631 2891 Romae,
668 2831 749 2881 13.
785 2826 908 2880 Kal.
939 2825 1199 2880 Decemb.
1236 2825 1444 2894 (1310)
1474 2824 1754 2895 utriusque

146 2921 294 2993 regis
324 2921 485 2992 legati
514 2921 643 2975 licet
671 2936 783 2975 non
812 2919 1006 2974 eadem
1038 2919 1261 2973 veritate
1292 2918 1347 2972 in
1377 2918 1583 2990 synodo
1601 2918 1751 2989 jura-

144 3030 298 3083 vere,
329 3014 475 3086 quod
504 3013 715 3068 domini
743 3029 936 3068 eorum
966 3028 1077 3067 non
1107 3012 1457 3082 impedierint
1480 3011 1555 3048 ³⁵⁸
1582 3011 1747 3067 collo-

1779 1758 1827 1820 B

1863 489 2009 560 quod
2040 490 2241 545 dicitur
2282 490 2458 545 sancti
2498 489 2780 545 Oudalrici
2815 488 2884 544 ad
2930 505 3124 559 papam
3171 491 3455 545 Nicolaum

1861 580 1930 636 de
1960 584 2165 653 nuptiis
2194 584 2646 653 presbiterorum,
2695 591 2751 637 et
2789 582 3086 654 capitulum
3119 582 3344 637 Pafuutii
3386 584 3455 640 de

1850 676 2056 753 eadem
2088 692 2167 744 re,
2222 676 2394 731 immo
2425 678 2612 731 omnia
2644 677 2814 731 sacris
2860 676 3165 731 canonibus
3211 676 3453 745 adversa,

1858 768 2155 824 damnavit.
2192 772 2253 823 In
2280 770 2380 825 hac
2408 771 2598 825 sinodo
2643 770 2799 841 legati
2838 770 2981 840 regis
3011 769 3265 825 Roudolﬁ
3295 786 3458 840 super

1861 862 2179 917 Heinricum
2213 866 2707 934 proclamaveruut,
2740 880 2805 917 eo
2838 864 2983 934 quod
3012 872 3190 918 totum
3229 880 3455 935 regnum

1860 954 2195 1011 confundere
2244 964 2302 1010 et
2344 965 2586 1010 sanctam
2646 957 2932 1011 ecclesiam
2979 958 3297 1012 conculcare
3344 973 3458 1013 non

1860 1058 2119 1105 cessaret.
2165 1053 2368 1105 lterum
2414 1049 2578 1121 igitur
2608 1066 2741 1120 papa
2788 1052 2995 1121 legatos
3019 1067 3147 1106 suos
3177 1068 3274 1121 pro
3300 1068 3458 1107 causa

1862 1143 2016 1214 regni
2046 1141 2460 1197 determinanda
2491 1143 2558 1197 ad
2586 1144 2920 1198 Teutonicas
2945 1153 3124 1213 partes
3149 1144 3455 1213 destinavit,

1864 1236 2111 1293 videlicet
2154 1236 2510 1292 venerabilem
2560 1240 2783 1292 Petrum
2835 1238 3203 1293 Albanensem
3250 1240 3457 1309 episco-

1860 1347 2012 1401 pum,
2049 1334 2270 1386 Petrum
2318 1330 2540 1401 inquam
2584 1332 2763 1399 illum,
2812 1332 2909 1401 qui
2932 1331 3050 1401 jam
3079 1330 3289 1386 dudum
3336 1333 3455 1386 Flo-

1858 1424 2137 1479 rentinum
2168 1425 2505 1496 episc0pum,
2548 1425 2775 1479 nomine
2821 1428 3066 1491 Petrum,
3099 1425 3344 1495 probavit
3368 1442 3453 1497 sy-

1859 1519 2175 1573 moniacum
2222 1538 2235 1570 :
2286 1519 2484 1590 quippe
2536 1534 2629 1589 per
2674 1518 2919 1573 medium
2966 1519 3150 1589 ignem
3194 1518 3458 1574 transiens

1859 1611 2061 1683 absque
2088 1612 2314 1677 lesione,
2344 1611 2492 1667 unde
2514 1620 2567 1665 et
2595 1613 2783 1683 igneus
2802 1612 3155 1683 cognomine,
3182 1612 3455 1667 Albanen-

1866 1721 1982 1760 sem
2014 1706 2390 1775 episcopatum
2423 1706 2727 1776 promeruit
2768 1706 3029 1760 obtinere.
3066 1708 3206 1761 Cum
3249 1722 3355 1776 quo
3404 1714 3458 1761 et

1866 1798 2191 1855 Oudalricus
2216 1799 2507 1855 Paduanus
2533 1800 2815 1871 episcopus
2844 1801 2900 1853 in
2930 1800 3260 1869 legationem
3290 1799 3455 1855 desti-

1860 1901 2038 1948 natur.
2088 1896 2326 1964 Legatus
2383 1902 2567 1948 autcm
2611 1893 2878 1959 Heinrici,
2928 1894 3135 1964 legatos
3178 1892 3252 1931 ³6⁸
3305 1909 3457 1964 papa:

1860 1987 2175 2058 priusquam
2203 1986 2416 2042 abirent
2450 1988 2503 2041 in
2534 1988 2726 2043 eadem
2758 1986 2954 2042 sinodo
2978 1988 3337 2058 jurejurando
3381 2002 3460 2043 se-

1859 2096 2020 2135 curos
2050 2079 2180 2135 fecit
2209 2079 2279 2135 de
2324 2079 2599 2135 conductu
2648 2090 2703 2135 et
2734 2080 3039 2136 obedientia
3090 2080 3301 2135 domini
3348 2082 3454 2136 sui.

1859 2177 1999 2228 Item
2045 2174 2252 2245 legatus
2282 2174 2539 2229 Roudolﬁ
2586 2174 2653 2229 de
2697 2173 3008 2229 obedientia
3046 2173 3258 2229 domini
3287 2175 3373 2228 sui
3403 2176 3456 2229 in

1856 2265 2049 2320 sinodo
2073 2266 2295 2335 juravit.
2329 2266 2514 2338 Legati
2544 2267 2711 2336 igitur
2740 2266 2885 2321 sedis
2906 2267 3222 2337 apostolicae
3242 2266 3298 2320 in
3322 2270 3457 2321 'I‘eu-

1856 2359 2096 2414 tonicam
2126 2366 2329 2414 terram
2372 2360 2764 2430 pervenientes,
2800 2360 3172 2414 obedientiam
3196 2360 3456 2414 Βουιιοιίί

1856 2460 1910 2507 et
1937 2452 2361 2507 inobedientiam
2386 2453 2634 2507 Heinrici
2668 2452 3035 2508 indubitanter
3061 2453 3454 2524 probaverunt;

1855 2544 2007 2616 quod
2032 2553 2087 2599 et
2115 2545 2193 2581 ³6³
2223 2554 2407 2615 postea
2433 2544 2509 2580 ³⁵³
2536 2561 2663 2599 cum
2696 2546 2770 2581 ³6³
2797 2545 3041 2600 redirent
3070 2545 3174 2613 ³6³,
3203 2562 3356 2617 papae
3380 2546 3455 2585 ³⁵⁸

1854 2638 1970 2692 viva
2018 2653 2149 2692 voce
2190 2638 2470 2708 protestati
2503 2646 2647 2692 sunt.
2699 2642 2759 2692 In
2790 2638 2890 2691 hac
2919 2647 3105 2693 aestate
3137 2640 3459 2695 venerabilis

1854 2730 2022 2785 abbas
2051 2730 2398 2785 Massiliensis
2424 2730 2757 2797 Bernardus,
2789 2730 2869 2783 vir
2895 2730 3084 2799 plenus
3108 2730 3352 2797 caritate,
3375 2748 3455 2786 re-
3550 2742 3553 2745 '

1850 2823 2057 2894 quievit
2076 2823 2133 2877 in
2147 2838 2296 2893 pace,
2320 2829 2383 2878 13
2402 2821 2677 2877 Kalendas
2698 2824 2923 2892 Augusti
2945 2821 3042 2873 ³6³.
3070 2825 3275 2878 Doctor
3293 2823 3453 2879 Adel-

1851 2917 2057 2980 bertus,
2091 2915 2235 2972 facto
2263 2915 2534 2986 verboque
2554 2915 2809 2980 disertus,
2833 2915 2945 2985 jam
2977 2922 3043 2970 30
3065 2916 3223 2970 annis
3250 2916 3456 2972 mundo

1856 3010 2165 3079 cruciﬁxus,
2211 3019 2266 3066 et
2308 3010 2362 3065 in
2403 3010 2511 3065 ﬁne
2552 3010 2618 3066 ad
2667 3008 3031 3081 evangelicam
3063 3006 3455 3079 perfectionem

144 3109 345 3181 quium
376 3124 473 3179 pro
500 3124 663 3163 causa
707 3108 859 3179 regni
894 3104 1266 3162 statuendum.
1300 3105 1463 3162 Unde
1504 3115 1559 3162 et
1611 3122 1746 3177 papa
1784 3134 1828 3197 Ο
1857 3105 2169 3177 perductus,
2183 3104 2514 3177 migravitad
2532 3104 2853 3170 Dominum,
2874 3106 3096 3158 3Nonas
3113 3104 3452 3159 Decembris.

143 3219 209 3258 ea
240 3202 357 3257 vice
386 3201 525 3257 inter
554 3217 646 3257 eos
656 3200 911 3274 judicare
939 3217 1052 3256 non
1080 3201 1257 3271 potuit
1286 3218 1297 3253 :
1332 3200 1583 3272 quamvis
1612 3200 1750 3255 bene

140 3297 340 3362 sciret,
370 3295 455 3351 cui
482 3295 622 3366 parti
654 3295 829 3366 magis
852 3295 1074 3366 justicia
1098 3293 1315 3349 faveret.
1340 3296 1404 3347 In
1429 3294 1623 3349 sinodo
1649 3294 1747 3348 ista

137 3389 501 3461 Beringarius
521 3388 928 3459 Andegavensis
960 3387 1028 3423 3‘9
1054 3388 1368 3455 canonicus,
1389 3397 1451 3442 ut
1476 3387 1549 3422 ³⁵9
1578 3388 1645 3441 ab
1673 3386 1750 3436 359

137 3483 333 3539 heresi
361 3482 437 3532 359
468 3499 567 3538 sua
592 3481 659 3515 ⁸⁵9
687 3481 1025 3551 resipisceret
1061 3480 1148 3548 ³⁸³,
1178 3480 1493 3535 sinodaliter
1516 3480 1591 3517 359
1618 3496 1749 3535 con-

135 3576 368 3632 venitur
392 3574 481 3643 35°,
509 3575 666 3646 eique
694 3574 927 3629 induciae
954 3588 1123 3645 usque
1141 3572 1209 3629 ad
1237 3572 1481 3643 proxime
1512 3572 1748 3629 futuram

134 3668 412 3726 sinodum
440 3668 815 3725 conceduntur
857 3673 1018 3733 (1311
1042 3669 1084 3735 ).

771 3762 1104 3816 MLXXIX.

214 3856 517 3927 Gregorius
542 3870 678 3925 papa
709 3854 969 3909 sinodum
1000 3857 1199 3909 Romae
1232 3869 1421 3910 mense
1450 3853 1747 3910 Februario

126 3948 585 4019 collegit(1312),
604 3948 659 4001 in
680 3963 785 4017 qua
806 3948 1148 4018 Beringarius
1166 3948 1243 3997 35!
1258 3949 1378 4019 jam
1400 3948 1471 3985 359
1489 3950 1651 4004 tercio
1672 3948 1749 3998 ³⁵9

128 4043 438 4100 convictus
465 4040 540 4089 ³⁵9
571 4040 802 4095 heresim
825 4040 900 4089 359
926 4056 1079 4095 suam
1102 4040 1180 4089 ³⁵9
1204 4041 1471 4111 abjuravit
1495 4040 1572 4091 359
1602 4051 1655 4097 et
1675 4042 1750 4091 359

132 4133 641 4192 anathematizavit
685 4131 763 4181 359
811 4148 933 4203 qua:
976 4134 1169 4188 asserit
1202 4152 1212 4186 :
1243 4134 1552 4204 corporales
1580 4150 1667 4189 res
1696 4136 1748 4189 in

129 4228 311 4285 altari
327 4227 528 4299 positas
545 4242 656 4281 non
674 4227 752 4275 ³⁵9
770 4242 893 4281 vere
910 4226 988 4275 ³⁵9
1004 4226 1098 4281 sed
1116 4226 1192 4275 ³⁵9
1210 4225 1440 4296 ﬁgurate
1460 4235 1671 4281 tantum
1691 4228 1746 4281 in

132 4336 356 4391 corpus
370 4328 423 4374 et
438 4320 763 4390 sanguinem
777 4320 995 4374 Domini
1010 4320 1237 4375 transire
1252 4324 1293 4384 (1
1309 4327 1367 4375 31
1382 4324 1451 4385 3).
1475 4322 1532 4375 In
1554 4320 1747 4375 eadem

131 4412 349 4473 sinodo
388 4413 677 4469 Heinricus
725 4414 1082 4485 Aquilejensis
1122 4414 1426 4484 patriarcha
1466 4429 1617 4486 papa:
1651 4414 1748 4485 ju-

2544 3199 2847 3254 MLXXX.

1924 3296 2132 3348 Iterum
2174 3291 2463 3348 Heinricus
2492 3300 2614 3362 post
2658 3290 3007 3363 epiphaniam
3051 3307 3179 3346 cum
3209 3292 3455 3347 exercitu

1854 3385 1907 3440 in
1932 3386 2223 3441 Saxoniam
2244 3385 2425 3440 venire
2453 3384 2767 3455 disponens,
2803 3401 2832 3439 a
2858 3383 3136 3440 Roudolfo
3166 3389 3218 3438 6.
3247 3384 3452 3439 Kalen-
3492 3454 3501 3467 η

1851 3478 1953 3534 das
1991 3478 2272 3535 Februarii
2332 3477 2409 3521 ³6⁵
2458 3477 2692 3549 fugatur,
2738 3494 2840 3533 nec
2887 3486 3073 3534 tamen
3121 3478 3189 3533 ab
3236 3477 3450 3549 incepta

1852 3572 2120 3628 tirannide
2148 3572 2545 3643 compescitur;
2579 3571 2646 3627 de
2674 3588 2780 3643 qua
2819 3572 3166 3642 expeditione
3201 3570 3448 3626 Βουάοί-

1852 3667 1940 3722 fus
1987 3667 2220 3739 legatum
2272 3667 2454 3721 statim
2486 3669 2729 3721 Romam
2759 3667 2827 3721 ad
2850 3666 3108 3721 sinodum
3137 3665 3209 3703 ³⁸⁵
3240 3665 3451 3722 direxit.

1852 3760 2150 3831 Gregorius
2179 3776 2315 3831 papa
2344 3759 2599 3814 sinodum
2631 3764 2825 3815 Romae
2860 3760 3055 3815 Martio
3082 3776 3272 3815 mense
3301 3761 3458 3815 colle-

1852 3853 1948 3925 git,
1997 3853 2065 3909 ad
2097 3870 2263 3925 quam
2294 3853 2361 3908 de
2405 3852 2723 3908 Teutonicis
2766 3852 3010 3922 partibus
3043 3852 3284 3923 praedicti
3314 3853 3457 3909 sedis

1852 3948 2169 4019 apostolicae
2195 3947 2358 4019 legati
2388 3946 2691 4015 redierunt,
2716 3954 2768 4001 et
2794 3946 3172 4016 omnimodam
3198 3946 3455 4003 Roudolﬁ

1852 4041 2210 4098 obedientiam
2230 4051 2283 4097 et
2299 4041 2541 4096 Heinrici
2562 4040 2989 4096 inobedientiam
3006 4041 3211 4096 domno
3233 4049 3456 4111 aposto-

1852 4135 1955 4189 lico
2001 4136 2481 4190 renunciaverunt.
2535 4133 2700 4191 Unde
2747 4135 2864 4203 ipse
2910 4134 2963 4188 in
3010 4134 3121 4188 ﬁne
3154 4132 3333 4186 sinodi
3375 4131 3451 4169 ³⁵⁸

1856 4228 2169 4283 Heinricum
2219 4228 2489 4297 deposuit,
2541 4228 2826 4297 ipsumque
2869 4242 2997 4281 cum
3049 4225 3306 4281 omnibus
3342 4225 3457 4281 suis

1854 4318 2162 4374 fautoribus
2188 4318 2682 4384 anathematizavit,
2708 4328 2761 4373 et
2794 4318 3131 4374 Roudolfum
3159 4318 3453 4390 apostolica

1857 4413 2182 4468 auctoritate
2228 4412 2284 4466 in
2326 4412 2471 4483 regia
2524 4411 2789 4483 dignitate
2834 4412 3177 4466 conﬁrmavit
3227 4417 3448 4478 (1314).

132 4508 319 4574 ravit,
370 4508 507 4561 nulli
565 4522 622 4561 se
668 4506 924 4577 deinceps
970 4508 1533 4575 communicaturum,
1585 4524 1747 4578 quem
1779 4522 1827 4583 ι)
1859 4506 2025 4563 Unde
2067 4508 2283 4562 emulus
2330 4506 2405 4556 357
2452 4506 2566 4577 ejus
2610 4505 2685 4555 3C7
2730 4514 3057 4576 congregata
3101 4505 3455 4560 multitudine

132 4600 317 4657 sciret
355 4616 384 4654 a
430 4615 566 4670 papa
596 4599 1125 4655 excommunicatum
1174 4599 1264 4651 35°.
1301 4604 1361 4654 In
1407 4601 1507 4656 hac
1550 4602 1744 4656 sinodo

133 4709 291 4767 papa
341 4693 684 4765 presbyteros
725 4693 978 4765 deinceps
1023 4694 1081 4748 in
1118 4692 1535 4750 fornicationem
1566 4694 1746 4766 lapsos

1854 4603 2102 4657 omnium
2168 4600 2609 4655 scismaticorum
2671 4599 2783 4653 sive
2831 4597 3450 4668 excommunicatorum,

1854 4694 1999 4767 apud
2029 4693 2330 4749 Briximam
2382 4698 2588 4759 (1315)
2620 4692 2926 4764 legitimum
2955 4708 3151 4763 papam
3192 4691 3457 4764 abjuravit

1508 4847 1757 4901 VAerF.
1794 4846 2100 4900 LECTION
2112 4846 2212 4899 ES.

226 4968 307 5015 ³⁵4
333 4970 478 5025 deest
506 4976 558 5025 2.
636 4968 715 5005 ³⁵⁵
736 4968 948 5024 neceari
977 4975 1027 5024 3.
1107 4967 1179 5005 ³⁵⁸
1204 4971 1267 5023 Τ.
1300 4998 1370 5008 -
1399 4985 1682 5040 aggressus
1706 4978 1787 5023 est
1810 4973 1868 5023 in
1898 4971 2004 5022 loco
2034 4985 2155 5023 raso
2188 4975 2235 5023 1.

647 5040 718 5077 ³⁵9
742 5043 805 5095 in
836 5043 941 5095 loco
972 5057 1115 5108 raso,
1141 5042 1321 5094 littera
1362 5044 1556 5094 minori
1577 5044 1774 5110 scripta
1806 5050 1851 5095 1.

431 5112 499 5149 ³⁶ι
544 5112 578 5165 1.
624 5128 675 5182 p.
721 5129 769 5182 p.
814 5128 863 5166 a.
893 5112 949 5167 in
978 5129 1025 5167 e.
1068 5114 1262 5166 inloco
1304 5128 1423 5166 raso
1452 5111 1629 5167 littera
1660 5115 1856 5166 minori
1895 5116 2099 5183 scripta
2130 5119 2179 5167 1.

431 5187 497 5238 Κ.
524 5188 664 5239 Aug.
688 5200 857 5239 supra
886 5186 982 5237 lin.
1022 5190 1066 5238 1.
1147 5182 1221 5225 ³⁵⁵
1247 5186 1343 5238 VI.
1373 5186 1445 5237 Κ.
1470 5183 1627 5239 Febr.
1652 5200 1817 5239 supra
1846 5186 1943 5237 lin.
1974 5192 2020 5239 1.
2100 5183 2168 5219 ³⁸⁵

1334 5224 1343 5235 .
1374 5202 1445 5237 1\.
1470 5202 1627 5237 1‘801'.
1652 5202 1817 5237 εῑιυνίι
1846 5202 1943 5237 ιιη.
1974 5202 2020 5237 l.

1548 5202 1627 5238 nr.
1652 5202 1817 5253 supra
1846 5202 1943 5237 un.
1974 5202 2020 5239 1.
2100 5202 2168 5219 δυο
2193 5202 2262 5237 aa
2288 5202 2329 5238 s.

1542 5254 1611 5306 357
1639 5271 1805 5325 supra
1833 5257 2028 5311 lineam
2056 5257 2263 5325 abjecta
2294 5262 2336 5309 1.

138 5041 494 5113 impedirent
524 5046 568 5095 l.

172 5119 257 5167 ita
310 5119 353 5167 1.
431 5119 499 5149 ³⁶ι
545 5119 578 5165 Ι.
624 5128 675 5182 p.
721 5129 769 5182 p.
814 5128 863 5166 a.
893 5119 1025 5167 ine.

172 5184 230 5219 ⁸³
262 5186 399 5239 XIII
424 5187 497 5238 Κ.
524 5188 664 5254 Aug.
688 5200 857 5253 supra
886 5186 982 5237 lin.
1022 5190 1066 5238 1.

138 5254 804 5326 e—anathematizavitjn
832 5256 937 5310 loco
968 5272 1087 5311 raso
1117 5257 1224 5311 litt.
1252 5258 1383 5309 min.
1419 5262 1467 5310 1.

2320 4968 2392 5018 337
2426 4969 2460 5023 i.
2490 4970 2523 5023 i.
2551 4984 2598 5024 e.
2631 4970 2813 5025 inloco
2838 4987 2961 5025 raso
2992 4976 3036 5025 1.
3116 4970 3195 5009 ³⁵⁸
3220 4986 3358 5026 corr.
3387 4986 3453 5023 ea:

1934 5040 2003 5077 ³⁶⁰
2026 5044 2091 5095 In
2130 5071 2200 5079 —
2224 5038 2479 5109 deposuit
2508 5044 2565 5093 in
2592 5043 2701 5094 loco
2732 5059 2853 5097 raso
2885 5045 3067 5098 littera
3096 5045 3295 5097 minori
3319 5043 3447 5094 scrt-

2260 5110 2331 5147 ³⁶²
2354 5115 2407 5165 in
2437 5113 2548 5165 loco
2588 5128 2711 5165 raso
2740 5115 2921 5169 littera
2946 5118 3145 5171 minori
3168 5116 3367 5181 scnpta
3403 5122 3450 5175 1,

2100 5183 2168 5219 ³⁸⁵
2193 5183 2262 5237 ad
2288 5199 2329 5238 s.
2360 5181 2553 5238 inloco
2577 5199 2700 5238 raso
2726 5187 2906 5241 littera
2932 5188 3127 5239 minori
3154 5192 3200 5238 1.
3283 5181 3353 5218 ³⁸⁸
3378 5183 3449 5235 II.

1684 5408 1915 5464 ΝΟΤᾸΞ.

234 5537 437 5597 (1310)
463 5532 639 5589 Mansi
670 5534 806 5598 XX,
837 5539 961 5588 507.

236 5606 437 5675 (1311)
466 5603 549 5660 Cf.
574 5605 828 5661 Bernoldi
860 5605 1059 5660 librum
1082 5605 1163 5660 De
1188 5603 1499 5676 Berengarii
1526 5603 1755 5661 damna—

138 5679 335 5739 tione,
370 5694 422 5747 p.
452 5683 577 5732 435.

236 5749 654 5817 (1312)Mansi
684 5751 815 5811 XX,
847 5754 969 5804 525.

235 5822 447 5887 (1313)
478 5822 666 5888 Bern.,
692 5824 774 5876 De
804 5822 1033 5891 Bereng.
1074 5819 1284 5888 damn,
1314 5835 1365 5891 p.
1394 5825 1519 5876 435.

1937 5536 2135 5599 (1314)
2184 5535 2265 5588 De
2294 5532 2432 5588 facta
2480 5532 2545 5587 in'
2582 5531 2775 5587 eodem
2824 5529 3056 5586 concilio
3100 5529 3452 5591 damnatione

1863 5604 2075 5660 Ottonis
2122 5605 2355 5677 episcOpi
2391 5602 2823 5677 constantiensis
2869 5618 2938 5677 v._
2964 5603 3222 5677 Bernoldi
3265 5608 3455 5676 apolo-

1865 5677 2007 5747 giam
2040 5692 2135 5746 pro
2157 5672 2498 5747 'Gebéhardo
2524 5672 2772 5741 episc6po
2798 5672 2941 5743 apud
2970 5676 3101 5731 Uss.
3128 5677 3199 5745 II,
3234 5672 3359 5745 381,
3382 5677 3455 5733 cf.

1872 5746 1989 5803 acta
2018 5748 2238 5802 concilii
2275 5746 2449 5802 Mansi
2481 5747 2614 5805 XX,
2646 5760 2695 5814 p.
2726 5748 2849 5798 531.

1945 5824 2145 5887 (1315)
2175 5822 2242 5875 V.
2277 5822 2427 5874 Non.
2462 5818 2649 5871 Germ.
2699 5817 2867 5890 Legg.
2901 5818 2974 5880 II,
3005 5820 3093 5872 5t.
