4052 6196
625 242 757 294 1379

1622 237 1715 291 AD
1755 236 1982 291 OPERA
2020 236 2073 291 S.
2115 233 2436 289 GREGORII
2471 234 2903 290 APPENDICES.
3130 236 3145 247 ’
3692 246 3774 297 1380

619 368 767 430 (Jun.
800 364 931 431 25),
959 370 1014 417 et
1057 360 1407 427 Guibertum,
1434 362 1809 416 Ravennatem
1832 360 1905 399 ³6⁸
1932 360 2210 432 quondam
2238 365 2292 426 Α
2318 367 2442 415 rent
2468 375 2722 415 numero.
2752 363 3096 439 Quapropter
3122 373 3217 414 rex
3260 357 3324 414 de
3367 358 3527 415 divino
3552 363 3700 419 auxilio
3718 369 3776 422 tali

618 458 955 529 episcopum,
1004 462 1090 509 set
1111 456 1228 526 jam
1258 453 1493 509 triennio
1523 470 1554 509 a
1596 471 1737 527 papa
1781 455 2046 526 Gregorio
2078 455 2220 510 inre-

619 548 1003 622 cuperabiliter
1012 546 1325 620 depositum
1339 546 2001 604 36"etanatbematiiratum
2016 552 2219 616 (1316),

617 644 717 702 sibi
759 658 871 699 non
902 642 959 697 in
1003 658 1225 713 papam,
1271 650 1355 697 set
1397 642 1451 696 in
1481 641 1888 699 heresiarcham
1919 643 2084 713 elegit
2124 641 2223 713 ³⁵⁸,

617 736 826 794 Deinde
872 735 1018 807 apud
1065 736 1405 809 Magontiam
1449 745 1721 792 conventu
1786 735 1950 803 facto,
1995 736 2225 791 eandem

618 832 793 903 ipsam
816 830 1140 886 electionem
1170 847 1202 885 a
1232 830 1671 901 quibuscumque
1705 831 1881 901 potuit
1906 830 2221 885 conﬁrmari

620 925 764 982 fecit.
793 928 919 981 Jam
942 933 1127 979 autem
1156 924 1430 980 mediante
1459 924 1704 992 Octobri,
1741 923 2027 979 Heinricus
2055 940 2222 994 expe-

618 1019 886 1077 ditionem
934 1018 994 1073 in
1041 1018 1339 1074 Saxoniam
1386 1018 1589 1073 iterum
1638 1033 1853 1088 parans,
1888 1033 1921 1071 a
1964 1016 2223 1072 militibus

619 1112 877 1171 Roudolﬁ
908 1112 1102 1167 itinere
1148 1112 1307 1167 unius
1336 1111 1439 1166 diei
1472 1111 1716 1183 fugatur,
1745 1111 1994 1181 quamvis
2034 1111 2091 1165 in
2138 1126 2224 1166 ea-

620 1208 747 1264 dem
788 1206 1175 1279 congressione
1203 1205 1513 1261 Roudolfus
1542 1221 1633 1261 rex
1676 1206 1777 1276 piae
1806 1205 2088 1261 memoria;
2130 1221 2224 1260 oc—

618 1301 869 1357 cubuerit
899 1300 1044 1371 (Oct.
1096 1304 1206 1366 15).
1249 1300 1363 1366 Ille,
1410 1299 1671 1371 inquam,
1704 1300 1838 1354 alter
1891 1299 2224 1355 Machabeus

622 1410 748 1451 cum
770 1395 911 1449 inter
940 1394 1145 1465 primos
1172 1393 1419 1449 hostibus
1443 1394 1694 1459 instaret,
1726 1393 1783 1448 in
1812 1394 2025 1449 servitio
2047 1393 2223 1448 sancti

622 1488 767 1544 Petri
798 1488 1123 1543 occumbere
1153 1488 1473 1559 promeruit,
1517 1495 1572 1543 et
1615 1496 1805 1557 postea
1852 1503 1964 1543 uno
2006 1487 2095 1543 die
2130 1503 2218 1543 su-

623 1590 851 1654 perstes,
885 1581 1142 1638 omnibus
1179 1581 1291 1636 suis
1332 1581 1437 1637 rite
1466 1581 1755 1647 ordinatis,
1801 1580 1873 1637 ad
1918 1582 2221 1636 Dominum

622 1678 882 1749 migrasse
920 1692 1036 1732 non
1081 1674 1368 1732 dubitatur
1412 1674 1601 1731 Idibus
1642 1675 1916 1731 Octobris.
1950 1676 2223 1746 Regnavit

2328 452 2610 524 triumpho
2638 453 2984 521 certiﬁcatus,
3015 451 3200 508 eadem
3225 460 3379 508 nocte
3404 452 3457 507 in
3494 470 3652 527 campo
3670 458 3777 515 victo-

2330 548 2427 603 riae
2453 556 2631 603 castra
2674 555 2907 602 metatus
2953 554 3055 613 est,
3101 554 3153 601 et
3191 554 3366 617 postea
3393 546 3456 601 ad
3494 548 3781 621 subjugandnm

2330 640 2433 697 sibi
2462 657 2688 713 regnum
2731 640 3006 713 digressus
3046 646 3146 695 est.
3178 641 3387 696 Electus
3420 648 3493 696 est
3530 650 3676 698 autem
3709 655 3782 699 ante

2334 733 2684 790 festivitatem
2713 735 2886 790 sancti
2911 733 3205 801 Laurentii,
3236 742 3289 789 et
3317 734 3367 788 in
3393 736 3608 806 sequenti
3631 736 3695 791 die
3712 748 3784 806 post

2332 828 2681 884 festivitatem
2709 828 2952 901 ejusdem
2981 828 3173 891 sancti,
3202 826 3268 882 de
3303 827 3513 883 inimicis
3536 829 3786 899 triumphavit

2332 923 2391 978 in
2436 923 2675 978 conﬁnio
2723 922 3007 994 Bajoariae,
3062 922 3120 976 in
3166 921 3283 976 loco
3332 922 3418 993 qui
3459 922 3623 977 dicitur
3657 924 3786 978 Hoste-

2329 1025 2383 1071 te
2409 1022 2630 1083 (1318).
2662 1019 2859 1073 Postea
2907 1016 2965 1070 in
3009 1014 3303 1073 Saxoniam
3343 1015 3685 1071 consecrandus
3717 1015 3786 1071 dis-

2331 1110 2513 1167 cessit.

3002 1205 3348 1261 MLXXXII.

2402 1302 2785 1355 Heremannus
2829 1314 2925 1354 rex
2976 1299 3219 1353 natalem
3262 1296 3471 1352 Domini
3513 1296 3791 1367 gloriosissime

2331 1393 2617 1450 celebravit
2663 1392 2948 1459 Goslarie;
2998 1391 3071 1447 ibi
3118 1392 3282 1448 etiam
3324 1390 3378 1446 in
3418 1389 3661 1446 festivitate
3681 1392 3791 1443 sancti

2327 1487 2607 1558 Stephani,
2637 1502 2703 1542 eo
2732 1484 2887 1558 quod
2912 1495 3173 1557 patronus
3201 1485 3314 1557 ejus
3344 1483 3507 1547 fuerit,
3536 1483 3662 1554 regite
3678 1483 3791 1552 digni-

2326 1582 2455 1637 tatis
2486 1581 2802 1637 unctionem
2831 1588 2886 1635 et
2914 1595 3199 1643 coronam,
3231 1577 3537 1649 principibus
3561 1576 3677 1646 regni
3695 1575 3791 1630 anni-

2329 1676 2589 1742 tentibus,
2631 1675 2699 1730 ab
2726 1674 2996 1747 episcopis
3023 1673 3350 1730 sollemniter
3374 1672 3572 1742 accepit.
3596 1669 3791 1725 Heinricus

619 1779 806 1826 autem
820 1778 929 1826 tres
944 1784 1113 1825 annos
1136 1777 1192 1825 et
1214 1768 1530 1825 dimidium.
1556 1772 1639 1826 De
1665 1769 1821 1842 cujus
1859 1769 2013 1825 obitu
2035 1786 2225 1825 omnes
2252 1758 2299 1818 Β
2330 1779 2511 1826 autem
2559 1769 2613 1825 in
2660 1769 2840 1836 Italia,
2886 1775 3174 1839 assumpto
3221 1774 3451 1839 apostata
3477 1780 3561 1819 suo
3594 1762 3790 1824 Guiberto,

619 1864 851 1936 religiosi
891 1865 1181 1936 utriusque
1225 1879 1409 1929 sexus,
1452 1872 1509 1919 et
1538 1865 1779 1919 maxime
1806 1878 2092 1935 pauperes,
2124 1862 2221 1919 do-

622 1959 856 2013 luerunt.
891 1960 953 2013 ln
976 1959 1134 2030 cujus
1161 1946 1366 2014 animae
1390 1956 1465 1995 35°
1489 1957 2027 2014 commendationem
2053 1960 2221 2014 Saxo-

621 2068 717 2108 nes
761 2052 1182 2109 innumerabiles
1223 2053 1537 2108 elimosinas
1583 2051 1849 2107 fecerunt.
1902 2055 2029 2107 Erat
2071 2049 2222 2106 enim

623 2145 811 2216 procul
855 2146 1019 2201 dubio
1061 2154 1212 2217 pater
1250 2146 1459 2217 patria,
1494 2146 1939 2201 servantissimus
1970 2145 2221 2217 justicize,

623 2238 925 2294 indefessus
980 2246 1353 2310 propugnator
1394 2247 1599 2294 sanctae
1652 2238 1899 2294 ecclesiae.
1972 2237 2224 2308 Sepultus

624 2339 706 2386 est
729 2341 909 2385 autem
936 2330 1081 2401 apud
1103 2331 1418 2385 Merseburc
1442 2330 1857 2401 gloriosissime.
1899 2329 2110 2385 Eodem
2139 2330 2224 2386 die

624 2422 950 2480 decessionis
1000 2424 1118 2495 ejus
1166 2424 1220 2478 in
1252 2423 1629 2495 Longobardia
1676 2424 1877 2479 milites
1918 2423 2225 2495 prudentis-

626 2516 781 2573 simae
824 2516 899 2568 a7°
926 2516 1079 2573 ducis
1123 2516 1399 2573 Mathildae
1437 2516 1699 2589 fugantur
1726 2517 1794 2572 ab
1820 2518 2056 2573 exercitu
2087 2532 2226 2589 pene

625 2611 793 2666 totius
826 2610 1243 2682 Longobardiae,
1283 2609 1427 2681 apud
1474 2611 1693 2666 Vultam
1723 2627 1889 2684 prope
1919 2613 2221 2667 Mantuam.

624 2708 745 2776 Ipsa
775 2704 847 2756 37‘
882 2719 1101 2777 quoque
1128 2704 1216 2760 die
1248 2704 1575 2760 Gisilbertus
1620 2705 2068 2775 religiosissimus
2095 2722 2220 2777 pre-

624 2798 799 2854 sbiter
824 2806 879 2853 et
908 2797 1212 2853 monachus
1234 2804 1290 2851 et
1313 2797 1581 2853 Roudolﬁ
1602 2799 1746 2871 regis
1771 2798 1839 2854 ad
1861 2815 2061 2870 papam
2085 2800 2227 2871 lega-

625 2900 731 2961 tus,
759 2891 1168 2965 Longobardiaa
1195 2892 1463 2963 requievit
1490 2892 1546 2946 in
1574 2907 1727 2962 pace.
1761 2893 1860 2947 His
1889 2894 2228 2965 temporibus

623 2986 911 3042 Heiuricus
939 2994 1117 3041 totam
1148 2986 1359 3041 Italiam
1388 2985 1526 3040 adeo
1558 2986 1925 3053 conturbavit,
1959 2995 2018 3042 ut
2040 2987 2225 3042 nullus

624 3096 814 3137 secure
855 3079 926 3136 ad
970 3080 1156 3135 limina
1205 3079 1584 3149 apostolorum
1632 3089 1814 3150 posset
1843 3079 1939 3146 ire,
1988 3081 2081 3152 qui
2113 3096 2225 3136 non

625 3175 775 3245 prius
802 3174 1100 3245 abjuraret,
1124 3144 1275 3245 quod
1295 3172 1362 3229 ad
1388 3188 1582 3244 papam
1618 3144 1949 3244 Gregorium
1976 3144 2226 3231 diversu-
2265 3144 2309 3207 Ο

623 3283 718 3323 rus
746 3284 860 3324 non
886 3274 1045 3324 esset.

1254 3363 1302 3415 M
1316 3363 1574 3417 LXXXI.

697 3454 993 3510 Heinricus
1017 3462 1141 3526 post
1177 3455 1388 3511 obitum
1410 3454 1670 3511 Roudolﬁ
1704 3455 1847 3527 regis
1872 3456 2148 3511 Veronam
2172 3455 2229 3511 in

626 3547 824 3619 pascha
852 3549 1025 3617 venit,
1059 3557 1113 3604 et
1136 3548 1259 3605 inde
1286 3548 1356 3605 ad
1381 3549 1745 3605 invadendam
1767 3551 2008 3605 Romam
2032 3550 2231 3621 (1317),

626 3657 753 3696 cum
770 3658 870 3697 suo
886 3658 999 3697 non
1017 3643 1344 3713 apostolico,
1365 3652 1704 3715 setapostata
1723 3644 2019 3711 Guiberto,
2037 3652 2231 3715 utputa

625 3734 815 3809 domni
843 3736 1126 3805 apostolici
1152 3753 1264 3793 non
1285 3736 1451 3792 semel
1474 3738 1693 3809 perjuro
1722 3746 1775 3794 et
1801 3737 1876 3786 37'
1907 3738 2232 3793 anathema-

622 3825 791 3880 tizato
820 3825 918 3895 ³7³,
953 3827 1234 3897 profectus
1261 3838 1364 3897 est,
1396 3838 1478 3885 set
1507 3831 1687 3886 inacte
1721 3830 1795 3880 ³7³
1845 3847 2095 3888 reversus
2124 3840 2225 3888 est.

626 3916 834 3974 Eodem
860 3925 1111 3989 tempore
1140 3922 1410 3991 principes
1437 3924 1591 3993 regni
1621 3924 2077 3992 Teutonicorum,
2120 3925 2228 3981 sci-

625 4012 750 4068 licet
790 4010 1208 4084 archiepiscopi,
1254 4014 1516 4085 episcopi,
1562 4015 1748 4082 duces,
1791 4016 2145 4073 marchiones
2178 4026 2231 4075 et

624 4105 877 4173 comites,
908 4115 1183 4162 conventu
1210 4106 1378 4175 facto,
1426 4110 1843 4165 Heremannum
1875 4111 2115 4167 nobilem
2143 4112 2229 4168 vi-

624 4216 751 4255 rum
780 4200 884 4255 sibi
912 4201 967 4255 in
1004 4216 1190 4273 regem
1220 4202 1538 4274 elegerunt;
1568 4204 1661 4273 qui
1703 4204 1894 4259 statim
1936 4204 2003 4261 de
2033 4205 2228 4262 eodem

625 4304 893 4350 conventu
941 4294 1118 4351 aciem
1179 4304 1371 4353 contra
1425 4295 1667 4353 fautores
1716 4299 1961 4355 Heinrici
2008 4299 2222 4357 direxit.

622 4388 731 4459 Ipsi
767 4388 915 4444 enim
942 4389 1262 4446 electionem
1286 4390 1405 4463 ejus
1436 4390 1704 4462 impedire
1736 4392 2003 4460 volentes,
2026 4393 2225 4449 eodem

2332 1866 2531 1919 iterum
2593 1867 2835 1918 Romam
2894 1863 3181 1918 invasurus
3248 1860 3594 1931 proﬁciscitur,
3639 1855 3789 1911 adunata

2334 1957 2682 2014 multitudine
2723 1955 3196 2021 scismaticorum;
3230 1954 3402 2026 ibique
3427 1968 3480 2008 ea
3504 1958 3654 2007 testate
3671 1962 3790 2002 mora-

2332 2060 2421 2107 tus
2450 2067 2586 2124 pene
2626 2051 2901 2105 incassum
2932 2049 3227 2113 laboravit,
3271 2048 3366 2102 nisi
3394 2045 3523 2118 quod
3547 2043 3696 2098 milites
3713 2054 3792 2095 suos

2333 2144 2659 2215 quibusdam
2705 2144 2958 2212 castellis,
3010 2150 3071 2199 ut
3113 2141 3353 2198 facerent
3380 2155 3581 2195 werram
3606 2133 3791 2191 Romanis.

2335 2238 2617 2309 imposuit,
2664 2238 2789 2308 quia
2835 2254 2963 2293 eum
3008 2252 3107 2291 nec
3161 2237 3260 2291 hac
3304 2236 3409 2290 vice
3435 2236 3629 2289 Romam
3665 2229 3793 2283 intrare

2335 2332 2717 2403 permiserunt.
2770 2334 2961 2404 Ignem
2986 2345 3211 2402 quoque
3239 2329 3292 2384 in
3332 2329 3537 2383 domum
3561 2320 3690 2380 sancti
3709 2319 3794 2375 Petn'

2336 2442 2430 2498 per
2460 2424 2736 2497 quendam
2762 2425 3091 2481 traditorem
3116 2424 3414 2479 immittere
3453 2419 3628 2484 voluit,
3652 2424 3709 2470 set
3737 2412 3795 2466 Dei

2335 2519 2713 2576 misericordia
2743 2528 3060 2590 protegente
3099 2535 3218 2574 non
3246 2516 3427 2589 potuit.
3458 2510 3674 2584 Cogitavit
3693 2506 3797 2564 enim.

2333 2623 2396 2670 ut
2424 2614 2491 2670 de
2534 2614 2830 2686 improviso
2875 2622 3059 2685 portas
3104 2612 3433 2683 irrumperet
3470 2607 3552 2675 37‘,
3585 2604 3620 2659 si
3644 2596 3799 2657 Romani

2335 2707 2604 2764 derelictis
2653 2706 3071 2779 propugnaculis
3112 2706 3189 2763 ad
3238 2703 3527 2760 incendium
3564 2696 3801 2764 restinguen-

2334 2802 2468 2858 dum
2497 2808 2917 2866 concurrerent;
2944 2799 3088 2856 unde
3115 2800 3306 2871 ignem
3335 2794 3560 2853 domibus
3576 2784 3804 2863 quibusdam

2333 2898 2528 2951 Sancto
2570 2899 2734 2951 Petro
2779 2893 3053 2966 contiguis
3099 2892 3336 2949 immitti
3376 2889 3505 2945 fecit.
3544 2888 3617 2942 Set
3648 2881 3807 2937 domnus

2331 2989 2657 3061 apostolicus
2702 2988 2827 3044 huic
2892 2986 3147 3043 versutiae
3213 2984 3463 3050 obviavit;
3507 2994 3614 3036 nam
3648 2975 3809 3047 primum

2336 3084 2445 3138 viso
2495 3082 2769 3145 incendio,
2802 3097 2993 3137 omnes
3022 3079 3239 3137 milites
3268 3083 3530 3135 Romanos
3559 3067 3703 3132 375.841
3726 3078 3810 3135 PTO‘

2340 3177 2638 3249 pugnacula
2664 3174 3003 3232 defendenda
3024 3174 3359 3241 transmisit,
3385 3173 3578 3244 ipseque
3593 3163 3701 3219 solus
3718 3156 3812 3212 ﬁdu~

2340 3272 2422 3328 cia
2462 3270 2637 3327 sancti
2687 3270 2833 3325 Petri
2864 3268 3056 3335 fretus,
3090 3268 3241 3325 facto
3286 3267 3432 3339 signo
3467 3262 3533 3313 376
3567 3255 3694 3316 crucis
3714 3265 3810 3305 con-

2338 3375 2420 3421 tra
2450 3365 2527 3416 376
2554 3363 2871 3420 incendium
2895 3362 2996 3430 316,
3047 3363 3233 3435 ignem
3280 3357 3513 3434 progredi
3540 3349 3708 3410 ulterius
3729 3357 3807 3397 non

2342 3458 2606 3531 permisit.
2645 3458 2813 3528 Igitur
2848 3456 3142 3513 Heinricus
3187 3465 3342 3528 capto
3372 3445 3615 3508 venerabili
3636 3440 3808 3511 episcopo

2342 3553 2411 3609 de
2454 3552 2635 3609 Sutria
2682 3554 2914 3619 (1319),
2961 3549 3189 3621 aliisque
3227 3546 3508 3609 nonnullis,
3534 3550 3693 3607 suoque
3724 3542 3809 3600 a[’0'

2341 3655 2481 3702 stata
2506 3644 2776 3702 Guiberto
2797 3645 2858 3699 in
2882 3643 3175 3700 Tiburtina
3210 3644 3343 3698 urbe
3367 3641 3430 3696 ad
3455 3628 3720 3693 inlestandos
3738 3624 3809 3675 Re

2342 3756 2538 3795 manos
2571 3730 2853 3803 derelicto,
2884 3737 3001 3807 ipse
3025 3736 3463 3809 Longobardiam
3489 3715 3811 3813 revertitur.

2339 3848 2638 3889 remannus
2683 3839 2864 3888 autem
2901 3846 2994 3886 rex
3038 3831 3282 3885 multum
3328 3828 3392 3884 de
3435 3805 3810 3912 adversitate‘s'edlts

2339 3928 2651 3999 apostolicae
2680 3925 2890 3990 dolens,
2938 3939 3173 3995 eamque
3199 3923 3269 3979 de
3297 3920 3528 3977 manibus
3563 3898 3809 3999 Heinrici‘h'

2341 4020 2530 4076 berare
2576 4019 2778 4085 volens,
2812 4016 3225 4089 expeditionem
3270 4018 3324 4071 in
3356 4013 3549 4070 Italiam
3574 3992 3807 4078 paravit“,

2341 4115 2482 4171 unde
2510 4121 2564 4171 et
2600 4113 2667 4169 de
2691 4111 2919 4169 Saxonia
2944 4112 2997 4167 in
3026 4111 3286 4167 Sueviam
3311 4108 3466 4164 venit.

2884 4214 2889 4215 ⁷
2947 4207 3321 4261 MLXXXIII.

2409 4304 2792 4357 Heremannus
2824 4316 2917 4356 rex
2960 4299 3205 4354 natalem
3235 4293 3454 4353 Domini
3479 4292 3530 4347 in
3567 4278 3709 4343 Suevia
3729 4283 3813 4329 cum

2337 4395 2665 4467 principibus
2713 4394 2863 4465 regni
2927 4392 3059 4448 satis
3100 4390 3403 4447 honoriﬁce
3442 4375 3698 4441 celebravit.

624 4487 872 4551 tempore
900 4482 1195 4538 maximam
1223 4483 1637 4540 multitudinem
1679 4493 2106 4553 contraxerunt;
2139 4494 2222 4542 set
2251 4496 2301 4558 ι)
2330 4504 2457 4544 cum
2484 4478 2784 4543 exercitum
2823 4487 2880 4541 in
2925 4484 3374 4557 Longobardiam
3401 4484 3675 4553 promovere
3694 4458 3818 4558 vellet:

572 4616 579 4623 .
624 4589 770 4628 novo
799 4591 928 4647 rege
954 4592 1018 4632 ex
1045 4577 1349 4648 improviso
1379 4578 1640 4646 irruente,
1663 4594 1855 4635 omnes
1881 4580 2099 4651 penitus
2121 4589 2216 4636 aut

624 4665 754 4723 cede
783 4670 1040 4738 prostrati
1086 4679 1235 4739 sunt,
1268 4680 1362 4726 aut
1390 4671 1829 4728 inrevocabiliter
1865 4671 2057 4745 fugati,
2092 4674 2218 4729 licet

2324 4582 2551 4637 molesta
2593 4580 2695 4637 sibi
2739 4580 2946 4653 legatio
2990 4546 3329 4635 deuSaxonia
3352 4573 3520 4639 venit;
3548 4566 3705 4639 ρυῑρρε
3723 4546 3820 4650 (ὶυίξδ

2325 4678 2457 4733 Otto
2509 4674 2623 4731 dux
2684 4673 3145 4746 prudentissimus
3191 4670 3350 4727 miles
3398 4663 3590 4727 obierit,
3630 4654 3820 4746 quem!”

623 4761 787 4833 regiis
817 4760 1081 4818 militibus
1107 4779 1166 4819 se
1194 4764 1607 4836 insequentibus
1645 4782 1755 4823 non
1791 4733 1961 4839 parvo
1985 4776 2218 4839 prmsta-
2324 4769 2559 4825 Saxonia
2601 4733 2702 4840 pro
2727 4768 2904 4840 capite
2926 4767 3003 4819 ³7⁸
3045 4765 3299 4823 omnium
3323 4774 3535 4822 suorum
3566 4743 3763 4819 τθιίιιιιίιε
3787 4733 3820 4787 in

1910 4922 2162 4978 VARIE
2198 4923 2627 4980 LECTIONES.

694 5066 767 5105 ³⁸³
792 5075 1150 5147 ravennatem
1174 5067 1511 5147 usque_depo
1534 5072 1596 5147 in
1623 5071 1728 5129 loco
1752 5089 1895 5147 raso,
1926 5074 2091 5129 situm
2114 5090 2280 5145 usque
2308 5056 2556 5147 elegit'in
2579 5090 2771 5147 marg.
2788 5071 2896 5127 litt.
2926 5074 3056 5147 min.
3077 5078 3144 5147 Δ1.
3224 5070 3303 5121 ³69
3329 5080 3495 5147 amna:
3511 5066 3563 5147 .1;

615 5140 774 5195 sima
796 5141 949 5195 ducis
971 5143 1029 5196 in
1058 5142 1164 5195 loco
1192 5158 1314 5197 raso
1344 5140 1455 5197 litt.
1485 5146 1619 5198 min.
1655 5153 1700 5199 I.
1789 5144 1866 5195 37'
1894 5147 1975 5200 ita
2006 5153 2055 5201 1.

2134 5118 2210 5197 3V7:
2237 5118 2633 5217 sirpraolineiziii
2663 5118 2859 5201 addita.
2896 5151 2943 5199 1.
3020 5142 3095 5195 ³7³
3123 5150 3302 5198 macte
3326 5138 3523 5217 3.3371

622 5192 792 5266 deiet—0
805 5192 1025 5287 "page;
1053 5192 1095 5267 ii
1114 5192 1187 5287 :1.
1195 5192 1667 5287 irrumperent-2..
1688 5192 1700 5199 '
1741 5192 1829 5267 375'
1856 5192 2115 5274 remonas
2152 5192 3032 5287 ceri-T166633}?."3%€"s{42m
3049 5192 3473 5271 ἰἰὰὲᾶἦινῖιᾶἀίεα
3500 5215 3544 5263 1.
3613 5192 3763 5249 377m
3786 5192 3815 5237 1ο

622 5284 945 5354 praparavit
984 5290 1037 5340 2.
1111 5283 1189 5334 ³7⁸
1219 5286 1502 5354 capitaneo
1530 5291 1583 5340 2.

2151 5386 2379 5441 ΝΟΤᾸΞ.

694 5509 1343 5585 (ιιδιβλῐᾷδὰθωῌνθξὺίι
1390 5511 1618 5583 legimus
1666 5514 1721 5568 in
1777 5530 1860 5585 ep.
1896 5516 2207 5573 Gebehardi

620 5579 1000 5662 arch..§alis_b_.
1033 5582 1114 5662 ad.
1137 5579 1543 5662 ger-imaQO
1567 5579 1905 5662 ‘Metensem
1924 5604 1990 5662 ap
2017 5591 2206 5662 Hugo-

621 5667 745 5732 nem
770 5653 918 5732 Elav.
943 5653 1115 5732 Mansi
1141 5654 1273 5721 XX,
1297 5660 1418 5709 542.
1448 5658 1529 5711 De
1556 5655 1824 5712 Guiberto
1850 5657 1920 5713 cf.
1952 5653 2205 5732 Gregorii

620 5724 759 5793 Reg.
794 5725 944 5791 VIll,
982 5730 1035 5789 5,
1067 5730 1239 5790 7,12,
1274 5732 1358 5790 ιδ,
1390 5731 1473 5780 14.

690 5794 889 5860 (1317)
918 5793 1001 5850 Cf.
1033 5796 1198 5866 Greg.
1230 5798 1384 5866 epist.
1437 5797 1509 5853 ad
1536 5814 1618 5871 ep.
1655 5801 2029 5857 Pataviensem
2060 5805 2197 5874 Reg.

2318 5522 2426 5646 BE,
2460 5524 2519 5645 ῗί
2550 5526 2604 5574 et
2647 5516 2716 5573 ad
2755 5516 3100 5574 DeSiderium
3140 5514 3394 5570 abbatem
3433 5490 3811 5565 Canenseml’sts

2408 5631 2422 5657 ,
2460 5631 2543 5645 ι..

2387 5667 2404 5727 (
2426 5666 2589 5727 1318)
2620 5659 2899 5717 Hocbsted
2924 5659 2997 5717 ad
3019 5656 3351 5716 Danubium.

2385 5738 2584 5799 (1319)
2614 5734 2713 5789 Est
2736 5732 2959 5789 Bonizo.
2989 5735 3117 5790 Uss.
