4052 6196
290 290 418 343 1381

1190 285 1477 343 APPEND.
1522 289 1607 342 Ill.
1648 317 1719 329 —
1755 290 2173 347 MONUMENTA
2210 292 2669 347 GREGOBIANA.

3446 299 3583 352 i382

283 412 440 484 cujus
469 412 622 469 obitu
652 415 955 469 maximum
986 415 1184 469 scisma
1228 412 1478 467 futurum
1507 430 1621 469 non
1648 413 1872 470 dubita-
1900 421 1950 482 Α
1984 416 2223 471 tentibus
2262 417 2609 472 securitatem
2653 417 2965 487 juramento
3033 418 3359 487 promiserit.
3422 421 3584 476 Unde

280 514 365 560 ret
390 505 486 573 ³79,
513 508 611 561 nisi
640 508 951 579 hujnsmodi
981 509 1177 564 scisma
1217 507 1516 578 anticipare
1548 518 1866 563 maturaret.

280 601 397 653 Hac
428 600 595 669 igitur
619 600 957 667 necessitate,
990 602 1291 672 postposita
1312 602 1676 672 expeditione,
1706 605 1872 657 Saxo-

280 694 428 746 niam
457 692 777 747 festinanter
798 694 974 749 redire
1003 695 1369 765 compellitur.
1403 698 1611 750 Iterum
1648 696 1870 750 Heinri-

279 802 375 841 cus
401 801 525 840 cum
556 786 913 842 multitudine
942 788 1374 843 scismaticorum
1406 789 1519 843 sive
1548 804 1872 843 excommu—

278 880 587 935 nicatorum
598 891 723 935 ante
735 887 1092 952 pentecosten
1106 884 1345 937 Romam
1358 882 1371 936 i
1382 898 1619 953 mpugna
1629 892 1783 938 turus
1798 881 1874 919 33°

277 974 603 1046 aggreditur,
632 983 686 1030 et
716 976 945 1030 domum
989 976 1171 1031 Sancti
1198 977 1342 1031 Petri
1372 977 1429 1030 in
1457 976 1685 1032 sabbato
1735 976 1872 1032 infra

278 1069 638 1139 epdomadam
689 1078 1027 1139 pentecostes
1073 1079 1282 1125 armata
1317 1087 1485 1127 manu
1532 1070 1869 1141 aggreditur.

278 1162 474 1232 Sicque
501 1161 575 1201 ³⁸³
597 1163 927 1219 Guibertum
954 1167 1359 1232 Ravennatem,
1386 1164 1684 1236 perjnrum,
1708 1164 1876 1234 depo-

277 1256 441 1311 situm
482 1266 535 1311 et
567 1257 1103 1325 anathematizatum,
1150 1258 1295 1329 apud
1342 1261 1605 1314 Sanctum
1652 1259 1872 1312 Petrum

276 1350 644 1421 intronizavit,
676 1367 786 1406 non
830 1368 924 1423 per
951 1352 1283 1418 Ostiensem,
1315 1362 1369 1407 et
1398 1352 1786 1419 Albanensem,
1822 1360 1876 1407 et

276 1446 636 1499 Portuensem
665 1446 973 1516 episcopos,
1005 1446 1096 1517 qui
1129 1446 1232 1501 hoc
1272 1446 1615 1517 privilegium
1648 1445 1870 1513 habent,

276 1547 339 1592 ut
374 1554 573 1609 papam
616 1548 968 1607 consecrent;
999 1539 1095 1596 sed
1138 1556 1231 1611 per
1263 1540 1636 1595 Mutinensem
1670 1548 1724 1595 et
1752 1539 1874 1595 Ari-

275 1632 506 1687 tiensem
552 1632 627 1670 33‘
658 1633 1031 1705 exepiscopos,
1078 1641 1268 1705 utpote
1309 1634 1430 1705 jam
1490 1633 1676 1689 multis
1722 1633 1877 1689 annis

275 1724 554 1797 depositos
601 1735 655 1783 et
701 1728 1211 1784 anathematizatos.
1264 1729 1467 1784 Statim
1511 1728 1674 1796 igitur
1716 1728 1873 1798 juxta

1981 518 2034 564 et
2062 512 2302 566 Romani
2346 512 2580 566 multum
2626 518 2817 565 contra
2864 510 3185 565 Heinricum
3233 528 3583 570 murmurare

1982 612 2261 673 ceperunt.
2297 606 2466 659 Erant
2494 612 2694 659 autem.
2725 603 3119 675 religiosissimi
3153 603 3224 652 ³9ο
3255 607 3503 662 monachi
3532 615 3586 663 et

1983 696 2179 761 clerici,
2222 714 2360 769 quos
2390 699 2444 751 in
2474 698 2721 768 captione
2750 695 2881 752 fecit
2926 697 3190 763 cruciari;
3225 715 3353 753 cum
3380 700 3584 771 quibus

1983 798 2036 844 et
2085 791 2341 844 Ottonem
2378 791 2742 846 venerandum
2788 791 3103 845 Ostiensem
3143 792 3464 863 episcopum
3494 810 3582 849 ca-

1982 882 2205 954 ptivavit
2225 887 2243 949 (
2266 890 2451 951 1322),
2478 883 2728 938 videlicet
2752 884 2820 939 ad
2844 884 3021 955 ipsum
3044 885 3112 939 ab
3133 886 3429 955 apostolica
3453 887 3585 944 sede

1982 976 2379 1032 transmissum.
2414 976 2569 1031 Multi
2602 985 2785 1032 tamen
2827 994 2889 1033 ex
2943 980 3289 1050 Francigenis
3326 980 3395 1036 ad
3434 981 3584 1037 illam

1984 1070 2242 1125 sinodum
2286 1078 2399 1124 tam
2429 1070 2666 1141 episcopi
2709 1087 2876 1141 quam
2925 1072 3151 1127 abbates
3200 1083 3577 1143 pervenerunt.

1985 1165 2239 1219 Meliores
2266 1172 2447 1219 autem
2478 1164 2717 1235 episc0pi
2750 1172 2806 1219 et
2835 1164 3047 1220 domno
3076 1167 3380 1236 apostolico
3407 1168 3582 1239 magis

1981 1259 2290 1325 necessarii,
2344 1258 2397 1313 id
2427 1266 2510 1313 est
2551 1260 2674 1330 Ugo
2721 1257 3124 1329 Lugdunensis,
3171 1261 3468 1316 Anselmus
3513 1261 3583 1312 ³9⁸

1986 1353 2272 1420 Lucensis,
2321 1353 2702 1424 Reginnaldus
2745 1351 2821 1402 391
2871 1355 3172 1419 Cumanus,
3216 1355 3525 1425 specialiter
3554 1372 3584 1411 a

1986 1447 2245 1501 Heiurico
2276 1444 2345 1501 ad
2390 1446 2652 1502 sinodum
2694 1446 2976 1517 pervenire
3018 1446 3092 1496 393
3125 1446 3388 1518 prohibiti
3430 1458 3579 1504 sunt.

1985 1541 2239 1595 Domuus
2267 1548 2453 1595 tamen
2483 1556 2619 1611 papa
2644 1539 2903 1595 sinodum
2934 1540 3110 1595 tribus
3138 1539 3331 1595 diebus
3364 1542 3583 1597 sollem-

1987 1634 2127 1688 niter
2157 1634 2467 1702 celebravit,
2496 1644 2550 1690 et
2578 1650 2645 1689 ne
2688 1633 3017 1689 Heinricum.
3045 1635 3355 1705 specialiter
3384 1636 3583 1691 iterum

1987 1727 2495 1795 anathematizaret,
2528 1728 2613 1782 vix
2661 1743 2689 1782 a
2734 1727 2928 1783 sinodo
2958 1737 3238 1795 exoratus,
3271 1745 3462 1784 omnes
3500 1738 3585 1784 ta-

276 1821 539 1876 Sanctum
562 1822 786 1876 Petrum
806 1822 1082 1893 quendam
1113 1822 1498 1890 monticulum,
1528 1822 1755 1876 nomine
1776 1823 1873 1877 Pa-
1907 1795 1954 1856 Β
1985 1836 2112 1875 men
2155 1821 2671 1888 excommunicavit,
2701 1822 3035 1892 quicumque
3078 1822 3316 1894 aliquem
3346 1823 3415 1878 ad
3446 1825 3584 1878 San-

277 1914 542 1969 laceolum
565 1920 793 1981 (1320),
826 1916 1206 1982 incastellavit,
1234 1916 1391 1987 eique
1424 1915 1627 1969 milites
1648 1915 1872 1982 multos,

275 2016 337 2062 ut
372 2009 753 2079 impugnarent
798 2012 1106 2073 Romanos,
1157 2010 1448 2080 imposuit,
1492 2009 1583 2080 qui
1630 2008 1703 2046 ³⁸³
1746 2024 1873 2064 eum

276 2102 718 2157 Transtiberinas
770 2102 1022 2174 regiones
1070 2103 1221 2158 urbis
1268 2104 1419 2158 nullo
1473 2110 1631 2173 pacto
1673 2102 1875 2156 intrare

278 2196 684 2265 permittebant.
709 2196 864 2250 Multi
888 2205 1078 2251 tamen
1094 2197 1211 2268 jam
1234 2213 1297 2251 ex
1322 2195 1593 2251 Romanis
1614 2195 1873 2250 Heinrico

274 2296 686 2353 consenserant,
710 2289 909 2359 partim
932 2290 1117 2359 precio
1148 2289 1356 2345 inducti
1386 2288 1484 2356 δελ,
1507 2289 1708 2359 partim
1731 2290 1872 2344 mul-

276 2382 348 2436 tis
376 2381 838 2451 promissiouibus
881 2382 1116 2448 seducti,
1148 2399 1342 2437 omnes
1370 2391 1557 2437 autem
1588 2383 1873 2455 aequaliter

272 2474 389 2545 jam
418 2474 621 2529 trienni
653 2474 731 2511 335
765 2475 1175 2544 impugnatione
1203 2476 1437 2529 nimium
1465 2473 1699 2545 fatigati.
1733 2476 1875 2543 Quid

277 2569 475 2638 plura?
506 2569 717 2623 Omnes
742 2584 877 2639 pene
909 2568 1171 2632 Romani,
1201 2577 1405 2639 praeter
1436 2567 1743 2638 principem
1773 2571 1873 2624 Sa-

278 2661 629 2729 lernitanum,
663 2662 764 2716 hoc
792 2677 919 2716 cum
948 2660 1206 2717 Heinrico
1236 2662 1614 2729 laudavernnt,
1648 2668 1706 2714 ut
1736 2676 1877 2731 papa

280 2754 576 2826 Gregorius
618 2754 875 2810 sinodum
924 2755 976 2809 in
1025 2755 1207 2810 medio
1254 2754 1550 2810 Novembri
1597 2754 1879 2825 colligeret

281 2849 493 2915 Romae,
517 2848 672 2919 cujus
700 2848 879 2903 sinodi
908 2856 1108 2903 statuta
1132 2848 1199 2903 de
1228 2864 1390 2902 causa
1412 2848 1559 2919 regni
1582 2864 1682 2902 nec
1713 2848 1879 2902 Hein-

279 2942 410 3011 rico,
443 2957 543 2997 nec
570 2942 858 3007 Romanis,
892 2942 1066 2997 immo
1096 2942 1229 2996 nulli
1261 2942 1478 3012 penitus
1505 2941 1693 2996 liceret
1734 2957 1876 3011 pra:-

277 3036 524 3090 varicari.
572 3036 858 3091 Heinricus
901 3051 1114 3107 quoque
1144 3036 1304 3091 ituris
1344 3036 1415 3091 ad
1447 3036 1593 3090 illam
1619 3036 1875 3091 sinodum

276 3137 329 3183 et
379 3129 634 3184 redituris
681 3130 1034 3185 securitatem
1098 3128 1458 3201 jurejurando
1509 3129 1658 3184 fecit.
1715 3130 1876 3185 Unde

274 3230 329 3277 et
356 3238 495 3294 papa
524 3238 715 3279 omnes
753 3223 1033 3294 religiosos
1059 3223 1338 3295 episcopos
1381 3231 1433 3278 et
1455 3222 1676 3278 abbates
1705 3223 1773 3278 ad
1802 3223 1874 3277 si-

274 3316 484 3371 nodum
527 3317 694 3372 literis
730 3317 844 3373 suis
872 3317 1099 3372 vocavit.
1134 3321 1378 3372 Reverso
1420 3317 1586 3388 igitur
1612 3317 1872 3372 Heiurico

274 3410 737 3482 Longobardiam,
801 3411 1004 3466 milites
1061 3411 1175 3482 ejus
1222 3427 1360 3482 quos
1410 3411 1465 3465 in
1511 3411 1731 3466 castello
1780 3411 1872 3465 illo

275 3520 443 3575 prope
474 3506 736 3559 Sanctum
757 3508 983 3560 Petrum
1010 3503 1238 3571 dimisit,
1261 3505 1541 3575 repentina
1564 3520 1714 3559 mors
1738 3520 1871 3575 pene

274 3613 467 3654 omnes
494 3598 714 3664 invasit,
754 3598 899 3653 inter
927 3614 1066 3669 quos
1097 3606 1153 3652 et
1181 3596 1506 3653 Oudalricus
1533 3597 1601 3653 de
1630 3598 1872 3653 Goscez-

274 3690 426 3746 heim
456 3689 529 3728 ³⁸⁸
558 3690 762 3762 absque
792 3691 1142 3746 ecclesiastica
1168 3690 1560 3747 communione
1593 3692 1692 3759 ’97,
1736 3690 1868 3745 hcul

273 3784 440 3841 miser
468 3784 693 3852 interiit,
726 3792 918 3841 auctor
949 3783 1110 3857 hujus
1149 3784 1480 3840 scismaticze
1510 3784 1871 3855 conspiratio-

272 3879 360 3933 nis
388 3887 442 3933 et
469 3879 739 3934 incentor.
774 3881 856 3934 Ex
881 3884 986 3934 300
1032 3887 1218 3934 autem
1248 3878 1541 3946 militibus,
1576 3878 1669 3949 qui
1700 3878 1753 3931 in
1782 3877 1871 3932 illo

273 3972 497 4027 castello
543 3988 642 4043 pro
683 3971 932 4028 custodia
960 3972 1174 4027 dimissi
1220 3981 1365 4039 sunt,
1396 3973 1483 4026 vix
1530 3978 1599 4027 30
1635 3970 1873 4043 gladium

272 4065 445 4121 sancti
489 4066 656 4133 Petri,
686 4074 749 4119 ut
777 4065 947 4134 aiunt,
990 4080 1251 4121 concessa
1280 4065 1388 4119 vita
1432 4072 1736 4119 evaserunt.
1787 4068 1875 4136 Ip-

272 4174 401 4213 sum
446 4166 633 4213 autem
680 4158 966 4213 castellum
1000 4173 1031 4212 a
1074 4158 1340 4212 Romanis
1372 4158 1590 4228 penitus
1629 4158 1745 4213 solo
1774 4158 1873 4213 ad-

272 4260 551 4321 aequatum
569 4259 670 4306 est.
692 4252 985 4307 Heinricus
1004 4250 1164 4322 igitur
1184 4254 1503 4306 Ravennate
1528 4266 1627 4306 suo
1648 4251 1872 4307 interim

272 4347 592 4400 Ravennam
612 4345 953 4411 transmisso,
979 4344 1047 4401 ad
1072 4343 1394 4415 praedictam
1415 4344 1489 4382 ³⁸⁸
1510 4344 1765 4400 sinodum
1793 4346 1869 4382 ³⁸⁸

274 4437 549 4508 profectus
575 4446 677 4507 est,
703 4456 810 4509 quo
840 4447 893 4494 et
919 4438 1079 4511 legati
1103 4439 1533 4495 Teutonicorum
1561 4438 1872 4510 principum

1981 1924 2134 1972 ctum
2177 1918 2399 1971 Petrum
2431 1916 2510 1970 vel
2541 1916 2609 1972 ad
2651 1933 2853 1988 papam
2879 1917 3184 1972 venientem
3214 1934 3434 1989 quoquo
3462 1934 3584 1973 mo-

1980 2008 2055 2065 do
2095 2009 2440 2080 impedirent.
2473 2010 2575 2066 Sed
2598 2010 2713 2082 jam
2743 2009 2966 2066 advenit
2992 2012 3282 2077 terminus,
3315 2012 3383 2066 ad
3421 2027 3585 2083 quem
3668 2058 3675 2061 ν

1981 2102 2240 2168 Romani,
2268 2104 2542 2159 nesciente
2564 2119 2723 2175 papa,
2751 2105 3014 2159 Heinrico
3036 2120 3095 2160 se
3120 2103 3420 2160 effecturos
3433 2104 3586 2175 jura-

1983 2204 2191 2264 verant,
2222 2206 2282 2250 ut
2319 2206 2416 2252 aut
2444 2198 2745 2267 Gregorius
2776 2213 2909 2269 papa
2941 2214 3073 2253 eum
3104 2198 3465 2264 incoronaret,
3494 2208 3589 2254 aut

1982 2289 2119 2344 alius
2164 2306 2331 2361 quem
2366 2290 2463 2358 ipsi
2498 2290 2590 2343 illo
2636 2291 2863 2360 expulso
2896 2290 3177 2361 eligerent.
3227 2283 3584 2363 Quod'jura-

1982 2390 2230 2438 mentum
2261 2384 2382 2437 licet
2411 2381 2469 2436 in
2499 2383 2775 2454 praeterita
2805 2392 2995 2438 aestate
3024 2382 3230 2438 factum
3262 2384 3441 2450 fuerit,
3468 2400 3587 2439 om-

1982 2492 2080 2531 nes
2122 2486 2308 2531 tamen
2336 2477 2557 2531 intimos
2600 2487 2752 2548 papae
2791 2492 2964 2547 usque
3006 2477 3075 2531 ad
3123 2478 3422 2531 terminum
3455 2494 3587 2548 pene

1986 2569 2156 2623 latuit.
2192 2569 2537 2647 Adveniente
2570 2570 2732 2641 igitur
2761 2571 3024 2636 termino,
3058 2570 3291 2625 Romani
3334 2586 3489 2642 papae
3518 2571 3586 2627 de

1978 2663 2298 2734 juramento
2355 2660 2854 2727 manifestaverunt,
2901 2663 3162 2731 dicentes,
3213 2678 3270 2718 se
3318 2665 3583 2720 Heinrico

1976 2756 2215 2825 jurasse,
2240 2770 2355 2809 non
2374 2763 2439 2809 ut
2465 2770 2603 2825 papa
2626 2754 2778 2808 illum
2805 2756 3149 2810 sollemniter
3177 2756 3345 2827 regali
3376 2756 3585 2812 unctio-

1987 2866 2054 2903 ne
2082 2849 2447 2915 incoronaret,
2494 2847 2587 2902 sed
2630 2856 2845 2903 tantum
2874 2847 3214 2919 simpliciter,
3250 2858 3309 2903 ut
3339 2851 3387 2904 ei
3426 2866 3586 2905 coro-

1986 2958 2112 2997 nam
2136 2942 2307 2996 daret.
2338 2942 2548 2996 Annuit
2571 2942 2738 3013 igitur
2768 2958 2905 3011 papa
2929 2957 3121 2996 eorum
3151 2943 3308 3009 votis,
3338 2952 3399 2998 ut
3439 2959 3533 2999 eos
3554 2960 3585 2999 a

1979 3037 2294 3107 juramento
2323 3034 2644 3101 absolveret,
2673 3035 2925 3090 videlicet
2946 3044 3009 3090 ut
3033 3035 3294 3103 Henrico,
3321 3036 3369 3091 si
3392 3037 3583 3104 vellet,

1912 3161 1956 3224 ε
1985 3146 2109 3184 cum
2138 3130 2379 3200 justicia,
2407 3129 2490 3184 siu
2521 3137 2728 3196 autem,
2756 3144 2882 3183 cum
2905 3129 3291 3185 maledictione
3320 3146 3585 3186 coronam

1986 3224 2153 3279 daret.
2184 3222 2347 3279 Unde
2383 3223 2620 3277 Romani
2651 3222 3043 3278 mandaverunt
3074 3222 3353 3289 Heinrico,
3403 3232 3465 3279 ut
3496 3240 3583 3281 ve-

1987 3316 2129 3371 niret
2169 3316 2238 3371 ad
2285 3316 2657 3386 accipiendam
2686 3331 2948 3370 coronam
2982 3332 3107 3372 cum
3133 3316 3368 3389 justieia,
3395 3319 3439 3373 si
3474 3319 3585 3374 vel-

1985 3410 2086 3477 let;
2117 3410 2199 3464 sin
2228 3417 2428 3473 autem,
2458 3408 2527 3465 de
2556 3409 2777 3464 castello
2806 3410 2979 3465 sancti
3018 3410 3206 3481 Angeli
3242 3428 3335 3481 per
3374 3412 3582 3484 virgam

1982 3504 2082 3559 sibi
2108 3502 2393 3558 dimissam
2421 3518 2450 3558 a
2472 3519 2611 3574 papa
2644 3502 2926 3575 reciperet.
2952 3504 3059 3559 Sed
3088 3504 3342 3560 Heinrico
3370 3515 3583 3561 utrum-

1982 3614 2087 3669 que
2116 3606 2419 3662 recusante,
2468 3598 2638 3654 alium
2679 3598 2922 3669 legatum
2953 3598 3030 3653 illi
3060 3598 3324 3667 direxere,
3357 3600 3446 3671 qui
3491 3616 3595 3655 eos

1984 3692 2125 3746 bello
2150 3689 2491 3759 defenderet,
2521 3692 2565 3746 si
2597 3707 2819 3747 necesse
2850 3700 2992 3747 esset
3022 3708 3035 3746 :
3065 3707 3122 3747 se
3149 3682 3288 3748 bene
3317 3693 3581 3748 attendis-

1983 3801 2039 3841 se
2067 3784 2213 3857 quod
2243 3785 2318 3835 394
2336 3785 2658 3856 juraverint,
2684 3802 2783 3841 nec
2808 3802 2865 3840 se
2905 3785 3138 3857 amplius
3165 3801 3228 3840 eo
3261 3785 3582 3856 juramento

1981 3879 2213 3935 detineri
2244 3879 2528 3935 obnoxios.
2563 3879 2733 3950 igitur
2758 3878 2967 3935 domno
2996 3894 3149 3950 papa:
3176 3878 3250 3928 ³9⁵
3281 3880 3457 3934 multo
3488 3879 3582 3933 lir—

1983 3973 2129 4028 mius
2156 3988 2321 4044 quam
2347 3973 2555 4044 pridem
2583 3972 2807 4028 consilio
2833 3972 2911 4022 ’95
2950 3981 3005 4027 et
3039 3972 3238 4027 auxilio
3280 3971 3577 4029 adhaesere.

1982 4067 2265 4122 Heinricus
2295 4074 2479 4123 autem
2524 4066 2698 4121 multo
2743 4065 3035 4122 instantius
3064 4082 3162 4137 pro
3191 4066 3267 4120 eis
3296 4082 3409 4121 suae
3440 4066 3587 4137 parti

1982 4159 2341 4230 applicandis,
2368 4177 2518 4215 nunc
2542 4160 2826 4228 minando,
2859 4176 3006 4215 nunc
3033 4158 3406 4230 promittendo
3431 4158 3580 4212 labo-

1980 4253 2156 4318 ravit,
2208 4256 2553 4323 multumque
2613 4262 2831 4321 tempus
2894 4253 3038 4307 circa
3094 4255 3337 4307 Romam
3390 4266 3577 4307 mora-

1982 4354 2069 4400 tus
2126 4345 2255 4400 huic
2310 4344 2539 4415 negocio
2582 4344 2898 4416 invigilavit.
2943 4345 3043 4401 His
3090 4344 3431 4415 temporibus
3475 4345 3577 4415 piae

1981 4438 2264 4494 memoriae
2332 4438 2638 4509 Stephanus
2697 4436 2979 4508 quondam
3045 4453 3141 4493 rex
3200 4440 3572 4509 Ungarorum,

270 4531 352 4587 ire
379 4531 715 4598 debuerunt;
747 4540 834 4587 set
876 4549 908 4589 a
952 4532 1210 4590 Heinrico
1257 4533 1314 4587 in
1369 4533 1452 4588 via
1485 4532 1627 4605 apud
1673 4534 1875 4589 Forum
1902 4533 1953 4596 D
1984 4533 2077 4605 qui
2115 4548 2172 4588 se
2198 4533 2381 4605 ipsum
2419 4548 2547 4587 cum
2590 4547 2686 4587 sua
2716 4540 2872 4603 gente
2896 4531 2965 4586 ad
3006 4531 3173 4586 ﬁdem
3218 4530 3416 4587 Christi
3443 4547 3576 4587 con-

272 4625 445 4680 Cassii
471 4631 489 4692 (
510 4631 671 4693 1321)
700 4626 844 4696 capti
870 4634 925 4682 et
953 4626 1179 4697 praedati
1199 4636 1327 4681 sunt
1351 4628 1494 4683 circa
1524 4626 1865 4683 festivitatem

271 4719 448 4774 sancti
487 4720 706 4777 Martini
737 4719 834 4788 339,
868 4720 993 4776 licet
1019 4720 1277 4777 omnibus
1305 4720 1565 4777 sinodum
1592 4721 1742 4777 illam
1768 4738 1864 4793 pe-

1979 4628 2157 4693 vertit,
2180 4635 2300 4698 post
2323 4625 2804 4697 quadragesimum
2824 4624 3005 4680 obitus
3026 4624 3109 4679 sui
3135 4639 3346 4681 annum
3365 4630 3383 4691 (
3410 4630 3576 4692 1323)

1976 4721 2253 4777 miraculis
2279 4721 2496 4776 claruit.
2520 4719 2781 4775 Salomon
2803 4734 2901 4775 rex
2922 4720 3298 4791 Ungarorum,
3324 4727 3410 4776 set
3429 4720 3582 4792 regia

1560 4876 1808 4929 νΑΒΙτΕ
1844 4875 2156 4930 LECTlON
2161 4874 2264 4929 ES.

341 5023 421 5108 ἦγε)
448 5024 580 5108 hinc
593 5025 775 5108 littera
801 5026 986 5095 paullo
1007 5026 1201 5108 minor,
1226 5024 1327 5108 sed
1349 5026 1911 5108 nmmiterurpprescit
1941 5034 2008 5108 1.Δ
2068 5025 2151 5107 ³⁸⁰⁸
2173 5031 2591 5108 pugnaturus}.
2766 5022 2966 5106 Sicque
2991 5053 3057 5107 :—
3083 5023 3582 5108 anathematizatos

276 5097 463 5151 littera
504 5099 704 5151 minori
742 5099 800 5150 in
832 5098 1078 5165 margine
1123 5097 1318 5151 addita
1360 5103 1405 5151 1.

275 5168 501 5234 addita;
526 5168 644 5237 jam
687 5170 744 5221 in
786 5168 890 5222 loco
938 5183 1058 5221 raso
1103 5174 1149 5222 1.

278 5243 393 5292 tum
428 5243 474 5291 1.
529 5236 628 5274 ’3“
668 5242 725 5293 in
769 5240 879 5293 loco
905 5255 1023 5293 raso
1049 5240 1155 5293 litt.
1186 5243 1298 5293 min
1332 5246 1379 5293 1.

277 5310 387 5383 alio
415 5314 712 5383 atramento
740 5312 943 5380 scripta
991 5316 1125 5383 sunt,
1150 5316 1197 5383 1.
1277 5310 1351 5383 39*}
1380 5311 1619 5383 religiosi
1658 5318 1709 5363 2.

1481 5096 1557 5133 ³⁸³
1600 5097 1947 5152 aritinensem
1980 5102 2027 5150 2.
2078 5094 2468 5153 ariminensem
2515 5102 2568 5151 3.
2645 5094 2717 5132 ³⁸³

1228 5167 1300 5209 ³⁸4
1330 5167 1591 5224 conducti
1622 5175 1672 5223 2.
1750 5168 1824 5205 ³⁸⁵
1866 5169 2084 5224 triennii
2126 5178 2176 5223 2.

1458 5239 1529 5289 ³³9
1560 5242 1698 5295 hunc
1729 5245 1831 5295 tres
1863 5242 2013 5295 linea:
2046 5256 2208 5310 usque
2235 5237 2614 5296 fecithruciari
2643 5243 2699 5292 in
2728 5240 2834 5293 loco
2879 5255 3021 5302 raso,
3056 5237 3104 5295 et
3130 5256 3248 5308 qua:
3276 5245 3577 5307 sequuntur

1462 5311 1619 5365 iciosi
1658 5318 1709 5363 2.
1792 5310 1862 5359 39-
1897 5313 2219 5365 anslielmus
2250 5315 2299 5364 2.
2382 5309 2458 5358 ³9³
2512 5310 2823 5365 Γεειὶηείιόιις
2853 5315 2904 5363 2.
2939 5314 3017 5364 ita
3046 5317 3096 5364 et
3123 5313 3294 5365 infra.
3372 5307 3443 5358 ⁸9³
3478 5327 3575 5365 ve-

1817 5322 1862 5359 9'
1897 5322 2219 5366 auslielmus
2250 5322 2299 5364 2.

2765 5095 2860 5166 qui
2890 5125 2962 5168 -έ-
2990 5096 3111 5168 jam
3159 5100 3345 5152 littera
3375 5098 3580 5168 minori

2255 5167 2334 5239 ἕδδ
2366 5166 2711 5239 gozcezheim
2755 5169 2836 5221 ιιι).
2914 5166 3180 5239 ³⁸731119τά
3207 5170 3401 5221 lateam
3429 5167 3579 5220 addi-

2382 5309 2458 5358 39'
2512 5310 2823 5380 reginaldns
2853 5315 2904 5363 2.
2939 5314 3017 5364 ita
3046 5317 3096 5364 et
3123 5307 3294 5375 infra.
3323 5378 3329 5380 Α
3372 5307 3443 5358 ⁸9³
3478 5327 3575 5365 ve-

276 5380 394 5434 nire
425 5386 476 5434 2.
552 5380 626 5432 '94
654 5399 711 5453 q.
748 5390 795 5436 1.
843 5375 919 5452 qd
948 5388 1001 5437 2.
1038 5381 1166 5452 quid
1203 5389 1254 5437 3.
1330 5380 1405 5431 ³9⁵
1437 5375 1576 5454 papa
1604 5390 1657 5438 2.
1705 5380 2007 5452 apostolico
2037 5391 2088 5438 3.
2119 5375 2203 5439 4".
2276 5381 2351 5432 ⁸96
2392 5398 2555 5437 manu
2575 5375 2702 5436 Ῑςίεο.
2748 5383 2894 5437 XVI.
2934 5382 3015 5434 vel
3043 5382 3217 5436 XVII.
3261 5378 3369 5451 [ilio
3400 5396 3581 5437 corre-

278 5456 421 5507 ctum
450 5458 546 5508 est.

1816 5533 2067 5609 NOT/E.’

354 5710 555 5772 (1320)
588 5706 672 5762 Ad
700 5704 943 5762 Tiberim
974 5704 1461 5779 propecastellum
1494 5706 1548 5760 S.
1581 5706 1797 5779 Angeli.

354 5782 563 5847 (1321)
605 5778 779 5834 Hodie
808 5779 1004 5833 Sancta
1032 5777 1203 5833 Maria
1249 5776 1306 5831 di
1340 5779 1601 5845 Forcassi,
1640 5776 1873 5833 a'meri-

282 5848 370 5904 die
402 5849 634 5906 Viterbii
668 5865 834 5920 prope
862 5849 1177 5906 Vetrallam.

2056 5707 2255 5771 (I322)
2286 5704 2369 5761 Cf.
2402 5706 2577 5761 Mausi
2610 5704 2745 5769 XX,
2788 5706 2918 5756 587.

2055 5777 2262 5845 (1323)
2306 5777 2444 5848 Ejus
2474 5778 2686 5833 obitum
2714 5788 2856 5829 anno
2890 5777 3028 5829 1038
3057 5773 3277 5846 reponit
3300 5776 3574 5831 Herman-

1988 5864 2111 5905 nns.
2144 5849 2306 5919 Uss:
