4052 6196
651 242 782 295 1383

1658 238 1749 292 AD
1788 237 2014 292 OPERA
2053 235 2109 291 S.
2146 236 2466 309 GREGQRII
2503 236 2935 291 APPENDICES.

3692 252 3768 305 l38l

643 363 907 435 dignitate
958 363 1393 433 indignissimus,
1459 361 1697 432 praedicti
1738 363 1976 419 Heinrici
2038 380 2237 435 cogna-
2267 372 2318 433 Α
2347 379 2511 434 qnam
2536 362 2779 417 alienum
2806 360 3079 416 desideret
3108 362 3422 430 proﬁcuum;
3445 367 3557 420 etin
3573 368 3773 428 exhibenda

642 466 732 513 tus
761 464 983 523 (1324),
1026 473 1055 509 a
1086 446 1452 525 compatriota
1491 472 1614 519 suo,
1644 457 1865 511 nomine
1897 457 2126 511 Latislao
2167 456 2240 506 39"

642 567 811 623 regno
840 550 1077 620 privatus
1101 549 1494 617 int-arceratur,
1522 558 1575 605 et
1613 550 1699 605 ille
1729 566 1828 620 pro
1868 566 1933 605 eo
1962 552 2108 622 regia
2150 551 2237 605 di-

641 644 844 715 gnitate
902 643 1249 698 sublimatur.
1318 644 1665 715 Beringarius
1717 660 1873 699 nova:
1922 645 2123 698 heresis
2168 644 2236 699 de

638 752 867 807 corpore
897 736 1120 791 Domini
1170 744 1382 806 auctor,
1424 754 1487 793 eo
1521 747 1764 809 tempore
1803 738 2059 792 deﬁciens
2101 738 2238 792 abiit

635 831 692 886 in
723 831 903 886 locum
946 846 1136 898 suum;
1164 832 1255 902 qui
1304 832 1427 886 licet
1476 833 1703 887 eandem
1750 832 1987 887 heresim
2017 831 2233 902 sepissi-

638 941 728 980 me
766 924 821 979 in
863 924 1060 981 sinodo
1109 924 1185 974 398
1231 926 1581 997 abjuraverit,
1622 925 1689 981 ad
1738 925 2006 980 vomitum
2048 934 2233 981 tamen

636 1033 799 1073 suum
830 1018 1025 1073 canino
1064 1035 1220 1073 more
1264 1036 1373 1073 non
1405 1019 1617 1090 expavit
1666 1019 1860 1074 redire.
1893 1022 2033 1074 Nam
2078 1029 2132 1073 et
2178 1019 2231 1072 in

638 1116 884 1167 Romana
914 1111 1108 1167 sinodo
1132 1113 1395 1167 canonice
1424 1114 1707 1167 convictus
1733 1113 1967 1167 heresim
1994 1128 2145 1166 suam
2180 1112 2233 1166 in

636 1207 777 1261 libro
803 1222 831 1261 a
862 1222 917 1261 se
958 1206 1288 1277 descriptam
1314 1206 1638 1271 combussit,
1686 1215 1739 1261 et
1768 1206 2072 1277 abjuratam
2108 1222 2233 1259 ana-

636 1300 1044 1366 thematizavit;
1073 1316 1174 1354 nec
1201 1310 1387 1355 tamen
1416 1310 1603 1371 postea
1633 1300 1842 1355 dimisit
1882 1299 1981 1355 399.
2023 1300 2126 1354 Sed
2163 1300 2233 1341 4°"

630 1394 746 1466 jam
766 1393 1053 1464 septennio
1071 1402 1248 1448 totum
1267 1396 1581 1448 Romanum
1603 1392 1889 1463 imperium
1912 1393 2051 1447 civili
2072 1393 2231 1462 bello,

637 1488 809 1542 immo
887 1488 1151 1543 scismatis
1215 1487 1443 1542 discidio
1515 1486 1801 1552 laboravit,
1858 1487 1975 1541 aliis
2012 1487 2231 1557 quidem

634 1579 844 1636 domno
873 1580 1194 1651 apostolico,
1236 1581 1355 1634 aliis
1385 1588 1571 1636 autem
1614 1582 1873 1635 Heinrico
1905 1578 2231 1645 faventibus,

633 1683 687 1730 et
724 1676 795 1729 ob
842 1674 946 1730 hoc
998 1676 1271 1744 utrimque
1302 1676 1373 1717 ἀοι
1418 1683 1594 1729 totum
1635 1690 1861 1744 regnum
1910 1675 1982 1717 4”
2033 1674 2233 1743 praeda,

2346 456 2715 527 hospitalitate
2756 464 2867 509 tam
2899 453 3213 508 mirabiliter
3247 454 3494 523 insudant,
3519 476 3569 514 ac
3589 462 3623 514 si
3642 478 3681 516 se
3700 481 3771 534 per-

2344 549 2546 605 didisse
2593 550 2869 616 estiment,
2928 546 3180 619 quicquid
3233 540 3521 620 pauperibus
3567 554 3705 609 Christi
3730 559 3773 611 vel

2345 642 2648 715 hospitibus
2687 659 2798 697 non
2827 642 3182 711 erogaverint.

2950 737 3007 788 Μ
3018 736 3314 791 LXXXIV.

2416 834 2800 886 Heremannus
2846 845 2938 884 rex
2982 826 3308 883 nativitatem
3336 828 3528 882 Domini
3563 829 3604 884 in
3632 832 3778 888 Suonia

2344 924 2655 979 celebravit.
2702 923 2926 977 Emulus
2956 930 3141 977 autem
3172 922 3281 993 ejus
3323 921 3371 974 in
3400 923 3697 977 Romanorum
3712 926 3782 979 ﬁni-

2346 1019 2444 1073 bus
2474 1018 2747 1080 hiemavit,
2790 1017 2975 1088 ibique
3004 1016 3317 1072 Guibertum
3343 1018 3652 1071 Ravennatem
3682 1034 3781 1072 suum

2345 1116 2587 1167 Romam
2624 1120 2915 1166 venturum
2960 1110 3303 1180 exspectavit,
3338 1118 3393 1164 ut
3426 1109 3484 1163 ab
3506 1125 3557 1165 eo
3581 1110 3687 1179 apud
3707 1114 3781 1165 San-

2344 1214 2493 1260 ctum
2540 1208 2758 1259 Petrum
2812 1206 3247 1269 incoronaretur,
3294 1220 3354 1257 eo
3395 1204 3519 1273 quod
3557 1204 3783 1272 Gregorium

2345 1316 2534 1371 papam
2560 1300 2628 1353 ad
2665 1299 2766 1353 hoc
2793 1299 3012 1353 ﬂectere
3037 1314 3147 1351 non
3176 1306 3367 1367 posset,
3398 1305 3451 1350 ut
3472 1312 3592 1361 eum,
3618 1296 3694 1350 nisi
3711 1296 3784 1363 legi-

2345 1392 2472 1447 time
2517 1393 2945 1457 reconciliatum,
3012 1392 3325 1445 incoronare
3380 1390 3532 1444 vellet.
3583 1389 3783 1459 Reginnal-

2341 1486 2444 1541 dus
2470 1492 2483 1550 (
2505 1490 2659 1549 I326)
2689 1489 2965 1541 Cumanus
2994 1486 3294 1554 episcopus,
3320 1483 3516 1537 scientia
3551 1490 3592 1535 et
3616 1481 3785 1551 religione

2345 1579 2696 1645 clarissimus,
2731 1587 2785 1633 et
2809 1581 2878 1633 ob
2905 1578 3008 1633 hoc
3030 1577 3278 1649 Gregorii
3307 1576 3377 1619 405
3399 1591 3529 1646 papa:
3545 1573 3786 1643 adjutorstu-

2344 1672 2709 1739 dinsissimus,
2762 1673 3015 1743 migravit
3073 1672 3141 1726 ad
3186 1671 3462 1725 Dominum
3498 1673 3526 1721 6
3556 1668 3650 1722 Kal.
3686 1666 3783 1720 Febr.

633 1766 774 1823 ferro
807 1777 859 1823 et
896 1769 1001 1839 igni
1033 1768 1412 1823 miserabiliter
1440 1768 1866 1823 devastantibus.
1901 1768 2226 1822 l’aucissimi
2263 1752 2308 1812 Β
2342 1765 2495 1821 Welf
2533 1765 2642 1820 dux
2687 1766 2952 1836 Bajoarim
2982 1766 3259 1819 civitatem
3289 1769 3556 1835 Augustam
3589 1777 3611 1813 a
3632 1760 3785 1830 quodam

629 1861 879 1917 catholici
908 1862 1144 1934 episcopi
1191 1878 1255 1917 ex
1302 1872 1451 1933 parte
1481 1862 1767 1933 apostolici
1814 1870 2223 1928 remanserunt;

631 1958 720 2027 qui
751 1965 802 2010 et
830 1972 860 2010 a
902 1956 1128 2027 propriis
1157 1956 1378 2011 sedibus
1408 1956 1638 2027 expulsi,
1670 1956 1783 2010 suis
1814 1956 2067 2027 gregibus
2098 1970 2227 2025 pro-

630 2049 809 2104 videre
834 2066 943 2104 non
976 2050 1450 2120 permittebantur.
1484 2052 1830 2120 QuaprOpter
1859 2064 2054 2103 omnes
2094 2062 2227 2117 pene

628 2143 883 2212 religiosi,
927 2144 1040 2197 sive
1082 2144 1262 2198 clerici
1304 2144 1413 2198 sive
1461 2143 1601 2209 laici,
1646 2142 1699 2196 in
1731 2143 1915 2212 aliqua
1946 2150 2225 2196 monaste-

630 2236 837 2291 riorum
872 2236 1091 2291 latibula
1142 2235 1462 2306 hujusmodi
1497 2236 1636 2289 mala
1667 2236 2019 2300 declinavere,
2052 2251 2122 2289 ne
2153 2235 2225 2288 vi-

626 2327 825 2383 delicet
852 2328 1281 2383 devastationem
1311 2336 1513 2383 sanctae
1550 2328 1782 2382 melesize
1802 2334 2108 2394 cernerent,
2136 2328 2223 2382 cui

631 2421 686 2474 in
716 2420 864 2474 nullo
899 2420 1278 2475 adminiculari
1327 2429 1567 2493 possent.
1603 2421 1787 2476 Satius
1818 2420 1890 2462 4°3
1936 2421 2079 2475 enim
2122 2421 2225 2475 illis

631 2512 927 2579 videbatur,
970 2524 1029 2567 ut
1053 2514 1232 2569 saltim
1277 2530 1334 2568 se
1364 2515 1510 2584 ipsos
1538 2514 1909 2569 delitescendo
1938 2514 2224 2580 salvarent,

629 2623 797 2678 quam
866 2623 963 2677 pro
1029 2608 1147 2661 aliis
1186 2608 1460 2662 incassum
1508 2607 1805 2661 laborando
1848 2623 1973 2662 cum
2022 2607 2226 2662 eisdem

629 2701 882 2771 perirent.
920 2704 999 2755 Eo
1028 2710 1208 2755 autem
1238 2709 1488 2772 tempore
1514 2701 1567 2754 in
1599 2718 1765 2771 regno
1796 2701 2226 2756 Teutonicorum

626 2794 725 2848 tria
753 2795 1085 2849 monasteria
1115 2811 1241 2849 cum
1273 2796 1386 2849 suis
1433 2796 1661 2862 cellulis,
1693 2794 2031 2865 regularibus
2061 2795 2222 2849 disci-

626 2887 781 2958 plinis
814 2888 1062 2942 instituta
1093 2888 1302 2960 egregie
1332 2888 1611 2959 pollebant
1640 2906 1651 2942 :
1680 2889 1876 2958 quippe
1903 2888 2222 2943 emnobium

622 2981 797 3035 sancti
836 2982 999 3037 Blasii
1033 2982 1087 3035 in
1122 2982 1284 3053 Nigra
1312 2982 1473 3047 Silva,
1519 2990 1573 3035 et
1611 2982 1784 3035 sancti
1817 2981 2043 3049 Aurelii,
2077 2981 2221 3051 quod

625 3075 907 3145 Hirsaugia
938 3074 1160 3143 dicitur,
1193 3084 1245 3129 et
1279 3075 1447 3129 sancti
1477 3074 1795 3143 Salvatoris,
1826 3074 1971 3146 quod
2002 3074 2223 3130 Scefhu-

624 3168 725 3235 sin,
773 3168 827 3222 id
861 3177 943 3223 est
983 3169 1203 3222 navium
1236 3167 1461 3235 domus,
1500 3167 1710 3222 dicitur.
1746 3167 1832 3221 Ad
1864 3183 1986 3238 quze
2029 3184 2222 3223 mona-
2255 3146 2298 3209 Ο

624 3262 787 3316 steria
820 3261 1088 3316 mirabilis
1116 3260 1413 3316 multitudo
1455 3261 1727 3316 nobilium
1776 3270 1831 3315 et
1872 3260 2220 3331 prudentium

625 3356 865 3410 virorum
896 3354 996 3410 hac
1014 3364 1353 3426 'tempestate
1385 3356 1439 3409 in
1480 3354 1628 3409 brevi
1661 3353 1930 3425 confugit,
1969 3364 2025 3409 et
2050 3355 2215 3425 depo-

622 3450 743 3505 sitis
785 3450 951 3504 armis
997 3450 1367 3519 evangelicam
1409 3447 1795 3519 perfectionem
1837 3448 1938 3503 sub
1981 3449 2216 3520 regulari

623 3542 904 3614 disciplina
943 3544 1165 3614 exsequi
1204 3542 1504 3615 proposuit,
1537 3551 1683 3597 tanta
1715 3543 1934 3613 inquam
1963 3559 2215 3609 numero,

623 3643 683 3690 ut
721 3635 832 3706 ipsa
877 3637 1340 3691 monasteriorum
1386 3635 1613 3691 aediﬁcia
1644 3636 1947 3691 necessario
1988 3636 2214 3707 amplia-

623 3736 767 3793 rent,
799 3744 864 3782 eo
895 3731 1038 3797 quod
1080 3746 1191 3783 non
1232 3730 1387 3784 aliter
1429 3730 1486 3784 in
1516 3730 1593 3784 eis
1620 3729 1801 3784 locum
1831 3729 2217 3784 commanendi

624 3818 905 3873 haberent.
956 3822 1018 3875 In
1059 3820 1142 3876 his
1185 3824 1369 3892 itaque
1414 3822 1756 3877 monasteriis
1782 3839 1880 3877 nec
1919 3823 2033 3893 ipsa
2066 3832 2214 3878 exte-

624 3911 766 3966 riora
810 3911 990 3966 ofﬁcia
1034 3929 1129 3983 per
1158 3915 1443 3981 seculares,
1476 3923 1559 3969 set
1597 3931 1690 3984 per
1718 3916 1993 3985 religiosos
2025 3915 2219 3971 fratres

622 4004 1093 4073 administrantur,
1124 4014 1177 4060 et
1203 4014 1407 4076 quanto
1428 4007 1723 4061 nobiliores
1744 4015 1899 4061 erant
1928 4007 1981 4060 in
2010 4009 2215 4075 seculo,

623 4108 774 4154 tanto
814 4114 870 4154 se
912 4098 1503 4170 contemptibilioribus
1548 4098 1744 4154 ofﬁciis
1788 4100 2041 4171 occupari
2072 4101 2216 4155 desi-

623 4192 840 4258 derant,
883 4201 965 4261 ut,
1005 4193 1100 4264 qui
1152 4192 1433 4264 quondam
1479 4202 1635 4247 erant
1679 4194 1910 4249 comites
1956 4195 2033 4249 vel
2075 4211 2216 4250 mar-

620 4287 847 4342 chiones
872 4287 943 4331 ‘04
975 4288 1029 4341 in
1057 4287 1259 4353 seculo,
1292 4303 1435 4341 nunc
1470 4287 1526 4341 in
1559 4288 1835 4359 quoquina
1870 4288 1949 4342 vel
1992 4289 2218 4359 pistrino

621 4379 873 4436 fratribus
896 4382 1113 4443 servire,
1144 4382 1223 4435 vel
1249 4396 1442 4451 porcos
1475 4397 1671 4436 eorum
1697 4382 1749 4435 in
1779 4398 1973 4453 campo
1999 4398 2217 4453 pascere

622 4490 722 4544 pro
764 4476 997 4529 summis
1042 4474 1248 4529 deliciis
1288 4479 1625 4545 computent.
1661 4475 1740 4529 lbi
1782 4491 1981 4545 nempe
2011 4484 2065 4529 et
2093 4492 2213 4546 por-

622 4567 751 4621 carii
792 4576 845 4623 et
900 4568 1119 4623 bubulci
1166 4576 1363 4638 praeter
1410 4566 1660 4622 habitum
1704 4567 1851 4622 idem
1894 4576 2021 4623 sunt
2067 4569 2214 4638 quod

621 4659 873 4713 monachi
901 4664 1069 4725 (1325
1089 4667 1124 4725 ).
1156 4663 1334 4715 Tanto
1364 4669 1552 4715 autem
1590 4660 1834 4715 caritatis
1862 4660 2055 4717 ardore
2084 4678 2203 4716 om-

622 4766 721 4807 nes
745 4753 946 4822 pariter
974 4752 1197 4821 fervent,
1230 4762 1291 4807 ut
1314 4752 1539 4825 quilibet
1564 4769 1755 4810 eorum
1776 4770 1886 4810 non
1910 4763 2019 4811 tam
2044 4770 2203 4810 suum

2335 1859 2636 1929 Sigefredo,
2671 1876 2768 1913 nec
2798 1858 3139 1913 nominando
3188 1858 3447 1929 episcopo,
3482 1870 3584 1909 cum
3618 1850 3787 1921 Bajoariis

2336 1953 2598 2019 invasam,
2648 1953 2871 2007 viriliter
2918 1953 3132 2023 eripuit,
3179 1967 3398 2022 eamque
3439 1949 3630 2020 legitimo
3665 1946 3786 2014 pastori

2333 2048 2557 2102 nomine
2608 2047 2861 2117 Wigoldo
2908 2046 3240 2115 subjugavit.
3294 2042 3557 2114 Sigifredus
3582 2037 3786 2109 Mogoncia-

2332 2142 2512 2196 censis
2540 2141 2992 2211 archiepiscopus,
3025 2140 3277 2212 Gregorii
3306 2152 3444 2209 papae
3470 2152 3551 2207 per
3581 2129 3788 2187 multastri-

2335 2235 2634 2289 bulationes
2651 2236 2865 2305 adjutor
2886 2233 3213 2299 indefessus,
3234 2231 3472 2305 requievit
3490 2231 3537 2284 in
3554 2228 3785 2299 pacem}??-

2336 2327 2544 2394 china
2578 2330 2878 2399 Anglorum
2910 2328 3041 2382 obiit
3086 2331 3292 2396 {1328),
3337 2341 3463 2379 uxor
3492 2318 3725 2376 Willihelmi
3752 2315 3789 2358 ξοδ

2332 2421 2498 2491 regis,
2529 2422 2622 2492 qui
2644 2430 2819 2476 totam
2848 2422 3161 2493 Anglorum
3190 2430 3381 2475 terram
3408 2421 3619 2473 Romano
3639 2408 3792 2484 pontiﬁci

2334 2516 2682 2569 tributariam
2715 2514 2861 2581 fecit,
2908 2531 3007 2569 nec
3051 2515 3295 2587 aliquem
3324 2516 3375 2568 in
3413 2527 3496 2567 sua
3525 2514 3720 2580 potestate
3738 2502 3795 2554 ali-

2332 2607 2467 2679 quid
2513 2624 2696 2662 emere
2738 2609 2821 2662 vel
2853 2608 3089 2664 vendere
3136 2606 3397 2680 permisit,
3426 2618 3565 2675 quem
3587 2596 3795 2669 apostolica:

2333 2701 2450 2756 sedi
2480 2702 2882 2757 inobedientem
2902 2702 3283 2773 deprehendit.
3316 2704 3423 2755 Rex
3445 2699 3718 2767 Ungarorum
3735 2690 3797 2741 La-

2334 2796 2521 2849 tislaus
2566 2797 2665 2862 407,
2730 2797 2865 2866 parti
2928 2796 3329 2851 catholicorum
3369 2799 3675 2849 assentaneus,
3708 2794 3801 2836 emu-

2335 2888 2447 2944 lum
2488 2904 2650 2944 suum
2697 2890 3047 2945 Salomonem
3102 2889 3179 2945 de
3224 2903 3425 2945 carcere
3452 2884 3706 2943 relaxatum,
3736 2877 3803 2927 Ra-

2334 2982 2609 3052 tisponam
2634 2982 2705 3037 ad
2735 2999 2959 3039 uxorem
2985 2998 3155 3038 suam
3191 2984 3265 3038 ire
3297 2978 3529 3053 permisit,
3554 2976 3651 3030 licet
3681 2971 3803 3039 ingra-

2331 3084 2462 3131 tam.
2497 3079 2639 3131 Nam
2688 3093 2789 3131 nec
2818 3077 2907 3131 illa
2935 3093 3033 3131 nec
3071 3077 3169 3133 ille
3193 3074 3463 3148 conjugale
3497 3069 3620 3126 fedus
3653 3063 3701 3118 ad
3720 3057 3805 3115 inti-

2330 3185 2448 3225 cem
2495 3179 2721 3224 eatenus
2757 3179 3134 3237 servaverunt,
3179 3172 3351 3225 immo
3392 3173 3551 3221 contra
3583 3155 3803 3229 apostolum

2331 3278 2387 3317 se
2422 3263 2566 3333 ipsos
2605 3263 2833 3318 invicem
2879 3260 3137 3319 fraudare
3176 3265 3255 3307 ιίοε
3295 3278 3403 3317 non
3439 3258 3686 3314 timuerunt.
3717 3250 3805 3300 Ετδῑ

2328 3366 2513 3412 autem
2558 3357 2673 3427 ipsa
2716 3373 2874 3412 soror
2898 3358 3145 3413 Heinrici
3168 3374 3292 3429 sepe
3321 3350 3574 3413 nominati,
3595 3358 3680 3415 qm
3697 3348 3736 3393 εἰ
3756 3335 3803 3388 ab

2329 3450 2448 3522 ipso
2486 3451 2603 3522 jam
2632 3450 2728 3505 diu
2767 3452 3081 3521 Ratisponae
3129 3449 3533 3510 sustentabatur,
3562 3440 3686 3496 etiam
3719 3437 3804 3484 ante

2327 3560 2492 3615 quam
2518 3544 2748 3599 maritus
2769 3545 2883 3615 ejus
2904 3545 3292 3616 captivaretur.
3315 3540 3568 3598 Heinricus
3587 3525 3805 3625 Aquileietr

2327 3637 2399 3693 sis
2428 3638 2829 3709 expatriarcha,
2857 3654 2968 3693 non
2993 3640 3166 3695 semel
3208 3638 3393 3695 domui
3421 3624 3654 3704 apostolici
3686 3624 3805 3715 perjll‘

2327 3747 2421 3787 rus
2450 3740 2503 3786 et
2543 3732 3075 3799 excommunicatus,
3110 3734 3170 3787 in
3201 3744 3422 3803 corpore
3448 3735 3496 3780 et
3520 3722 3664 3778 anima
3687 3725 3804 3811 morr

2324 3830 2669 3892 tm'(1329).
2713 3826 2809 3881 Bis
2853 3826 3199 3895 temporibus
3232 3841 3321 3883 rex
3365 3805 3805 3899 Constantinopolim:

2326 3935 2428 3973 nus
2488 3919 2787 3974 maximam
2842 3919 3130 3989 pecuniam
3184 3917 3430 3973 Heinrico
3481 3904 3704 3982 quondam
3733 3907 3805 3989 l'f’E‘

2324 4012 2629 4067 transmisit
2675 4020 2734 4066 ut
2776 3988 3128 4068 Roubertum
3172 4008 3529 4070 Wiscardum,
3557 3988 3805 4092 ἀμοεωᾮδ·

2324 4104 2509 4160 labriaa
2538 4113 2593 4160 et
2628 4106 2842 4176 Apuliae
2870 4115 2924 4160 et
2944 4106 3199 4177 juratum
3231 4109 3308 4155 4ος
3337 4101 3547 4158 militem
3581 4091 3803 4177 domm‘Pa‘

2325 4214 2427 4269 pie,
2458 4199 2519 4253 in
2543 4174 2809 4254 ultionem
2837 4174 3085 4269 ejusdem
3106 4199 3251 4271 regis
3282 4196 3421 4252 bello
3444 4191 3682 4262 appeteret.
3705 4174 3803 4229 Nam

2324 4291 2638 4346 Roubertus
2686 4292 2803 4362 jam
2849 4291 3058 4346 dudum
3110 4293 3249 4347 ﬁnes
3290 4271 3807 4346 Constantinopolitano'

2324 4401 2447 4439 rum
2490 4384 2707 4449 invasit,
2740 4383 3048 4456 iterumque
3099 4385 3233 4440 illuc
3272 4377 3641 4454 expeditionem
3664 4367 3813 4456 tuo“?e

2325 4478 2617 4547 disposuit.
2653 4478 2757 4533 Sed
2791 4478 3075 4534 lleinricus
3103 4485 3386 4549 acceptam
3414 4468 3660 4545 pecuniam
3681 4468 3760 4511 non
3781 4460 3815 4499 ⁸η

2327 4570 2670 4640 procinctum
2696 4586 2856 4642 supra
2883 4572 3254 4641 Roubertum,
3285 4566 3431 4641 quod
3454 4561 3716 4637 juramento
3734 4557 3817 4617 βω*

2315 4662 2483 4727 misit,
2531 4671 2615 4718 set
2653 4662 2725 4718 ad
2767 4664 3177 4719 conciliandum
3221 4663 3329 4719 sibi
3380 4659 3555 4729 vulgus
3583 4646 3819 4729 Romamtm

2313 4755 2591 4826 expendit,
2640 4756 2797 4830 cujus
2836 4756 3113 4829 adjutorio
3144 4726 3509 4813 Lateranense
3534 4738 3745 4819 palatium
3766 4726 3819 4783 ἵε·

1930 4910 2175 4965 VARI/Ii
2209 4910 2517 4965 LECTION
2527 4910 2620 4964 ES.

692 5060 766 5111 397
797 5059 1030 5115 Talislao
1061 5053 1140 5114 ιιι».
1218 5059 1290 5110 ³9⁸
1314 5061 1375 5114 in
1404 5078 1448 5116 s.
1482 5060 1674 5116 desunt
1700 5067 1749 5114 2.

1832 5060 1908 5110 399
1933 5077 2037 5116 rom
2060 5079 2197 5131 pene
2225 5064 2401 5118 deleta
2440 5070 2481 5117 I.

2562 5064 2639 5106 ⁴ο⁰
2668 5064 2806 5118 Hinc
2835 5076 3002 5133 usque
3030 5031 3822 5133 haberentgscripturn‘Evaldﬁp‘i"

621 5110 2571 5202 uda1T"337{11611:mque’inamis'gefiw.xViﬁﬁi'iiW'J'ﬂILz
2650 5110 2998 5190 ansas?
3031 5110 3484 5188 ’ὶῖῖἶὶιέῑὲιίἷὸέζ
3552 5110 3818 5190 “Seres-‘-

619 5205 866 5275 gregorio
893 5208 943 5257 2.
1003 5201 1103 5247 ’405
1146 5201 1462 5259 Willihalmi
1494 5210 1542 5258 2.
1614 5206 1696 5259 ,ἀοι
1740 5204 2010 5260 Tatislaus
2036 5207 2117 5258 4b.
2194 5206 2270 5248 ⁴⁰⁸
2302 5204 2526 5262 faudare
2570 5212 2615 5260 1.

2696 5208 2771 5255 409
2800 5210 2869 5261 A.
2904 5206 3255 5277 conjuratum
3284 5209 3336 5258 2.

2143 5360 2383 5415 ΝΟΤᾹΞ.

690 5509 883 5571 (1324)
911 5504 1127 5561 Scilicet
1152 5503 1360 5560 sororis
1387 5503 1503 5573 ejus
1538 5504 1785 5560 maritus.
1818 5508 1949 5563 Uss.

689 5581 885 5647 (1325)
914 5576 998 5631 Cf.
1030 5577 1277 5631 Gerberti
1310 5576 1615 5647 Historiam
1648 5578 1827 5646 Nigrie
1878 5578 2036 5631 Silvae
2070 5586 2109 5632 t.
2156 5578 2200 5643 Ι,

614 5666 667 5720 p.
700 5646 829 5712 239,
862 5654 983 5703 325.
1018 5648 1371 5704 Burchardus
1401 5651 1482 5702 De
1512 5646 1727 5702 casibus
1752 5651 1807 5702 S.
1837 5649 1979 5703 Galli
2000 5665 2119 5719 cap.
2148 5657 2199 5717 7,

614 5723 710 5776 SS.
742 5731 782 5775 t.
816 5722 887 5781 ll,
922 5736 973 5789 p.
1008 5724 1127 5773 159.

685 5792 701 5861 (
722 5790 882 5860 1326)
923 5790 1226 5845 Comensis.
1267 5796 1283 5858 ,ς

2386 5512 2403 5572 (
2423 5512 2580 5570 1327)
2599 5505 2746 5562 Obiit
2764 5507 2919 5563 exsul
2944 5507 2999 5562 in
3022 5504 3332 5575 Thuringia
3354 5506 3415 5558 14
3434 5496 3556 5575 Ral:
3575 5481 3821 5575 Μξπῐῖξῖξξς

2384 5559 2583 5643 {mss
2611 5559 3348 5645 'M'auiiai‘s‘,"naduanr’v.
3395 5566 3642 5645 lj‘landria:
3666 5559 3821 5645 contui?

2316 5631 2443 5714 ﬁlia,
2465 5631 2805 5721 qtta'mianno
2830 5631 2984 5706 [08⁷3.
3018 5631 3135 5705 δί2
3170 5652 3309 5703 Nov.
3335 5643 3630 5701 defunctam
3657 5631 3727 5686 alii
3750 5632 3821 5675 mc-

2314 5731 2549 5777 morant.
2585 5722 2712 5778 Uss.

2390 5796 2409 5859 (
2435 5798 2595 5859 1329)
2624 5794 2745 5850 Vid.
2795 5810 2961 5866 supra
2991 5791 3059 5851 ad
3085 5806 3220 5847 ann.
3260 5795 3417 5845 1079.
