4052 6196
266 237 402 290 1385

1166 231 1454 289 ΑΡΡΕΝΙ).
1496 234 1582 290 III.
1623 264 1692 275 -
1730 238 2145 297 MONUMENTA
2184 242 2639 298 GREGORIANA.

3417 251 3552 305 l386

258 366 340 420 ria
365 365 555 437 quinta
586 374 709 421 ante
733 366 948 422 Palmas
975 369 1155 432 (Mart.
1175 370 1265 431 21)
1288 382 1412 421 cum
1436 381 1534 421 suo
1555 368 1846 422 Ravenna-
1876 379 1927 438 Α
1957 370 2269 439 dubitatur;
2313 372 2569 427 similiter
2608 380 2663 427 et
2697 388 2909 439 omnes,
2941 375 3276 447 quicumque
3315 377 3549 448 aliquid,

258 466 314 514 te
344 458 612 514 Guiberto
644 458 879 514 intravit.
921 458 1141 514 Nobiles
1171 467 1357 513 autem
1394 460 1627 514 Romani
1662 470 1857 531 prailer

257 552 557 607 admodum
588 568 791 622 paucos
819 568 947 607 cum
974 552 1181 607 domno
1212 569 1345 624 papa
1378 553 1641 625 Gregorio
1667 562 1853 610 tenue-

261 654 413 709 runt,
454 645 551 714 qui
583 652 638 699 et
661 650 730 699 40
760 644 978 699 obsides
1003 646 1049 699 ei
1083 645 1373 701 dederunt.
1403 649 1547 716 Papa
1582 656 1764 701 autem
1795 648 1851 703 in

246 736 547 794 castellum
592 737 767 792 sancti
798 737 989 808 Angeli
1014 752 1070 793 se
1103 738 1329 807 recepit,
1362 754 1661 811 omnesque
1692 741 1853 796 Tibe-

256 831 407 886 riuos
445 837 637 901 pontes
676 838 728 885 et
750 829 1025 887 ﬁrmiores
1056 833 1442 887 Romanorum
1476 832 1776 888 munitione
1796 834 1853 887 in

263 940 359 980 sua
388 923 627 979 obtinuit
663 931 949 994 potestate.
998 927 1059 978 In
1087 924 1177 980 die
1218 925 1382 995 igitur
1426 926 1853 980 resurrectionis

255 1017 548 1074 dominicae
584 1017 774 1085 (Mart.
830 1022 916 1083 31)
948 1016 1243 1073 Heinricus
1273 1018 1342 1073 ab
1372 1018 1711 1074 heresiarcba
1749 1034 1851 1074 suo

260 1114 577 1166 Ravennate
608 1126 874 1165 coronam
901 1116 1033 1166 non‘
1058 1110 1246 1182 gloria:
1276 1120 1361 1166 set
1386 1110 1723 1168 confusionis
1761 1128 1850 1167 ac-

260 1205 419 1276 cepit.
464 1205 604 1259 Nam
650 1204 963 1275 hujusmodi
1014 1213 1328 1271 coronator,
1366 1205 1525 1277 juxta
1559 1206 1853 1261 attestatio-

259 1313 385 1352 nem
415 1305 729 1355 sanctorum
770 1306 1010 1368 patrum,
1042 1314 1156 1353 non
1186 1297 1641 1366 benedictionem,
1685 1315 1848 1370 quam

258 1390 514 1463 perdidit,
540 1399 620 1446 set
639 1391 1075 1457 damnationem,
1108 1406 1277 1462 quam
1310 1392 1523 1459 habuit,
1554 1408 1654 1448 suo
1690 1408 1847 1447 coro-

259 1492 387 1539 nato
421 1484 699 1555 imposuit.
734 1486 869 1539 Erat
897 1484 1049 1541 enim
1082 1484 1197 1555 ipse
1244 1484 1533 1556 aliquando
1562 1489 1849 1540 Ravennas

258 1577 713 1649 archiepiscopus,
758 1586 814 1632 et
869 1577 1250 1635 omnimodam
1296 1582 1553 1633 Romano
1610 1578 1848 1650 pontilici

259 1670 625 1727 obedientiam
633 1671 861 1742 juravit,
887 1686 1053 1742 quam
1074 1679 1130 1725 et
1156 1671 1417 1727 nonnullo
1446 1680 1692 1743 tempore
1718 1673 1849 1729 ﬁde-

259 1766 381 1821 liter
408 1775 666 1822 executus
710 1774 806 1821 est.
842 1769 936 1823 Set
963 1782 1073 1822 non
1100 1768 1271 1822 multo
1295 1776 1436 1837 post,
1489 1777 1672 1837 spreto
1695 1768 1849 1839 jura—

261 1867 469 1926 meuto,
502 1860 757 1930 singulari
781 1861 1129 1915 contumacia
1168 1868 1357 1915 contra
1390 1861 1744 1931 apostolicam
1777 1878 1858 1919 se-

259 1951 385 2008 dem
416 1953 658 2024 erigitur,
687 1953 836 2009 unde
866 1962 922 2008 et
945 1953 1012 2008 ab
1031 1953 1329 2023 apostolica
1358 1954 1487 2009 sede
1518 1961 1697 2020 (1330)
1720 1964 1771 2010 ct
1786 1957 1853 2012 ab

262 2046 529 2116 episcopis
567 2045 734 2101 totius
785 2046 1011 2103 ecclesia:
1055 2046 1110 2100 iu
1141 2050 1398 2102 Romana
1446 2047 1640 2103 sinodo
1673 2050 1853 2115 (1331)

261 2146 382 2208 post
404 2139 698 2194 canonicas
748 2139 999 2194 inducias
1027 2138 1534 2210 inrecuperabiliter
1561 2140 1854 2211 deponitur

258 2239 312 2285 et
350 2232 882 2301 auathematizatur;
922 2248 1025 2288 nec
1067 2232 1173 2287 hoc
1226 2232 1418 2298 semel,
1495 2248 1596 2288 nec
1651 2233 1705 2287 in
1746 2251 1852 2290 una

253 2323 473 2389 sinodo,
493 2333 578 2379 set
605 2326 658 2378 in
706 2326 967 2381 omnibus
1011 2325 1249 2395 sinodis,
1288 2333 1559 2397 quotquot
1602 2326 1723 2397 jam
1764 2343 1852 2383 se-

255 2417 459 2471 xennio
488 2415 554 2449 “°
586 2419 785 2472 Romae
810 2417 1101 2474 celebratae
1143 2426 1291 2473 sunt.
1335 2419 1439 2472 Hic
1484 2418 1651 2489 igitur
1679 2419 1747 2452 ’⁵η
1795 2420 1852 2473 in

256 2509 497 2578 perjurio
522 2510 596 2564 ita
641 2510 993 2577 inveteratus,
1034 2519 1089 2565 et
1130 2525 1229 2580 pro
1258 2511 1454 2565 eodem
1480 2510 1661 2580 sepius
1714 2511 1853 2565 iure~

254 2601 571 2671 vocabiliter
623 2602 901 2674 depositus
969 2610 1024 2657 et
1089 2602 1610 2669 anathematizatus,
1663 2602 1850 2658 sedem

260 2696 493 2751 Romani
532 2696 821 2767 pontiﬁcis,
852 2697 939 2752 cui
968 2696 1343 2752 obedientiam
1366 2696 1589 2767 juravit,
1614 2711 1709 2768 per
1730 2712 1852 2751 ma-

254 2804 360 2845 nus
399 2788 972 2858 auathematiatorum,
1005 2798 1193 2861 utpote
1244 2790 1329 2844 sui
1368 2788 1652 2857 similium,
1714 2805 1858 2860 pra:-

259 2883 424 2937 terito
449 2898 593 2937 anno
610 2881 680 2915 ⁴¹¹
703 2882 919 2951 invasit,
945 2883 1189 2954 legitimo
1229 2891 1443 2953 pastore
1467 2881 1648 2938 adhuc
1677 2882 1856 2938 eidem

259 2974 376 3030 sedi
440 2975 781 3046 praesidente.
831 2978 1044 3046 Nempe
1100 2976 1430 3030 Mutinensis
1495 2984 1552 3031 et
1603 2976 1851 3031 Aritinus

259 3068 565 3138 exepiscopi
600 3083 726 3123 cum
778 3068 996 3138 reliquis
1037 3068 1518 3124 excommunicatis
1546 3084 1673 3124 eum
1702 3067 1849 3125 ordi-

1963 464 2110 534 quod
2146 480 2176 519 a
2204 465 2411 520 domno
2436 481 2572 535 papa
2603 454 3009 535 suscipiendum
3044 477 3205 533 esset,
3228 485 3258 523 a
3287 471 3546 540 praedicto

1964 556 2299 612 heresiarcha
2336 558 2492 628 quasi
2546 567 2859 629 susceptum
2901 569 3319 631 usurpaveruut.
3370 565 3550 617 Mora-

1961 649 2120 705 batur
2159 659 2340 705 autem
2385 651 2667 707 Heinricus
2698 652 2749 706 in
2793 654 3148 708 Lateraueusi
3188 655 3385 725 palatio
3423 671 3550 710 cum

1962 746 2273 797 Ravennate
2301 760 2422 809 suo,
2448 760 2548 799 nec
2592 761 2621 799 a
2649 744 2898 801 ﬁdelibus
2938 762 3089 817 papae
3114 748 3183 789 4‘5
3234 763 3329 817 per
3365 748 3550 804 civita-

1962 844 2073 891 tem
2102 836 2169 891 ad
2197 838 2455 891 Sanctum
2484 841 2704 893 Petrum
2734 840 2962 895 transire
2991 840 3432 910 permittebatur.
3460 843 3555 897 Set

1963 929 2018 983 in
2060 929 2172 999 ipsa
2214 929 2448 998 paschali
2480 930 2785 986 ebdomada
2817 935 2997 1001 (Apr)
3046 932 3236 988 ﬁdeles
3264 934 3548 1005 apostolici

1962 1022 2102 1077 bello
2132 1021 2464 1093 aggreditur,
2517 1022 2571 1077 in
2612 1040 2715 1095 qua
2765 1027 3149 1095 congressione
3190 1033 3259 1081 40
3303 1042 3441 1098 pene
3484 1044 3548 1082 ex

1960 1116 2074 1170 suis
2104 1115 2246 1172 inter
2274 1125 2522 1171 mortuos
2550 1124 2605 1170 et
2634 1118 2940 1172 vulneratos
2990 1119 3249 1189 perdidit,
3293 1136 3420 1174 nam
3462 1136 3548 1174 re»

1961 1208 2092 1280 liqui
2141 1209 2422 1279 fugerunt;
2473 1225 2536 1263 ex
2574 1218 2727 1281 parte
2758 1219 2941 1265 autem
2978 1212 3167 1267 domui
3221 1228 3373 1283 papae
3443 1230 3545 1269 nec

1960 1318 2103 1357 unus
2147 1302 2360 1358 cecidit.
2396 1305 2772 1359 Heremaunus
2817 1314 3003 1359 autem
3042 1320 3135 1359 rex
3187 1306 3380 1377 pascha
3408 1308 3546 1361 cele-

1958 1395 2132 1451 bravit
2159 1394 2215 1462 in_
2245 1396 2477 1452 Saxonia
2508 1400 2710 1467 (1334),
2750 1398 2841 1453 ubi
2871 1406 2927 1453 et
2956 1399 3205 1454 maximae
3246 1407 3455 1455 treuvae
3483 1400 3549 1432 ⁵¹⁶

1958 1488 2102 1542 inter
2128 1488 2313 1544 ﬁdeles
2350 1489 2539 1544 domui
2568 1505 2720 1561 papae
2758 1490 2916 1546 facta:
2943 1500 3091 1557 sunt,
3123 1508 3247 1563 qua:
3268 1500 3321 1547 et
3351 1493 3408 1546 in
3428 1500 3545 1547 toto

1960 1596 2096 1651 pene
2125 1582 2554 1637 Teutonicorum
2594 1598 2762 1653 regno
2802 1600 2913 1638 non
2953 1586 3127 1639 multo
3170 1594 3291 1655 post
3345 1585 3548 1639 conﬁr'

1958 1682 2123 1729 mater.
2148 1683 2294 1730 sunt.
2329 1675 2643 1730 Roubertus
2673 1675 2994 1732 Wiscardus
3029 1677 3138 1733 dux
3165 1676 3547 1735 Nordmanno—

1880 1772 1927 1833 Β
1954 1783 2079 1821 rum
2104 1770 2285 1837 (1335)
2314 1768 2373 1823 iu
2402 1769 2688 1824 servicium
2709 1769 2880 1824 sancti
2905 1770 3047 1825 Petri
3087 1778 3211 1840 post
3237 1770 3365 1825 Kal.
3410 1771 3543 1825 Maii

1965 1864 2201 1917 Romam
2236 1869 2446 1916 armata
2476 1879 2645 1917 manu
2692 1863 2904 1929 invasit,
2934 1862 3226 1935 fugatoque
3251 1863 3510 1919 Heinrico
3531 1906 3545 1929 ,

1962 1963 2134 2009 totam
2163 1956 2355 2010 urbem
2382 1957 2648 2027 Gregorio
2679 1971 2830 2027 papae.
2855 1957 3111 2011 rebellem
3142 1958 3356 2028 penitus
3385 1972 3550 2027 expo-

1962 2047 2132 2113 liavit,
2166 2056 2220 2102 et
2253 2048 2522 2118 majorem
2570 2048 2689 2120 ejus
2718 2058 2925 2119 partem
2954 2050 3064 2121 igni
3102 2050 3459 2120 consumpsit,
3484 2065 3548 2105 eo

1963 2140 2111 2211 quod
2165 2142 2404 2197 Romani
2449 2141 2724 2211 quendam
2776 2141 2894 2211 ejus
2942 2143 3173 2197 militem
3230 2143 3548 2198 vulnerave-

1961 2232 2069 2286 rint
2096 2232 2177 2285 “7.
2210 2233 2419 2288 Deinde
2457 2236 2691 2304 acceptis
2720 2233 3003 2289 obsidibus
3030 2251 3061 2291 a
3092 2236 3377 2303 Romanis,
3408 2244 3464 2291 et
3498 2236 3553 2290 in

1961 2325 2181 2380 castello
2217 2327 2388 2380 sancti
2426 2327 2634 2397 Angeli,
2675 2326 2826 2398 quod
2857 2326 3089 2382 domum
3116 2327 3440 2382 Theoderici
3469 2327 3554 2383 di-

1961 2427 2113 2485 cunt,
2153 2418 2464 2485 reservatis,
2496 2420 2610 2489 ipse
2640 2420 2709 2475 ad
2734 2420 3169 2489 recuperandam
3200 2428 3402 2475 terram
3425 2435 3553 2475 san-

1960 2510 2031 2564 cti
2059 2511 2202 2565 Petri
2227 2526 2353 2565 cum
2397 2527 2533 2581 papa
2578 2512 2849 2582 Gregorio
2892 2511 2961 2567 de
3014 2515 3197 2567 Roma
3254 2512 3555 2567 exercitum

1962 2602 2254 2671 promovit,
2300 2602 2501 2658 iterum
2530 2606 2774 2659 Romam
2805 2604 2859 2657 in
2890 2602 3180 2658 festivitate
3217 2608 3388 2660 sancti
3417 2606 3560 2661 Petri

1962 2708 2301 2749 reversurus.
2352 2697 2414 2749 In
2453 2695 2601 2749 brevi
2659 2704 2846 2750 autem
2893 2697 3122 2767 plurima
3149 2698 3369 2752 castella
3395 2706 3449 2751 et
3477 2699 3560 2752 ci-

1963 2785 2153 2842 vitates
2180 2787 2383 2843 domno
2414 2803 2565 2858 papw
2615 2789 2973 2858 recuperavit.
3024 2789 3314 2843 Heinricus
3371 2798 3559 2845 autem

1964 2881 2249 2937 Rouberto
2291 2881 2540 2936 resistere
2569 2897 2679 2936 non
2704 2880 2905 2948 valens,
2938 2880 3005 2935 ad
3030 2888 3205 2951 partes
3230 2882 3561 2938 Teutonico-

1962 2991 2086 3030 rum
2114 2975 2247 3029 satis
2264 2973 2518 3028 festinato
2548 2973 2835 3027 revertitur
2866 2973 3051 3043 (Jun).

2028 3067 2239 3123 Eodem
2280 3075 2527 3137 tempore
2556 3066 2759 3121 milites
2788 3066 3231 3137 prudentissimae
3259 3066 3421 3123 ducis
3441 3071 3558 3123 Ma-

259 3170 555 3227 naverunt;
590 3161 681 3232 qui
729 3161 940 3216 etiamsi
979 3161 1227 3216 catholici
1274 3170 1478 3229 essent,
1527 3170 1581 3216 et
1624 3170 1847 3232 aposto-
1879 3139 1924 3202 Ο
1954 3160 2144 3217 thildae
2192 3160 2249 3214 iu
2291 3159 2673 3230 Longobardia
2715 3167 2909 3215 contra
2960 3158 3200 3214 fautores
3248 3161 3489 3216 Heiurici
3509 3170 3565 3216 et

261 3254 363 3309 lica
389 3253 541 3309 sedes
572 3254 750 3325 (I332)
780 3262 1056 3325 pastorem
1092 3270 1204 3309 non
1249 3254 1490 3319 haberet,
1523 3254 1735 3309 nullum
1761 3263 1845 3310 ta-

264 3362 393 3403 men
415 3346 594 3402 eidem
632 3347 745 3402 sedi
777 3346 1093 3418 pontiﬁcem
1125 3347 1379 3402 ordinare
1412 3356 1653 3418 possent.
1677 3348 1852 3417 Hujus

265 3441 414 3496 enim
435 3439 791 3496 ordinationis
829 3439 1167 3510 privilegium
1189 3439 1316 3495 solis
1343 3439 1711 3494 cardinalibus
1731 3439 1849 3510 epi-

259 3534 460 3605 scopis,
488 3533 749 3601 Ostiensi,
785 3532 1078 3587 Albanensi
1115 3540 1172 3587 et
1212 3532 1502 3587 Portuensi
1551 3530 1618 3565 “3
1658 3548 1686 3585 a
1730 3547 1854 3587 san-

262 3628 365 3683 ctis
389 3628 638 3699 patribus
667 3634 747 3683 est
773 3640 1116 3694 concessum,
1141 3640 1240 3679 nec
1276 3624 1549 3696 aliquibus
1576 3624 1695 3679 aliis
1720 3640 1849 3680 con-

262 3720 495 3787 ceditur,
538 3721 670 3791 ipsis
693 3720 796 3775 hoc
820 3719 1122 3790 adimplere
1149 3718 1472 3774 valentibus.
1495 3720 1587 3773 Set
1603 3717 1655 3772 hi
1677 3718 1850 3773 liben-

265 3815 379 3870 tius
408 3814 593 3869 omnia
640 3823 900 3870 extrzema
945 3820 1282 3884 paterentur,
1323 3827 1488 3883 quam
1526 3820 1641 3867 tam
1685 3812 1854 3867 sacri-

267 3907 402 3979 legae
458 3906 788 3963 ordinationi
838 3914 954 3961 tam
1017 3905 1396 3977 superbissimi
1441 3905 1856 3977 praesumptoris

265 4001 650 4066 miscerentur,
682 4016 849 4071 quem
880 4007 935 4055 et
982 4000 1082 4070 ipsi
1119 4015 1248 4055 cum
1298 3998 1505 4054 domno
1552 3999 1854 4069 apostolico

265 4092 501 4148 sinodali
538 4092 745 4164 judicio
784 4092 1042 4149 canonice
1104 4092 1456 4148 damnarunt.
1507 4094 1653 4162 Ergo
1679 4094 1859 4163 (1333)

266 4187 596 4242 Mutinensis
632 4195 687 4242 et
715 4188 961 4243 Aritinus
1000 4203 1130 4242 cum
1177 4185 1399 4257 reliquis
1446 4185 1698 4241 hereticis
1740 4189 1861 4241 Ra-

266 4288 555 4335 vennatem
578 4280 732 4335 illum
758 4282 943 4336 nonin
958 4283 1280 4335 Romanum
1299 4278 1684 4350 patriarcham,
1712 4278 1863 4350 quod

264 4373 417 4427 nullo
446 4372 613 4429 modo
645 4381 959 4444 potuerunt,
991 4382 1071 4429 set
1099 4373 1153 4427 in
1178 4372 1663 4428 damnatissimum
1704 4370 1866 4426 here-

1956 3253 2210 3309 inimicos
2248 3253 2422 3308 sancti
2476 3252 2621 3308 Petri
2655 3252 2880 3307 viriliter
2922 3261 3319 3324 pugnaverunt,
3351 3269 3414 3308 ex
3444 3254 3560 3323 qui-

1957 3348 2061 3402 bus
2106 3346 2421 3417 episcopum
2488 3349 2843 3401 Parmensem
2885 3354 2940 3400 et
2981 3362 3078 3401 sex
3117 3345 3186 3379 “3
3242 3346 3562 3417 eapitaneos

1959 3456 2087 3495 cum
2134 3439 2252 3495 aliis
2310 3438 2422 3493 fere
2466 3446 2685 3493 centum
2737 3438 2897 3493 bouis
2951 3438 3220 3494 militibus
3266 3447 3552 3509 ceperunt.

1956 3535 2149 3604 Equos
2178 3531 2344 3587 etiam
2380 3531 2498 3602 plus
2526 3546 2694 3603 quam
2725 3531 3071 3602 quingentos,
3102 3540 3158 3586 et
3195 3531 3390 3586 loricas
3438 3532 3558 3602 plu-

1959 3626 2231 3693 rimas,et
2258 3625 2445 3680 omnia
2471 3624 2706 3679 tentoria
2732 3624 3102 3693 inimicorum,
3130 3624 3365 3694 pleniter
3393 3624 3561 3695 potiti

1962 3718 2207 3785 victoria,
2247 3717 2577 3773 habuerunt.
2609 3717 2900 3772 Heinricus
2930 3733 3059 3773 vero
3100 3718 3239 3772 circa
3276 3717 3406 3772 Kal.
3440 3722 3559 3773 Au—

1961 3812 2104 3884 gusti
2135 3811 2536 3883 expeditionem
2565 3810 2620 3865 in
2668 3811 2929 3867 Sueviam
2980 3811 3182 3881 paravit
3210 3812 3429 3879 (Aug);
3478 3819 3565 3865 set

1962 3905 2150 3961 Suevis
2199 3904 2306 3959 sibi
2336 3904 2708 3971 obviantibus,
2759 3919 3003 3974 pugnare
3049 3903 3264 3969 noluit,
3313 3903 3563 3974 quamvis

1965 4014 2093 4054 eum
2121 3997 2313 4054 erectis
2337 3996 2541 4052 vexillis
2570 3997 2815 4067 pluribus
2839 3996 3031 4051 diebus
3056 3996 3124 4072 ad
3163 4012 3404 4067 pugnam
3434 4012 3563 4066 pro-

1969 4072 2379 4158 vocaverintﬁit
2408 4106 2473 4146 ex
2502 4090 2619 4146 suis
2645 4090 2762 4161 plus
2790 4105 2953 4160 quam
2991 4097 3215 4144 centum
3244 4089 3323 4143 vel
3350 4088 3564 4143 occide-

1971 4186 2079 4240 rint
2103 4186 2180 4239 vel
2221 4184 2625 4254 captivaveriut.
2657 4185 2800 4237 Nam
2823 4197 2991 4252 prope
3015 4182 3208 4237 Licum
3238 4180 3447 4234 ﬂumen
3475 4195 3563 4234 ca-

1974 4285 2086 4332 stra
2129 4284 2368 4332 metatus
2393 4283 2494 4343 est,
2538 4274 2695 4344 cujus
2724 4275 2836 4344 ripa
2877 4274 3158 4340 munitus,
3200 4273 3268 4329 ab
3311 4272 3563 4328 hostibus

1974 4386 2083 4424 non
2112 4368 2263 4422 facile
2286 4367 2464 4437 potuit
2489 4364 2688 4421 invadi.
2723 4356 2885 4420 Suevi
2916 4374 3097 4420 autem
3125 4381 3189 4420 ex
3216 4365 3385 4420 altera
3410 4373 3563 4435 parte

266 4465 542 4521 siarcbam
609 4476 1023 4537 promoverunt,
1103 4474 1165 4521 ut
1232 4473 1438 4537 quanto
1493 4465 1659 4520 altius
1722 4464 1866 4520 inter
1895 4500 1947 4562 D
1976 4460 2297 4517 ﬁuminisin
2342 4468 2634 4530 conspectu
2663 4458 2781 4529 ejus
2823 4466 2998 4512 castra
3042 4457 3227 4512 luetati
3259 4466 3406 4523 sunt,
3434 4456 3563 4512 satis

270 4559 420 4629 ipsos
447 4558 513 4591 ⁴¹⁴
533 4559 820 4626 emineret,
857 4567 1011 4615 tanto
1042 4558 1267 4628 majoris
1292 4558 1659 4615 damnationis
1693 4557 1861 4629 privi-

267 4652 470 4723 legium
500 4652 817 4724 possideret.
859 4654 1200 4723 Quapropter
1237 4659 1290 4706 et
1347 4642 1637 4706 Heinricus
1660 4650 1730 4707 ab
1772 4668 1862 4708 eo-

270 4745 398 4800 dem
428 4745 806 4811 iucoronatus,
830 4744 1241 4801 damnationem
1263 4742 1308 4814 ej
1320 4759 1380 4799 us
1395 4743 1722 4800 hereditasse
1750 4761 1862 4800 non

1975 4573 2005 4612 a
2023 4556 2135 4627 ripa
2158 4553 2425 4626 separati,
2451 4569 2519 4608 ne
2545 4552 2797 4607 hostibus
2826 4549 3140 4606 facultatem
3173 4549 3562 4606 transvadandi

1969 4648 2332 4706 interclusisse
2370 4646 2700 4701 viderentur.
2749 4646 2843 4699 Set
2870 4642 3102 4709 frustra;
3153 4658 3281 4697 nam
3339 4642 3562 4699 Heinri-

1969 4759 2065 4800 cus
2092 4741 2322 4798 transire
2361 4738 2558 4806 noluit,
2592 4737 2674 4792 vel
2701 4736 2881 4808 potius
2916 4752 3029 4792 non
3055 4738 3437 4808 praesumpsit,
3469 4737 3561 4808 qui

1546 4897 1642 4951 VA
1654 4896 1796 4950 RUE
1838 4895 2140 4951 LECTION
2151 4893 2247 4948 ES.

346 5023 414 5059 “⁰
451 5026 740 5097 septennio
784 5024 939 5079 habet
970 5024 1160 5097 Gebeh.
1190 5025 1389 5097 Salisb.
1468 5020 1551 5097 ⁸¹¹ή
1568 5038 1701 5097 ergo
1746 5029 1803 5079 2.
1838 5023 1905 5058 ‘1'

1953 5030 2106 5095 praet.
2148 5036 2289 5077 anno
2325 5021 2469 5095 deest
2505 5018 3013 5095 ap._Gebehardum.
3091 5018 3157 5052 ⁴¹³
3194 5021 3257 5073 in
3290 5020 3406 5095 loco
3446 5032 3568 5071 raso

276 5102 325 5151 1.
403 5096 469 5130 ⁴¹⁸
498 5088 556 5151 ὑί
578 5099 682 5152 loco
706 5112 826 5151 raso
853 5103 903 5151 1.
980 5095 1046 5133 ⁵1³
1074 5096 1370 5167 μίροριιιὶε
1398 5110 1499 5166 per
1534 5088 1663 5151 Uss:
1680 5100 1868 5151 contra
1892 5088 2272 5151 auctoritatem
2298 5092 2557 5147 codicum.
2580 5088 2650 5124 ⁸¹⁶
2711 5096 2902 5146 trewze
2945 5099 2991 5146 1.
3037 5099 3243 5162 treugae
3276 5094 3327 5143 3.
3376 5096 3568 5143 treuve

272 5170 352 5221 4b
378 5208 392 5221 .
461 5167 527 5201 ⁸⁸⁷
552 5169 936 5224 wlneraverint
967 5174 1015 5222 1.
1078 5166 1171 5201 ηε
1197 5166 1257 5223 in
1281 5170 1387 5224 loco
1414 5182 1539 5223 raso
1568 5172 1618 5222 1.

1806 5292 2042 5348 ΝΟΤᾸΞ.

352 5421 536 5487 (1330)
578 5418 667 5474 Ab
712 5417 1003 5490 apostolica
1037 5416 1160 5474 sede
1193 5448 1260 5459 —
1288 5418 1404 5490 sedi
1430 5417 1774 5490 praesidente,
1808 5415 1878 5472 ad
1985 5413 2338 5490 Gebehardus
2355 5410 2653 5484 Salisburg.

278 5490 509 5544 verbum
539 5487 834 5545 concinunt
860 5507 989 5547 cum
1016 5490 1244 5559 epistola
1275 5487 1581 5545 Gebehardi
1614 5487 1873 5544 Salisbur-

280 5561 467 5632 gensis
493 5561 634 5631 apud
676 5563 973 5633 Hugonem
1008 5561 1294 5633 Flaviuiac.
1341 5560 1539 5633 Mansii
1562 5561 1701 5625 XX,
1747 5562 1873 5633 542.

356 5629 541 5703 (I331)
564 5636 727 5688 Anno
770 5629 927 5699 1078,
958 5634 1014 5687 in
1056 5629 1485 5703 Quadragesima
1516 5632 1716 5686 Romae
1735 5630 1877 5686 cele-

282 5702 463 5768 brata,
487 5702 589 5758 nec
614 5719 725 5758 non
753 5704 811 5758 in
844 5703 1011 5759 altera
1049 5702 1177 5758 anni
1212 5710 1369 5758 1080.
1403 5703 1533 5757 Uss.

358 5774 544 5845 (1332)
578 5776 888 5845 Αροειοιίοα
908 5775 1054 5830 sedes
1080 5803 1149 5815 —
1182 5789 1479 5830 concessum
1513 5771 1680 5830 habet
1705 5772 1910 5829 etiam.

573 5864 815 5920 PATROL.
851 5864 1105 5920 CXLVIII.

2062 5486 2240 5557 (I333)
2273 5487 2410 5557 Ergo
2440 5516 2509 5557 έ-
2534 5475 3089 5557 ρνῦτηουωύητλὺὶἀ.

2059 5562 2237 5623 (1334)
2260 5556 2540 5612 Goslariae.

2060 5618 2228 5693 1335)
2260 5632 2305 5680 Α
2363 5643 2499 5700 papa
2546 5627 2823 5684 invitatus.
2848 5622 2972 5679 Vid.
3013 5618 3130 5691 ejus
3170 5619 3455 5692 epistolam
3483 5624 3572 5688 17,

1985 5699 2078 5757 lib.
2111 5710 2199 5755 ιχ.
2231 5700 2362 5756 Uss.

3157 5854 3223 5911 44
