4052 6196
669 183 805 237 1387
1665 177 1757 229 AD
1793 174 2019 229 OPERA
2058 171 2113 226 S.
2153 170 2269 225 GR!

2183 169 2473 225 lREGORlI
2510 171 2949 226 APPENDICES.
3704 192 3783 245 l388

665 313 721 360 et
734 313 858 376 post
871 304 1171 360 discessum
1197 304 1525 366 Suevorum,
1546 299 1747 355 timens
1776 298 2002 355 insidias
2029 312 2219 354 eorum
2274 300 2327 362 Α
2354 297 2599 364 secravit,
2631 313 2793 369 quem
2820 298 2885 331 ¹ο²¹
2919 295 3106 368 pridie,
3146 296 3199 352 id
3227 307 3305 353 est
3330 300 3382 354 in
3411 300 3647 361 festivitate
3667 315 3785 367 sancti

665 416 835 454 unum
868 413 1002 469 pene
1027 396 1166 450 diem
1193 397 1367 465 ripam
1398 393 1701 465 relinquere
1729 393 2025 464 pertimuit.
2354 394 2604 456 Thoma,
2653 407 2779 447 cum
2805 391 2923 446 aliis
2952 390 3161 446 clericis
3195 392 3536 465 presbyterum
3563 396 3678 466 fecit;
3699 403 3784 460 inter

730 491 971 547 Tandem
1021 488 1307 544 Heinricus
1358 489 1716 558 Ratisponam
1759 488 2076 553 revertitur,
2120 485 2246 541 inde
2353 494 2564 557 quoset
2591 484 2790 539 horum
2806 486 3150 540 cronicorum
3171 486 3467 557 scriptorem
3500 490 3546 544 in
3573 493 3785 551 eademsol-

660 586 796 640 ultra
822 586 1039 637 Renum
1071 581 1410 654 Mogontiam
1444 581 1824 653 proﬁciscitur,
1851 581 2248 636 nichilominus
2354 580 2633 635 lemnitate
2669 578 2739 635 ad
2775 578 3149 650 presbiterium
3192 579 3252 655 ⁸η
3298 585 3557 651 promovit,
3595 587 3709 659 eique
3746 590 3785 624 ⁸³³

660 686 712 732 et
736 676 897 732 Suevi
927 675 1062 731 ultra
1096 678 1321 731 Renum
1354 676 1727 747 Burgundiam
1751 692 1877 730 cum
1901 673 2245 745 expeditione
2354 677 2678 746 potestatem
2707 673 2776 729 ad
2805 672 3178 745 suscipiendos
3204 675 3482 745 penitentes
3501 694 3555 733 ex
3588 682 3788 751 apostolica

658 770 1093 843 proficiscuntur,
1117 778 1173 824 et
1193 770 1467 842 quoddam
1492 769 1778 825 castellum
1802 768 2036 823 Bertaldi
2068 768 2243 835 ducis,
2354 771 2675 825 auctoritate
2717 769 2984 825 concessit
3030 773 3230 835 (1339).

656 863 750 919 filii
775 864 919 935 regis
962 864 1244 930 Roudolﬁ,
1277 880 1306 919 a
1340 862 1643 919 fautoribus
1677 862 1914 919 Heinrici
1939 865 2242 929 obsessum,
2955 864 3299 919 MLXXXV.

655 958 878 1013 viriliter
928 959 1264 1029 eripuerunt.
1315 961 1455 1015 Nam
1514 957 1846 1028 quibusdam
1892 955 2246 1026 rapidissimis
2424 958 2801 1012 Heremannus
2851 971 2945 1011 rex
2990 957 3221 1011 natalem
3252 956 3455 1011 Domini
3482 958 3675 1016 Goslarie
3705 962 3790 1016 cele-

655 1051 969 1108 ﬂuminibus
997 1051 1370 1120 transvadatis,
1395 1052 1473 1105 vel
1498 1051 1676 1121 potius
1699 1050 2074 1117 transnatatis,
2102 1049 2241 1106 adeo
2353 1046 2557 1116 bravit,
2588 1050 2657 1105 ad
2687 1048 2751 1083 ⁵³⁸
2795 1066 2960 1121 quem
2988 1048 3055 1083 ⁴²⁴
3078 1048 3324 1121 prafatus
3348 1049 3412 1092 4“
3432 1051 3643 1107 Ostiensis
3663 1050 3710 1085 ‘9‘
3728 1053 3791 1124 epi-

654 1146 966 1202 obsessores
980 1146 1203 1211 castelli,
1220 1147 1343 1201 licet
1359 1145 1533 1201 adhuc
1554 1145 1715 1217 longe
1737 1145 1919 1216 positi,
1945 1153 2245 1216 perterrue-
2350 1160 2548 1217 scopus
2574 1142 2639 1178 "’°
2668 1153 2793 1216 post
2820 1144 2889 1187 4”
2928 1144 3276 1216 cpiphaniam
3303 1144 3367 1178 ⁸³⁸
3396 1147 3603 1216 pervenit
3624 1146 3664 1200 in
3686 1149 3793 1201 Saxo.

655 1234 803 1309 runt,
832 1250 893 1297 ut
930 1241 1125 1297 relictis
1154 1240 1535 1311 papilionibus,
1566 1242 1715 1312 equis
1735 1248 1789 1295 et
1815 1240 2015 1308 loricis,
2043 1240 2113 1295 ab
2140 1241 2239 1296 ob-
2349 1239 2515 1305 niam,
2565 1247 2621 1295 et
2667 1239 2943 1311 colloquio
2993 1239 3177 1309 (1340)
3230 1237 3463 1295 interfuit
3492 1238 3610 1311 quod
3635 1241 3794 1295 Saxones

653 1335 861 1391 sidione
899 1332 1100 1407 passim
1131 1332 1483 1406 diffugerent,
1520 1350 1621 1389 nec
1665 1334 1921 1406 deinceps
1950 1334 2005 1389 in
2032 1335 2121 1389 illa
2149 1350 2239 1391 ex-
2347 1341 2534 1389 contra
2578 1331 2645 1366 ⁸³⁸
2672 1334 2915 1389 Heinrici
2944 1331 3010 1366 "‘
3047 1331 3285 1388 fautores
3307 1331 3374 1375 “4
3401 1333 3793 1403 condixeruixtUan.

651 1428 931 1500 peditione
960 1428 1166 1497 Suevis,
1196 1437 1397 1483 terram
1425 1444 1618 1483 eorum
1640 1428 1784 1484 ferro
1803 1471 1819 1499 ,
1850 1428 2035 1501 prada
2074 1438 2129 1483 et
2151 1429 2238 1483 in-
2346 1432 2460 1496 21),
2485 1436 2545 1483 ut
2583 1427 2687 1483 hoc
2716 1427 2821 1483 illis
2853 1426 3166 1498 probarent,
3196 1443 3253 1483 se
3287 1427 3403 1498 jure
3420 1425 3679 1483 Heinricum
3698 1426 3793 1481 devi-

651 1522 841 1579 cendio
891 1523 1250 1588 vastantibus,
1281 1522 1534 1579 resistere
1580 1530 1995 1593 prasumerent.
2032 1526 2236 1594 Erepto
2345 1530 2459 1577 tare
2490 1529 2551 1576 ut
2585 1522 3151 1577 excommunicatum.
3185 1519 3340 1589 Quod
3367 1529 3417 1575 et
3449 1519 3572 1575 facto
3592 1519 3796 1591 colloquio,

651 1616 821 1687 igitur
862 1615 1106 1683 castello,
1137 1616 1494 1687 congruisque
1522 1616 1796 1671 alimentis
1840 1614 1906 1652 ⁴¹⁹
1935 1616 1989 1670 in
2033 1632 2236 1671 annum
2266 1681 2303 1687 _
2346 1614 2559 1670 decima
2588 1615 2777 1685 quinta
2806 1614 2892 1669 die
2918 1623 3039 1685 post
3065 1615 3401 1686 epiphaniam
3430 1612 3682 1668 ﬁrmissime
3714 1628 3794 1681 pro-

649 1711 997 1782 pramunito,
1041 1709 1441 1780 destructisque
1493 1710 1821 1781 quibusdam
1882 1710 2235 1766 inimicorum
2264 1681 2313 1744 B
2348 1695 2638 1778 baverunt,
2666 1724 2727 1764 ea
2751 1707 3002 1764 videlicet
3024 1708 3253 1778 ratione,
3282 1707 3395 1779 quia
3424 1709 3663 1762 Romanus
3683 1706 3795 1775 ponti-

649 1804 1065 1869 munitionibus,
1100 1804 1403 1860 Suevicum
1442 1820 1570 1876 pace
1599 1804 1656 1859 in
1680 1821 1775 1861 sua
1819 1804 2027 1860 rediere
2049 1786 2241 1873 (Οίςι.)⁸
2342 1802 2431 1860 fex
2472 1804 2623 1859 illum
2652 1803 2729 1858 eis
2785 1819 2816 1858 a
2846 1818 2903 1858 se
2946 1803 3002 1858 in
3058 1804 3306 1858 Romana
3341 1800 3518 1856 sinodo
3539 1799 3792 1855 anathemate

645 1898 871 1955 Interim
898 1898 1184 1954 Heinricus
1211 1907 1540 1971 congregata
1572 1899 1919 1955 multitudine
1964 1899 2235 1955 scismati-
2344 1906 2527 1954 zatum
2554 1896 2918 1963 literis(134l)
2942 1896 3369 1953 denunciaverit.
3400 1893 3657 1951 Adversarii
3678 1901 3794 1945 autem

644 2008 858 2061 corum,
907 1994 1270 2060 Wecilonem,
1315 1992 1570 2048 clericum
1617 1994 2075 2049 Halverstatensis
2124 1994 2233 2065 epi-
2342 1994 2420 2048 eis
2478 1991 2816 2062 objecerunt,
2852 1990 3000 2062 quod
3039 2006 3175 2062 papa
3222 2005 3345 2046 eum
3379 1986 3633 2060 nequiverit
3654 1998 3795 2039 exeam

645 2085 794 2157 scopi
825 2084 1138 2156 fugitivum,
1168 2086 1533 2156 Mogontieusi
1568 2086 1884 2157 episcopatu
1915 2103 2230 2143 remunera-
2340 2085 2639 2153 municare,
2675 2102 2739 2142 eo
2782 2086 2929 2158 quod
2958 2085 3262 2157 expoliatus
3297 2099 3404 2139 non
3446 2080 3641 2153 potuerit
3666 2076 3794 2141 vocati.

642 2180 742 2247 vit,
775 2194 841 2234 eo
864 2179 1009 2250 quod
1040 2179 1112 2233 illi
1151 2179 1207 2232 in
1235 2178 1387 2233 omni
1421 2179 1721 2249 pertinacia
1748 2187 1938 2234 contra
1965 2184 2146 2235 Deum
2177 2190 2231 2238 et
2329 2181 2586 2253 judicari,
2619 2182 2731 2238 sive
2779 2179 3027 2237 damnari
3053 2178 3259 2251 (1342).
3296 2176 3380 2235 Ad
3408 2176 3513 2231 hac
3554 2176 3793 2229 Saxonesre-

641 2282 894 2329 sanctum
922 2276 1147 2327 Petrum
1188 2271 1491 2327 indefessus
1527 2280 1850 2343 occperator
1894 2272 2098 2344 adfuit;
2131 2275 2228 2347 qui
2336 2256 2693 2346 sponderunt,
2725 2292 2783 2331 se
2804 2274 3071 2346 judicium
3106 2274 3253 2330 sedis
3296 2270 3579 2343 apostolica
3617 2282 3700 2323 non
3737 2264 3795 2319 (leo

656 2385 752 2441 pse
776 2370 895 2440 jam
918 2368 1129 2424 dudum
1150 2368 1641 2441 anathematizatus
1684 2374 1890 2439 (1336),
1923 2379 1978 2425 et
2005 2371 2073 2426 ab
2099 2388 2226 2429 ana-
2335 2369 2464 2425 bere
2491 2369 2789 2426 detractare
2815 2369 3019 2441 (1343),
3046 2384 3149 2425 nec
3174 2384 3362 2439 posse;
3393 2366 3487 2421 hoc
3505 2379 3607 2419 cum
3632 2360 3701 2415 illo
3736 2373 3796 2428 po-

636 2461 1006 2518 thematizatis
1028 2461 1248 2530 electus,
1275 2460 2223 2522 nichilominusetiametabanathe-
2333 2464 2442 2519 tius
2482 2464 2848 2533 tractandum,
2899 2463 2988 2535 qui
3028 2462 3188 2517 illum
3237 2458 3573 2523 damnaverit,
3611 2470 3693 2509 non
3719 2464 3799 2505 cum

636 2555 910 2611 matizatis
926 2555 1083 2629 juxta
1101 2556 1382 2628 Pelagium
1410 2572 1604 2629 papam
1630 2572 1743 2613 non
1762 2567 2115 2615 consecratus
2142 2570 2224 2617 set
2333 2558 2661 2627 Saxonibus,
2708 2558 2797 2629 qui
2835 2556 3182 2613 damnationi
3232 2556 3347 2628 ejus
3401 2568 3501 2608 non
3539 2545 3797 2607 interimam,

634 2657 915 2705 execratus
939 2658 1038 2705 est.
1066 2651 1207 2705 Nam
1230 2648 1383 2720 juxta
1431 2650 1785 2707 beatissimos
1840 2660 2021 2722 patres
2050 2655 2225 2709 Inno-
2331 2652 2421 2724 qui
2447 2652 2594 2708 sedis
2621 2651 2937 2723 apostolica
2958 2650 3177 2723 judicio
3209 2650 3410 2706 nullam
3435 2641 3799 2702 retractationem,

632 2743 893 2810 centium,
919 2746 1166 2798 Leonem
1192 2751 1353 2815 atque
1377 2746 1733 2817 Gregorium,
1754 2744 1918 2800 nichil
1941 2747 2045 2801 nisi
2072 2747 2222 2803 dam—
2333 2755 2415 2802 set
2453 2746 2818 2802 obedientiam
2841 2744 3149 2802 debuerint.
3206 2748 3285 2800 Ita
3334 2742 3488 2816 igitur
3512 2738 3658 2795 soluto
3693 2732 3801 2787 collo-

630 2836 909 2892 nationem
933 2845 988 2892 et
1010 2837 1457 2893 maledictionem
1485 2854 1514 2893 a
1542 2838 1816 2894 damnatis
1856 2839 2096 2911 accipere
2122 2859 2216 2913 po-
2329 2842 2458 2912 quio
2496 2840 2794 2895 discessum
2824 2847 2911 2895 est
2937 2839 3003 2894 ab
3051 2839 3314 2894 invicem.
3341 2838 3413 2892 Eo
3439 2844 3649 2904 tempore
3682 2823 3799 2880 Hildi-

628 2931 748 2987 tuit.
784 2935 1038 2987 Domnus
1064 2938 1252 2987 autem
1290 2947 1448 3003 papa,
1488 2932 1713 2987 collecta
1737 2932 1928 2989 sinodo
1976 2935 2214 3003 Salerni,
2326 2934 2716 2990 nisheimensis
2742 2934 3027 3004 episcopus
3058 2936 3250 3003 (1344)
3288 2946 3409 2987 cum
3436 2928 3533 2984 suis
3570 2918 3805 2994 sequacibus

628 3025 823 3081 iterum
852 3025 1182 3081 sententiam
1221 3025 1590 3081 anathematis
1636 3025 1688 3080 in
1731 3026 2017 3082 Gibertum
2059 3027 2214 3085 here-
2250 3062 2294 3124 ρ
2328 3044 2521 3084 manus
2563 3029 2840 3083 Saxonum
2870 3027 2956 3082 vix
3001 3027 3203 3091 evasit,
3236 3042 3302 3082 eo
3337 3020 3476 3096 quod
3521 3025 3675 3076 contra
3702 3026 3801 3124 cent-

627 3117 900 3187 siarchen,
925 3126 979 3174 et
1001 3118 1342 3186 Heinricum,
1374 3126 1428 3173 et
1455 3118 1511 3173 in
1535 3134 1725 3174 omnes
1750 3135 1943 3176 eorum
1976 3119 2213 3180 fautores
2251 3103 2294 3124 υ
2323 3138 2487 3178 mune
2532 3130 2722 3177 votum
2758 3122 2927 3177 totius
2975 3121 3234 3177 Saxonia
3265 3114 3591 3175 Heinricianis
3624 3103 3806 3165 seadmi-

626 3212 992 3285 promulgavit
1044 3212 1250 3283 (1387);
1310 3211 1460 3283 quod
1505 3220 1562 3267 et
1602 3213 1659 3268 in
1700 3212 1990 3270 festivitate
2040 3218 2215 3274 sancti
2324 3215 2539 3272 scuerit.
2574 3217 2680 3270 Pro
2707 3214 2898 3270 eadem
2923 3214 3089 3269 etiam
3125 3216 3295 3285 culpa
3333 3225 3506 3267 comes
3530 3197 3807 3264 Theodericus

623 3306 892 3363 Johannis
912 3305 1157 3377 baptista
1176 3306 1447 3377 praeterita
1471 3305 1579 3377 iam
1605 3305 1811 3362 dudum
1840 3311 2038 3367 Roma
2064 3308 2210 3376 fecit,
2323 3310 2517 3367 eodem
2565 3316 2811 3380 tempore
2844 3308 3058 3364 occisus
3084 3317 3174 3365 est
3202 3324 3231 3364 a
3257 3314 3454 3363 nostra
3488 3299 3620 3374 partis
3636 3288 3809 3349 fautori-

624 3416 753 3457 cum
794 3400 1085 3457 Heinricus
1120 3399 1302 3456 adhuc
1330 3398 1405 3455 ibi
1443 3408 1768 3456 moraretur.
1803 3404 1963 3458 Hanc
1988 3413 2209 3461 senten-
2321 3404 2444 3461 bus.
2475 3402 2741 3460 Prafatus
2770 3418 2985 3475 quoque
3015 3401 3167 3459 sedis
3197 3400 3498 3474 apostolica
3520 3396 3804 3464 legamSPm‘

622 3493 755 3549 tiam
792 3493 951 3566 legati
974 3493 1119 3550 sedis
1162 3494 1493 3566 apostolica,
1523 3495 1766 3552 videlicet
1794 3496 1863 3530 ⁴²⁰
1891 3502 2083 3556 Petrus
2116 3501 2213 3556 ΑΙ-
2320 3498 2464 3555 dicto
2488 3498 2764 3569 episcopo,
2792 3512 2920 3552 cum
2950 3496 3122 3551 nollet
3180 3495 3503 3567 resipiscere,
3540 3484 3731 3544 ofﬁcium
3749 3491 3807 3545 με’

622 3586 875 3644 banensis
904 3588 1190 3660 episcopus
1218 3589 1270 3645 in
1308 3589 1560 3659 Francia,
1602 3590 1764 3647 Oddo
1794 3592 2066 3649 Ostiensis
2096 3595 2207 3667 epi-
2319 3592 2467 3647 nitus
2494 3590 2786 3646 interdixit.
2830 3591 3227 3645 Heremannus
3272 3604 3362 3644 rex
3396 3588 3447 3642 in
3490 3571 3807 3667 Quitelineburg

620 3682 885 3751 scopusin
901 3691 1046 3738 terra
1066 3684 1494 3740 Teutonicorum
1524 3700 1919 3757 usquequaque
1950 3687 2205 3759 divulga-
2319 3684 2519 3759 pascha
2555 3684 2844 3740 celebravit
2872 3685 3030 3753 (Apr.
3070 3687 3199 3752 20);
3237 3683 3331 3739 ubi
3379 3688 3436 3735 ut
3462 3680 3638 3747 legatus
3670 3668 3805 3761 domel

572 3818 577 3823 .
620 3781 769 3827 runt.
801 3774 1065 3829 Ostiensis
1092 3776 1277 3844 etiam,
1320 3792 1447 3832 cum
1494 3778 1831 3836 Alemannia
1876 3791 2205 3852 moraretur,-
2316 3778 2601 3852 apostolici
2639 3778 2695 3846 in
2725 3777 2840 3849 ipsa
2864 3776 3101 3848 paschali
3152 3773 3455 3849 epdomada
3500 3762 3806 3852 generalem)-

616 3874 818 3923 sancta
842 3868 1237 3924 Constantiensi
1279 3871 1529 3935 aclesia,
1555 3872 1672 3943 jam
1703 3872 1919 3929 dudum
1947 3849 2200 3951 viduata,
2316 3849 2525 3930 nodum
2576 3872 2754 3944 (1345)
2785 3887 2912 3926 cum
2938 3870 3387 3942 archiepiscopis,
3418 3861 3649 3938 episcopis
3672 3862 3717 3951 (et
3738 3849 3803 3951 al)-

618 3959 951 4016 catholicum
978 3968 1251 4030 pastorem
1282 3963 1551 4017 ordinavit
1571 3969 1773 4033 (1338),
1806 3968 2009 4023 scilicet
2032 3948 2207 4026 Gebe-
2314 3969 2530 4025 batibus
2559 3966 2727 4022 sancti
2758 3964 2901 4021 Petri
2944 3964 3204 4020 fidelibus
3232 3959 3553 4019 sollemniter
3580 3948 3801 4009 celebrat“.

616 4053 854 4111 bardum
876 4052 1154 4112 Berthﬂ'di
1185 4055 1342 4111 dUCiS
1371 4055 1564 4123 ﬁlium,
1592 4058 1833 4114 nobilem
1858 4061 2074 4131 quidem
2104 4080 2202 4135 ge-
2314 4060 2566 4119 Interfuit
2613 4068 2793 4116 autem
2818 4058 2941 4113 huic
2970 4058 3169 4114 sinodo
3201 4054 3545 4116 Gebehardus
3572 4036 3801 4137 reverentia

614 4164 767 4217 nere,
796 4157 880 4205 set
908 4148 1230 4204 nobiliorem
1271 4149 1323 4203 in
1355 4150 1707 4207 monarchica
1760 4158 2196 4214 conversatione.
2312 4159 2487 4214 simus
2531 4154 2853 4210 Juvavensis
2887 4151 3353 4225 archiepiscopus.
3397 4152 3529 4204 Item
3568 4129 3798 4229 venerabilis

614 4243 777 4298 Hunc
802 4258 929 4298 sane
963 4241 1211 4310 invitum,
1233 4243 1406 4299 immo
1432 4244 1667 4301 multum
1698 4245 1989 4316 ejulantem
2020 4265 2082 4306 ac
2111 4267 2204 4308 re-
2312 4250 2621 4307 Hartwicus
2646 4245 3148 4319 Magideburgensis
3174 4244 3597 4315 archiepiscOpus
3614 4244 3701 4288 cum
3724 4233 3805 4319 su)!

614 4335 965 4405 clamantem,
996 4337 1503 4394 Constantiensibus
1527 4312 1742 4395 clericis
1762 4348 1815 4396 et
1842 4342 1992 4398 laicis
2022 4354 2203 4415 peten-
2312 4342 2687 4416 suffraganeis.
2722 4312 2859 4407 Item
2902 4312 3245 4412 suffragauei
3299 4312 3609 4409 Mogontina
3634 4319 3739 4380 sedis
3758 4312 3806 4416 de

612 4430 759 4487 tibus
778 4439 833 4487 et
848 4429 1198 4488 laudantibus
1224 4431 1538 4504 episcopum
1564 4439 1621 4488 11
1653 4434 1780 4489 Kal.
1808 4412 2048 4492 Januarii
2075 4454 2203 4494 con-
2284 4412 2560 4497 'Saxonia.
2610 4438 2752 4491 Nam
2780 4433 3266 4507 Wirceburgensis
3306 4431 3574 4503 cpiscopus
3611 4418 3746 4497 (1³46)
3773 4412 3811 4461 εί

1888 4543 2139 4602 νΑΒΙιΕ
2187 4545 2607 4605 LECTIONES.

684 4634 751 4713 ‘f?
797 4637 1062 4707 prasidiis
1110 4640 1227 4713 Uss.
1258 4644 1440 4694 contra
1459 4640 1693 4713 codicum
1723 4644 2113 4701 auctoritatem.
2225 4644 2296 4681 “0
2325 4647 2470 4701 deest
2517 4644 2610 4699 4b.
2723 4640 2785 4675 ⁶²¹
2837 4654 3006 4713 quem
3034 4668 3128 4713 3-
3158 4636 3454 4713 ,concessit
3502 4635 3659 4713 littere

611 4689 1065 4791 ᾳςιάςςείχτελῇιτ--ίῖ
1116 4689 1435 4791 sagas."
1463 4689 2196 4791 ξ’ῖίξῖὲιὶῐῇἱὲέιὶᾖῖὲὶἒὶὶιω
2237 4689 3006 4790 ιιδῗῐιΐρτέέιςγιεωωτᾱῖ*
3029 4710 3101 4746 ιιε
3121 4689 3653 4783 castrensem
3675 4689 3812 4748 desunt

610 4778 700 4834 4b.
729 4777 794 4812 ⁴¹⁴
814 4782 871 4833 in
899 4780 1007 4835 loco
1035 4796 1154 4835 raso
1180 4784 1366 4837 littera
1393 4784 1589 4838 minori
1613 4788 1660 4839 1.

2084 4881 2088 4884 ’
2166 4870 2398 4928 NOTAE.

681 4958 863 5039 (1336)
914 4958 1416 5039 Nimirumﬂex-eo
1461 4969 1724 5039 tempore,
1766 4978 1879 5039 quo
1922 4966 2033 5039 jam
2064 4975 2190 5025 ante
2370 4960 2932 5039 (1340)AdPerestad
2952 4957 3137 5029 (ἣοάίθ
3154 4957 3478 5039 Βᾳρὶιεῑβάῐ)

605 5013 1147 5121 suamjintrusionem
1178 5032 1433 5121 Heinrico
1462 5013 2192 5121 regirsubtanlatlieinate'po:
2297 5013 2551 5097 mit
2573 5013 2759 5103 Fabia:
2781 5013 3084 5107 'cujusacta
3111 5033 3327 5103 prolixe
3344 5013 3595 5086 describit
3613 5013 3813 5075 annalis“

603 5100 847 5181 sitondiu
895 5101 1167 5169 servierat,
1208 5104 1285 5159 uti
1332 5100 1574 5175 loquitur
1626 5109 1887 5162 Urbanus
1945 5112 1995 5164 lI
2026 5100 2184 5181 epist.
2296 5114 2436 5168 Saxo
2458 5112 2527 5166 ad
2554 5111 2608 5167 b.
2640 5125 2689 5163 a.
2723 5100 2849 5181 Uss.

508 5209 516 5221 -
604 5174 840 5250 193USS-
907 5246 931 5250 _
989 5244 1020 5250 Α,
1233 5245 1245 5250 ρ
1522 5248 1529 5250 _
2059 5172 2075 5181 ⁸
2368 5188 2549 5250 (1341)
2584 5186 2789 5235 Desunt
2840 5179 2894 5232 in
2928 5177 3152 5250 registro
3182 5172 3461 5243 Gregorii.
3598 5235 3611 5250 ‘
3638 5248 3650 5250 _
3687 5218 3789 5250 mm

892 5244 1209 5322 Guibertum
1226 5245 1636 5322 haeresiarcham
1662 5254 1712 5305 et
1739 5266 1915 5305 omnes
1940 5254 2183 5319 fautores
2366 5222 2549 5319 ξ
3512 5222 3811 5322 Verbi

601 5288 717 5397 91δέ
742 5322 861 5397 φρει
879 5320 1195 5397 ξβηεεπίίαζη
1218 5320 1532 5397 υϐηιφλρίιίε
1556 5337 1715 5397 papae
1747 5288 2185 5394 Grcgozliilze’ce:
2292 5288 2549 5397 epislc’dpi)
2576 5288 2905 5394 moguntini,
2934 5330 2994 5375 ut
3016 5326 3290 5375 testantur
3330 5325 3451 5370 acta
3497 5301 3692 5367 concilii
3715 5288 3813 5370 aimd

597 5390 745 5440 sario
774 5387 1089 5464 de‘vitangts.
1130 5389 1379 5464 Bernoldi
1404 5387 1604 5464 Opusc.
1633 5387 1731 5455 "VI,
1762 5402 1791 5447 7
1817 5387 2001 5464 supra.
2292 5387 2420 5452 anu.
2455 5387 2577 5451 Sax.

671 5458 852 5529 (1338)
876 5457 957 5513 Cf.
987 5458 1239 5514 Bernoldi
1261 5454 1561 5531 apologiam
1592 5480 1688 5534 pro
1715 5454 2061 5537 Gebeliardo,
2083 5484 2177 5525 su-
2364 5471 2542 5537 (1343)
2570 5463 2743 5520 Verba
2789 5461 3096 5521 Gebehardi
3120 5460 3325 5517 Salisb.
3360 5454 3499 5513 Ibid.

600 5544 715 5603 Ριᾟ·
966 5601 973 5603 _
1062 5601 1077 5603 _
1154 5600 1166 5603 ξ
2364 5540 2676 5603 (I344)Uto
2708 5537 2946 5591 nomine.
2992 5538 3121 5592 Uss.

668 5599 847 5681 (1339)
879 5601 1002 5681 égit
1048 5601 1114 5681 de
1154 5600 1255 5681 hac
1301 5610 1565 5681 potestate
1594 5605 1697 5681 sibi
1728 5606 1781 5660 in
1825 5608 2170 5681 ordinatione
2352 5599 2535 5675 (13.15)
2564 5609 2645 5681 Cf.
2679 5608 2938 5681 Bernold.
2973 5609 3078 5681 col.
3141 5610 3309 5681 1138.

594 5648 851 5752 cogicessa
877 5648 1177 5752 Barnoldus
1212 5674 1266 5729 in
1297 5648 1557 5746 opusculo
2562 5648 3587 5752 Xdalbvero:'T‘Ad’cilbertus',vf}ewol_dus
3635 5648 3811 5752 εἴξειν

593 5737 797 5812 οΐθοίον
830 5758 889 5799 no
922 5743 1023 5797 XI-
1049 5743 1178 5802 U88.
1334 5737 1352 5746 ’
1722 5737 1741 5749 ’
1885 5737 1902 5751 ⁷
2080 5737 2087 5738 ί
2280 5737 2738 5823 Ιτδὲάιιε,ἐ)ιῑιοὰο
2767 5737 2860 5821 per
2885 5750 3092 5821 legatos
3111 5737 3253 5804 suos
3276 5742 3584 5815 subscripti.
3635 5737 3739 5791 U33-
