  <div class='ocr_page' id='page_1' title='image "/cluster/home/n/w/nwhite01/storage/ocr_20150623/148/hvd.32044054760061/700.png"; bbox 0 0 4052 6196; ppageno 0'>
   <div class='ocr_carea' id='block_1_1' title="bbox 316 234 453 288">
    <p class='ocr_par' dir='ltr' id='par_1_1' title="bbox 316 234 453 288">
     <span class='ocr_line' id='line_1_1' title="bbox 316 234 453 288; baseline -0.007 0"><span class='ocrx_word' id='word_1_1' title='bbox 316 234 453 288; x_wconf 75' lang='grc'><strong>1389</strong></span> 
     </span>
    </p>
   </div>
   <div class='ocr_carea' id='block_1_2' title="bbox 1215 227 2689 291">
    <p class='ocr_par' dir='ltr' id='par_1_2' title="bbox 1215 227 2689 291">
     <span class='ocr_line' id='line_1_2' title="bbox 1215 227 2689 291; baseline 0.001 -4"><span class='ocrx_word' id='word_1_2' title='bbox 1215 227 1502 287; x_wconf 79' lang='grc' dir='ltr'><strong>ΑΡΡΕΝΟ.</strong></span> <span class='ocrx_word' id='word_1_3' title='bbox 1544 230 1628 287; x_wconf 85' lang='lat' dir='ltr'><strong>III.</strong></span> <span class='ocrx_word' id='word_1_4' title='bbox 1670 258 1742 273; x_wconf 84' lang='lat'><strong>-—</strong></span> <span class='ocrx_word' id='word_1_5' title='bbox 1777 232 2187 291; x_wconf 79' lang='lat' dir='ltr'><strong>MONUMENTA</strong></span> <span class='ocrx_word' id='word_1_6' title='bbox 2232 233 2689 291; x_wconf 80' lang='lat' dir='ltr'><strong>GREGORIANA.</strong></span> 
     </span>
    </p>
   </div>
   <div class='ocr_carea' id='block_1_3' title="bbox 3465 236 3600 291">
    <p class='ocr_par' dir='ltr' id='par_1_3' title="bbox 3465 236 3600 291">
     <span class='ocr_line' id='line_1_3' title="bbox 3465 236 3600 291; baseline 0.015 -2"><span class='ocrx_word' id='word_1_7' title='bbox 3465 236 3600 291; x_wconf 71' lang='lat'><strong>1390</strong></span> 
     </span>
    </p>
   </div>
   <div class='ocr_carea' id='block_1_4' title="bbox 310 354 3601 433">
    <p class='ocr_par' dir='ltr' id='par_1_4' title="bbox 310 354 3601 433">
     <span class='ocr_line' id='line_1_4' title="bbox 310 354 3601 433; baseline 0.002 -22"><span class='ocrx_word' id='word_1_8' title='bbox 310 354 765 424; x_wconf 81' lang='lat' dir='ltr'><strong>Wormaciensis,</strong></span> <span class='ocrx_word' id='word_1_9' title='bbox 793 356 1148 430; x_wconf 82' lang='lat' dir='ltr'><strong>Augustensis</strong></span> <span class='ocrx_word' id='word_1_10' title='bbox 1185 372 1403 431; x_wconf 90' lang='lat' dir='ltr'><strong>quoque</strong></span> <span class='ocrx_word' id='word_1_11' title='bbox 1452 365 1506 413; x_wconf 89' lang='lat' dir='ltr'><strong>et</strong></span> <span class='ocrx_word' id='word_1_12' title='bbox 1526 359 1901 415; x_wconf 85' lang='lat' dir='ltr'><strong>Constantien-</strong></span> <span class='ocrx_word' id='word_1_13' title='bbox 1928 363 1981 425; x_wconf 81' lang='grc' dir='ltr'>Α</span> <span class='ocrx_word' id='word_1_14' title='bbox 2014 359 2221 433; x_wconf 87' lang='lat' dir='ltr'><strong>absque</strong></span> <span class='ocrx_word' id='word_1_15' title='bbox 2262 360 2417 417; x_wconf 91' lang='lat' dir='ltr'><strong>solita</strong></span> <span class='ocrx_word' id='word_1_16' title='bbox 2445 358 2910 427; x_wconf 89' lang='lat' dir='ltr'><strong>reconciliatione,</strong></span> <span class='ocrx_word' id='word_1_17' title='bbox 2946 359 3047 415; x_wconf 86' lang='lat' dir='ltr'><strong>etsi</strong></span> <span class='ocrx_word' id='word_1_18' title='bbox 3066 360 3185 432; x_wconf 91' lang='lat' dir='ltr'><strong>jam</strong></span> <span class='ocrx_word' id='word_1_19' title='bbox 3210 357 3424 416; x_wconf 89' lang='lat' dir='ltr'><strong>dudum</strong></span> <span class='ocrx_word' id='word_1_20' title='bbox 3452 359 3601 431; x_wconf 87' lang='lat' dir='ltr'><strong>quod</strong></span> 
     </span>
    </p>
   </div>
   <div class='ocr_carea' id='block_1_5' title="bbox 309 449 1901 523">
    <p class='ocr_par' dir='ltr' id='par_1_5' title="bbox 309 449 1901 523">
     <span class='ocr_line' id='line_1_5' title="bbox 309 449 1901 523; baseline 0.003 -19"><span class='ocrx_word' id='word_1_21' title='bbox 309 449 387 505; x_wconf 86' lang='lat' dir='ltr'><strong>sis</strong></span> <span class='ocrx_word' id='word_1_22' title='bbox 408 449 475 506; x_wconf 91' lang='lat' dir='ltr'><strong>de</strong></span> <span class='ocrx_word' id='word_1_23' title='bbox 503 450 852 518; x_wconf 82' lang='lat' dir='ltr'><strong>Alemannia,</strong></span> <span class='ocrx_word' id='word_1_24' title='bbox 876 452 999 523; x_wconf 85' lang='lat' dir='ltr'><strong>quia</strong></span> <span class='ocrx_word' id='word_1_25' title='bbox 1029 451 1133 522; x_wconf 87' lang='lat' dir='ltr'><strong>ipsi</strong></span> <span class='ocrx_word' id='word_1_26' title='bbox 1162 452 1416 507; x_wconf 90' lang='lat' dir='ltr'><strong>canonica</strong></span> <span class='ocrx_word' id='word_1_27' title='bbox 1450 452 1771 509; x_wconf 82' lang='lat' dir='ltr'><strong>necessitate</strong></span> <span class='ocrx_word' id='word_1_28' title='bbox 1796 454 1901 508; x_wconf 86' lang='lat' dir='ltr'><strong>im-</strong></span> 
     </span>
    </p>
   </div>
   <div class='ocr_carea' id='block_1_6' title="bbox 313 544 1903 617">
    <p class='ocr_par' dir='ltr' id='par_1_6' title="bbox 313 544 1903 617">
     <span class='ocr_line' id='line_1_6' title="bbox 313 544 1903 617; baseline 0.002 -18"><span class='ocrx_word' id='word_1_29' title='bbox 313 544 477 615; x_wconf 82' lang='lat' dir='ltr'><strong>pediti</strong></span> <span class='ocrx_word' id='word_1_30' title='bbox 503 546 685 600; x_wconf 87' lang='lat' dir='ltr'><strong>venire</strong></span> <span class='ocrx_word' id='word_1_31' title='bbox 708 561 820 600; x_wconf 92' lang='lat' dir='ltr'><strong>non</strong></span> <span class='ocrx_word' id='word_1_32' title='bbox 865 552 1138 616; x_wconf 81' lang='lat' dir='ltr'><strong>poterant,</strong></span> <span class='ocrx_word' id='word_1_33' title='bbox 1162 561 1255 617; x_wconf 90' lang='lat' dir='ltr'><strong>per</strong></span> <span class='ocrx_word' id='word_1_34' title='bbox 1292 546 1621 617; x_wconf 90' lang='lat' dir='ltr'><strong>legationem</strong></span> <span class='ocrx_word' id='word_1_35' title='bbox 1661 563 1817 602; x_wconf 90' lang='lat' dir='ltr'><strong>suam</strong></span> <span class='ocrx_word' id='word_1_36' title='bbox 1846 563 1903 602; x_wconf 93' lang='lat' dir='ltr'><strong>se</strong></span> 
     </span>
    </p>
   </div>
   <div class='ocr_carea' id='block_1_7' title="bbox 310 638 1903 713">
    <p class='ocr_par' dir='ltr' id='par_1_7' title="bbox 310 638 1903 713">
     <span class='ocr_line' id='line_1_7' title="bbox 310 638 1903 713; baseline 0.003 -20"><span class='ocrx_word' id='word_1_37' title='bbox 310 646 500 693; x_wconf 89' lang='lat' dir='ltr'><strong>sancto</strong></span> <span class='ocrx_word' id='word_1_38' title='bbox 537 638 768 694; x_wconf 91' lang='lat' dir='ltr'><strong>concilio</strong></span> <span class='ocrx_word' id='word_1_39' title='bbox 804 648 1351 710; x_wconf 59' lang='lat' dir='ltr'><strong>reprwsentaverunt,</strong></span> <span class='ocrx_word' id='word_1_40' title='bbox 1380 656 1545 712; x_wconf 87' lang='lat' dir='ltr'><strong>seque</strong></span> <span class='ocrx_word' id='word_1_41' title='bbox 1593 657 1689 713; x_wconf 93' lang='lat' dir='ltr'><strong>per</strong></span> <span class='ocrx_word' id='word_1_42' title='bbox 1718 642 1903 697; x_wconf 85' lang='lat' dir='ltr'><strong>omnia</strong></span> 
     </span>
    </p>
   </div>
   <div class='ocr_carea' id='block_1_8' title="bbox 312 729 1900 803">
    <p class='ocr_par' dir='ltr' id='par_1_8' title="bbox 312 729 1900 803">
     <span class='ocr_line' id='line_1_8' title="bbox 312 729 1900 803; baseline 0.003 -17"><span class='ocrx_word' id='word_1_43' title='bbox 312 731 558 803; x_wconf 80' lang='lat' dir='ltr'><strong>ejusdem</strong></span> <span class='ocrx_word' id='word_1_44' title='bbox 617 729 799 788; x_wconf 90' lang='lat' dir='ltr'><strong>sinodi</strong></span> <span class='ocrx_word' id='word_1_45' title='bbox 845 733 1063 789; x_wconf 79' lang='lat' dir='ltr'><strong>statutis</strong></span> <span class='ocrx_word' id='word_1_46' title='bbox 1117 749 1440 790; x_wconf 90' lang='lat' dir='ltr'><strong>assensuros</strong></span> <span class='ocrx_word' id='word_1_47' title='bbox 1480 733 1900 791; x_wconf 89' lang='lat' dir='ltr'><strong>mandaverunt.</strong></span> 
     </span>
    </p>
   </div>
   <div class='ocr_carea' id='block_1_9' title="bbox 313 825 1902 900">
    <p class='ocr_par' dir='ltr' id='par_1_9' title="bbox 313 825 1902 900">
     <span class='ocr_line' id='line_1_9' title="bbox 313 825 1902 900; baseline 0.002 -18"><span class='ocrx_word' id='word_1_48' title='bbox 313 829 430 882; x_wconf 78' lang='lat' dir='ltr'><strong>Rex</strong></span> <span class='ocrx_word' id='word_1_49' title='bbox 456 825 624 882; x_wconf 91' lang='lat' dir='ltr'><strong>etiam</strong></span> <span class='ocrx_word' id='word_1_50' title='bbox 654 827 1039 883; x_wconf 82' lang='lat' dir='ltr'><strong>Heremannus</strong></span> <span class='ocrx_word' id='word_1_51' title='bbox 1068 844 1197 884; x_wconf 85' lang='lat' dir='ltr'><strong>cum</strong></span> <span class='ocrx_word' id='word_1_52' title='bbox 1225 828 1335 884; x_wconf 89' lang='lat' dir='ltr'><strong>suis</strong></span> <span class='ocrx_word' id='word_1_53' title='bbox 1360 828 1695 900; x_wconf 86' lang='lat' dir='ltr'><strong>principibus</strong></span> <span class='ocrx_word' id='word_1_54' title='bbox 1722 828 1902 885; x_wconf 90' lang='lat' dir='ltr'><strong>eidem</strong></span> 
     </span>
    </p>
   </div>
   <div class='ocr_carea' id='block_1_10' title="bbox 311 919 1904 995">
    <p class='ocr_par' dir='ltr' id='par_1_10' title="bbox 311 919 1904 995">
     <span class='ocr_line' id='line_1_10' title="bbox 311 919 1904 995; baseline 0.002 -19"><span class='ocrx_word' id='word_1_55' title='bbox 311 919 504 976; x_wconf 92' lang='lat' dir='ltr'><strong>sinodo</strong></span> <span class='ocrx_word' id='word_1_56' title='bbox 551 919 822 978; x_wconf 81' lang='lat' dir='ltr'><strong>interfuit.</strong></span> <span class='ocrx_word' id='word_1_57' title='bbox 872 923 1011 978; x_wconf 90' lang='lat' dir='ltr'><strong>Cum</strong></span> <span class='ocrx_word' id='word_1_58' title='bbox 1065 921 1234 994; x_wconf 84' lang='lat' dir='ltr'><strong>igitur</strong></span> <span class='ocrx_word' id='word_1_59' title='bbox 1257 938 1449 978; x_wconf 90' lang='lat' dir='ltr'><strong>omnes</strong></span> <span class='ocrx_word' id='word_1_60' title='bbox 1468 923 1630 995; x_wconf 81' lang='lat' dir='ltr'><strong>juxta</strong></span> <span class='ocrx_word' id='word_1_61' title='bbox 1652 922 1904 979; x_wconf 86' lang='lat' dir='ltr'><strong>ordinem</strong></span> 
     </span>
    </p>
   </div>
   <div class='ocr_carea' id='block_1_11' title="bbox 312 1014 1903 1087">
    <p class='ocr_par' dir='ltr' id='par_1_11' title="bbox 312 1014 1903 1087">
     <span class='ocr_line' id='line_1_11' title="bbox 312 1014 1903 1087; baseline 0.003 -18"><span class='ocrx_word' id='word_1_62' title='bbox 312 1030 475 1070; x_wconf 92' lang='lat' dir='ltr'><strong>suum</strong></span> <span class='ocrx_word' id='word_1_63' title='bbox 500 1014 888 1085; x_wconf 82' lang='lat' dir='ltr'><strong>consedissent,</strong></span> <span class='ocrx_word' id='word_1_64' title='bbox 914 1016 1121 1087; x_wconf 91' lang='lat' dir='ltr'><strong>prolata</strong></span> <span class='ocrx_word' id='word_1_65' title='bbox 1158 1025 1288 1073; x_wconf 89' lang='lat' dir='ltr'><strong>sunt</strong></span> <span class='ocrx_word' id='word_1_66' title='bbox 1316 1018 1373 1072; x_wconf 94' lang='lat' dir='ltr'><strong>in</strong></span> <span class='ocrx_word' id='word_1_67' title='bbox 1411 1018 1656 1073; x_wconf 91' lang='lat' dir='ltr'><strong>medium</strong></span> <span class='ocrx_word' id='word_1_68' title='bbox 1686 1017 1903 1074; x_wconf 90' lang='lat' dir='ltr'><strong>decreta</strong></span> 
     </span>
    </p>
   </div>
   <div class='ocr_carea' id='block_1_12' title="bbox 314 1108 1901 1183">
    <p class='ocr_par' dir='ltr' id='par_1_12' title="bbox 314 1108 1901 1183">
     <span class='ocr_line' id='line_1_12' title="bbox 314 1108 1901 1183; baseline 0.003 -19"><span class='ocrx_word' id='word_1_69' title='bbox 314 1116 632 1165; x_wconf 88' lang='lat' dir='ltr'><strong>sanctorum</strong></span> <span class='ocrx_word' id='word_1_70' title='bbox 687 1112 915 1167; x_wconf 85' lang='lat' dir='ltr'><strong>Patrum</strong></span> <span class='ocrx_word' id='word_1_71' title='bbox 969 1108 1039 1166; x_wconf 91' lang='lat' dir='ltr'><strong>de</strong></span> <span class='ocrx_word' id='word_1_72' title='bbox 1093 1110 1333 1182; x_wconf 88' lang='lat' dir='ltr'><strong>primatu</strong></span> <span class='ocrx_word' id='word_1_73' title='bbox 1379 1110 1520 1168; x_wconf 90' lang='lat' dir='ltr'><strong>sedis</strong></span> <span class='ocrx_word' id='word_1_74' title='bbox 1574 1111 1901 1183; x_wconf 70' lang='lat' dir='ltr'><strong>apostolicae,</strong></span> 
     </span>
    </p>
   </div>
   <div class='ocr_carea' id='block_1_13' title="bbox 313 1203 1901 1277">
    <p class='ocr_par' dir='ltr' id='par_1_13' title="bbox 313 1203 1901 1277">
     <span class='ocr_line' id='line_1_13' title="bbox 313 1203 1901 1277; baseline 0.002 -18"><span class='ocrx_word' id='word_1_75' title='bbox 313 1203 458 1275; x_wconf 94' lang='lat' dir='ltr'><strong>quod</strong></span> <span class='ocrx_word' id='word_1_76' title='bbox 484 1203 617 1259; x_wconf 89' lang='lat' dir='ltr'><strong>nulli</strong></span> <span class='ocrx_word' id='word_1_77' title='bbox 646 1219 888 1275; x_wconf 88' lang='lat' dir='ltr'><strong>unquam</strong></span> <span class='ocrx_word' id='word_1_78' title='bbox 926 1204 1083 1260; x_wconf 90' lang='lat' dir='ltr'><strong>liceat</strong></span> <span class='ocrx_word' id='word_1_79' title='bbox 1124 1205 1238 1277; x_wconf 91' lang='lat' dir='ltr'><strong>ejus</strong></span> <span class='ocrx_word' id='word_1_80' title='bbox 1273 1204 1546 1276; x_wconf 85' lang='lat' dir='ltr'><strong>judicium</strong></span> <span class='ocrx_word' id='word_1_81' title='bbox 1587 1215 1901 1276; x_wconf 86' lang='lat' dir='ltr'><strong>retractare,</strong></span> 
     </span>
    </p>
   </div>
   <div class='ocr_carea' id='block_1_14' title="bbox 316 1295 1905 1370">
    <p class='ocr_par' dir='ltr' id='par_1_14' title="bbox 316 1295 1905 1370">
     <span class='ocr_line' id='line_1_14' title="bbox 316 1295 1905 1370; baseline 0.002 -18"><span class='ocrx_word' id='word_1_82' title='bbox 316 1297 396 1352; x_wconf 89' lang='lat' dir='ltr'><strong>vel</strong></span> <span class='ocrx_word' id='word_1_83' title='bbox 426 1296 494 1354; x_wconf 91' lang='lat' dir='ltr'><strong>de</strong></span> <span class='ocrx_word' id='word_1_84' title='bbox 536 1295 651 1369; x_wconf 89' lang='lat' dir='ltr'><strong>ejus</strong></span> <span class='ocrx_word' id='word_1_85' title='bbox 695 1298 906 1370; x_wconf 91' lang='lat' dir='ltr'><strong>judicio</strong></span> <span class='ocrx_word' id='word_1_86' title='bbox 928 1297 1204 1370; x_wconf 86' lang='lat' dir='ltr'><strong>judicare;</strong></span> <span class='ocrx_word' id='word_1_87' title='bbox 1250 1299 1397 1370; x_wconf 90' lang='lat' dir='ltr'><strong>quod</strong></span> <span class='ocrx_word' id='word_1_88' title='bbox 1434 1308 1489 1355; x_wconf 87' lang='lat' dir='ltr'><strong>et</strong></span> <span class='ocrx_word' id='word_1_89' title='bbox 1533 1300 1697 1355; x_wconf 89' lang='lat' dir='ltr'><strong>totius</strong></span> <span class='ocrx_word' id='word_1_90' title='bbox 1729 1299 1905 1356; x_wconf 91' lang='lat' dir='ltr'><strong>sinodi</strong></span> 
     </span>
    </p>
   </div>
   <div class='ocr_carea' id='block_1_15' title="bbox 314 1390 1903 1463">
    <p class='ocr_par' dir='ltr' id='par_1_15' title="bbox 314 1390 1903 1463">
     <span class='ocr_line' id='line_1_15' title="bbox 314 1390 1903 1463; baseline 0.002 -16"><span class='ocrx_word' id='word_1_91' title='bbox 314 1390 528 1463; x_wconf 88' lang='lat' dir='ltr'><strong>publica</strong></span> <span class='ocrx_word' id='word_1_92' title='bbox 564 1390 895 1462; x_wconf 85' lang='lat' dir='ltr'><strong>professione</strong></span> <span class='ocrx_word' id='word_1_93' title='bbox 953 1392 1235 1447; x_wconf 89' lang='lat' dir='ltr'><strong>laudatum</strong></span> <span class='ocrx_word' id='word_1_94' title='bbox 1291 1401 1343 1448; x_wconf 91' lang='lat' dir='ltr'><strong>et</strong></span> <span class='ocrx_word' id='word_1_95' title='bbox 1387 1394 1767 1450; x_wconf 90' lang='lat' dir='ltr'><strong>conﬁrmatum</strong></span> <span class='ocrx_word' id='word_1_96' title='bbox 1803 1403 1903 1450; x_wconf 92' lang='lat' dir='ltr'><strong>est.</strong></span> 
     </span>
    </p>
   </div>
   <div class='ocr_carea' id='block_1_16' title="bbox 314 1484 1907 1557">
    <p class='ocr_par' dir='ltr' id='par_1_16' title="bbox 314 1484 1907 1557">
     <span class='ocr_line' id='line_1_16' title="bbox 314 1484 1907 1557; baseline 0.003 -17"><span class='ocrx_word' id='word_1_97' title='bbox 314 1487 382 1540; x_wconf 88' lang='lat' dir='ltr'><strong>Et</strong></span> <span class='ocrx_word' id='word_1_98' title='bbox 400 1484 506 1541; x_wconf 91' lang='lat' dir='ltr'><strong>hoc</strong></span> <span class='ocrx_word' id='word_1_99' title='bbox 527 1486 915 1555; x_wconf 89' lang='lat' dir='ltr'><strong>utiquecontra</strong></span> <span class='ocrx_word' id='word_1_100' title='bbox 949 1486 1345 1555; x_wconf 81' lang='lat' dir='ltr'><strong>Heinricianos,</strong></span> <span class='ocrx_word' id='word_1_101' title='bbox 1380 1487 1472 1557; x_wconf 90' lang='lat' dir='ltr'><strong>qui</strong></span> <span class='ocrx_word' id='word_1_102' title='bbox 1506 1486 1692 1543; x_wconf 91' lang='lat' dir='ltr'><strong>ﬁdeles</strong></span> <span class='ocrx_word' id='word_1_103' title='bbox 1734 1487 1907 1544; x_wconf 85' lang='lat' dir='ltr'><strong>sancti</strong></span> 
     </span>
    </p>
   </div>
   <div class='ocr_carea' id='block_1_17' title="bbox 313 1579 1905 1651">
    <p class='ocr_par' dir='ltr' id='par_1_17' title="bbox 313 1579 1905 1651">
     <span class='ocr_line' id='line_1_17' title="bbox 313 1579 1905 1651; baseline 0.001 -16"><span class='ocrx_word' id='word_1_104' title='bbox 313 1579 461 1635; x_wconf 70' lang='lat' dir='ltr'><strong>Petri</strong></span> <span class='ocrx_word' id='word_1_105' title='bbox 508 1580 882 1651; x_wconf 83' lang='lat' dir='ltr'><strong>constringere</strong></span> <span class='ocrx_word' id='word_1_106' title='bbox 926 1581 1233 1649; x_wconf 88' lang='lat' dir='ltr'><strong>voluerunt,</strong></span> <span class='ocrx_word' id='word_1_107' title='bbox 1278 1589 1339 1636; x_wconf 89' lang='lat' dir='ltr'><strong>ut</strong></span> <span class='ocrx_word' id='word_1_108' title='bbox 1383 1581 1905 1637; x_wconf 80' lang='lat' dir='ltr'><strong>excommunicatio-</strong></span> 
     </span>
    </p>
   </div>
   <div class='ocr_carea' id='block_1_18' title="bbox 312 1672 1908 1745">
    <p class='ocr_par' dir='ltr' id='par_1_18' title="bbox 312 1672 1908 1745">
     <span class='ocr_line' id='line_1_18' title="bbox 312 1672 1908 1745; baseline 0.002 -16"><span class='ocrx_word' id='word_1_109' title='bbox 312 1689 444 1730; x_wconf 89' lang='lat' dir='ltr'><strong>nem</strong></span> <span class='ocrx_word' id='word_1_110' title='bbox 484 1672 672 1729; x_wconf 88' lang='lat' dir='ltr'><strong>domui</strong></span> <span class='ocrx_word' id='word_1_111' title='bbox 716 1688 870 1744; x_wconf 59' lang='lat' dir='ltr'><strong>papa</strong></span> <span class='ocrx_word' id='word_1_112' title='bbox 903 1674 1151 1745; x_wconf 83' lang='lat' dir='ltr'><strong>Gregorii</strong></span> <span class='ocrx_word' id='word_1_113' title='bbox 1216 1690 1382 1745; x_wconf 86' lang='lat' dir='ltr'><strong>super</strong></span> <span class='ocrx_word' id='word_1_114' title='bbox 1412 1675 1731 1732; x_wconf 87' lang='lat' dir='ltr'><strong>Heinricum</strong></span> <span class='ocrx_word' id='word_1_115' title='bbox 1778 1692 1908 1732; x_wconf 92' lang='lat' dir='ltr'><strong>cum</strong></span> 
     </span>
    </p>
   </div>
   <div class='ocr_carea' id='block_1_19' title="bbox 2011 451 3601 528">
    <p class='ocr_par' dir='ltr' id='par_1_19' title="bbox 2011 451 3601 528">
     <span class='ocr_line' id='line_1_19' title="bbox 2011 451 3601 528; baseline -0.001 -19"><span class='ocrx_word' id='word_1_116' title='bbox 2011 455 2268 528; x_wconf 83' lang='lat' dir='ltr'><strong>sacrilege</strong></span> <span class='ocrx_word' id='word_1_117' title='bbox 2298 454 2400 510; x_wconf 92' lang='lat' dir='ltr'><strong>sibi</strong></span> <span class='ocrx_word' id='word_1_118' title='bbox 2447 453 2860 509; x_wconf 87' lang='lat' dir='ltr'><strong>vendicaverant</strong></span> <span class='ocrx_word' id='word_1_119' title='bbox 2892 451 3274 509; x_wconf 90' lang='lat' dir='ltr'><strong>reddidissent.</strong></span> <span class='ocrx_word' id='word_1_120' title='bbox 3317 456 3381 509; x_wconf 92' lang='lat' dir='ltr'><strong>In</strong></span> <span class='ocrx_word' id='word_1_121' title='bbox 3408 452 3601 510; x_wconf 90' lang='lat' dir='ltr'><strong>eadem</strong></span> 
     </span>
    </p>
   </div>
   <div class='ocr_carea' id='block_1_20' title="bbox 2009 545 3598 620">
    <p class='ocr_par' dir='ltr' id='par_1_20' title="bbox 2009 545 3598 620">
     <span class='ocr_line' id='line_1_20' title="bbox 2009 545 3598 620; baseline -0.001 -17"><span class='ocrx_word' id='word_1_122' title='bbox 2009 549 2203 605; x_wconf 90' lang='lat' dir='ltr'><strong>sinodo</strong></span> <span class='ocrx_word' id='word_1_123' title='bbox 2229 547 2579 620; x_wconf 89' lang='lat' dir='ltr'><strong>presbyteris,</strong></span> <span class='ocrx_word' id='word_1_124' title='bbox 2611 546 2947 615; x_wconf 91' lang='lat' dir='ltr'><strong>diaconibus,</strong></span> <span class='ocrx_word' id='word_1_125' title='bbox 2969 545 3390 602; x_wconf 90' lang='lat' dir='ltr'><strong>subdiaconibus</strong></span> <span class='ocrx_word' id='word_1_126' title='bbox 3410 562 3598 619; x_wconf 90' lang='lat' dir='ltr'><strong>perpe-</strong></span> 
     </span>
    </p>
   </div>
   <div class='ocr_carea' id='block_1_21' title="bbox 2010 638 3599 714">
    <p class='ocr_par' dir='ltr' id='par_1_21' title="bbox 2010 638 3599 714">
     <span class='ocr_line' id='line_1_21' title="bbox 2010 638 3599 714; baseline 0 -17"><span class='ocrx_word' id='word_1_127' title='bbox 2010 651 2103 698; x_wconf 89' lang='lat' dir='ltr'><strong>tua</strong></span> <span class='ocrx_word' id='word_1_128' title='bbox 2123 642 2278 714; x_wconf 86' lang='lat' dir='ltr'><strong>juxta</strong></span> <span class='ocrx_word' id='word_1_129' title='bbox 2306 642 2523 699; x_wconf 87' lang='lat' dir='ltr'><strong>decreta</strong></span> <span class='ocrx_word' id='word_1_130' title='bbox 2548 650 2865 699; x_wconf 89' lang='lat' dir='ltr'><strong>sanctorum</strong></span> <span class='ocrx_word' id='word_1_131' title='bbox 2885 650 3101 713; x_wconf 90' lang='lat' dir='ltr'><strong>patrum</strong></span> <span class='ocrx_word' id='word_1_132' title='bbox 3122 638 3323 696; x_wconf 87' lang='lat' dir='ltr'><strong>indicta</strong></span> <span class='ocrx_word' id='word_1_133' title='bbox 3350 649 3435 696; x_wconf 90' lang='lat' dir='ltr'><strong>est</strong></span> <span class='ocrx_word' id='word_1_134' title='bbox 3460 656 3599 697; x_wconf 90' lang='lat' dir='ltr'><strong>con-</strong></span> 
     </span>
    </p>
   </div>
   <div class='ocr_carea' id='block_1_22' title="bbox 2008 733 3602 806">
    <p class='ocr_par' dir='ltr' id='par_1_22' title="bbox 2008 733 3602 806">
     <span class='ocr_line' id='line_1_22' title="bbox 2008 733 3602 806; baseline 0 -16"><span class='ocrx_word' id='word_1_135' title='bbox 2008 735 2252 791; x_wconf 88' lang='lat' dir='ltr'><strong>tinentia.</strong></span> <span class='ocrx_word' id='word_1_136' title='bbox 2306 739 2443 791; x_wconf 90' lang='lat' dir='ltr'><strong>Item</strong></span> <span class='ocrx_word' id='word_1_137' title='bbox 2481 744 2751 792; x_wconf 89' lang='lat' dir='ltr'><strong>statutum</strong></span> <span class='ocrx_word' id='word_1_138' title='bbox 2798 742 2883 792; x_wconf 90' lang='lat' dir='ltr'><strong>est</strong></span> <span class='ocrx_word' id='word_1_139' title='bbox 2928 752 2995 790; x_wconf 94' lang='lat' dir='ltr'><strong>ne</strong></span> <span class='ocrx_word' id='word_1_140' title='bbox 3045 734 3161 791; x_wconf 90' lang='lat' dir='ltr'><strong>laici</strong></span> <span class='ocrx_word' id='word_1_141' title='bbox 3220 734 3387 806; x_wconf 90' lang='lat' dir='ltr'><strong>pallas</strong></span> <span class='ocrx_word' id='word_1_142' title='bbox 3413 733 3602 790; x_wconf 90' lang='lat' dir='ltr'><strong>altaris</strong></span> 
     </span>
    </p>
   </div>
   <div class='ocr_carea' id='block_1_23' title="bbox 2010 827 3601 903">
    <p class='ocr_par' dir='ltr' id='par_1_23' title="bbox 2010 827 3601 903">
     <span class='ocr_line' id='line_1_23' title="bbox 2010 827 3601 903; baseline -0.001 -19"><span class='ocrx_word' id='word_1_143' title='bbox 2010 829 2088 885; x_wconf 86' lang='lat' dir='ltr'><strong>vel</strong></span> <span class='ocrx_word' id='word_1_144' title='bbox 2117 845 2268 885; x_wconf 87' lang='lat' dir='ltr'><strong>sacra</strong></span> <span class='ocrx_word' id='word_1_145' title='bbox 2304 845 2427 885; x_wconf 89' lang='lat' dir='ltr'><strong>vasa</strong></span> <span class='ocrx_word' id='word_1_146' title='bbox 2466 829 2808 903; x_wconf 88' lang='lat' dir='ltr'><strong>contingant.</strong></span> <span class='ocrx_word' id='word_1_147' title='bbox 2879 830 3042 896; x_wconf 90' lang='lat' dir='ltr'><strong>Item,</strong></span> <span class='ocrx_word' id='word_1_148' title='bbox 3088 844 3155 884; x_wconf 92' lang='lat' dir='ltr'><strong>ne</strong></span> <span class='ocrx_word' id='word_1_149' title='bbox 3180 827 3302 884; x_wconf 89' lang='lat' dir='ltr'><strong>laici</strong></span> <span class='ocrx_word' id='word_1_150' title='bbox 3360 827 3601 883; x_wconf 90' lang='lat' dir='ltr'><strong>decimas</strong></span> 
     </span>
    </p>
   </div>
   <div class='ocr_carea' id='block_1_24' title="bbox 2008 920 3600 995">
    <p class='ocr_par' dir='ltr' id='par_1_24' title="bbox 2008 920 3600 995">
     <span class='ocr_line' id='line_1_24' title="bbox 2008 920 3600 995; baseline -0.002 -16"><span class='ocrx_word' id='word_1_151' title='bbox 2008 923 2113 979; x_wconf 91' lang='lat' dir='ltr'><strong>sibi</strong></span> <span class='ocrx_word' id='word_1_152' title='bbox 2146 922 2434 979; x_wconf 90' lang='lat' dir='ltr'><strong>vendicent</strong></span> <span class='ocrx_word' id='word_1_153' title='bbox 2452 923 2508 978; x_wconf 94' lang='lat' dir='ltr'><strong>in</strong></span> <span class='ocrx_word' id='word_1_154' title='bbox 2539 925 2949 995; x_wconf 87' lang='lat' dir='ltr'><strong>proprietatem,</strong></span> <span class='ocrx_word' id='word_1_155' title='bbox 2985 939 3084 979; x_wconf 86' lang='lat' dir='ltr'><strong>nec</strong></span> <span class='ocrx_word' id='word_1_156' title='bbox 3113 923 3279 979; x_wconf 91' lang='lat' dir='ltr'><strong>etiam</strong></span> <span class='ocrx_word' id='word_1_157' title='bbox 3302 922 3358 977; x_wconf 94' lang='lat' dir='ltr'><strong>in</strong></span> <span class='ocrx_word' id='word_1_158' title='bbox 3390 920 3600 977; x_wconf 86' lang='lat' dir='ltr'><strong>beneﬁ-</strong></span> 
     </span>
    </p>
   </div>
   <div class='ocr_carea' id='block_1_25' title="bbox 2011 1016 3603 1090">
    <p class='ocr_par' dir='ltr' id='par_1_25' title="bbox 2011 1016 3603 1090">
     <span class='ocr_line' id='line_1_25' title="bbox 2011 1016 3603 1090; baseline -0.001 -17"><span class='ocrx_word' id='word_1_159' title='bbox 2011 1017 2156 1073; x_wconf 90' lang='lat' dir='ltr'><strong>cium</strong></span> <span class='ocrx_word' id='word_1_160' title='bbox 2218 1016 2324 1072; x_wconf 91' lang='lat' dir='ltr'><strong>nisi</strong></span> <span class='ocrx_word' id='word_1_161' title='bbox 2371 1017 2723 1073; x_wconf 87' lang='lat' dir='ltr'><strong>concessione</strong></span> <span class='ocrx_word' id='word_1_162' title='bbox 2763 1016 3134 1090; x_wconf 88' lang='lat' dir='ltr'><strong>legitimorum</strong></span> <span class='ocrx_word' id='word_1_163' title='bbox 3202 1032 3603 1088; x_wconf 85' lang='lat' dir='ltr'><strong>possessorum.</strong></span> 
     </span>
    </p>
   </div>
   <div class='ocr_carea' id='block_1_26' title="bbox 2012 1109 3602 1183">
    <p class='ocr_par' dir='ltr' id='par_1_26' title="bbox 2012 1109 3602 1183">
     <span class='ocr_line' id='line_1_26' title="bbox 2012 1109 3602 1183; baseline 0 -17"><span class='ocrx_word' id='word_1_164' title='bbox 2012 1114 2149 1167; x_wconf 86' lang='lat' dir='ltr'><strong>Item</strong></span> <span class='ocrx_word' id='word_1_165' title='bbox 2181 1109 2270 1179; x_wconf 74' lang='lat'><strong>4“,</strong></span> <span class='ocrx_word' id='word_1_166' title='bbox 2302 1119 2364 1168; x_wconf 91' lang='lat' dir='ltr'><strong>ut</strong></span> <span class='ocrx_word' id='word_1_167' title='bbox 2411 1127 2642 1167; x_wconf 83' lang='lat' dir='ltr'><strong>vernum</strong></span> <span class='ocrx_word' id='word_1_168' title='bbox 2679 1111 2950 1183; x_wconf 90' lang='lat' dir='ltr'><strong>jejunium</strong></span> <span class='ocrx_word' id='word_1_169' title='bbox 3004 1112 3056 1166; x_wconf 91' lang='lat' dir='ltr'><strong>in</strong></span> <span class='ocrx_word' id='word_1_170' title='bbox 3086 1111 3257 1183; x_wconf 88' lang='lat' dir='ltr'><strong>prima</strong></span> <span class='ocrx_word' id='word_1_171' title='bbox 3298 1110 3602 1182; x_wconf 89' lang='lat' dir='ltr'><strong>epdomada</strong></span> 
     </span>
    </p>
   </div>
   <div class='ocr_carea' id='block_1_27' title="bbox 2011 1202 3600 1277">
    <p class='ocr_par' dir='ltr' id='par_1_27' title="bbox 2011 1202 3600 1277">
     <span class='ocr_line' id='line_1_27' title="bbox 2011 1202 3600 1277; baseline 0 -17"><span class='ocrx_word' id='word_1_172' title='bbox 2011 1205 2462 1277; x_wconf 69' lang='lat' dir='ltr'><strong>quadragesimae,</strong></span> <span class='ocrx_word' id='word_1_173' title='bbox 2484 1206 2737 1263; x_wconf 71' lang='lat' dir='ltr'><strong>testivum</strong></span> <span class='ocrx_word' id='word_1_174' title='bbox 2766 1206 2823 1260; x_wconf 91' lang='lat' dir='ltr'><strong>in</strong></span> <span class='ocrx_word' id='word_1_175' title='bbox 2843 1214 3151 1277; x_wconf 87' lang='lat' dir='ltr'><strong>pentecoste</strong></span> <span class='ocrx_word' id='word_1_176' title='bbox 3179 1202 3249 1237; x_wconf 66' lang='grc'><strong>⁴²⁸</strong></span> <span class='ocrx_word' id='word_1_177' title='bbox 3273 1220 3486 1276; x_wconf 87' lang='lat' dir='ltr'><strong>semper</strong></span> <span class='ocrx_word' id='word_1_178' title='bbox 3513 1220 3600 1260; x_wconf 89' lang='lat' dir='ltr'><strong>ce-</strong></span> 
     </span>
    </p>
   </div>
   <div class='ocr_carea' id='block_1_28' title="bbox 2012 1297 3604 1371">
    <p class='ocr_par' dir='ltr' id='par_1_28' title="bbox 2012 1297 3604 1371">
     <span class='ocr_line' id='line_1_28' title="bbox 2012 1297 3604 1371; baseline -0.001 -16"><span class='ocrx_word' id='word_1_179' title='bbox 2012 1300 2274 1355; x_wconf 82' lang='lat' dir='ltr'><strong>lebretur.</strong></span> <span class='ocrx_word' id='word_1_180' title='bbox 2307 1302 2467 1367; x_wconf 86' lang='lat' dir='ltr'><strong>Item,</strong></span> <span class='ocrx_word' id='word_1_181' title='bbox 2496 1314 2563 1354; x_wconf 91' lang='lat' dir='ltr'><strong>ne</strong></span> <span class='ocrx_word' id='word_1_182' title='bbox 2608 1298 2726 1371; x_wconf 90' lang='lat' dir='ltr'><strong>quis</strong></span> <span class='ocrx_word' id='word_1_183' title='bbox 2754 1314 2976 1354; x_wconf 89' lang='lat' dir='ltr'><strong>caseum</strong></span> <span class='ocrx_word' id='word_1_184' title='bbox 3004 1298 3084 1354; x_wconf 90' lang='lat' dir='ltr'><strong>vel</strong></span> <span class='ocrx_word' id='word_1_185' title='bbox 3118 1314 3219 1354; x_wconf 91' lang='lat' dir='ltr'><strong>ova</strong></span> <span class='ocrx_word' id='word_1_186' title='bbox 3270 1297 3521 1354; x_wconf 88' lang='lat' dir='ltr'><strong>comedat</strong></span> <span class='ocrx_word' id='word_1_187' title='bbox 3544 1299 3604 1355; x_wconf 88' lang='lat' dir='ltr'><strong>in</strong></span> 
     </span>
    </p>
   </div>
   <div class='ocr_carea' id='block_1_29' title="bbox 2011 1391 3607 1465">
    <p class='ocr_par' dir='ltr' id='par_1_29' title="bbox 2011 1391 3607 1465">
     <span class='ocr_line' id='line_1_29' title="bbox 2011 1391 3607 1465; baseline -0.001 -17"><span class='ocrx_word' id='word_1_188' title='bbox 2011 1393 2436 1465; x_wconf 88' lang='lat' dir='ltr'><strong>quadragesima.</strong></span> <span class='ocrx_word' id='word_1_189' title='bbox 2496 1396 2641 1448; x_wconf 89' lang='lat' dir='ltr'><strong>Item</strong></span> <span class='ocrx_word' id='word_1_190' title='bbox 2684 1392 2912 1449; x_wconf 90' lang='lat' dir='ltr'><strong>sinodali</strong></span> <span class='ocrx_word' id='word_1_191' title='bbox 2956 1391 3157 1465; x_wconf 90' lang='lat' dir='ltr'><strong>judicio</strong></span> <span class='ocrx_word' id='word_1_192' title='bbox 3205 1392 3529 1448; x_wconf 88' lang='lat' dir='ltr'><strong>conﬁrmata</strong></span> <span class='ocrx_word' id='word_1_193' title='bbox 3551 1399 3607 1447; x_wconf 92' lang='lat' dir='ltr'><strong>et</strong></span> 
     </span>
    </p>
   </div>
   <div class='ocr_carea' id='block_1_30' title="bbox 2012 1485 3605 1543">
    <p class='ocr_par' dir='ltr' id='par_1_30' title="bbox 2012 1485 3605 1543">
     <span class='ocr_line' id='line_1_30' title="bbox 2012 1485 3605 1543; baseline 0 -2"><span class='ocrx_word' id='word_1_194' title='bbox 2012 1486 2231 1543; x_wconf 88' lang='lat' dir='ltr'><strong>laudata</strong></span> <span class='ocrx_word' id='word_1_195' title='bbox 2260 1494 2343 1543; x_wconf 93' lang='lat' dir='ltr'><strong>est</strong></span> <span class='ocrx_word' id='word_1_196' title='bbox 2369 1486 2641 1543; x_wconf 88' lang='lat' dir='ltr'><strong>ordinatio</strong></span> <span class='ocrx_word' id='word_1_197' title='bbox 2663 1486 2849 1542; x_wconf 86' lang='lat' dir='ltr'><strong>domui</strong></span> <span class='ocrx_word' id='word_1_198' title='bbox 2878 1486 3192 1543; x_wconf 88' lang='lat' dir='ltr'><strong>Gebehardi</strong></span> <span class='ocrx_word' id='word_1_199' title='bbox 3220 1485 3605 1543; x_wconf 82' lang='lat' dir='ltr'><strong>Constantien-</strong></span> 
     </span>
    </p>
   </div>
   <div class='ocr_carea' id='block_1_31' title="bbox 2014 1578 3604 1653">
    <p class='ocr_par' dir='ltr' id='par_1_31' title="bbox 2014 1578 3604 1653">
     <span class='ocr_line' id='line_1_31' title="bbox 2014 1578 3604 1653; baseline -0.002 -17"><span class='ocrx_word' id='word_1_200' title='bbox 2014 1582 2089 1636; x_wconf 91' lang='lat' dir='ltr'><strong>sis</strong></span> <span class='ocrx_word' id='word_1_201' title='bbox 2116 1580 2374 1653; x_wconf 90' lang='lat' dir='ltr'><strong>episcopi,</strong></span> <span class='ocrx_word' id='word_1_202' title='bbox 2425 1581 2600 1636; x_wconf 92' lang='lat' dir='ltr'><strong>immo</strong></span> <span class='ocrx_word' id='word_1_203' title='bbox 2645 1580 2829 1637; x_wconf 90' lang='lat' dir='ltr'><strong>omnia</strong></span> <span class='ocrx_word' id='word_1_204' title='bbox 2850 1596 2971 1652; x_wconf 70' lang='lat' dir='ltr'><strong>qua:</strong></span> <span class='ocrx_word' id='word_1_205' title='bbox 3020 1578 3278 1652; x_wconf 63' lang='lat' dir='ltr'><strong>praefatus</strong></span> <span class='ocrx_word' id='word_1_206' title='bbox 3301 1578 3446 1635; x_wconf 88' lang='lat' dir='ltr'><strong>sedis</strong></span> <span class='ocrx_word' id='word_1_207' title='bbox 3471 1594 3604 1651; x_wconf 91' lang='lat' dir='ltr'><strong>apo-</strong></span> 
     </span>
    </p>
   </div>
   <div class='ocr_carea' id='block_1_32' title="bbox 2015 1672 3604 1746">
    <p class='ocr_par' dir='ltr' id='par_1_32' title="bbox 2015 1672 3604 1746">
     <span class='ocr_line' id='line_1_32' title="bbox 2015 1672 3604 1746; baseline -0.001 -16"><span class='ocrx_word' id='word_1_208' title='bbox 2015 1675 2222 1730; x_wconf 60' lang='lat' dir='ltr'><strong>stolica</strong></span> <span class='ocrx_word' id='word_1_209' title='bbox 2268 1675 2496 1746; x_wconf 86' lang='lat' dir='ltr'><strong>legatus,</strong></span> <span class='ocrx_word' id='word_1_210' title='bbox 2546 1690 2671 1730; x_wconf 91' lang='lat' dir='ltr'><strong>cum</strong></span> <span class='ocrx_word' id='word_1_211' title='bbox 2727 1682 2872 1730; x_wconf 90' lang='lat' dir='ltr'><strong>esset</strong></span> <span class='ocrx_word' id='word_1_212' title='bbox 2900 1674 3258 1737; x_wconf 56' lang='lat' dir='ltr'><strong>Constantia},</strong></span> <span class='ocrx_word' id='word_1_213' title='bbox 3315 1672 3604 1729; x_wconf 85' lang='lat' dir='ltr'><strong>ordinavit.</strong></span> 
     </span>
    </p>
   </div>
   <div class='ocr_carea' id='block_1_33' title="bbox 315 1759 3608 1840">
    <p class='ocr_par' dir='ltr' id='par_1_33' title="bbox 315 1759 3608 1840">
     <span class='ocr_line' id='line_1_33' title="bbox 315 1759 3608 1840; baseline -0.001 -17"><span class='ocrx_word' id='word_1_214' title='bbox 315 1766 419 1823; x_wconf 90' lang='lat' dir='ltr'><strong>illis</strong></span> <span class='ocrx_word' id='word_1_215' title='bbox 438 1774 739 1823; x_wconf 87' lang='lat' dir='ltr'><strong>retractare</strong></span> <span class='ocrx_word' id='word_1_216' title='bbox 758 1775 1174 1838; x_wconf 75' lang='lat' dir='ltr'><strong>praesumerent.</strong></span> <span class='ocrx_word' id='word_1_217' title='bbox 1209 1767 1446 1837; x_wconf 87' lang='lat' dir='ltr'><strong>Quidam</strong></span> <span class='ocrx_word' id='word_1_218' title='bbox 1492 1778 1678 1825; x_wconf 89' lang='lat' dir='ltr'><strong>autem</strong></span> <span class='ocrx_word' id='word_1_219' title='bbox 1706 1770 1905 1825; x_wconf 88' lang='lat' dir='ltr'><strong>Babin-</strong></span> <span class='ocrx_word' id='word_1_220' title='bbox 1934 1759 1982 1821; x_wconf 91' lang='lat' dir='ltr'><strong>B</strong></span> <span class='ocrx_word' id='word_1_221' title='bbox 2015 1771 2155 1824; x_wconf 90' lang='lat' dir='ltr'><strong>Item</strong></span> <span class='ocrx_word' id='word_1_222' title='bbox 2180 1768 2251 1823; x_wconf 93' lang='lat' dir='ltr'><strong>ibi</strong></span> <span class='ocrx_word' id='word_1_223' title='bbox 2277 1776 2430 1825; x_wconf 88' lang='lat' dir='ltr'><strong>mota</strong></span> <span class='ocrx_word' id='word_1_224' title='bbox 2460 1776 2544 1825; x_wconf 92' lang='lat' dir='ltr'><strong>est</strong></span> <span class='ocrx_word' id='word_1_225' title='bbox 2566 1768 2793 1840; x_wconf 61' lang='lat' dir='ltr'><strong>quaestio</strong></span> <span class='ocrx_word' id='word_1_226' title='bbox 2836 1771 3018 1836; x_wconf 86' lang='lat'><strong>(1348)</strong></span> <span class='ocrx_word' id='word_1_227' title='bbox 3042 1767 3110 1824; x_wconf 92' lang='lat' dir='ltr'><strong>de</strong></span> <span class='ocrx_word' id='word_1_228' title='bbox 3138 1766 3608 1838; x_wconf 86' lang='lat' dir='ltr'><strong>consanguinitate</strong></span> 
     </span>
    </p>
   </div>
   <div class='ocr_carea' id='block_1_34' title="bbox 314 1861 1903 1934">
    <p class='ocr_par' dir='ltr' id='par_1_34' title="bbox 314 1861 1903 1934">
     <span class='ocr_line' id='line_1_34' title="bbox 314 1861 1903 1934; baseline 0.002 -18"><span class='ocrx_word' id='word_1_229' title='bbox 314 1861 593 1933; x_wconf 87' lang='lat' dir='ltr'><strong>bergensis</strong></span> <span class='ocrx_word' id='word_1_230' title='bbox 645 1861 897 1931; x_wconf 86' lang='lat' dir='ltr'><strong>clericus,</strong></span> <span class='ocrx_word' id='word_1_231' title='bbox 947 1862 1173 1917; x_wconf 88' lang='lat' dir='ltr'><strong>nomine</strong></span> <span class='ocrx_word' id='word_1_232' title='bbox 1216 1862 1554 1934; x_wconf 89' lang='lat' dir='ltr'><strong>Gumpertus</strong></span> <span class='ocrx_word' id='word_1_233' title='bbox 1594 1862 1659 1897; x_wconf 68' lang='lat'><strong>&quot;5</strong></span> <span class='ocrx_word' id='word_1_234' title='bbox 1705 1870 1903 1933; x_wconf 89' lang='lat'><strong>(1347),</strong></span> 
     </span>
    </p>
   </div>
   <div class='ocr_carea' id='block_1_35' title="bbox 316 1955 1907 2029">
    <p class='ocr_par' dir='ltr' id='par_1_35' title="bbox 316 1955 1907 2029">
     <span class='ocr_line' id='line_1_35' title="bbox 316 1955 1907 2029; baseline 0.002 -18"><span class='ocrx_word' id='word_1_235' title='bbox 316 1955 553 2011; x_wconf 82' lang='lat' dir='ltr'><strong>Romani</strong></span> <span class='ocrx_word' id='word_1_236' title='bbox 584 1955 853 2027; x_wconf 91' lang='lat' dir='ltr'><strong>pontiﬁcis</strong></span> <span class='ocrx_word' id='word_1_237' title='bbox 879 1955 1137 2027; x_wconf 90' lang='lat' dir='ltr'><strong>primatui</strong></span> <span class='ocrx_word' id='word_1_238' title='bbox 1167 1955 1431 2029; x_wconf 87' lang='lat' dir='ltr'><strong>derogare</strong></span> <span class='ocrx_word' id='word_1_239' title='bbox 1465 1957 1667 2026; x_wconf 88' lang='lat' dir='ltr'><strong>volens,</strong></span> <span class='ocrx_word' id='word_1_240' title='bbox 1703 1957 1758 2012; x_wconf 93' lang='lat' dir='ltr'><strong>in</strong></span> <span class='ocrx_word' id='word_1_241' title='bbox 1785 1974 1907 2014; x_wconf 89' lang='lat' dir='ltr'><strong>me-</strong></span> 
     </span>
    </p>
   </div>
   <div class='ocr_carea' id='block_1_36' title="bbox 317 2047 1907 2124">
    <p class='ocr_par' dir='ltr' id='par_1_36' title="bbox 317 2047 1907 2124">
     <span class='ocr_line' id='line_1_36' title="bbox 317 2047 1907 2124; baseline 0.003 -20"><span class='ocrx_word' id='word_1_242' title='bbox 317 2047 468 2104; x_wconf 90' lang='lat' dir='ltr'><strong>diam</strong></span> <span class='ocrx_word' id='word_1_243' title='bbox 504 2049 760 2106; x_wconf 91' lang='lat' dir='ltr'><strong>sinodum</strong></span> <span class='ocrx_word' id='word_1_244' title='bbox 793 2065 851 2105; x_wconf 91' lang='lat' dir='ltr'><strong>se</strong></span> <span class='ocrx_word' id='word_1_245' title='bbox 888 2050 1142 2118; x_wconf 91' lang='lat' dir='ltr'><strong>contulit,</strong></span> <span class='ocrx_word' id='word_1_246' title='bbox 1180 2066 1429 2107; x_wconf 88' lang='lat' dir='ltr'><strong>asserens</strong></span> <span class='ocrx_word' id='word_1_247' title='bbox 1456 2053 1737 2107; x_wconf 83' lang='lat' dir='ltr'><strong>Romanos</strong></span> <span class='ocrx_word' id='word_1_248' title='bbox 1770 2068 1907 2124; x_wconf 89' lang='lat' dir='ltr'><strong>pon-</strong></span> 
     </span>
    </p>
   </div>
   <div class='ocr_carea' id='block_1_37' title="bbox 319 2141 1909 2217">
    <p class='ocr_par' dir='ltr' id='par_1_37' title="bbox 319 2141 1909 2217">
     <span class='ocr_line' id='line_1_37' title="bbox 319 2141 1909 2217; baseline 0.003 -20"><span class='ocrx_word' id='word_1_249' title='bbox 319 2141 489 2199; x_wconf 88' lang='lat' dir='ltr'><strong>tiﬁces</strong></span> <span class='ocrx_word' id='word_1_250' title='bbox 520 2143 667 2200; x_wconf 91' lang='lat' dir='ltr'><strong>hunc</strong></span> <span class='ocrx_word' id='word_1_251' title='bbox 709 2144 812 2200; x_wconf 91' lang='lat' dir='ltr'><strong>sibi</strong></span> <span class='ocrx_word' id='word_1_252' title='bbox 860 2144 1153 2217; x_wconf 90' lang='lat' dir='ltr'><strong>primatum</strong></span> <span class='ocrx_word' id='word_1_253' title='bbox 1184 2145 1518 2217; x_wconf 90' lang='lat' dir='ltr'><strong>ascripsisse,</strong></span> <span class='ocrx_word' id='word_1_254' title='bbox 1550 2161 1663 2201; x_wconf 93' lang='lat' dir='ltr'><strong>non</strong></span> <span class='ocrx_word' id='word_1_255' title='bbox 1692 2145 1909 2202; x_wconf 91' lang='lat' dir='ltr'><strong>aliunde</strong></span> 
     </span>
    </p>
   </div>
   <div class='ocr_carea' id='block_1_38' title="bbox 317 2238 1909 2305">
    <p class='ocr_par' dir='ltr' id='par_1_38' title="bbox 317 2238 1909 2305">
     <span class='ocr_line' id='line_1_38' title="bbox 317 2238 1909 2305; baseline 0.002 -13"><span class='ocrx_word' id='word_1_256' title='bbox 317 2251 637 2293; x_wconf 81' lang='lat' dir='ltr'><strong>concessum</strong></span> <span class='ocrx_word' id='word_1_257' title='bbox 660 2238 1009 2305; x_wconf 86' lang='lat' dir='ltr'><strong>hereditasse,</strong></span> <span class='ocrx_word' id='word_1_258' title='bbox 1043 2238 1293 2295; x_wconf 87' lang='lat' dir='ltr'><strong>videlicet</strong></span> <span class='ocrx_word' id='word_1_259' title='bbox 1328 2247 1389 2295; x_wconf 89' lang='lat' dir='ltr'><strong>ut</strong></span> <span class='ocrx_word' id='word_1_260' title='bbox 1413 2239 1596 2295; x_wconf 88' lang='lat' dir='ltr'><strong>nullus</strong></span> <span class='ocrx_word' id='word_1_261' title='bbox 1625 2238 1695 2296; x_wconf 90' lang='lat' dir='ltr'><strong>de</strong></span> <span class='ocrx_word' id='word_1_262' title='bbox 1716 2255 1909 2295; x_wconf 89' lang='lat' dir='ltr'><strong>eorum</strong></span> 
     </span>
    </p>
   </div>
   <div class='ocr_carea' id='block_1_39' title="bbox 310 2330 1911 2415">
    <p class='ocr_par' dir='ltr' id='par_1_39' title="bbox 310 2330 1911 2415">
     <span class='ocr_line' id='line_1_39' title="bbox 310 2330 1911 2415; baseline 0.002 -30"><span class='ocrx_word' id='word_1_263' title='bbox 310 2330 518 2402; x_wconf 91' lang='lat' dir='ltr'><strong>judicio</strong></span> <span class='ocrx_word' id='word_1_264' title='bbox 550 2331 796 2402; x_wconf 89' lang='lat' dir='ltr'><strong>judicare</strong></span> <span class='ocrx_word' id='word_1_265' title='bbox 820 2332 1039 2400; x_wconf 89' lang='lat' dir='ltr'><strong>debeat,</strong></span> <span class='ocrx_word' id='word_1_266' title='bbox 1062 2336 1169 2415; x_wconf 84' lang='lat' dir='ltr'><strong>hec</strong></span> <span class='ocrx_word' id='word_1_267' title='bbox 1200 2333 1273 2388; x_wconf 94' lang='lat' dir='ltr'><strong>illi</strong></span> <span class='ocrx_word' id='word_1_268' title='bbox 1297 2333 1522 2404; x_wconf 88' lang='lat' dir='ltr'><strong>alicujus</strong></span> <span class='ocrx_word' id='word_1_269' title='bbox 1545 2332 1759 2406; x_wconf 91' lang='lat' dir='ltr'><strong>judicio</strong></span> <span class='ocrx_word' id='word_1_270' title='bbox 1774 2332 1911 2390; x_wconf 87' lang='lat' dir='ltr'><strong>sub-</strong></span> 
     </span>
    </p>
   </div>
   <div class='ocr_carea' id='block_1_40' title="bbox 314 2422 1910 2496">
    <p class='ocr_par' dir='ltr' id='par_1_40' title="bbox 314 2422 1910 2496">
     <span class='ocr_line' id='line_1_40' title="bbox 314 2422 1910 2496; baseline 0.004 -19"><span class='ocrx_word' id='word_1_271' title='bbox 314 2422 550 2495; x_wconf 89' lang='lat' dir='ltr'><strong>jaceant.</strong></span> <span class='ocrx_word' id='word_1_272' title='bbox 580 2424 685 2493; x_wconf 88' lang='lat' dir='ltr'><strong>Qui</strong></span> <span class='ocrx_word' id='word_1_273' title='bbox 727 2441 853 2481; x_wconf 91' lang='lat' dir='ltr'><strong>cum</strong></span> <span class='ocrx_word' id='word_1_274' title='bbox 882 2434 1068 2496; x_wconf 91' lang='lat' dir='ltr'><strong>aperte</strong></span> <span class='ocrx_word' id='word_1_275' title='bbox 1088 2443 1119 2482; x_wconf 89' lang='lat' dir='ltr'><strong>a</strong></span> <span class='ocrx_word' id='word_1_276' title='bbox 1150 2434 1264 2482; x_wconf 92' lang='lat' dir='ltr'><strong>tota</strong></span> <span class='ocrx_word' id='word_1_277' title='bbox 1294 2426 1485 2483; x_wconf 90' lang='lat' dir='ltr'><strong>sinodo</strong></span> <span class='ocrx_word' id='word_1_278' title='bbox 1513 2426 1910 2493; x_wconf 84' lang='lat' dir='ltr'><strong>confutaretur,</strong></span> 
     </span>
    </p>
   </div>
   <div class='ocr_carea' id='block_1_41' title="bbox 320 2516 1914 2591">
    <p class='ocr_par' dir='ltr' id='par_1_41' title="bbox 320 2516 1914 2591">
     <span class='ocr_line' id='line_1_41' title="bbox 320 2516 1914 2591; baseline 0.003 -20"><span class='ocrx_word' id='word_1_279' title='bbox 320 2516 593 2587; x_wconf 70' lang='lat' dir='ltr'><strong>praecipue</strong></span> <span class='ocrx_word' id='word_1_280' title='bbox 630 2526 813 2574; x_wconf 90' lang='lat' dir='ltr'><strong>tamen</strong></span> <span class='ocrx_word' id='word_1_281' title='bbox 837 2534 868 2573; x_wconf 90' lang='lat' dir='ltr'><strong>a</strong></span> <span class='ocrx_word' id='word_1_282' title='bbox 903 2518 1145 2590; x_wconf 91' lang='lat' dir='ltr'><strong>quodam</strong></span> <span class='ocrx_word' id='word_1_283' title='bbox 1199 2520 1332 2576; x_wconf 90' lang='lat' dir='ltr'><strong>laico</strong></span> <span class='ocrx_word' id='word_1_284' title='bbox 1371 2520 1651 2576; x_wconf 86' lang='lat' dir='ltr'><strong>convictus</strong></span> <span class='ocrx_word' id='word_1_285' title='bbox 1705 2528 1787 2577; x_wconf 90' lang='lat' dir='ltr'><strong>est</strong></span> <span class='ocrx_word' id='word_1_286' title='bbox 1819 2535 1914 2591; x_wconf 90' lang='lat' dir='ltr'><strong>per</strong></span> 
     </span>
    </p>
   </div>
   <div class='ocr_carea' id='block_1_42' title="bbox 321 2611 1915 2683">
    <p class='ocr_par' dir='ltr' id='par_1_42' title="bbox 321 2611 1915 2683">
     <span class='ocr_line' id='line_1_42' title="bbox 321 2611 1915 2683; baseline 0.001 -17"><span class='ocrx_word' id='word_1_287' title='bbox 321 2611 725 2681; x_wconf 88' lang='lat' dir='ltr'><strong>evangelicum:</strong></span> <span class='ocrx_word' id='word_1_288' title='bbox 752 2614 869 2670; x_wconf 86' lang='lat' dir='ltr'><strong>Non</strong></span> <span class='ocrx_word' id='word_1_289' title='bbox 899 2617 974 2667; x_wconf 78' lang='lat' dir='ltr'><strong>est</strong></span> <span class='ocrx_word' id='word_1_290' title='bbox 1002 2614 1299 2683; x_wconf 74' lang='lat' dir='ltr'><strong>discipulus</strong></span> <span class='ocrx_word' id='word_1_291' title='bbox 1371 2630 1531 2683; x_wconf 83' lang='lat' dir='ltr'><strong>super</strong></span> <span class='ocrx_word' id='word_1_292' title='bbox 1589 2616 1915 2683; x_wconf 77' lang='lat' dir='ltr'><strong>magistrum</strong></span> 
     </span>
    </p>
   </div>
   <div class='ocr_carea' id='block_1_43' title="bbox 324 2706 1911 2780">
    <p class='ocr_par' dir='ltr' id='par_1_43' title="bbox 324 2706 1911 2780">
     <span class='ocr_line' id='line_1_43' title="bbox 324 2706 1911 2780; baseline 0.001 -19"><span class='ocrx_word' id='word_1_293' title='bbox 324 2706 535 2769; x_wconf 82' lang='lat' dir='ltr'><strong>(Matth.</strong></span> <span class='ocrx_word' id='word_1_294' title='bbox 565 2721 627 2770; x_wconf 84' lang='lat' dir='ltr'><strong>x,</strong></span> <span class='ocrx_word' id='word_1_295' title='bbox 674 2710 781 2772; x_wconf 92' lang='lat'><strong>21).</strong></span> <span class='ocrx_word' id='word_1_296' title='bbox 832 2707 972 2762; x_wconf 92' lang='lat' dir='ltr'><strong>Cum</strong></span> <span class='ocrx_word' id='word_1_297' title='bbox 1004 2707 1151 2761; x_wconf 89' lang='lat' dir='ltr'><strong>enim</strong></span> <span class='ocrx_word' id='word_1_298' title='bbox 1177 2707 1282 2763; x_wconf 91' lang='lat' dir='ltr'><strong>hoc</strong></span> <span class='ocrx_word' id='word_1_299' title='bbox 1306 2707 1628 2780; x_wconf 86' lang='lat' dir='ltr'><strong>generaliter</strong></span> <span class='ocrx_word' id='word_1_300' title='bbox 1652 2707 1707 2762; x_wconf 92' lang='lat' dir='ltr'><strong>in</strong></span> <span class='ocrx_word' id='word_1_301' title='bbox 1733 2706 1911 2762; x_wconf 86' lang='lat' dir='ltr'><strong>omni-</strong></span> 
     </span>
    </p>
   </div>
   <div class='ocr_carea' id='block_1_44' title="bbox 325 2798 1915 2872">
    <p class='ocr_par' dir='ltr' id='par_1_44' title="bbox 325 2798 1915 2872">
     <span class='ocr_line' id='line_1_44' title="bbox 325 2798 1915 2872; baseline 0.001 -19"><span class='ocrx_word' id='word_1_302' title='bbox 325 2798 425 2853; x_wconf 90' lang='lat' dir='ltr'><strong>bus</strong></span> <span class='ocrx_word' id='word_1_303' title='bbox 452 2798 814 2854; x_wconf 66' lang='lat' dir='ltr'><strong>aaclesiasticis</strong></span> <span class='ocrx_word' id='word_1_304' title='bbox 857 2799 1133 2856; x_wconf 90' lang='lat' dir='ltr'><strong>ordinibus</strong></span> <span class='ocrx_word' id='word_1_305' title='bbox 1163 2800 1564 2857; x_wconf 91' lang='lat' dir='ltr'><strong>observandum</strong></span> <span class='ocrx_word' id='word_1_306' title='bbox 1603 2800 1915 2872; x_wconf 85' lang='lat' dir='ltr'><strong>deputetur,</strong></span> 
     </span>
    </p>
   </div>
   <div class='ocr_carea' id='block_1_45' title="bbox 326 2891 1918 2966">
    <p class='ocr_par' dir='ltr' id='par_1_45' title="bbox 326 2891 1918 2966">
     <span class='ocr_line' id='line_1_45' title="bbox 326 2891 1918 2966; baseline 0.002 -20"><span class='ocrx_word' id='word_1_307' title='bbox 326 2907 394 2947; x_wconf 90' lang='lat' dir='ltr'><strong>ne</strong></span> <span class='ocrx_word' id='word_1_308' title='bbox 418 2891 596 2963; x_wconf 88' lang='lat' dir='ltr'><strong>major</strong></span> <span class='ocrx_word' id='word_1_309' title='bbox 626 2909 655 2947; x_wconf 92' lang='lat' dir='ltr'><strong>a</strong></span> <span class='ocrx_word' id='word_1_310' title='bbox 705 2892 917 2948; x_wconf 90' lang='lat' dir='ltr'><strong>minore</strong></span> <span class='ocrx_word' id='word_1_311' title='bbox 934 2892 1231 2964; x_wconf 89' lang='lat' dir='ltr'><strong>judicetur,</strong></span> <span class='ocrx_word' id='word_1_312' title='bbox 1273 2894 1397 2966; x_wconf 89' lang='lat' dir='ltr'><strong>quis</strong></span> <span class='ocrx_word' id='word_1_313' title='bbox 1432 2893 1537 2951; x_wconf 93' lang='lat' dir='ltr'><strong>hoc</strong></span> <span class='ocrx_word' id='word_1_314' title='bbox 1564 2893 1763 2951; x_wconf 89' lang='lat' dir='ltr'><strong>vicario</strong></span> <span class='ocrx_word' id='word_1_315' title='bbox 1792 2909 1918 2949; x_wconf 88' lang='lat' dir='ltr'><strong>san-</strong></span> 
     </span>
    </p>
   </div>
   <div class='ocr_carea' id='block_1_46' title="bbox 326 2984 1917 3060">
    <p class='ocr_par' dir='ltr' id='par_1_46' title="bbox 326 2984 1917 3060">
     <span class='ocr_line' id='line_1_46' title="bbox 326 2984 1917 3060; baseline 0.003 -20"><span class='ocrx_word' id='word_1_316' title='bbox 326 2984 399 3040; x_wconf 87' lang='lat' dir='ltr'><strong>cti</strong></span> <span class='ocrx_word' id='word_1_317' title='bbox 456 2984 603 3040; x_wconf 88' lang='lat' dir='ltr'><strong>Petri</strong></span> <span class='ocrx_word' id='word_1_318' title='bbox 655 2984 923 3057; x_wconf 88' lang='lat' dir='ltr'><strong>denegare</strong></span> <span class='ocrx_word' id='word_1_319' title='bbox 973 2987 1191 3057; x_wconf 90' lang='lat' dir='ltr'><strong>poterit,</strong></span> <span class='ocrx_word' id='word_1_320' title='bbox 1224 3003 1392 3060; x_wconf 89' lang='lat' dir='ltr'><strong>quem</strong></span> <span class='ocrx_word' id='word_1_321' title='bbox 1431 3004 1625 3044; x_wconf 91' lang='lat' dir='ltr'><strong>omnes</strong></span> <span class='ocrx_word' id='word_1_322' title='bbox 1666 2987 1917 3044; x_wconf 90' lang='lat' dir='ltr'><strong>catholici</strong></span> 
     </span>
    </p>
   </div>
   <div class='ocr_carea' id='block_1_47' title="bbox 326 3079 1921 3152">
    <p class='ocr_par' dir='ltr' id='par_1_47' title="bbox 326 3079 1921 3152">
     <span class='ocr_line' id='line_1_47' title="bbox 326 3079 1921 3152; baseline 0.001 -17"><span class='ocrx_word' id='word_1_323' title='bbox 326 3094 425 3150; x_wconf 92' lang='lat' dir='ltr'><strong>pro</strong></span> <span class='ocrx_word' id='word_1_324' title='bbox 467 3079 693 3136; x_wconf 90' lang='lat' dir='ltr'><strong>domino</strong></span> <span class='ocrx_word' id='word_1_325' title='bbox 731 3088 784 3135; x_wconf 91' lang='lat' dir='ltr'><strong>et</strong></span> <span class='ocrx_word' id='word_1_326' title='bbox 829 3080 1095 3152; x_wconf 86' lang='lat' dir='ltr'><strong>magistro</strong></span> <span class='ocrx_word' id='word_1_327' title='bbox 1136 3087 1512 3139; x_wconf 83' lang='lat' dir='ltr'><strong>venerantur?</strong></span> <span class='ocrx_word' id='word_1_328' title='bbox 1548 3085 1609 3137; x_wconf 91' lang='lat' dir='ltr'><strong>In</strong></span> <span class='ocrx_word' id='word_1_329' title='bbox 1638 3082 1826 3138; x_wconf 91' lang='lat' dir='ltr'><strong>eadem</strong></span> <span class='ocrx_word' id='word_1_330' title='bbox 1846 3081 1921 3137; x_wconf 86' lang='lat' dir='ltr'><strong>si-</strong></span> 
     </span>
    </p>
   </div>
   <div class='ocr_carea' id='block_1_48' title="bbox 327 3172 1922 3248">
    <p class='ocr_par' dir='ltr' id='par_1_48' title="bbox 327 3172 1922 3248">
     <span class='ocr_line' id='line_1_48' title="bbox 327 3172 1922 3248; baseline 0.002 -19"><span class='ocrx_word' id='word_1_331' title='bbox 327 3172 473 3229; x_wconf 89' lang='lat' dir='ltr'><strong>nodo</strong></span> <span class='ocrx_word' id='word_1_332' title='bbox 501 3172 770 3229; x_wconf 88' lang='lat' dir='ltr'><strong>ordinatio</strong></span> <span class='ocrx_word' id='word_1_333' title='bbox 802 3175 1097 3231; x_wconf 89' lang='lat' dir='ltr'><strong>Wecilonis</strong></span> <span class='ocrx_word' id='word_1_334' title='bbox 1118 3175 1424 3248; x_wconf 87' lang='lat' dir='ltr'><strong>Mogontini</strong></span> <span class='ocrx_word' id='word_1_335' title='bbox 1448 3175 1737 3244; x_wconf 85' lang='lat' dir='ltr'><strong>invasoris,</strong></span> <span class='ocrx_word' id='word_1_336' title='bbox 1759 3183 1815 3232; x_wconf 91' lang='lat' dir='ltr'><strong>et</strong></span> <span class='ocrx_word' id='word_1_337' title='bbox 1842 3175 1922 3232; x_wconf 88' lang='lat' dir='ltr'><strong>Si-</strong></span> 
     </span>
    </p>
   </div>
   <div class='ocr_carea' id='block_1_49' title="bbox 330 3266 1925 3342">
    <p class='ocr_par' dir='ltr' id='par_1_49' title="bbox 330 3266 1925 3342">
     <span class='ocr_line' id='line_1_49' title="bbox 330 3266 1925 3342; baseline 0.002 -20"><span class='ocrx_word' id='word_1_338' title='bbox 330 3266 522 3340; x_wconf 88' lang='lat' dir='ltr'><strong>gefridi</strong></span> <span class='ocrx_word' id='word_1_339' title='bbox 568 3269 950 3340; x_wconf 87' lang='lat' dir='ltr'><strong>Augustensis,</strong></span> <span class='ocrx_word' id='word_1_340' title='bbox 995 3277 1048 3325; x_wconf 89' lang='lat' dir='ltr'><strong>et</strong></span> <span class='ocrx_word' id='word_1_341' title='bbox 1076 3270 1330 3342; x_wconf 87' lang='lat' dir='ltr'><strong>Norperti</strong></span> <span class='ocrx_word' id='word_1_342' title='bbox 1393 3270 1689 3339; x_wconf 87' lang='lat' dir='ltr'><strong>Curiensis,</strong></span> <span class='ocrx_word' id='word_1_343' title='bbox 1749 3269 1925 3325; x_wconf 91' lang='lat' dir='ltr'><strong>immo</strong></span> 
     </span>
    </p>
   </div>
   <div class='ocr_carea' id='block_1_50' title="bbox 329 3360 1922 3419">
    <p class='ocr_par' dir='ltr' id='par_1_50' title="bbox 329 3360 1922 3419">
     <span class='ocr_line' id='line_1_50' title="bbox 329 3360 1922 3419; baseline 0.002 -3"><span class='ocrx_word' id='word_1_344' title='bbox 329 3377 521 3417; x_wconf 90' lang='lat' dir='ltr'><strong>omnes</strong></span> <span class='ocrx_word' id='word_1_345' title='bbox 537 3360 905 3418; x_wconf 87' lang='lat' dir='ltr'><strong>ordinationes</strong></span> <span class='ocrx_word' id='word_1_346' title='bbox 928 3371 982 3418; x_wconf 88' lang='lat' dir='ltr'><strong>et</strong></span> <span class='ocrx_word' id='word_1_347' title='bbox 1005 3365 1441 3419; x_wconf 89' lang='lat' dir='ltr'><strong>consecrationes</strong></span> <span class='ocrx_word' id='word_1_348' title='bbox 1482 3364 1922 3419; x_wconf 85' lang='lat' dir='ltr'><strong>excommunica-</strong></span> 
     </span>
    </p>
   </div>
   <div class='ocr_carea' id='block_1_51' title="bbox 332 3455 1921 3529">
    <p class='ocr_par' dir='ltr' id='par_1_51' title="bbox 332 3455 1921 3529">
     <span class='ocr_line' id='line_1_51' title="bbox 332 3455 1921 3529; baseline 0.001 -18"><span class='ocrx_word' id='word_1_349' title='bbox 332 3461 513 3511; x_wconf 90' lang='lat' dir='ltr'><strong>torum</strong></span> <span class='ocrx_word' id='word_1_350' title='bbox 556 3455 770 3526; x_wconf 90' lang='lat' dir='ltr'><strong>penitus</strong></span> <span class='ocrx_word' id='word_1_351' title='bbox 821 3456 991 3513; x_wconf 70' lang='lat' dir='ltr'><strong>irritae</strong></span> <span class='ocrx_word' id='word_1_352' title='bbox 1012 3456 1273 3527; x_wconf 71' lang='lat' dir='ltr'><strong>judicataa</strong></span> <span class='ocrx_word' id='word_1_353' title='bbox 1323 3466 1470 3525; x_wconf 90' lang='lat' dir='ltr'><strong>sunt,</strong></span> <span class='ocrx_word' id='word_1_354' title='bbox 1498 3458 1653 3529; x_wconf 85' lang='lat' dir='ltr'><strong>juxta</strong></span> <span class='ocrx_word' id='word_1_355' title='bbox 1708 3457 1921 3514; x_wconf 88' lang='lat' dir='ltr'><strong>decreta</strong></span> 
     </span>
    </p>
   </div>
   <div class='ocr_carea' id='block_1_52' title="bbox 332 3551 1920 3624">
    <p class='ocr_par' dir='ltr' id='par_1_52' title="bbox 332 3551 1920 3624">
     <span class='ocr_line' id='line_1_52' title="bbox 332 3551 1920 3624; baseline 0.001 -19"><span class='ocrx_word' id='word_1_356' title='bbox 332 3556 644 3605; x_wconf 87' lang='lat' dir='ltr'><strong>sanctorum</strong></span> <span class='ocrx_word' id='word_1_357' title='bbox 698 3558 917 3621; x_wconf 88' lang='lat' dir='ltr'><strong>patrum</strong></span> <span class='ocrx_word' id='word_1_358' title='bbox 984 3552 1287 3607; x_wconf 90' lang='lat' dir='ltr'><strong>Innocentii</strong></span> <span class='ocrx_word' id='word_1_359' title='bbox 1338 3551 1428 3619; x_wconf 58' lang='grc' dir='ltr'><strong>ηδ,</strong></span> <span class='ocrx_word' id='word_1_360' title='bbox 1483 3552 1682 3607; x_wconf 89' lang='lat' dir='ltr'><strong>Leonis</strong></span> <span class='ocrx_word' id='word_1_361' title='bbox 1738 3551 1920 3624; x_wconf 84' lang='lat' dir='ltr'><strong>primi,</strong></span> 
     </span>
    </p>
   </div>
   <div class='ocr_carea' id='block_1_53' title="bbox 333 3642 1957 3726">
    <p class='ocr_par' dir='ltr' id='par_1_53' title="bbox 333 3642 1957 3726">
     <span class='ocr_line' id='line_1_53' title="bbox 333 3642 1957 3726; baseline 0.002 -29"><span class='ocrx_word' id='word_1_362' title='bbox 333 3643 552 3715; x_wconf 87' lang='lat' dir='ltr'><strong>Pelagii,</strong></span> <span class='ocrx_word' id='word_1_363' title='bbox 584 3651 746 3716; x_wconf 90' lang='lat' dir='ltr'><strong>atque</strong></span> <span class='ocrx_word' id='word_1_364' title='bbox 766 3644 884 3717; x_wconf 90' lang='lat' dir='ltr'><strong>ejus</strong></span> <span class='ocrx_word' id='word_1_365' title='bbox 920 3645 1250 3701; x_wconf 89' lang='lat' dir='ltr'><strong>successoris</strong></span> <span class='ocrx_word' id='word_1_366' title='bbox 1291 3642 1545 3717; x_wconf 87' lang='lat' dir='ltr'><strong>Gregorii</strong></span> <span class='ocrx_word' id='word_1_367' title='bbox 1575 3646 1754 3717; x_wconf 90' lang='lat' dir='ltr'><strong>primi.</strong></span> <span class='ocrx_word' id='word_1_368' title='bbox 1782 3648 1924 3701; x_wconf 91' lang='lat' dir='ltr'><strong>Item</strong></span> <span class='ocrx_word' id='word_1_369' title='bbox 1953 3722 1957 3726; x_wconf 7' lang='grc' dir='ltr'><em>ὶ</em></span> 
     </span>
    </p>
   </div>
   <div class='ocr_carea' id='block_1_54' title="bbox 334 3738 1921 3811">
    <p class='ocr_par' dir='ltr' id='par_1_54' title="bbox 334 3738 1921 3811">
     <span class='ocr_line' id='line_1_54' title="bbox 334 3738 1921 3811; baseline 0.001 -20"><span class='ocrx_word' id='word_1_370' title='bbox 334 3744 480 3793; x_wconf 88' lang='lat' dir='ltr'><strong>secta</strong></span> <span class='ocrx_word' id='word_1_371' title='bbox 502 3738 751 3808; x_wconf 67' lang='lat' dir='ltr'><strong>praedicti</strong></span> <span class='ocrx_word' id='word_1_372' title='bbox 774 3738 1077 3794; x_wconf 88' lang='lat' dir='ltr'><strong>Wecilonis</strong></span> <span class='ocrx_word' id='word_1_373' title='bbox 1104 3739 1328 3811; x_wconf 87' lang='lat' dir='ltr'><strong>ejusque</strong></span> <span class='ocrx_word' id='word_1_374' title='bbox 1359 3741 1632 3796; x_wconf 91' lang='lat' dir='ltr'><strong>sociorum</strong></span> <span class='ocrx_word' id='word_1_375' title='bbox 1658 3739 1759 3795; x_wconf 94' lang='lat' dir='ltr'><strong>sub</strong></span> <span class='ocrx_word' id='word_1_376' title='bbox 1794 3754 1921 3794; x_wconf 84' lang='lat' dir='ltr'><strong>ana-</strong></span> 
     </span>
    </p>
   </div>
   <div class='ocr_carea' id='block_1_55' title="bbox 332 3828 1926 3903">
    <p class='ocr_par' dir='ltr' id='par_1_55' title="bbox 332 3828 1926 3903">
     <span class='ocr_line' id='line_1_55' title="bbox 332 3828 1926 3903; baseline 0 -18"><span class='ocrx_word' id='word_1_377' title='bbox 332 3828 577 3887; x_wconf 87' lang='lat' dir='ltr'><strong>themate</strong></span> <span class='ocrx_word' id='word_1_378' title='bbox 602 3830 861 3887; x_wconf 88' lang='lat' dir='ltr'><strong>damnata</strong></span> <span class='ocrx_word' id='word_1_379' title='bbox 906 3842 1010 3898; x_wconf 89' lang='lat' dir='ltr'><strong>est,</strong></span> <span class='ocrx_word' id='word_1_380' title='bbox 1064 3848 1186 3903; x_wconf 74' lang='lat' dir='ltr'><strong>qua:</strong></span> <span class='ocrx_word' id='word_1_381' title='bbox 1227 3833 1424 3889; x_wconf 87' lang='lat' dir='ltr'><strong>asserit</strong></span> <span class='ocrx_word' id='word_1_382' title='bbox 1450 3835 1718 3889; x_wconf 90' lang='lat' dir='ltr'><strong>seculares</strong></span> <span class='ocrx_word' id='word_1_383' title='bbox 1763 3832 1926 3887; x_wconf 89' lang='lat' dir='ltr'><strong>rebus</strong></span> 
     </span>
    </p>
   </div>
   <div class='ocr_carea' id='block_1_56' title="bbox 333 3923 1924 4002">
    <p class='ocr_par' dir='ltr' id='par_1_56' title="bbox 333 3923 1924 4002">
     <span class='ocr_line' id='line_1_56' title="bbox 333 3923 1924 4002; baseline 0 -22"><span class='ocrx_word' id='word_1_384' title='bbox 333 3923 451 3980; x_wconf 89' lang='lat' dir='ltr'><strong>suis</strong></span> <span class='ocrx_word' id='word_1_385' title='bbox 497 3925 792 4002; x_wconf 83' lang='lat' dir='ltr'><strong>expoliatos</strong></span> <span class='ocrx_word' id='word_1_386' title='bbox 825 3926 1168 3982; x_wconf 71' lang='lat' dir='ltr'><strong>ecclesiastico</strong></span> <span class='ocrx_word' id='word_1_387' title='bbox 1220 3944 1331 3982; x_wconf 93' lang='lat' dir='ltr'><strong>non</strong></span> <span class='ocrx_word' id='word_1_388' title='bbox 1374 3927 1651 3998; x_wconf 87' lang='lat' dir='ltr'><strong>subjacere</strong></span> <span class='ocrx_word' id='word_1_389' title='bbox 1697 3924 1924 3998; x_wconf 91' lang='lat' dir='ltr'><strong>judicio,</strong></span> 
     </span>
    </p>
   </div>
   <div class='ocr_carea' id='block_1_57' title="bbox 334 4020 1925 4091">
    <p class='ocr_par' dir='ltr' id='par_1_57' title="bbox 334 4020 1925 4091">
     <span class='ocr_line' id='line_1_57' title="bbox 334 4020 1925 4091; baseline -0.001 -16"><span class='ocrx_word' id='word_1_390' title='bbox 334 4034 438 4075; x_wconf 90' lang='lat' dir='ltr'><strong>nec</strong></span> <span class='ocrx_word' id='word_1_391' title='bbox 465 4020 927 4075; x_wconf 82' lang='lat' dir='ltr'><strong>excommunicari</strong></span> <span class='ocrx_word' id='word_1_392' title='bbox 946 4035 1104 4090; x_wconf 90' lang='lat' dir='ltr'><strong>posse</strong></span> <span class='ocrx_word' id='word_1_393' title='bbox 1136 4037 1232 4091; x_wconf 89' lang='lat' dir='ltr'><strong>pro</strong></span> <span class='ocrx_word' id='word_1_394' title='bbox 1263 4021 1373 4077; x_wconf 91' lang='lat' dir='ltr'><strong>suis</strong></span> <span class='ocrx_word' id='word_1_395' title='bbox 1412 4021 1752 4085; x_wconf 83' lang='lat' dir='ltr'><strong>excessibus;</strong></span> <span class='ocrx_word' id='word_1_396' title='bbox 1778 4034 1925 4091; x_wconf 70' lang='lat' dir='ltr'><strong>qua:-</strong></span> 
     </span>
    </p>
   </div>
   <div class='ocr_carea' id='block_1_58' title="bbox 336 4111 1925 4186">
    <p class='ocr_par' dir='ltr' id='par_1_58' title="bbox 336 4111 1925 4186">
     <span class='ocr_line' id='line_1_58' title="bbox 336 4111 1925 4186; baseline -0.001 -19"><span class='ocrx_word' id='word_1_397' title='bbox 336 4128 442 4184; x_wconf 89' lang='lat' dir='ltr'><strong>que</strong></span> <span class='ocrx_word' id='word_1_398' title='bbox 483 4114 989 4169; x_wconf 88' lang='lat' dir='ltr'><strong>excommunicatos</strong></span> <span class='ocrx_word' id='word_1_399' title='bbox 1028 4115 1236 4186; x_wconf 89' lang='lat' dir='ltr'><strong>absque</strong></span> <span class='ocrx_word' id='word_1_400' title='bbox 1281 4113 1711 4170; x_wconf 89' lang='lat' dir='ltr'><strong>reconciliatione</strong></span> <span class='ocrx_word' id='word_1_401' title='bbox 1758 4111 1925 4182; x_wconf 88' lang='lat' dir='ltr'><strong>recipi</strong></span> 
     </span>
    </p>
   </div>
   <div class='ocr_carea' id='block_1_59' title="bbox 340 4205 1926 4278">
    <p class='ocr_par' dir='ltr' id='par_1_59' title="bbox 340 4205 1926 4278">
     <span class='ocr_line' id='line_1_59' title="bbox 340 4205 1926 4278; baseline -0.001 -17"><span class='ocrx_word' id='word_1_402' title='bbox 340 4221 499 4277; x_wconf 89' lang='lat' dir='ltr'><strong>posse</strong></span> <span class='ocrx_word' id='word_1_403' title='bbox 537 4206 835 4263; x_wconf 87' lang='lat' dir='ltr'><strong>contendit.</strong></span> <span class='ocrx_word' id='word_1_404' title='bbox 864 4208 1145 4263; x_wconf 91' lang='lat' dir='ltr'><strong>Statutum</strong></span> <span class='ocrx_word' id='word_1_405' title='bbox 1176 4216 1261 4263; x_wconf 93' lang='lat' dir='ltr'><strong>est</strong></span> <span class='ocrx_word' id='word_1_406' title='bbox 1290 4217 1479 4264; x_wconf 89' lang='lat' dir='ltr'><strong>autem</strong></span> <span class='ocrx_word' id='word_1_407' title='bbox 1498 4208 1571 4263; x_wconf 92' lang='lat' dir='ltr'><strong>ibi</strong></span> <span class='ocrx_word' id='word_1_408' title='bbox 1593 4215 1656 4263; x_wconf 93' lang='lat' dir='ltr'><strong>ut</strong></span> <span class='ocrx_word' id='word_1_409' title='bbox 1674 4205 1926 4278; x_wconf 88' lang='lat' dir='ltr'><strong>quicum-</strong></span> 
     </span>
    </p>
   </div>
   <div class='ocr_carea' id='block_1_60' title="bbox 338 4299 1928 4373">
    <p class='ocr_par' dir='ltr' id='par_1_60' title="bbox 338 4299 1928 4373">
     <span class='ocr_line' id='line_1_60' title="bbox 338 4299 1928 4373; baseline 0.001 -18"><span class='ocrx_word' id='word_1_410' title='bbox 338 4316 447 4372; x_wconf 91' lang='lat' dir='ltr'><strong>que</strong></span> <span class='ocrx_word' id='word_1_411' title='bbox 474 4300 543 4355; x_wconf 88' lang='lat' dir='ltr'><strong>ab</strong></span> <span class='ocrx_word' id='word_1_412' title='bbox 566 4301 822 4373; x_wconf 90' lang='lat' dir='ltr'><strong>episcopo</strong></span> <span class='ocrx_word' id='word_1_413' title='bbox 852 4318 973 4370; x_wconf 89' lang='lat' dir='ltr'><strong>suo,</strong></span> <span class='ocrx_word' id='word_1_414' title='bbox 1025 4319 1124 4359; x_wconf 90' lang='lat' dir='ltr'><strong>nec</strong></span> <span class='ocrx_word' id='word_1_415' title='bbox 1168 4301 1353 4359; x_wconf 82' lang='lat' dir='ltr'><strong>ofﬁcio</strong></span> <span class='ocrx_word' id='word_1_416' title='bbox 1383 4319 1488 4359; x_wconf 90' lang='lat' dir='ltr'><strong>nec</strong></span> <span class='ocrx_word' id='word_1_417' title='bbox 1541 4299 1928 4358; x_wconf 92' lang='lat' dir='ltr'><strong>communione</strong></span> 
     </span>
    </p>
   </div>
   <div class='ocr_carea' id='block_1_61' title="bbox 336 4393 1927 4468">
    <p class='ocr_par' dir='ltr' id='par_1_61' title="bbox 336 4393 1927 4468">
     <span class='ocr_line' id='line_1_61' title="bbox 336 4393 1927 4468; baseline 0 -20"><span class='ocrx_word' id='word_1_418' title='bbox 336 4393 567 4465; x_wconf 90' lang='lat' dir='ltr'><strong>privato,</strong></span> <span class='ocrx_word' id='word_1_419' title='bbox 582 4396 1089 4453; x_wconf 88' lang='lat' dir='ltr'><strong>excommunicatus</strong></span> <span class='ocrx_word' id='word_1_420' title='bbox 1114 4405 1256 4453; x_wconf 88' lang='lat' dir='ltr'><strong>esset</strong></span> <span class='ocrx_word' id='word_1_421' title='bbox 1273 4396 1376 4453; x_wconf 92' lang='lat' dir='ltr'><strong>etsi</strong></span> <span class='ocrx_word' id='word_1_422' title='bbox 1400 4396 1598 4468; x_wconf 89' lang='lat' dir='ltr'><strong>injuste</strong></span> <span class='ocrx_word' id='word_1_423' title='bbox 1614 4396 1927 4451; x_wconf 89' lang='lat' dir='ltr'><strong>nullatenus</strong></span> 
     </span>
    </p>
   </div>
   <div class='ocr_carea' id='block_1_62' title="bbox 2013 1859 3607 1935">
    <p class='ocr_par' dir='ltr' id='par_1_62' title="bbox 2013 1859 3607 1935">
     <span class='ocr_line' id='line_1_62' title="bbox 2013 1859 3607 1935; baseline -0.001 -18"><span class='ocrx_word' id='word_1_424' title='bbox 2013 1862 2182 1934; x_wconf 89' lang='lat' dir='ltr'><strong>ipsius</strong></span> <span class='ocrx_word' id='word_1_425' title='bbox 2198 1863 2342 1935; x_wconf 86' lang='lat' dir='ltr'><strong>regis</strong></span> <span class='ocrx_word' id='word_1_426' title='bbox 2370 1870 2426 1919; x_wconf 90' lang='lat' dir='ltr'><strong>et</strong></span> <span class='ocrx_word' id='word_1_427' title='bbox 2452 1862 2638 1919; x_wconf 84' lang='lat' dir='ltr'><strong>uxoris</strong></span> <span class='ocrx_word' id='word_1_428' title='bbox 2662 1877 2795 1929; x_wconf 69' lang='lat' dir='ltr'><strong>suae,</strong></span> <span class='ocrx_word' id='word_1_429' title='bbox 2825 1861 2970 1917; x_wconf 89' lang='lat' dir='ltr'><strong>unde</strong></span> <span class='ocrx_word' id='word_1_430' title='bbox 2997 1878 3090 1918; x_wconf 89' lang='lat' dir='ltr'><strong>rex</strong></span> <span class='ocrx_word' id='word_1_431' title='bbox 3113 1861 3167 1916; x_wconf 91' lang='lat' dir='ltr'><strong>in</strong></span> <span class='ocrx_word' id='word_1_432' title='bbox 3196 1861 3369 1918; x_wconf 90' lang='lat' dir='ltr'><strong>media</strong></span> <span class='ocrx_word' id='word_1_433' title='bbox 3397 1859 3607 1934; x_wconf 88' lang='lat' dir='ltr'><strong>synodo</strong></span> 
     </span>
    </p>
   </div>
   <div class='ocr_carea' id='block_1_63' title="bbox 2015 1952 3610 2029">
    <p class='ocr_par' dir='ltr' id='par_1_63' title="bbox 2015 1952 3610 2029">
     <span class='ocr_line' id='line_1_63' title="bbox 2015 1952 3610 2029; baseline -0.004 -16"><span class='ocrx_word' id='word_1_434' title='bbox 2015 1955 2081 1991; x_wconf 70' lang='lat'><strong>&quot;9</strong></span> <span class='ocrx_word' id='word_1_435' title='bbox 2105 1957 2359 2025; x_wconf 85' lang='lat' dir='ltr'><strong>surrexit,</strong></span> <span class='ocrx_word' id='word_1_436' title='bbox 2391 1972 2556 2029; x_wconf 91' lang='lat' dir='ltr'><strong>seque</strong></span> <span class='ocrx_word' id='word_1_437' title='bbox 2580 1956 2647 2012; x_wconf 93' lang='lat' dir='ltr'><strong>de</strong></span> <span class='ocrx_word' id='word_1_438' title='bbox 2678 1955 2779 2011; x_wconf 91' lang='lat' dir='ltr'><strong>hac</strong></span> <span class='ocrx_word' id='word_1_439' title='bbox 2810 1971 2869 2011; x_wconf 89' lang='lat' dir='ltr'><strong>re</strong></span> <span class='ocrx_word' id='word_1_440' title='bbox 2892 1955 3161 2028; x_wconf 91' lang='lat' dir='ltr'><strong>judicium</strong></span> <span class='ocrx_word' id='word_1_441' title='bbox 3210 1964 3412 2011; x_wconf 70' lang='lat' dir='ltr'><strong>sancta:</strong></span> <span class='ocrx_word' id='word_1_442' title='bbox 3436 1952 3610 2010; x_wconf 88' lang='lat' dir='ltr'><strong>sinodi</strong></span> 
     </span>
    </p>
   </div>
   <div class='ocr_carea' id='block_1_64' title="bbox 2017 2048 3613 2124">
    <p class='ocr_par' dir='ltr' id='par_1_64' title="bbox 2017 2048 3613 2124">
     <span class='ocr_line' id='line_1_64' title="bbox 2017 2048 3613 2124; baseline -0.003 -18"><span class='ocrx_word' id='word_1_443' title='bbox 2017 2050 2086 2094; x_wconf 70' lang='lat'><strong>4”</strong></span> <span class='ocrx_word' id='word_1_444' title='bbox 2124 2066 2222 2124; x_wconf 90' lang='lat' dir='ltr'><strong>per</strong></span> <span class='ocrx_word' id='word_1_445' title='bbox 2256 2051 2442 2107; x_wconf 88' lang='lat' dir='ltr'><strong>omnia</strong></span> <span class='ocrx_word' id='word_1_446' title='bbox 2488 2051 2905 2107; x_wconf 84' lang='lat' dir='ltr'><strong>observaturum</strong></span> <span class='ocrx_word' id='word_1_447' title='bbox 2951 2048 3229 2123; x_wconf 80' lang='lat' dir='ltr'><strong>professus</strong></span> <span class='ocrx_word' id='word_1_448' title='bbox 3267 2057 3366 2105; x_wconf 90' lang='lat' dir='ltr'><strong>est.</strong></span> <span class='ocrx_word' id='word_1_449' title='bbox 3415 2050 3613 2105; x_wconf 88' lang='lat' dir='ltr'><strong>Sancta</strong></span> 
     </span>
    </p>
   </div>
   <div class='ocr_carea' id='block_1_65' title="bbox 2018 2142 3614 2217">
    <p class='ocr_par' dir='ltr' id='par_1_65' title="bbox 2018 2142 3614 2217">
     <span class='ocr_line' id='line_1_65' title="bbox 2018 2142 3614 2217; baseline -0.004 -15"><span class='ocrx_word' id='word_1_450' title='bbox 2018 2153 2205 2202; x_wconf 91' lang='lat' dir='ltr'><strong>autem</strong></span> <span class='ocrx_word' id='word_1_451' title='bbox 2248 2144 2475 2201; x_wconf 92' lang='lat' dir='ltr'><strong>sinodus</strong></span> <span class='ocrx_word' id='word_1_452' title='bbox 2529 2144 2671 2201; x_wconf 91' lang='lat' dir='ltr'><strong>hanc</strong></span> <span class='ocrx_word' id='word_1_453' title='bbox 2712 2160 2935 2201; x_wconf 90' lang='lat' dir='ltr'><strong>causam</strong></span> <span class='ocrx_word' id='word_1_454' title='bbox 2966 2143 3020 2200; x_wconf 92' lang='lat' dir='ltr'><strong>in</strong></span> <span class='ocrx_word' id='word_1_455' title='bbox 3074 2144 3328 2217; x_wconf 78' lang='lat' dir='ltr'><strong>praesenti</strong></span> <span class='ocrx_word' id='word_1_456' title='bbox 3360 2142 3614 2198; x_wconf 84' lang='lat' dir='ltr'><strong>canonice</strong></span> 
     </span>
    </p>
   </div>
   <div class='ocr_carea' id='block_1_66' title="bbox 2019 2236 3614 2311">
    <p class='ocr_par' dir='ltr' id='par_1_66' title="bbox 2019 2236 3614 2311">
     <span class='ocr_line' id='line_1_66' title="bbox 2019 2236 3614 2311; baseline -0.003 -16"><span class='ocrx_word' id='word_1_457' title='bbox 2019 2238 2311 2297; x_wconf 86' lang='lat' dir='ltr'><strong>examinari</strong></span> <span class='ocrx_word' id='word_1_458' title='bbox 2354 2255 2465 2294; x_wconf 92' lang='lat' dir='ltr'><strong>non</strong></span> <span class='ocrx_word' id='word_1_459' title='bbox 2492 2254 2650 2310; x_wconf 89' lang='lat' dir='ltr'><strong>posse</strong></span> <span class='ocrx_word' id='word_1_460' title='bbox 2688 2237 2945 2311; x_wconf 87' lang='lat' dir='ltr'><strong>judicavit</strong></span> <span class='ocrx_word' id='word_1_461' title='bbox 2972 2236 3059 2301; x_wconf 71' lang='lat'><strong>‘30,</strong></span> <span class='ocrx_word' id='word_1_462' title='bbox 3106 2253 3172 2293; x_wconf 92' lang='lat' dir='ltr'><strong>eo</strong></span> <span class='ocrx_word' id='word_1_463' title='bbox 3203 2236 3349 2309; x_wconf 91' lang='lat' dir='ltr'><strong>quod</strong></span> <span class='ocrx_word' id='word_1_464' title='bbox 3388 2236 3614 2308; x_wconf 86' lang='lat' dir='ltr'><strong>legitimi</strong></span> 
     </span>
    </p>
   </div>
   <div class='ocr_carea' id='block_1_67' title="bbox 2019 2329 3615 2391">
    <p class='ocr_par' dir='ltr' id='par_1_67' title="bbox 2019 2329 3615 2391">
     <span class='ocr_line' id='line_1_67' title="bbox 2019 2329 3615 2391; baseline -0.004 0"><span class='ocrx_word' id='word_1_465' title='bbox 2019 2342 2361 2391; x_wconf 91' lang='lat' dir='ltr'><strong>accusatores</strong></span> <span class='ocrx_word' id='word_1_466' title='bbox 2387 2348 2501 2389; x_wconf 89' lang='lat' dir='ltr'><strong>non</strong></span> <span class='ocrx_word' id='word_1_467' title='bbox 2538 2331 2809 2388; x_wconf 88' lang='lat' dir='ltr'><strong>adessent.</strong></span> <span class='ocrx_word' id='word_1_468' title='bbox 2841 2335 2904 2387; x_wconf 92' lang='lat' dir='ltr'><strong>In</strong></span> <span class='ocrx_word' id='word_1_469' title='bbox 2934 2331 3041 2386; x_wconf 90' lang='lat' dir='ltr'><strong>ﬁne</strong></span> <span class='ocrx_word' id='word_1_470' title='bbox 3074 2339 3255 2386; x_wconf 91' lang='lat' dir='ltr'><strong>autem</strong></span> <span class='ocrx_word' id='word_1_471' title='bbox 3281 2329 3457 2386; x_wconf 91' lang='lat' dir='ltr'><strong>sinodi</strong></span> <span class='ocrx_word' id='word_1_472' title='bbox 3495 2346 3615 2385; x_wconf 86' lang='lat' dir='ltr'><strong>sen-</strong></span> 
     </span>
    </p>
   </div>
   <div class='ocr_carea' id='block_1_68' title="bbox 2019 2422 3615 2495">
    <p class='ocr_par' dir='ltr' id='par_1_68' title="bbox 2019 2422 3615 2495">
     <span class='ocr_line' id='line_1_68' title="bbox 2019 2422 3615 2495; baseline -0.004 -11"><span class='ocrx_word' id='word_1_473' title='bbox 2019 2429 2187 2484; x_wconf 89' lang='lat' dir='ltr'><strong>tentia</strong></span> <span class='ocrx_word' id='word_1_474' title='bbox 2216 2426 2578 2483; x_wconf 90' lang='lat' dir='ltr'><strong>anathematis</strong></span> <span class='ocrx_word' id='word_1_475' title='bbox 2602 2442 2731 2481; x_wconf 91' lang='lat' dir='ltr'><strong>cum</strong></span> <span class='ocrx_word' id='word_1_476' title='bbox 2759 2424 3077 2481; x_wconf 89' lang='lat' dir='ltr'><strong>ardentibus</strong></span> <span class='ocrx_word' id='word_1_477' title='bbox 3102 2423 3341 2480; x_wconf 88' lang='lat' dir='ltr'><strong>candelis</strong></span> <span class='ocrx_word' id='word_1_478' title='bbox 3371 2422 3615 2495; x_wconf 79' lang='lat' dir='ltr'><strong>promul-</strong></span> 
     </span>
    </p>
   </div>
   <div class='ocr_carea' id='block_1_69' title="bbox 2022 2517 3619 2596">
    <p class='ocr_par' dir='ltr' id='par_1_69' title="bbox 2022 2517 3619 2596">
     <span class='ocr_line' id='line_1_69' title="bbox 2022 2517 3619 2596; baseline -0.003 -17"><span class='ocrx_word' id='word_1_479' title='bbox 2022 2532 2146 2596; x_wconf 88' lang='lat' dir='ltr'><strong>gata</strong></span> <span class='ocrx_word' id='word_1_480' title='bbox 2173 2532 2258 2577; x_wconf 88' lang='lat' dir='ltr'><strong>est</strong></span> <span class='ocrx_word' id='word_1_481' title='bbox 2282 2522 2335 2576; x_wconf 93' lang='lat' dir='ltr'><strong>in</strong></span> <span class='ocrx_word' id='word_1_482' title='bbox 2365 2522 2658 2577; x_wconf 90' lang='lat' dir='ltr'><strong>Gibertum</strong></span> <span class='ocrx_word' id='word_1_483' title='bbox 2696 2519 3106 2587; x_wconf 90' lang='lat' dir='ltr'><strong>heresiarchen,</strong></span> <span class='ocrx_word' id='word_1_484' title='bbox 3134 2518 3277 2575; x_wconf 90' lang='lat' dir='ltr'><strong>sedis</strong></span> <span class='ocrx_word' id='word_1_485' title='bbox 3305 2517 3619 2590; x_wconf 63' lang='lat' dir='ltr'><strong>apostolicae</strong></span> 
     </span>
    </p>
   </div>
   <div class='ocr_carea' id='block_1_70' title="bbox 2024 2613 3622 2688">
    <p class='ocr_par' dir='ltr' id='par_1_70' title="bbox 2024 2613 3622 2688">
     <span class='ocr_line' id='line_1_70' title="bbox 2024 2613 3622 2688; baseline -0.002 -17"><span class='ocrx_word' id='word_1_486' title='bbox 2024 2630 2391 2688; x_wconf 86' lang='lat' dir='ltr'><strong>pervasorem,</strong></span> <span class='ocrx_word' id='word_1_487' title='bbox 2423 2622 2477 2668; x_wconf 89' lang='lat' dir='ltr'><strong>et</strong></span> <span class='ocrx_word' id='word_1_488' title='bbox 2515 2615 2571 2668; x_wconf 92' lang='lat' dir='ltr'><strong>in</strong></span> <span class='ocrx_word' id='word_1_489' title='bbox 2611 2620 2893 2684; x_wconf 90' lang='lat' dir='ltr'><strong>apostatas</strong></span> <span class='ocrx_word' id='word_1_490' title='bbox 2939 2614 3122 2669; x_wconf 89' lang='lat' dir='ltr'><strong>sancti</strong></span> <span class='ocrx_word' id='word_1_491' title='bbox 3150 2613 3318 2681; x_wconf 87' lang='lat' dir='ltr'><strong>Petri,</strong></span> <span class='ocrx_word' id='word_1_492' title='bbox 3365 2614 3622 2684; x_wconf 84' lang='lat' dir='ltr'><strong>Ugonem</strong></span> 
     </span>
    </p>
   </div>
   <div class='ocr_carea' id='block_1_71' title="bbox 2026 2706 3621 2777">
    <p class='ocr_par' dir='ltr' id='par_1_71' title="bbox 2026 2706 3621 2777">
     <span class='ocr_line' id='line_1_71' title="bbox 2026 2706 3621 2777; baseline -0.003 -13"><span class='ocrx_word' id='word_1_493' title='bbox 2026 2708 2249 2776; x_wconf 85' lang='lat' dir='ltr'><strong>Album,</strong></span> <span class='ocrx_word' id='word_1_494' title='bbox 2290 2707 2602 2763; x_wconf 81' lang='lat' dir='ltr'><strong>Iohannem</strong></span> <span class='ocrx_word' id='word_1_495' title='bbox 2658 2708 3019 2762; x_wconf 89' lang='lat' dir='ltr'><strong>Portuensem</strong></span> <span class='ocrx_word' id='word_1_496' title='bbox 3070 2707 3451 2777; x_wconf 85' lang='lat' dir='ltr'><strong>exepiscopum</strong></span> <span class='ocrx_word' id='word_1_497' title='bbox 3523 2706 3621 2774; x_wconf 66' lang='grc'><strong>4³⁸,</strong></span> 
     </span>
    </p>
   </div>
   <div class='ocr_carea' id='block_1_72' title="bbox 2026 2798 3622 2859">
    <p class='ocr_par' dir='ltr' id='par_1_72' title="bbox 2026 2798 3622 2859">
     <span class='ocr_line' id='line_1_72' title="bbox 2026 2798 3622 2859; baseline -0.001 -2"><span class='ocrx_word' id='word_1_498' title='bbox 2026 2804 2250 2859; x_wconf 90' lang='lat' dir='ltr'><strong>Petrum</strong></span> <span class='ocrx_word' id='word_1_499' title='bbox 2272 2798 2747 2857; x_wconf 85' lang='lat' dir='ltr'><strong>excancellarium.</strong></span> <span class='ocrx_word' id='word_1_500' title='bbox 2781 2802 2919 2855; x_wconf 92' lang='lat' dir='ltr'><strong>Item</strong></span> <span class='ocrx_word' id='word_1_501' title='bbox 2944 2800 3002 2854; x_wconf 90' lang='lat' dir='ltr'><strong>in</strong></span> <span class='ocrx_word' id='word_1_502' title='bbox 3034 2801 3367 2856; x_wconf 88' lang='lat' dir='ltr'><strong>Leomarum</strong></span> <span class='ocrx_word' id='word_1_503' title='bbox 3387 2798 3458 2837; x_wconf 71' lang='lat'><strong>‘3&#39;</strong></span> <span class='ocrx_word' id='word_1_504' title='bbox 3492 2801 3622 2856; x_wconf 86' lang='lat' dir='ltr'><strong>Bre-</strong></span> 
     </span>
    </p>
   </div>
   <div class='ocr_carea' id='block_1_73' title="bbox 2027 2893 3624 2966">
    <p class='ocr_par' dir='ltr' id='par_1_73' title="bbox 2027 2893 3624 2966">
     <span class='ocr_line' id='line_1_73' title="bbox 2027 2893 3624 2966; baseline -0.003 -14"><span class='ocrx_word' id='word_1_505' title='bbox 2027 2911 2296 2966; x_wconf 91' lang='lat' dir='ltr'><strong>mensem,</strong></span> <span class='ocrx_word' id='word_1_506' title='bbox 2376 2895 2627 2950; x_wconf 90' lang='lat' dir='ltr'><strong>Utonem</strong></span> <span class='ocrx_word' id='word_1_507' title='bbox 2696 2893 3304 2961; x_wconf 88' lang='lat' dir='ltr'><strong>Hildinesheimensem,</strong></span> <span class='ocrx_word' id='word_1_508' title='bbox 3362 2895 3624 2949; x_wconf 90' lang='lat' dir='ltr'><strong>Ottonem</strong></span> 
     </span>
    </p>
   </div>
   <div class='ocr_carea' id='block_1_74' title="bbox 2028 2985 3628 3057">
    <p class='ocr_par' dir='ltr' id='par_1_74' title="bbox 2028 2985 3628 3057">
     <span class='ocr_line' id='line_1_74' title="bbox 2028 2985 3628 3057; baseline -0.004 -9"><span class='ocrx_word' id='word_1_509' title='bbox 2028 2989 2528 3057; x_wconf 76' lang='lat' dir='ltr'><strong>Constantiensem,</strong></span> <span class='ocrx_word' id='word_1_510' title='bbox 2578 2985 2958 3044; x_wconf 88' lang='lat' dir='ltr'><strong>Burchardum</strong></span> <span class='ocrx_word' id='word_1_511' title='bbox 2998 2986 3351 3054; x_wconf 90' lang='lat' dir='ltr'><strong>Basilensem,</strong></span> <span class='ocrx_word' id='word_1_512' title='bbox 3408 2989 3628 3043; x_wconf 85' lang='lat' dir='ltr'><strong>Bouze—</strong></span> 
     </span>
    </p>
   </div>
   <div class='ocr_carea' id='block_1_75' title="bbox 2030 3079 3629 3154">
    <p class='ocr_par' dir='ltr' id='par_1_75' title="bbox 2030 3079 3629 3154">
     <span class='ocr_line' id='line_1_75' title="bbox 2030 3079 3629 3154; baseline -0.003 -14"><span class='ocrx_word' id='word_1_513' title='bbox 2030 3099 2297 3140; x_wconf 90' lang='lat' dir='ltr'><strong>mannum</strong></span> <span class='ocrx_word' id='word_1_514' title='bbox 2339 3084 2657 3154; x_wconf 89' lang='lat' dir='ltr'><strong>Spirensem</strong></span> <span class='ocrx_word' id='word_1_515' title='bbox 2697 3079 3162 3153; x_wconf 62' lang='lat' dir='ltr'><strong>exepiscoposm.</strong></span> <span class='ocrx_word' id='word_1_516' title='bbox 3194 3082 3335 3135; x_wconf 91' lang='lat' dir='ltr'><strong>Item</strong></span> <span class='ocrx_word' id='word_1_517' title='bbox 3366 3080 3423 3136; x_wconf 91' lang='lat' dir='ltr'><strong>in</strong></span> <span class='ocrx_word' id='word_1_518' title='bbox 3452 3080 3629 3136; x_wconf 90' lang='lat' dir='ltr'><strong>Weci-</strong></span> 
     </span>
    </p>
   </div>
   <div class='ocr_carea' id='block_1_76' title="bbox 2031 3173 3629 3250">
    <p class='ocr_par' dir='ltr' id='par_1_76' title="bbox 2031 3173 3629 3250">
     <span class='ocr_line' id='line_1_76' title="bbox 2031 3173 3629 3250; baseline -0.004 -15"><span class='ocrx_word' id='word_1_519' title='bbox 2031 3180 2214 3235; x_wconf 90' lang='lat' dir='ltr'><strong>lonem</strong></span> <span class='ocrx_word' id='word_1_520' title='bbox 2242 3177 2627 3250; x_wconf 88' lang='lat' dir='ltr'><strong>Mogontinum</strong></span> <span class='ocrx_word' id='word_1_521' title='bbox 2668 3190 3033 3248; x_wconf 89' lang='lat' dir='ltr'><strong>pervasorem,</strong></span> <span class='ocrx_word' id='word_1_522' title='bbox 3076 3173 3396 3247; x_wconf 82' lang='lat' dir='ltr'><strong>Sigilredum</strong></span> <span class='ocrx_word' id='word_1_523' title='bbox 3416 3176 3629 3247; x_wconf 81' lang='lat' dir='ltr'><strong>Augus-</strong></span> 
     </span>
    </p>
   </div>
   <div class='ocr_carea' id='block_1_77' title="bbox 2032 3268 3629 3341">
    <p class='ocr_par' dir='ltr' id='par_1_77' title="bbox 2032 3268 3629 3341">
     <span class='ocr_line' id='line_1_77' title="bbox 2032 3268 3629 3341; baseline -0.004 -13"><span class='ocrx_word' id='word_1_524' title='bbox 2032 3281 2265 3340; x_wconf 91' lang='lat' dir='ltr'><strong>tensem,</strong></span> <span class='ocrx_word' id='word_1_525' title='bbox 2296 3270 2657 3327; x_wconf 90' lang='lat' dir='ltr'><strong>Nortbertum</strong></span> <span class='ocrx_word' id='word_1_526' title='bbox 2682 3269 3000 3325; x_wconf 90' lang='lat' dir='ltr'><strong>Curiensem</strong></span> <span class='ocrx_word' id='word_1_527' title='bbox 3025 3288 3039 3337; x_wconf 87' lang='lat'><strong>;</strong></span> <span class='ocrx_word' id='word_1_528' title='bbox 3069 3268 3126 3323; x_wconf 94' lang='lat' dir='ltr'><strong>in</strong></span> <span class='ocrx_word' id='word_1_529' title='bbox 3151 3268 3272 3335; x_wconf 90' lang='lat' dir='ltr'><strong>hos,</strong></span> <span class='ocrx_word' id='word_1_530' title='bbox 3292 3268 3539 3341; x_wconf 88' lang='lat' dir='ltr'><strong>inquam,</strong></span> <span class='ocrx_word' id='word_1_531' title='bbox 3575 3276 3629 3323; x_wconf 92' lang='lat' dir='ltr'><strong>et</strong></span> 
     </span>
    </p>
   </div>
   <div class='ocr_carea' id='block_1_78' title="bbox 2032 3361 3628 3435">
    <p class='ocr_par' dir='ltr' id='par_1_78' title="bbox 2032 3361 3628 3435">
     <span class='ocr_line' id='line_1_78' title="bbox 2032 3361 3628 3435; baseline -0.004 -13"><span class='ocrx_word' id='word_1_532' title='bbox 2032 3368 2089 3423; x_wconf 92' lang='lat' dir='ltr'><strong>in</strong></span> <span class='ocrx_word' id='word_1_533' title='bbox 2144 3382 2339 3423; x_wconf 91' lang='lat' dir='ltr'><strong>omnes</strong></span> <span class='ocrx_word' id='word_1_534' title='bbox 2381 3380 2576 3421; x_wconf 90' lang='lat' dir='ltr'><strong>eorum</strong></span> <span class='ocrx_word' id='word_1_535' title='bbox 2622 3363 2915 3435; x_wconf 90' lang='lat' dir='ltr'><strong>complices</strong></span> <span class='ocrx_word' id='word_1_536' title='bbox 2972 3361 3300 3418; x_wconf 89' lang='lat' dir='ltr'><strong>inevitabilis</strong></span> <span class='ocrx_word' id='word_1_537' title='bbox 3359 3361 3628 3418; x_wconf 86' lang='lat' dir='ltr'><strong>sententia</strong></span> 
     </span>
    </p>
   </div>
   <div class='ocr_carea' id='block_1_79' title="bbox 2033 3455 3631 3530">
    <p class='ocr_par' dir='ltr' id='par_1_79' title="bbox 2033 3455 3631 3530">
     <span class='ocr_line' id='line_1_79' title="bbox 2033 3455 3631 3530; baseline -0.004 -13"><span class='ocrx_word' id='word_1_538' title='bbox 2033 3460 2393 3517; x_wconf 89' lang='lat' dir='ltr'><strong>anathematis</strong></span> <span class='ocrx_word' id='word_1_539' title='bbox 2430 3457 2770 3530; x_wconf 88' lang='lat' dir='ltr'><strong>promulgata</strong></span> <span class='ocrx_word' id='word_1_540' title='bbox 2800 3465 2883 3513; x_wconf 90' lang='lat' dir='ltr'><strong>est</strong></span> <span class='ocrx_word' id='word_1_541' title='bbox 2913 3462 3115 3524; x_wconf 89' lang='lat' dir='ltr'><strong>(I349).</strong></span> <span class='ocrx_word' id='word_1_542' title='bbox 3177 3456 3285 3512; x_wconf 90' lang='lat' dir='ltr'><strong>Sed</strong></span> <span class='ocrx_word' id='word_1_543' title='bbox 3334 3455 3389 3510; x_wconf 91' lang='lat' dir='ltr'><strong>hi</strong></span> <span class='ocrx_word' id='word_1_544' title='bbox 3436 3470 3631 3510; x_wconf 91' lang='lat' dir='ltr'><strong>omnes</strong></span> 
     </span>
    </p>
   </div>
   <div class='ocr_carea' id='block_1_80' title="bbox 2033 3548 3629 3621">
    <p class='ocr_par' dir='ltr' id='par_1_80' title="bbox 2033 3548 3629 3621">
     <span class='ocr_line' id='line_1_80' title="bbox 2033 3548 3629 3621; baseline -0.005 -10"><span class='ocrx_word' id='word_1_545' title='bbox 2033 3553 2330 3611; x_wconf 89' lang='lat' dir='ltr'><strong>adversarii</strong></span> <span class='ocrx_word' id='word_1_546' title='bbox 2358 3552 2617 3609; x_wconf 72' lang='lat' dir='ltr'><strong>aecclesiae</strong></span> <span class='ocrx_word' id='word_1_547' title='bbox 2646 3551 2747 3607; x_wconf 92' lang='lat' dir='ltr'><strong>Dei</strong></span> <span class='ocrx_word' id='word_1_548' title='bbox 2785 3551 2839 3607; x_wconf 91' lang='lat' dir='ltr'><strong>in</strong></span> <span class='ocrx_word' id='word_1_549' title='bbox 2882 3551 3047 3606; x_wconf 89' lang='lat' dir='ltr'><strong>tertia</strong></span> <span class='ocrx_word' id='word_1_550' title='bbox 3089 3554 3270 3617; x_wconf 86' lang='lat'><strong>(1350)</strong></span> <span class='ocrx_word' id='word_1_551' title='bbox 3320 3548 3629 3621; x_wconf 89' lang='lat' dir='ltr'><strong>epdomada</strong></span> 
     </span>
    </p>
   </div>
   <div class='ocr_carea' id='block_1_81' title="bbox 2034 3642 3634 3719">
    <p class='ocr_par' dir='ltr' id='par_1_81' title="bbox 2034 3642 3634 3719">
     <span class='ocr_line' id='line_1_81' title="bbox 2034 3642 3634 3719; baseline -0.004 -15"><span class='ocrx_word' id='word_1_552' title='bbox 2034 3656 2158 3719; x_wconf 91' lang='lat' dir='ltr'><strong>post</strong></span> <span class='ocrx_word' id='word_1_553' title='bbox 2201 3647 2410 3703; x_wconf 89' lang='lat' dir='ltr'><strong>ﬁnitam</strong></span> <span class='ocrx_word' id='word_1_554' title='bbox 2437 3646 2720 3711; x_wconf 91' lang='lat' dir='ltr'><strong>sinodum,</strong></span> <span class='ocrx_word' id='word_1_555' title='bbox 2771 3660 2927 3701; x_wconf 89' lang='lat' dir='ltr'><strong>suam</strong></span> <span class='ocrx_word' id='word_1_556' title='bbox 2958 3644 3257 3716; x_wconf 65' lang='lat' dir='ltr'><strong>Moguntina</strong></span> <span class='ocrx_word' id='word_1_557' title='bbox 3299 3642 3634 3715; x_wconf 88' lang='lat' dir='ltr'><strong>collegerunt</strong></span> 
     </span>
    </p>
   </div>
   <div class='ocr_carea' id='block_1_82' title="bbox 2031 3736 3633 3810">
    <p class='ocr_par' dir='ltr' id='par_1_82' title="bbox 2031 3736 3633 3810">
     <span class='ocr_line' id='line_1_82' title="bbox 2031 3736 3633 3810; baseline -0.004 -12"><span class='ocrx_word' id='word_1_558' title='bbox 2031 3759 2147 3799; x_wconf 92' lang='lat' dir='ltr'><strong>non</strong></span> <span class='ocrx_word' id='word_1_559' title='bbox 2183 3741 2435 3797; x_wconf 92' lang='lat' dir='ltr'><strong>sinodum</strong></span> <span class='ocrx_word' id='word_1_560' title='bbox 2481 3749 2566 3797; x_wconf 89' lang='lat' dir='ltr'><strong>set</strong></span> <span class='ocrx_word' id='word_1_561' title='bbox 2616 3738 3064 3806; x_wconf 90' lang='lat' dir='ltr'><strong>conciliabulum,</strong></span> <span class='ocrx_word' id='word_1_562' title='bbox 3094 3738 3147 3792; x_wconf 91' lang='lat' dir='ltr'><strong>in</strong></span> <span class='ocrx_word' id='word_1_563' title='bbox 3208 3752 3320 3810; x_wconf 77' lang='lat' dir='ltr'><strong>quo</strong></span> <span class='ocrx_word' id='word_1_564' title='bbox 3363 3736 3633 3793; x_wconf 87' lang='lat' dir='ltr'><strong>umbrati-</strong></span> 
     </span>
    </p>
   </div>
   <div class='ocr_carea' id='block_1_83' title="bbox 2033 3830 3633 3893">
    <p class='ocr_par' dir='ltr' id='par_1_83' title="bbox 2033 3830 3633 3893">
     <span class='ocr_line' id='line_1_83' title="bbox 2033 3830 3633 3893; baseline -0.003 0"><span class='ocrx_word' id='word_1_565' title='bbox 2033 3839 2138 3893; x_wconf 91' lang='lat' dir='ltr'><strong>lem</strong></span> <span class='ocrx_word' id='word_1_566' title='bbox 2178 3836 2512 3891; x_wconf 90' lang='lat' dir='ltr'><strong>sententiam</strong></span> <span class='ocrx_word' id='word_1_567' title='bbox 2560 3832 3147 3891; x_wconf 83' lang='lat' dir='ltr'><strong>excommunicationis</strong></span> <span class='ocrx_word' id='word_1_568' title='bbox 3206 3839 3393 3886; x_wconf 91' lang='lat' dir='ltr'><strong>contra</strong></span> <span class='ocrx_word' id='word_1_569' title='bbox 3448 3830 3633 3888; x_wconf 81' lang='lat' dir='ltr'><strong>ﬁdeles</strong></span> 
     </span>
    </p>
   </div>
   <div class='ocr_carea' id='block_1_84' title="bbox 2032 3924 3634 4001">
    <p class='ocr_par' dir='ltr' id='par_1_84' title="bbox 2032 3924 3634 4001">
     <span class='ocr_line' id='line_1_84' title="bbox 2032 3924 3634 4001; baseline -0.004 -15"><span class='ocrx_word' id='word_1_570' title='bbox 2032 3929 2201 3986; x_wconf 88' lang='lat' dir='ltr'><strong>sancti</strong></span> <span class='ocrx_word' id='word_1_571' title='bbox 2230 3929 2377 3985; x_wconf 90' lang='lat' dir='ltr'><strong>Petri</strong></span> <span class='ocrx_word' id='word_1_572' title='bbox 2402 3928 2894 4001; x_wconf 90' lang='lat' dir='ltr'><strong>deprompserunt;</strong></span> <span class='ocrx_word' id='word_1_573' title='bbox 2931 3933 3122 3997; x_wconf 90' lang='lat' dir='ltr'><strong>utpute</strong></span> <span class='ocrx_word' id='word_1_574' title='bbox 3147 3940 3490 3997; x_wconf 87' lang='lat' dir='ltr'><strong>nequaquam</strong></span> <span class='ocrx_word' id='word_1_575' title='bbox 3513 3924 3634 3980; x_wconf 89' lang='lat' dir='ltr'><strong>illos</strong></span> 
     </span>
    </p>
   </div>
   <div class='ocr_carea' id='block_1_85' title="bbox 2034 4018 3631 4090">
    <p class='ocr_par' dir='ltr' id='par_1_85' title="bbox 2034 4018 3631 4090">
     <span class='ocr_line' id='line_1_85' title="bbox 2034 4018 3631 4090; baseline -0.005 -10"><span class='ocrx_word' id='word_1_576' title='bbox 2034 4023 2508 4080; x_wconf 87' lang='lat' dir='ltr'><strong>excommunicare</strong></span> <span class='ocrx_word' id='word_1_577' title='bbox 2557 4022 2813 4089; x_wconf 89' lang='lat' dir='ltr'><strong>valentes,</strong></span> <span class='ocrx_word' id='word_1_578' title='bbox 2845 4028 2928 4075; x_wconf 90' lang='lat' dir='ltr'><strong>set</strong></span> <span class='ocrx_word' id='word_1_579' title='bbox 2956 4018 3302 4090; x_wconf 90' lang='lat' dir='ltr'><strong>apertissime</strong></span> <span class='ocrx_word' id='word_1_580' title='bbox 3341 4034 3398 4074; x_wconf 90' lang='lat' dir='ltr'><strong>se</strong></span> <span class='ocrx_word' id='word_1_581' title='bbox 3425 4019 3571 4090; x_wconf 89' lang='lat' dir='ltr'><strong>ipsos</strong></span> <span class='ocrx_word' id='word_1_582' title='bbox 3602 4034 3631 4073; x_wconf 91' lang='lat' dir='ltr'><strong>a</strong></span> 
     </span>
    </p>
   </div>
   <div class='ocr_carea' id='block_1_86' title="bbox 2037 4113 3634 4183">
    <p class='ocr_par' dir='ltr' id='par_1_86' title="bbox 2037 4113 3634 4183">
     <span class='ocr_line' id='line_1_86' title="bbox 2037 4113 3634 4183; baseline -0.006 -10"><span class='ocrx_word' id='word_1_583' title='bbox 2037 4118 2425 4173; x_wconf 90' lang='lat' dir='ltr'><strong>communione</strong></span> <span class='ocrx_word' id='word_1_584' title='bbox 2470 4113 2866 4170; x_wconf 90' lang='lat' dir='ltr'><strong>catholicorum</strong></span> <span class='ocrx_word' id='word_1_585' title='bbox 2911 4119 3332 4183; x_wconf 87' lang='lat' dir='ltr'><strong>sequestrantes,</strong></span> <span class='ocrx_word' id='word_1_586' title='bbox 3400 4118 3462 4164; x_wconf 89' lang='lat' dir='ltr'><strong>ut</strong></span> <span class='ocrx_word' id='word_1_587' title='bbox 3523 4125 3634 4165; x_wconf 93' lang='lat' dir='ltr'><strong>non</strong></span> 
     </span>
    </p>
   </div>
   <div class='ocr_carea' id='block_1_87' title="bbox 2036 4200 3635 4280">
    <p class='ocr_par' dir='ltr' id='par_1_87' title="bbox 2036 4200 3635 4280">
     <span class='ocr_line' id='line_1_87' title="bbox 2036 4200 3635 4280; baseline -0.006 -16"><span class='ocrx_word' id='word_1_588' title='bbox 2036 4216 2249 4265; x_wconf 88' lang='lat' dir='ltr'><strong>tantum</strong></span> <span class='ocrx_word' id='word_1_589' title='bbox 2270 4208 2471 4280; x_wconf 89' lang='lat' dir='ltr'><strong>judicio</strong></span> <span class='ocrx_word' id='word_1_590' title='bbox 2502 4216 2705 4261; x_wconf 69' lang='lat' dir='ltr'><strong>sanctm</strong></span> <span class='ocrx_word' id='word_1_591' title='bbox 2737 4205 2998 4273; x_wconf 72' lang='lat' dir='ltr'><strong>ecclesiae,</strong></span> <span class='ocrx_word' id='word_1_592' title='bbox 3044 4201 3144 4259; x_wconf 90' lang='lat' dir='ltr'><strong>sed</strong></span> <span class='ocrx_word' id='word_1_593' title='bbox 3191 4211 3246 4257; x_wconf 92' lang='lat' dir='ltr'><strong>et</strong></span> <span class='ocrx_word' id='word_1_594' title='bbox 3293 4200 3511 4273; x_wconf 89' lang='lat' dir='ltr'><strong>proprio</strong></span> <span class='ocrx_word' id='word_1_595' title='bbox 3547 4216 3635 4255; x_wconf 91' lang='lat' dir='ltr'><strong>eo-</strong></span> 
     </span>
    </p>
   </div>
   <div class='ocr_carea' id='block_1_88' title="bbox 2035 4294 3630 4374">
    <p class='ocr_par' dir='ltr' id='par_1_88' title="bbox 2035 4294 3630 4374">
     <span class='ocr_line' id='line_1_88' title="bbox 2035 4294 3630 4374; baseline -0.008 -13"><span class='ocrx_word' id='word_1_596' title='bbox 2035 4320 2160 4361; x_wconf 90' lang='lat' dir='ltr'><strong>rum</strong></span> <span class='ocrx_word' id='word_1_597' title='bbox 2203 4302 2435 4374; x_wconf 81' lang='lat' dir='ltr'><strong>judicio,</strong></span> <span class='ocrx_word' id='word_1_598' title='bbox 2464 4300 2603 4355; x_wconf 91' lang='lat' dir='ltr'><strong>sicut</strong></span> <span class='ocrx_word' id='word_1_599' title='bbox 2652 4302 2845 4354; x_wconf 87' lang='lat' dir='ltr'><strong>omnes</strong></span> <span class='ocrx_word' id='word_1_600' title='bbox 2892 4296 3141 4364; x_wconf 87' lang='lat' dir='ltr'><strong>heretici,</strong></span> <span class='ocrx_word' id='word_1_601' title='bbox 3168 4312 3198 4350; x_wconf 91' lang='lat' dir='ltr'><strong>a</strong></span> <span class='ocrx_word' id='word_1_602' title='bbox 3233 4294 3515 4351; x_wconf 87' lang='lat' dir='ltr'><strong>catholicis</strong></span> <span class='ocrx_word' id='word_1_603' title='bbox 3545 4310 3630 4350; x_wconf 84' lang='lat' dir='ltr'><strong>es-</strong></span> 
     </span>
    </p>
   </div>
   <div class='ocr_carea' id='block_1_89' title="bbox 2036 4388 3635 4466">
    <p class='ocr_par' dir='ltr' id='par_1_89' title="bbox 2036 4388 3635 4466">
     <span class='ocr_line' id='line_1_89' title="bbox 2036 4388 3635 4466; baseline -0.007 -13"><span class='ocrx_word' id='word_1_604' title='bbox 2036 4404 2158 4453; x_wconf 91' lang='lat' dir='ltr'><strong>sent</strong></span> <span class='ocrx_word' id='word_1_605' title='bbox 2185 4394 2440 4466; x_wconf 87' lang='lat' dir='ltr'><strong>separati.</strong></span> <span class='ocrx_word' id='word_1_606' title='bbox 2476 4392 2641 4449; x_wconf 88' lang='lat' dir='ltr'><strong>Sedes</strong></span> <span class='ocrx_word' id='word_1_607' title='bbox 2671 4406 2889 4463; x_wconf 86' lang='lat' dir='ltr'><strong>quoque</strong></span> <span class='ocrx_word' id='word_1_608' title='bbox 2915 4389 3313 4446; x_wconf 90' lang='lat' dir='ltr'><strong>catholicorum</strong></span> <span class='ocrx_word' id='word_1_609' title='bbox 3344 4388 3635 4460; x_wconf 84' lang='lat' dir='ltr'><strong>episcOpo—</strong></span> 
     </span>
    </p>
   </div>
   <div class='ocr_carea' id='block_1_90' title="bbox 335 4481 3634 4564">
    <p class='ocr_par' dir='ltr' id='par_1_90' title="bbox 335 4481 3634 4564">
     <span class='ocr_line' id='line_1_90' title="bbox 335 4481 3634 4564; baseline -0.001 -23"><span class='ocrx_word' id='word_1_610' title='bbox 335 4493 522 4542; x_wconf 89' lang='lat' dir='ltr'><strong>tamen</strong></span> <span class='ocrx_word' id='word_1_611' title='bbox 548 4488 885 4559; x_wconf 89' lang='lat' dir='ltr'><strong>reciperetur</strong></span> <span class='ocrx_word' id='word_1_612' title='bbox 906 4489 974 4545; x_wconf 91' lang='lat' dir='ltr'><strong>ad</strong></span> <span class='ocrx_word' id='word_1_613' title='bbox 1000 4491 1467 4561; x_wconf 86' lang='lat' dir='ltr'><strong>communionem,</strong></span> <span class='ocrx_word' id='word_1_614' title='bbox 1509 4489 1614 4547; x_wconf 91' lang='lat' dir='ltr'><strong>nisi</strong></span> <span class='ocrx_word' id='word_1_615' title='bbox 1648 4488 1929 4546; x_wconf 84' lang='lat' dir='ltr'><strong>absolutus</strong></span> <span class='ocrx_word' id='word_1_616' title='bbox 1961 4498 2013 4564; x_wconf 83' lang='lat' dir='ltr'><strong>D</strong></span> <span class='ocrx_word' id='word_1_617' title='bbox 2044 4507 2167 4547; x_wconf 92' lang='lat' dir='ltr'><strong>rum</strong></span> <span class='ocrx_word' id='word_1_618' title='bbox 2197 4488 2498 4545; x_wconf 87' lang='lat' dir='ltr'><strong>viventium</strong></span> <span class='ocrx_word' id='word_1_619' title='bbox 2526 4485 2821 4542; x_wconf 89' lang='lat' dir='ltr'><strong>temeraria</strong></span> <span class='ocrx_word' id='word_1_620' title='bbox 2849 4483 3137 4556; x_wconf 89' lang='lat' dir='ltr'><strong>cupiditate</strong></span> <span class='ocrx_word' id='word_1_621' title='bbox 3166 4482 3332 4539; x_wconf 90' lang='lat' dir='ltr'><strong>cecati</strong></span> <span class='ocrx_word' id='word_1_622' title='bbox 3366 4481 3472 4537; x_wconf 90' lang='lat' dir='ltr'><strong>sibi</strong></span> <span class='ocrx_word' id='word_1_623' title='bbox 3503 4497 3634 4537; x_wconf 85' lang='lat' dir='ltr'><strong>ven-</strong></span> 
     </span>
    </p>
   </div>
   <div class='ocr_carea' id='block_1_91' title="bbox 335 4580 1946 4658">
    <p class='ocr_par' dir='ltr' id='par_1_91' title="bbox 335 4580 1946 4658">
     <span class='ocr_line' id='line_1_91' title="bbox 335 4580 1946 4658; baseline 0.001 -22"><span class='ocrx_word' id='word_1_624' title='bbox 335 4580 689 4638; x_wconf 63' lang='lat' dir='ltr'><strong>ecclesiastico</strong></span> <span class='ocrx_word' id='word_1_625' title='bbox 718 4598 895 4638; x_wconf 91' lang='lat' dir='ltr'><strong>more.</strong></span> <span class='ocrx_word' id='word_1_626' title='bbox 915 4584 1174 4641; x_wconf 88' lang='lat' dir='ltr'><strong>Similiter</strong></span> <span class='ocrx_word' id='word_1_627' title='bbox 1197 4593 1251 4641; x_wconf 94' lang='lat' dir='ltr'><strong>et</strong></span> <span class='ocrx_word' id='word_1_628' title='bbox 1269 4601 1370 4657; x_wconf 91' lang='lat' dir='ltr'><strong>pro</strong></span> <span class='ocrx_word' id='word_1_629' title='bbox 1404 4584 1688 4658; x_wconf 88' lang='lat' dir='ltr'><strong>sacrilegio</strong></span> <span class='ocrx_word' id='word_1_630' title='bbox 1721 4597 1946 4640; x_wconf 79' lang='lat' dir='ltr'><strong>excom-</strong></span> 
     </span>
    </p>
   </div>
   <div class='ocr_carea' id='block_1_92' title="bbox 336 4675 1946 4753">
    <p class='ocr_par' dir='ltr' id='par_1_92' title="bbox 336 4675 1946 4753">
     <span class='ocr_line' id='line_1_92' title="bbox 336 4675 1946 4753; baseline 0.006 -23"><span class='ocrx_word' id='word_1_631' title='bbox 336 4675 645 4733; x_wconf 89' lang='lat' dir='ltr'><strong>municatos</strong></span> <span class='ocrx_word' id='word_1_632' title='bbox 677 4675 917 4733; x_wconf 89' lang='lat' dir='ltr'><strong>decrevit</strong></span> <span class='ocrx_word' id='word_1_633' title='bbox 957 4686 1142 4736; x_wconf 88' lang='lat' dir='ltr'><strong>sancta</strong></span> <span class='ocrx_word' id='word_1_634' title='bbox 1176 4679 1401 4736; x_wconf 90' lang='lat' dir='ltr'><strong>sinodus</strong></span> <span class='ocrx_word' id='word_1_635' title='bbox 1447 4697 1561 4737; x_wconf 93' lang='lat' dir='ltr'><strong>non</strong></span> <span class='ocrx_word' id='word_1_636' title='bbox 1596 4682 1946 4753; x_wconf 87' lang='lat' dir='ltr'><strong>recipiendos</strong></span> 
     </span>
    </p>
   </div>
   <div class='ocr_carea' id='block_1_93' title="bbox 2051 4575 3635 4649">
    <p class='ocr_par' dir='ltr' id='par_1_93' title="bbox 2051 4575 3635 4649">
     <span class='ocr_line' id='line_1_93' title="bbox 2051 4575 3635 4649; baseline -0.005 -8"><span class='ocrx_word' id='word_1_637' title='bbox 2051 4585 2235 4641; x_wconf 91' lang='lat' dir='ltr'><strong>dicare</strong></span> <span class='ocrx_word' id='word_1_638' title='bbox 2263 4599 2375 4639; x_wconf 94' lang='lat' dir='ltr'><strong>non</strong></span> <span class='ocrx_word' id='word_1_639' title='bbox 2402 4582 2719 4637; x_wconf 85' lang='lat' dir='ltr'><strong>timuerunt.</strong></span> <span class='ocrx_word' id='word_1_640' title='bbox 2764 4582 2913 4635; x_wconf 86' lang='lat' dir='ltr'><strong>Deus</strong></span> <span class='ocrx_word' id='word_1_641' title='bbox 2941 4587 3126 4634; x_wconf 87' lang='lat' dir='ltr'><strong>autem</strong></span> <span class='ocrx_word' id='word_1_642' title='bbox 3156 4576 3498 4649; x_wconf 91' lang='lat' dir='ltr'><strong>omnipotens</strong></span> <span class='ocrx_word' id='word_1_643' title='bbox 3525 4575 3635 4633; x_wconf 89' lang='lat' dir='ltr'><strong>suis</strong></span> 
     </span>
    </p>
   </div>
   <div class='ocr_carea' id='block_1_94' title="bbox 2052 4670 3631 4749">
    <p class='ocr_par' dir='ltr' id='par_1_94' title="bbox 2052 4670 3631 4749">
     <span class='ocr_line' id='line_1_94' title="bbox 2052 4670 3631 4749; baseline -0.005 -14"><span class='ocrx_word' id='word_1_644' title='bbox 2052 4678 2307 4737; x_wconf 89' lang='lat' dir='ltr'><strong>ﬁdelibus</strong></span> <span class='ocrx_word' id='word_1_645' title='bbox 2329 4693 2421 4749; x_wconf 92' lang='lat' dir='ltr'><strong>per</strong></span> <span class='ocrx_word' id='word_1_646' title='bbox 2445 4691 2503 4731; x_wconf 91' lang='lat' dir='ltr'><strong>se</strong></span> <span class='ocrx_word' id='word_1_647' title='bbox 2532 4674 2711 4746; x_wconf 89' lang='lat' dir='ltr'><strong>ipsum</strong></span> <span class='ocrx_word' id='word_1_648' title='bbox 2751 4670 2997 4729; x_wconf 79' lang='lat' dir='ltr'><strong>auxiliari</strong></span> <span class='ocrx_word' id='word_1_649' title='bbox 3017 4687 3129 4729; x_wconf 90' lang='lat' dir='ltr'><strong>non</strong></span> <span class='ocrx_word' id='word_1_650' title='bbox 3155 4671 3406 4740; x_wconf 84' lang='lat' dir='ltr'><strong>cessavit,</strong></span> <span class='ocrx_word' id='word_1_651' title='bbox 3448 4687 3631 4729; x_wconf 89' lang='lat' dir='ltr'><strong>suum-</strong></span> 
     </span>
    </p>
   </div>
   <div class='ocr_carea' id='block_1_95' title="bbox 1635 4804 2334 4863">
    <p class='ocr_par' dir='ltr' id='par_1_95' title="bbox 1635 4804 2334 4863">
     <span class='ocr_line' id='line_1_95' title="bbox 1635 4804 2334 4863; baseline -0.006 0"><span class='ocrx_word' id='word_1_652' title='bbox 1635 4807 1877 4863; x_wconf 66' lang='grc' dir='ltr'><strong>νΑΒιίΕ</strong></span> <span class='ocrx_word' id='word_1_653' title='bbox 1920 4804 2334 4863; x_wconf 80' lang='lat' dir='ltr'><strong>LECTIONES.</strong></span> 
     </span>
    </p>
   </div>
   <div class='ocr_carea' id='block_1_96' title="bbox 413 4918 3630 5001">
    <p class='ocr_par' dir='ltr' id='par_1_96' title="bbox 413 4918 3630 5001">
     <span class='ocr_line' id='line_1_96' title="bbox 413 4918 3630 5001; baseline -0.003 -14"><span class='ocrx_word' id='word_1_654' title='bbox 413 4920 504 5001; x_wconf 38' lang='grc' dir='ltr'><strong>βξ,</strong></span> <span class='ocrx_word' id='word_1_655' title='bbox 527 4943 584 5001; x_wconf 88' lang='lat' dir='ltr'><strong>n_.</strong></span> <span class='ocrx_word' id='word_1_656' title='bbox 614 4939 665 5001; x_wconf 71' lang='grc' dir='ltr'><strong>ε.</strong></span> <span class='ocrx_word' id='word_1_657' title='bbox 715 4942 885 5001; x_wconf 83' lang='lat' dir='ltr'><strong>supra</strong></span> <span class='ocrx_word' id='word_1_658' title='bbox 939 4927 1143 4985; x_wconf 74' lang='lat' dir='ltr'><strong>lineam</strong></span> <span class='ocrx_word' id='word_1_659' title='bbox 1188 4935 1235 4985; x_wconf 88' lang='lat'><strong>1.</strong></span> <span class='ocrx_word' id='word_1_660' title='bbox 1274 4928 1341 4965; x_wconf 65' lang='lat'><strong>&quot;5</strong></span> <span class='ocrx_word' id='word_1_661' title='bbox 1371 4929 1513 4987; x_wconf 83' lang='lat' dir='ltr'><strong>deest</strong></span> <span class='ocrx_word' id='word_1_662' title='bbox 1536 4933 1586 4987; x_wconf 88' lang='lat'><strong>2.</strong></span> <span class='ocrx_word' id='word_1_663' title='bbox 1645 4928 1711 4966; x_wconf 75' lang='grc'>⁴²⁷</span> <span class='ocrx_word' id='word_1_664' title='bbox 1759 4932 1867 4989; x_wconf 67' lang='lat' dir='ltr'><strong>hcce</strong></span> <span class='ocrx_word' id='word_1_665' title='bbox 1914 4930 2264 4990; x_wconf 73' lang='lat' dir='ltr'><strong>sententiain</strong></span> <span class='ocrx_word' id='word_1_666' title='bbox 2307 4926 2411 4984; x_wconf 79' lang='lat' dir='ltr'><strong>loco</strong></span> <span class='ocrx_word' id='word_1_667' title='bbox 2454 4941 2576 4983; x_wconf 74' lang='lat' dir='ltr'><strong>raso</strong></span> <span class='ocrx_word' id='word_1_668' title='bbox 2633 4926 2685 4981; x_wconf 83' lang='lat' dir='ltr'><strong>l.</strong></span> <span class='ocrx_word' id='word_1_669' title='bbox 2730 4918 2798 4959; x_wconf 71' lang='grc'><strong>⁸²⁸</strong></span> <span class='ocrx_word' id='word_1_670' title='bbox 2826 4928 3177 4996; x_wconf 89' lang='lat' dir='ltr'><strong>pentecosten</strong></span> <span class='ocrx_word' id='word_1_671' title='bbox 3223 4922 3302 4980; x_wconf 69' lang='lat' dir='ltr'><strong>4b.</strong></span> <span class='ocrx_word' id='word_1_672' title='bbox 3352 4920 3421 4959; x_wconf 81' lang='grc'><strong>⁶²⁹</strong></span> <span class='ocrx_word' id='word_1_673' title='bbox 3443 4924 3526 4979; x_wconf 76' lang='lat' dir='ltr'><strong>ita</strong></span> <span class='ocrx_word' id='word_1_674' title='bbox 3582 4924 3630 4977; x_wconf 77' lang='lat'><strong>1.</strong></span> 
     </span>
    </p>
   </div>
   <div class='ocr_carea' id='block_1_97' title="bbox 340 4991 2253 5077">
    <p class='ocr_par' dir='ltr' id='par_1_97' title="bbox 340 4991 2253 5077">
     <span class='ocr_line' id='line_1_97' title="bbox 340 4991 2253 5077; baseline 0.001 -22"><span class='ocrx_word' id='word_1_675' title='bbox 340 4991 407 5032; x_wconf 68' lang='grc'><strong>⁴³⁰</strong></span> <span class='ocrx_word' id='word_1_676' title='bbox 435 4991 691 5070; x_wconf 47' lang='grc' dir='ltr'><strong>ἀϋυάῗςξ.</strong></span> <span class='ocrx_word' id='word_1_677' title='bbox 714 4991 797 5045; x_wconf 73' lang='grc' dir='ltr'><strong>4³ι’</strong></span> <span class='ocrx_word' id='word_1_678' title='bbox 814 5001 1131 5074; x_wconf 88' lang='lat' dir='ltr'><strong>episcopum</strong></span> <span class='ocrx_word' id='word_1_679' title='bbox 1172 5008 1219 5057; x_wconf 88' lang='lat'><strong>2.</strong></span> <span class='ocrx_word' id='word_1_680' title='bbox 1246 5001 1313 5037; x_wconf 75' lang='grc'>⁴³²</span> <span class='ocrx_word' id='word_1_681' title='bbox 1335 5005 1670 5061; x_wconf 88' lang='lat' dir='ltr'><strong>Teomarum</strong></span> <span class='ocrx_word' id='word_1_682' title='bbox 1697 5007 1776 5061; x_wconf 68' lang='lat' dir='ltr'><strong>4b.</strong></span> <span class='ocrx_word' id='word_1_683' title='bbox 1807 5004 1876 5043; x_wconf 63' lang='grc'><strong>⁸³³</strong></span> <span class='ocrx_word' id='word_1_684' title='bbox 1900 5005 2182 5077; x_wconf 89' lang='lat' dir='ltr'><strong>episcopos</strong></span> <span class='ocrx_word' id='word_1_685' title='bbox 2204 5008 2253 5057; x_wconf 88' lang='lat'><strong>2.</strong></span> 
     </span>
    </p>
   </div>
   <div class='ocr_carea' id='block_1_98' title="bbox 1847 5104 2075 5179">
    <p class='ocr_par' dir='ltr' id='par_1_98' title="bbox 1847 5104 2075 5179">
     <span class='ocr_line' id='line_1_98' title="bbox 1847 5104 2075 5179; baseline -0.022 0"><span class='ocrx_word' id='word_1_686' title='bbox 1847 5104 2075 5179; x_wconf 68' lang='lat' dir='ltr'><strong>Nom.</strong></span> 
     </span>
    </p>
   </div>
   <div class='ocr_carea' id='block_1_99' title="bbox 410 5231 1535 5299">
    <p class='ocr_par' dir='ltr' id='par_1_99' title="bbox 410 5231 1535 5299">
     <span class='ocr_line' id='line_1_99' title="bbox 410 5231 1535 5299; baseline 0.006 -13"><span class='ocrx_word' id='word_1_687' title='bbox 410 5234 595 5299; x_wconf 83' lang='lat'><strong>(1341)</strong></span> <span class='ocrx_word' id='word_1_688' title='bbox 618 5231 727 5288; x_wconf 85' lang='lat' dir='ltr'><strong>Alii</strong></span> <span class='ocrx_word' id='word_1_689' title='bbox 757 5232 1118 5291; x_wconf 89' lang='lat' dir='ltr'><strong>Cunibertum</strong></span> <span class='ocrx_word' id='word_1_690' title='bbox 1146 5243 1365 5292; x_wconf 87' lang='lat' dir='ltr'><strong>vocant.</strong></span> <span class='ocrx_word' id='word_1_691' title='bbox 1391 5238 1535 5294; x_wconf 86' lang='lat' dir='ltr'><strong>Uss.</strong></span> 
     </span>
    </p>
   </div>
   <div class='ocr_carea' id='block_1_100' title="bbox 414 5304 1931 5380">
    <p class='ocr_par' dir='ltr' id='par_1_100' title="bbox 414 5304 1931 5380">
     <span class='ocr_line' id='line_1_100' title="bbox 414 5304 1931 5380; baseline 0.003 -21"><span class='ocrx_word' id='word_1_692' title='bbox 414 5305 597 5373; x_wconf 88' lang='lat'><strong>(1348)</strong></span> <span class='ocrx_word' id='word_1_693' title='bbox 628 5305 843 5380; x_wconf 63' lang='lat' dir='ltr'><strong>Qe’hoc</strong></span> <span class='ocrx_word' id='word_1_694' title='bbox 884 5307 994 5378; x_wconf 87' lang='lat' dir='ltr'><strong>agit</strong></span> <span class='ocrx_word' id='word_1_695' title='bbox 1021 5308 1351 5380; x_wconf 75' lang='lat' dir='ltr'><strong>Veneticus,</strong></span> <span class='ocrx_word' id='word_1_696' title='bbox 1380 5324 1544 5380; x_wconf 89' lang='lat' dir='ltr'><strong>quem</strong></span> <span class='ocrx_word' id='word_1_697' title='bbox 1589 5306 1678 5364; x_wconf 88' lang='lat' dir='ltr'><strong>alii</strong></span> <span class='ocrx_word' id='word_1_698' title='bbox 1706 5304 1931 5364; x_wconf 80' lang='lat' dir='ltr'><strong>Walra—</strong></span> 
     </span>
    </p>
   </div>
   <div class='ocr_carea' id='block_1_101' title="bbox 340 5377 1932 5452">
    <p class='ocr_par' dir='ltr' id='par_1_101' title="bbox 340 5377 1932 5452">
     <span class='ocr_line' id='line_1_101' title="bbox 340 5377 1932 5452; baseline 0.004 -23"><span class='ocrx_word' id='word_1_699' title='bbox 340 5384 498 5430; x_wconf 88' lang='lat' dir='ltr'><strong>mum</strong></span> <span class='ocrx_word' id='word_1_700' title='bbox 528 5391 623 5452; x_wconf 82' lang='lat' dir='ltr'><strong>seu</strong></span> <span class='ocrx_word' id='word_1_701' title='bbox 653 5377 1582 5452; x_wconf 45' lang='lat' dir='ltr'><strong>WaltramumuNaumburgensem</strong></span> <span class='ocrx_word' id='word_1_702' title='bbox 1614 5380 1932 5452; x_wconf 84' lang='lat' dir='ltr'><strong>episcopum</strong></span> 
     </span>
    </p>
   </div>
   <div class='ocr_carea' id='block_1_102' title="bbox 343 5447 1936 5523">
    <p class='ocr_par' dir='ltr' id='par_1_102' title="bbox 343 5447 1936 5523">
     <span class='ocr_line' id='line_1_102' title="bbox 343 5447 1936 5523; baseline 0.004 -23"><span class='ocrx_word' id='word_1_703' title='bbox 343 5460 460 5523; x_wconf 76' lang='lat' dir='ltr'><strong>esse</strong></span> <span class='ocrx_word' id='word_1_704' title='bbox 501 5447 711 5523; x_wconf 73' lang='lat' dir='ltr'><strong>volunt.</strong></span> <span class='ocrx_word' id='word_1_705' title='bbox 745 5449 987 5523; x_wconf 72' lang='lat' dir='ltr'><strong>Uxorem</strong></span> <span class='ocrx_word' id='word_1_706' title='bbox 1030 5449 1336 5523; x_wconf 81' lang='lat' dir='ltr'><strong>Hermapni</strong></span> <span class='ocrx_word' id='word_1_707' title='bbox 1365 5447 1520 5523; x_wconf 58' lang='lat' dir='ltr'><strong>regis</strong></span> <span class='ocrx_word' id='word_1_708' title='bbox 1551 5447 1665 5507; x_wconf 60' lang='lat' dir='ltr'><strong>alii&#39;</strong></span> <span class='ocrx_word' id='word_1_709' title='bbox 1685 5447 1936 5523; x_wconf 82' lang='lat' dir='ltr'><strong>Adelhei-</strong></span> 
     </span>
    </p>
   </div>
   <div class='ocr_carea' id='block_1_103' title="bbox 343 5515 1937 5584">
    <p class='ocr_par' dir='ltr' id='par_1_103' title="bbox 343 5515 1937 5584">
     <span class='ocr_line' id='line_1_103' title="bbox 343 5515 1937 5584; baseline 0.003 -13"><span class='ocrx_word' id='word_1_710' title='bbox 343 5515 470 5572; x_wconf 91' lang='lat' dir='ltr'><strong>dem</strong></span> <span class='ocrx_word' id='word_1_711' title='bbox 512 5517 723 5584; x_wconf 89' lang='lat' dir='ltr'><strong>dicunt,</strong></span> <span class='ocrx_word' id='word_1_712' title='bbox 768 5520 930 5575; x_wconf 86' lang='lat' dir='ltr'><strong>ﬁliam</strong></span> <span class='ocrx_word' id='word_1_713' title='bbox 959 5522 1185 5578; x_wconf 88' lang='lat' dir='ltr'><strong>Otsonis</strong></span> <span class='ocrx_word' id='word_1_714' title='bbox 1222 5521 1290 5578; x_wconf 90' lang='lat' dir='ltr'><strong>de</strong></span> <span class='ocrx_word' id='word_1_715' title='bbox 1349 5515 1687 5580; x_wconf 67' lang='lat' dir='ltr'><strong>Orlamunda</strong></span> <span class='ocrx_word' id='word_1_716' title='bbox 1725 5522 1937 5579; x_wconf 69' lang='lat' dir='ltr'><strong>Misniaa</strong></span> 
     </span>
    </p>
   </div>
   <div class='ocr_carea' id='block_1_104' title="bbox 346 5587 1934 5664">
    <p class='ocr_par' dir='ltr' id='par_1_104' title="bbox 346 5587 1934 5664">
     <span class='ocr_line' id='line_1_104' title="bbox 346 5587 1934 5664; baseline 0.004 -23"><span class='ocrx_word' id='word_1_717' title='bbox 346 5587 673 5664; x_wconf 88' lang='lat' dir='ltr'><strong>marchionis</strong></span> <span class='ocrx_word' id='word_1_718' title='bbox 702 5606 767 5664; x_wconf 88' lang='lat' dir='ltr'><strong>ex</strong></span> <span class='ocrx_word' id='word_1_719' title='bbox 826 5592 1015 5660; x_wconf 82' lang='lat' dir='ltr'><strong>Adela,</strong></span> <span class='ocrx_word' id='word_1_720' title='bbox 1048 5608 1171 5664; x_wconf 73' lang='lat' dir='ltr'><strong>qua:</strong></span> <span class='ocrx_word' id='word_1_721' title='bbox 1213 5598 1421 5663; x_wconf 89' lang='lat' dir='ltr'><strong>patrem</strong></span> <span class='ocrx_word' id='word_1_722' title='bbox 1454 5593 1644 5649; x_wconf 91' lang='lat' dir='ltr'><strong>habuit</strong></span> <span class='ocrx_word' id='word_1_723' title='bbox 1681 5594 1934 5650; x_wconf 87' lang='lat' dir='ltr'><strong>Lamber-</strong></span> 
     </span>
    </p>
   </div>
   <div class='ocr_carea' id='block_1_105' title="bbox 344 5662 1935 5729">
    <p class='ocr_par' dir='ltr' id='par_1_105' title="bbox 344 5662 1935 5729">
     <span class='ocr_line' id='line_1_105' title="bbox 344 5662 1935 5729; baseline 0.004 -17"><span class='ocrx_word' id='word_1_724' title='bbox 344 5664 464 5713; x_wconf 92' lang='lat' dir='ltr'><strong>tum</strong></span> <span class='ocrx_word' id='word_1_725' title='bbox 501 5663 548 5714; x_wconf 93' lang='lat' dir='ltr'><strong>Il</strong></span> <span class='ocrx_word' id='word_1_726' title='bbox 576 5662 835 5717; x_wconf 88' lang='lat' dir='ltr'><strong>comitem</strong></span> <span class='ocrx_word' id='word_1_727' title='bbox 886 5662 1309 5729; x_wconf 53' lang='lat' dir='ltr'><strong>Lovan&#39;iensem,</strong></span> <span class='ocrx_word' id='word_1_728' title='bbox 1335 5671 1573 5720; x_wconf 89' lang='lat' dir='ltr'><strong>matrem</strong></span> <span class='ocrx_word' id='word_1_729' title='bbox 1602 5681 1726 5720; x_wconf 89' lang='lat' dir='ltr'><strong>vero</strong></span> <span class='ocrx_word' id='word_1_730' title='bbox 1756 5668 1935 5721; x_wconf 84' lang='lat' dir='ltr'><strong>Odam</strong></span> 
     </span>
    </p>
   </div>
   <div class='ocr_carea' id='block_1_106' title="bbox 346 5729 1939 5808">
    <p class='ocr_par' dir='ltr' id='par_1_106' title="bbox 346 5729 1939 5808">
     <span class='ocr_line' id='line_1_106' title="bbox 346 5729 1939 5808; baseline 0.004 -25"><span class='ocrx_word' id='word_1_731' title='bbox 346 5729 657 5808; x_wconf 59' lang='lat' dir='ltr'><strong>pothelinis</strong></span> <span class='ocrx_word' id='word_1_732' title='bbox 700 5734 887 5804; x_wconf 90' lang='lat' dir='ltr'><strong>magni</strong></span> <span class='ocrx_word' id='word_1_733' title='bbox 926 5735 1515 5808; x_wconf 0' lang='lat' dir='ltr'><strong>(Lotharingiaauducis</strong></span> <span class='ocrx_word' id='word_1_734' title='bbox 1554 5736 1740 5802; x_wconf 89' lang='lat' dir='ltr'><strong>ﬁliam,</strong></span> <span class='ocrx_word' id='word_1_735' title='bbox 1770 5735 1939 5791; x_wconf 90' lang='lat' dir='ltr'><strong>.unde</strong></span> 
     </span>
    </p>
   </div>
   <div class='ocr_carea' id='block_1_107' title="bbox 342 5799 1940 5878">
    <p class='ocr_par' dir='ltr' id='par_1_107' title="bbox 342 5799 1940 5878">
     <span class='ocr_line' id='line_1_107' title="bbox 342 5799 1940 5878; baseline 0.004 -22"><span class='ocrx_word' id='word_1_736' title='bbox 342 5799 487 5858; x_wconf 81' lang='lat' dir='ltr'><strong>forte</strong></span> <span class='ocrx_word' id='word_1_737' title='bbox 514 5802 619 5861; x_wconf 81' lang='lat' dir='ltr'><strong>ista</strong></span> <span class='ocrx_word' id='word_1_738' title='bbox 642 5799 1081 5878; x_wconf 72' lang='lat' dir='ltr'><strong>consanguinitas</strong></span> <span class='ocrx_word' id='word_1_739' title='bbox 1117 5799 1239 5865; x_wconf 60' lang='lat' dir='ltr'><strong>seu&#39;</strong></span> <span class='ocrx_word' id='word_1_740' title='bbox 1258 5805 1498 5865; x_wconf 84' lang='lat' dir='ltr'><strong>afﬁnitas</strong></span> <span class='ocrx_word' id='word_1_741' title='bbox 1535 5816 1653 5864; x_wconf 88' lang='lat' dir='ltr'><strong>orta</strong></span> <span class='ocrx_word' id='word_1_742' title='bbox 1682 5799 1784 5874; x_wconf 86' lang='lat' dir='ltr'><strong>est,</strong></span> <span class='ocrx_word' id='word_1_743' title='bbox 1817 5820 1940 5878; x_wconf 85' lang='lat' dir='ltr'><strong>quae</strong></span> 
     </span>
    </p>
   </div>
   <div class='ocr_carea' id='block_1_108' title="bbox 2036 5222 3635 5306">
    <p class='ocr_par' dir='ltr' id='par_1_108' title="bbox 2036 5222 3635 5306">
     <span class='ocr_line' id='line_1_108' title="bbox 2036 5222 3635 5306; baseline -0.006 -16"><span class='ocrx_word' id='word_1_744' title='bbox 2036 5250 2131 5306; x_wconf 89' lang='lat' dir='ltr'><strong>pro</strong></span> <span class='ocrx_word' id='word_1_745' title='bbox 2163 5248 2314 5288; x_wconf 89' lang='lat' dir='ltr'><strong>more</strong></span> <span class='ocrx_word' id='word_1_746' title='bbox 2354 5230 2513 5306; x_wconf 81' lang='lat' dir='ltr'><strong>hujus</strong></span> <span class='ocrx_word' id='word_1_747' title='bbox 2549 5225 3183 5306; x_wconf 66' lang='lat' dir='ltr'><strong>temporismatrimonlo</strong></span> <span class='ocrx_word' id='word_1_748' title='bbox 3212 5238 3385 5297; x_wconf 90' lang='lat' dir='ltr'><strong>usque</strong></span> <span class='ocrx_word' id='word_1_749' title='bbox 3424 5222 3496 5280; x_wconf 90' lang='lat' dir='ltr'><strong>ad</strong></span> <span class='ocrx_word' id='word_1_750' title='bbox 3522 5240 3635 5298; x_wconf 50' lang='lat' dir='ltr'><strong>sep.</strong></span> 
     </span>
    </p>
   </div>
   <div class='ocr_carea' id='block_1_109' title="bbox 2035 5302 2925 5375">
    <p class='ocr_par' dir='ltr' id='par_1_109' title="bbox 2035 5302 2925 5375">
     <span class='ocr_line' id='line_1_109' title="bbox 2035 5302 2925 5375; baseline -0.008 -14"><span class='ocrx_word' id='word_1_751' title='bbox 2035 5302 2235 5362; x_wconf 74' lang='lat' dir='ltr'><strong>timum</strong></span> <span class='ocrx_word' id='word_1_752' title='bbox 2257 5303 2486 5375; x_wconf 87' lang='lat' dir='ltr'><strong>gradum</strong></span> <span class='ocrx_word' id='word_1_753' title='bbox 2512 5302 2777 5357; x_wconf 87' lang='lat' dir='ltr'><strong>obstabat.</strong></span> <span class='ocrx_word' id='word_1_754' title='bbox 2802 5303 2925 5375; x_wconf 81' lang='lat' dir='ltr'><strong>Uss.</strong></span> 
     </span>
    </p>
   </div>
   <div class='ocr_carea' id='block_1_110' title="bbox 2112 5367 3638 5448">
    <p class='ocr_par' dir='ltr' id='par_1_110' title="bbox 2112 5367 3638 5448">
     <span class='ocr_line' id='line_1_110' title="bbox 2112 5367 3638 5448; baseline -0.004 -19"><span class='ocrx_word' id='word_1_755' title='bbox 2112 5367 2293 5442; x_wconf 53' lang='lat'><strong>(1349&quot;)</strong></span> <span class='ocrx_word' id='word_1_756' title='bbox 2326 5374 2562 5448; x_wconf 81' lang='lat' dir='ltr'><strong>Nomina</strong></span> <span class='ocrx_word' id='word_1_757' title='bbox 2585 5389 2783 5448; x_wconf 83' lang='lat' dir='ltr'><strong>eorum</strong></span> <span class='ocrx_word' id='word_1_758' title='bbox 2810 5372 2901 5448; x_wconf 75' lang='lat' dir='ltr'><strong>qui</strong></span> <span class='ocrx_word' id='word_1_759' title='bbox 2942 5367 3150 5448; x_wconf 77' lang='lat' dir='ltr'><strong>synodo</strong></span> <span class='ocrx_word' id='word_1_760' title='bbox 3178 5373 3304 5448; x_wconf 87' lang='lat' dir='ltr'><strong>ant_</strong></span> <span class='ocrx_word' id='word_1_761' title='bbox 3316 5380 3412 5448; x_wconf 86' lang='lat' dir='ltr'><strong>per</strong></span> <span class='ocrx_word' id='word_1_762' title='bbox 3443 5377 3638 5448; x_wconf 43' lang='lat' dir='ltr'><strong>.se_a_ut</strong></span> 
     </span>
    </p>
   </div>
   <div class='ocr_carea' id='block_1_111' title="bbox 2043 5442 3636 5519">
    <p class='ocr_par' dir='ltr' id='par_1_111' title="bbox 2043 5442 3636 5519">
     <span class='ocr_line' id='line_1_111' title="bbox 2043 5442 3636 5519; baseline -0.005 -16"><span class='ocrx_word' id='word_1_763' title='bbox 2043 5464 2139 5519; x_wconf 90' lang='lat' dir='ltr'><strong>per</strong></span> <span class='ocrx_word' id='word_1_764' title='bbox 2162 5448 2367 5518; x_wconf 87' lang='lat' dir='ltr'><strong>legatos</strong></span> <span class='ocrx_word' id='word_1_765' title='bbox 2390 5442 2845 5516; x_wconf 67' lang='lat' dir='ltr'><strong>subscripserunt,</strong></span> <span class='ocrx_word' id='word_1_766' title='bbox 2874 5442 3145 5498; x_wconf 92' lang='lat' dir='ltr'><strong>habentur</strong></span> <span class='ocrx_word' id='word_1_767' title='bbox 3172 5453 3258 5509; x_wconf 90' lang='lat' dir='ltr'><strong>ap.</strong></span> <span class='ocrx_word' id='word_1_768' title='bbox 3282 5442 3457 5495; x_wconf 84' lang='lat' dir='ltr'><strong>Mansi</strong></span> <span class='ocrx_word' id='word_1_769' title='bbox 3499 5442 3636 5509; x_wconf 77' lang='lat' dir='ltr'><strong>XX,</strong></span> 
     </span>
    </p>
   </div>
   <div class='ocr_carea' id='block_1_112' title="bbox 2046 5524 3633 5661">
    <p class='ocr_par' dir='ltr' id='par_1_112' title="bbox 2046 5524 3633 5661">
     <span class='ocr_line' id='line_1_112' title="bbox 2046 5524 3633 5661; baseline -0.008 -14"><span class='ocrx_word' id='word_1_770' title='bbox 2046 5524 2298 5661; x_wconf 56' lang='grc' dir='ltr'><strong>δοῗίθδο)</strong></span> <span class='ocrx_word' id='word_1_771' title='bbox 2346 5588 2685 5646; x_wconf 88' lang='lat' dir='ltr'><strong>Waltramus</strong></span> <span class='ocrx_word' id='word_1_772' title='bbox 2713 5593 2787 5661; x_wconf 91' lang='lat' dir='ltr'><strong>et_</strong></span> <span class='ocrx_word' id='word_1_773' title='bbox 2806 5583 2892 5640; x_wconf 87' lang='lat' dir='ltr'><strong>alii</strong></span> <span class='ocrx_word' id='word_1_774' title='bbox 2932 5578 3178 5661; x_wconf 84' lang='lat' dir='ltr'><strong>nonn_t1lli</strong></span> <span class='ocrx_word' id='word_1_775' title='bbox 3198 5574 3633 5661; x_wconf 62' lang='lat' dir='ltr'><strong>conciliabulum</strong></span> 
     </span>
    </p>
   </div>
   <div class='ocr_carea' id='block_1_113' title="bbox 2044 5651 3636 5731">
    <p class='ocr_par' dir='ltr' id='par_1_113' title="bbox 2044 5651 3636 5731">
     <span class='ocr_line' id='line_1_113' title="bbox 2044 5651 3636 5731; baseline -0.008 -13"><span class='ocrx_word' id='word_1_776' title='bbox 2044 5651 2150 5718; x_wconf 81' lang='lat' dir='ltr'><strong>hoc</strong></span> <span class='ocrx_word' id='word_1_777' title='bbox 2205 5651 2437 5718; x_wconf 84' lang='lat' dir='ltr'><strong>secunda</strong></span> <span class='ocrx_word' id='word_1_778' title='bbox 2482 5658 2826 5717; x_wconf 88' lang='lat' dir='ltr'><strong>hebdomada</strong></span> <span class='ocrx_word' id='word_1_779' title='bbox 2901 5651 3268 5731; x_wconf 71' lang='lat' dir='ltr'><strong>post_Pascha</strong></span> <span class='ocrx_word' id='word_1_780' title='bbox 3313 5655 3476 5731; x_wconf 76' lang='lat' dir='ltr'><strong>d.__29</strong></span> <span class='ocrx_word' id='word_1_781' title='bbox 3506 5656 3636 5731; x_wconf 64' lang='lat' dir='ltr'><strong>Apr;</strong></span> 
     </span>
    </p>
   </div>
   <div class='ocr_carea' id='block_1_114' title="bbox 2052 5721 3637 5803">
    <p class='ocr_par' dir='ltr' id='par_1_114' title="bbox 2052 5721 3637 5803">
     <span class='ocr_line' id='line_1_114' title="bbox 2052 5721 3637 5803; baseline -0.008 -15"><span class='ocrx_word' id='word_1_782' title='bbox 2052 5743 2235 5789; x_wconf 83' lang='lat' dir='ltr'><strong>actum</strong></span> <span class='ocrx_word' id='word_1_783' title='bbox 2264 5735 2466 5788; x_wconf 85' lang='lat' dir='ltr'><strong>volunt.</strong></span> <span class='ocrx_word' id='word_1_784' title='bbox 2496 5732 2627 5803; x_wconf 85' lang='lat' dir='ltr'><strong>Ejus</strong></span> <span class='ocrx_word' id='word_1_785' title='bbox 2657 5721 3105 5803; x_wconf 50' lang='lat' dir='ltr'><strong>Gestaex&#39;variis</strong></span> <span class='ocrx_word' id='word_1_786' title='bbox 3125 5721 3483 5803; x_wconf 63' lang='lat' dir='ltr'><strong>scriptoribus</strong></span> <span class='ocrx_word' id='word_1_787' title='bbox 3526 5721 3637 5777; x_wconf 63' lang='lat' dir='ltr'><strong>‘c‘ol:</strong></span> 
     </span>
    </p>
   </div>
   <div class='ocr_carea' id='block_1_115' title="bbox 2053 5796 3389 5873">
    <p class='ocr_par' dir='ltr' id='par_1_115' title="bbox 2053 5796 3389 5873">
     <span class='ocr_line' id='line_1_115' title="bbox 2053 5796 3389 5873; baseline -0.007 -14"><span class='ocrx_word' id='word_1_788' title='bbox 2053 5806 2186 5861; x_wconf 83' lang='lat' dir='ltr'><strong>lecta</strong></span> <span class='ocrx_word' id='word_1_789' title='bbox 2239 5804 2508 5861; x_wconf 89' lang='lat' dir='ltr'><strong>habentur</strong></span> <span class='ocrx_word' id='word_1_790' title='bbox 2534 5796 2629 5873; x_wconf 70' lang='lat' dir='ltr'><strong>ap.</strong></span> <span class='ocrx_word' id='word_1_791' title='bbox 2663 5796 2839 5858; x_wconf 84' lang='lat' dir='ltr'><strong>Mansi</strong></span> <span class='ocrx_word' id='word_1_792' title='bbox 2888 5797 3024 5865; x_wconf 81' lang='lat' dir='ltr'><strong>XX,-</strong></span> <span class='ocrx_word' id='word_1_793' title='bbox 3082 5800 3204 5852; x_wconf 85' lang='lat'><strong>613.</strong></span> <span class='ocrx_word' id='word_1_794' title='bbox 3259 5796 3389 5852; x_wconf 84' lang='lat' dir='ltr'><strong>Uss.</strong></span> 
     </span>
    </p>
   </div>
  </div>
