4052 6196
323 279 455 333 1393

1227 277 1509 334 APPEND.
1552 279 1639 334 ΙΙΙ.
1679 309 1750 320 -
1786 279 2202 335 MONUMENTA
2238 281 2699 339 GREGORIANA.

3473 296 3609 351 1394

317 402 659 461 venientibus
696 405 949 461 resistere
989 420 1098 460 non
1130 402 1333 469 valens,
1365 403 1433 459 ad
1463 412 1680 477 tempus
1709 406 1789 461 eis
1818 405 1898 460 lo-
1933 408 1985 471 Α
2014 404 2133 476 gnis
2180 405 2432 462 laudibus
2460 407 2679 477 civium,
2711 410 3032 469 clericorum
3073 423 3128 469 et
3153 413 3413 472 laicorum
3445 419 3497 473 in
3526 435 3604 474 se-

312 512 439 552 cum
459 496 628 552 dedit.
654 499 763 569 Ipsi
785 507 967 553 autem
987 498 1332 570 Herbipolim
1352 498 1418 555 ad
1440 498 1772 557 obsidendos
1798 500 1903 555 fau-

310 596 457 645 tores
496 591 735 646 Heinrici
778 600 1173 662 processerunt,
1220 602 1274 647 et
1300 591 1568 665 adjunctis
1599 593 1905 650 Saxonibus

312 682 544 739 eandem
588 685 703 755 sepi
761 684 1256 740 circumdederunt.
1318 686 1548 742 Interim
1608 687 1903 743 Heinricus

312 776 607 834 exercitum
630 778 817 851 viginti
844 778 1053 835 milium
1084 794 1222 850 pene
1251 779 1392 835 inter
1419 780 1628 852 pedites
1658 789 1713 837 et
1748 783 1901 853 equi-

311 880 394 928 tes
439 872 805 945 congregavit,
858 880 915 927 et
965 871 1035 928 ad
1085 872 1364 928 civitatem
1408 873 1742 930 liberandam
1785 875 1903 946 jam

310 966 549 1037 quinque
595 965 916 1037 septimanis
963 966 1247 1022 obsessam
1292 965 1465 1023 aciem
1510 968 1730 1024 direxit.
1781 971 1901 1038 Quo

310 1058 498 1115 audito
526 1058 709 1115 ﬁdeles
735 1060 908 1115 sancti
937 1060 1103 1127 Petri,
1133 1061 1313 1116 soluta
1352 1061 1653 1131 obsidione,
1685 1062 1901 1118 obviam

310 1153 359 1208 ei
386 1152 599 1208 duobus
629 1152 902 1221 miliariis,
950 1170 1059 1209 non
1091 1161 1205 1209 tam
1234 1154 1584 1209 multitudine
1612 1171 1709 1210 sua
1737 1171 1899 1227 quam

310 1245 679 1301 misericordia
726 1245 825 1302 Dei
868 1256 924 1301 et
958 1246 1173 1319 justitia
1220 1248 1396 1303 sancti
1441 1248 1605 1315 Petri,
1636 1264 1749 1303 non
1786 1257 1900 1304 tam

306 1340 479 1395 armis
505 1355 671 1409 quam
714 1340 915 1395 virtute
953 1349 1158 1396 sanctas
1185 1342 1364 1395 crucis
1402 1341 1591 1397 conﬁsi
1622 1357 1899 1411 processe-

306 1440 457 1487 runt.
482 1431 644 1488 Unde
665 1440 721 1488 et
738 1448 958 1489 crucem
983 1433 1306 1489 altissimam
1330 1434 1384 1489 in
1404 1434 1638 1506 quodam
1659 1435 1899 1505 plaustro

307 1534 545 1580 erectam
574 1534 627 1581 et
657 1525 823 1581 rubro
846 1526 1046 1581 vexillo
1076 1526 1389 1582 decoratam
1421 1544 1592 1598 usque
1622 1527 1688 1582 ad
1715 1528 1897 1583 locum

304 1619 618 1675 certaminis
643 1635 829 1675 secum
853 1620 1051 1676 deduci
1079 1618 1345 1676 fecerunt.
1376 1620 1529 1676 Welf
1553 1637 1768 1692 quoque
1790 1621 1895 1677 dux

306 1728 432 1768 cum
475 1729 569 1768 sua
616 1713 846 1785 legione,
896 1722 950 1768 et
993 1712 1497 1786 Magideburgensis
1526 1715 1661 1786 legio
1695 1715 1898 1769 relictis

2013 497 2139 554 dem
2181 515 2337 556 suam
2366 502 2640 567 restituto,
2687 519 3037 577 congruoque
3078 509 3329 578 praesidio
3363 512 3601 567 militum

2014 592 2215 648 civitati
2257 594 2535 666 imposito,
2581 596 2679 668 ipsi
2726 614 2853 654 cum
2899 615 3093 672 magna
3127 601 3298 673 gloria
3341 614 3395 659 et
3437 606 3603 661 letitia

2011 684 2207 756 singuli
2240 688 2298 742 in
2324 703 2422 743 sua
2452 689 2745 745 redierunt.
2777 693 3002 747 Factum
3026 702 3110 748 est
3136 702 3320 751 autem
3347 696 3448 752 hoc
3471 715 3603 768 prae-
3648 758 3651 759 ,

2013 776 2146 832 lium
2178 779 2238 834 in
2262 781 2506 851 sequenti
2549 783 2638 837 die
2679 791 2803 853 post
2843 783 3199 842 festivitatem
3245 790 3417 844 sancti
3462 792 3603 847 Lau-

2013 871 2194 935 rentii,
2240 872 2490 929 videlicet
2518 875 2573 930 in
2603 877 2967 933 anniversaria
3008 878 3117 942 die,
3151 882 3370 950 quando
3401 892 3454 937 et
3499 887 3604 940 He-

2008 978 2306 1019 remannus
2335 981 2428 1020 rex
2455 983 2580 1023 cum
2609 969 2799 1023 Suevis
2826 970 3113 1041 Bajoarios
3140 972 3352 1030 devicit.
3384 978 3497 1046 Ego
3524 977 3602 1020 455

2011 1072 2232 1129 quoque
2261 1060 2396 1129 ipse,
2428 1062 2517 1131 qui
2546 1060 2663 1117 haec
2687 1061 2945 1119 chronica
2980 1080 3010 1119 a
3038 1065 3115 1111 4⁵6
3144 1073 3308 1123 1054⁰
3336 1085 3478 1125 anno
3504 1070 3601 1126 do-

2010 1150 2224 1207 minicae
2252 1152 2643 1209 incarnationis
2679 1154 2957 1227 hucusque
3004 1161 3252 1227 perduxi,
3299 1162 3365 1216 de
3409 1164 3603 1232 praedi-

2011 1250 2099 1298 cto
2136 1245 2324 1314 praalio
2366 1262 2476 1301 non
2505 1256 2619 1302 tam
2647 1248 2882 1303 aliorum
2922 1250 3112 1318 relata,
3146 1269 3309 1323 quam
3339 1271 3461 1325 qua:
3492 1257 3606 1328 ipse

2010 1336 2117 1391 vidi
2166 1347 2219 1392 et
2248 1338 2447 1406 audivi,
2491 1340 2557 1395 ad
2606 1340 2830 1396 laudem
2862 1350 2918 1396 et
2944 1343 3179 1414 gloriam
3229 1347 3325 1401 Dei
3354 1348 3606 1405 ﬁdelibus

2009 1431 2345 1486 annunciare
2396 1435 2578 1488 curavi
2622 1435 2717 1488 457.
2767 1437 3260 1494 Reverentissimus
3328 1441 3498 1496 abbas
3538 1442 3604 1498 de

2007 1523 2138 1578 cella
2168 1525 2339 1579 sancti
2384 1526 2569 1593 Blasii,
2601 1528 2821 1582 nomine
2856 1529 3204 1598 Gisilbertus,
3250 1533 3503 1605 migravit
3534 1534 3603 1589 ad

2012 1618 2312 1673 Dominum
2337 1627 2395 1675 6.
2438 1620 2566 1676 ldus
2590 1622 2870 1689 Octobris,
2894 1623 2981 1677 cui
3012 1624 3329 1680 venerabilis
3356 1630 3467 1683 Uto
3492 1629 3605 1699 eju-

2005 1710 2165 1767 sdem
2210 1715 2526 1770 monasterii
2570 1715 2722 1785 prior
2775 1715 2835 1771 in
2872 1716 3146 1771 abbatiam
3192 1720 3453 1775 successit
3499 1721 3598 1777 457.

305 1804 459 1876 equis
498 1777 704 1877 pedites
750 1777 1472 1879 incedebantv(Aug.v11).
1529 1777 1665 1863 Cum
1711 1817 1894 1863 autem
1932 1777 1978 1839 Β
2008 1805 2331 1862 Chonradus
2374 1777 2826 1881 comes-(1354),
2872 1808 3038 1866 frater
3066 1813 3400 1867 Heremanni
3436 1816 3602 1886 regis,

299 1898 414 1970 jam
447 1899 565 1971 jam
613 1900 954 1971 congressuri
1000 1908 1210 1967 essent,
1242 1916 1433 1957 omnes
1456 1902 1512 1956 in
1537 1909 1744 1957 terram
1772 1918 1896 1972 pro-

303 1992 459 2048 strati
492 1992 671 2048 celum
708 1993 957 2049 oratione
1005 2002 1442 2065 penetraverunt,
1495 2011 1660 2066 quam
1688 2011 1785 2067 pro
1824 1996 1901 2052 eis

303 2085 502 2141 ibidem
549 2086 1022 2143 reverentissimus
1089 2086 1596 2161 Magideburgensis
1632 2088 1896 2159 archiepi-

299 2194 497 2250 scopus
541 2184 743 2247 (1352)
789 2196 917 2236 cum
962 2180 1157 2236 multis
1220 2181 1465 2236 lacrimis
1509 2190 1564 2237 et
1610 2183 1899 2254 gemitibus

299 2271 509 2327 effudit.
546 2273 717 2341 Igitur
747 2273 801 2327 in
828 2274 1053 2329 nomine
1078 2273 1305 2329 Domini
1350 2274 1643 2346 congressi,
1672 2275 1896 2331 incredi-

300 2364 467 2420 bilem
496 2364 740 2421 hostium
770 2374 1008 2438 stragem
1053 2366 1318 2435 fecerunt,
1352 2368 1427 2423 ita
1473 2375 1533 2423 ut
1577 2384 1776 2424 novem
1805 2372 1898 2424 ni-

300 2457 475 2514 mium
532 2458 658 2514 altae
713 2460 993 2531 congeries
1039 2458 1367 2515 cadaverum
1416 2460 1489 2515 ibi
1556 2460 1895 2527 viderentur,

300 2558 497 2620 praeter
530 2552 655 2607 illos
682 2552 776 2623 qui
808 2567 903 2622 per
935 2567 1161 2623 campos
1182 2561 1237 2607 et
1263 2553 1432 2607 silvas
1460 2551 1754 2624 fugitantes
1798 2570 1893 2609 oc-

299 2642 627 2699 cubuerunt.
663 2644 952 2700 Heinricus
982 2653 1168 2700 autem
1204 2644 1261 2699 in
1308 2645 1487 2715 primo
1525 2645 1729 2717 impetu
1762 2663 1895 2702 eon-

301 2735 600 2809 gressionis
645 2737 986 2793 dissimulato
1035 2737 1225 2793 habitu
1254 2738 1464 2808 primus
1506 2739 1646 2794 inter
1686 2739 1895 2810 primos

297 2838 447 2901 terga
490 2836 723 2897 vertens,
770 2831 953 2886 omnia
1015 2832 1207 2886 vexilla
1253 2846 1349 2887 sua
1411 2832 1611 2887 nostris
1657 2832 1894 2888 derelin-

298 2938 496 2994 quens,
536 2938 707 2994 usque
744 2923 813 2979 ad
855 2926 1073 2980 Renum
1120 2924 1249 2979 satis
1278 2926 1576 2980 accelerato
1616 2927 1885 2996 pervenit.

296 3013 406 3071 Sed
448 3014 623 3071 nostri
652 3031 781 3071 eum
812 3017 974 3088 longo
1006 3017 1200 3073 itinere
1230 3017 1485 3085 insecuti,
1511 3017 1732 3073 tandem
1765 3033 1889 3073 ma-

295 3123 459 3180 gnam
486 3108 732 3179 praadam
760 3109 827 3165 de
857 3109 1108 3165 hostibus
1138 3117 1579 3181 reportaverunt.
1613 3110 1785 3181 Ipsius
1813 3110 1884 3156 4⁵³
1913 3129 1959 3193 C

294 3215 425 3256 sane
451 3201 648 3256 scrinia
677 3216 804 3256 cum
838 3202 1177 3257 vestimentis
1206 3202 1500 3271 regalibus,
1533 3202 1671 3257 item
1706 3202 1887 3258 nescio

295 3302 433 3366 quot
472 3294 705 3364 capellas
747 3294 1128 3365 episcoporum
1166 3298 1372 3360 (1353)
1416 3311 1542 3351 cum
1584 3295 1700 3350 aliis
1729 3297 1887 3351 innu-

294 3386 653 3443 merabilibus
679 3387 852 3442 nostri
882 3393 1204 3458 acceperunt
1232 3386 1320 3442 453.
1347 3391 1409 3443 In
1438 3388 1531 3444 illa
1562 3388 1724 3460 igitur
1751 3405 1888 3445 con-

293 3479 570 3551 gressione
636 3488 772 3552 quot
827 3480 973 3535 milia
1028 3479 1461 3536 adversariorum
1512 3481 1884 3553 occubuerint,

294 3570 543 3626 nondum
573 3572 855 3643 explorare
886 3570 1188 3642 potuimus.
1236 3575 1324 3628 Ex
1353 3582 1505 3645 parte
1538 3583 1727 3630 autem
1758 3575 1886 3632 ﬁde-

292 3662 428 3718 lium
458 3665 629 3719 sancti
672 3664 813 3720 Petri
851 3664 1069 3721 nonnisi
1100 3665 1419 3737 quindecim
1459 3666 1708 3723 homines
1737 3685 1884 3725 mor-

293 3762 416 3811 tuos
441 3756 678 3813 invenire
708 3758 1006 3829 potuimus,
1048 3758 1178 3815 licet
1209 3760 1285 3804 ‘54
1315 3759 1730 3831 diligentissime
1760 3778 1883 3833 per-

293 3849 651 3921 quireremus,
683 3860 737 3906 et
765 3851 1009 3923 ipsorum
1050 3852 1368 3924 quindecim
1402 3854 1623 3909 nonnisi
1672 3863 1782 3911 tres
1829 3856 1884 3911 in

294 3942 416 3997 loco
459 3942 770 3998 certaminis
811 3943 1089 4010 obierunt,
1131 3960 1263 3999 nam
1310 3944 1498 4015 reliqui
1543 3945 1747 4017 aliquot
1776 3947 1884 4003 die-

294 4032 395 4089 bus
432 4043 619 4105 postea
649 4034 922 4090 vixerunt.
959 4037 1108 4090 Inter
1137 4044 1385 4092 mortuos
1411 4044 1595 4091 autem
1623 4045 1676 4092 et
1700 4039 1881 4095 vulne-

292 4134 440 4181 ratos
463 4126 681 4182 nonnisi
726 4127 946 4199 triginta
984 4130 1221 4198 reperire
1248 4129 1527 4199 potuimus
1555 4144 1619 4183 ex
1647 4132 1871 4187 nostris.

294 4221 357 4273 Et
389 4219 495 4274 hoc
536 4219 724 4292 utique
752 4220 887 4275 nulli
926 4220 1180 4277 humanae
1226 4222 1438 4287 virtuti,
1469 4230 1553 4276 set
1584 4223 1764 4291 potius
1804 4224 1884 4279 di-

294 4312 431 4368 vina:
460 4312 847 4369 ascribendum
876 4321 978 4381 est,
1011 4329 1141 4369 cum
1192 4313 1377 4369 ﬁdeles
1406 4314 1575 4370 sancti
1604 4315 1747 4370 Petri
1794 4318 1879 4372 vix

290 4403 482 4460 decem
530 4406 679 4461 milia
719 4405 1024 4473 habuerint,
1064 4406 1357 4463 adversarii
1385 4417 1570 4462 autem
1612 4408 1774 4463 etiam
1808 4410 1889 4464 vi-

2008 1906 2090 1953 set
2131 1899 2435 1956 indefessus
2480 1900 2660 1958 fautor
2703 1903 2972 1972 Heinrici,
3016 1904 3071 1959 in
3119 1904 3228 1959 ﬁne
3280 1914 3487 1975 tamen,
3544 1917 3604 1965 ut

2008 1992 2183 2062 aiunt,
2214 1995 2597 2050 reconciliatus
2635 1996 2883 2063 asulesiae,
2933 1997 2993 2052 in
3034 1999 3481 2055 Jerosolimitano
3522 2000 3605 2057 iti-

2007 2100 2136 2141 nere
2165 2086 2300 2141 obiit
2329 2088 2423 2140 453.
2458 2090 2660 2143 Beatus
2691 2091 3003 2159 Anselmus,
3030 2092 3311 2163 quondam
3342 2095 3604 2151 Lucensis

1970 2246 1973 2250 Α
2007 2178 2312 2249 episcopus,
2345 2182 2465 2251 ipso
2503 2181 2697 2237 eodem
2725 2183 3082 2253 depositionis
3126 2201 3239 2241 sua:
3267 2202 3409 2241 anno
3440 2187 3602 2243 innu-

2005 2272 2358 2327 merabilibus
2390 2274 2660 2329 miraculis
2713 2277 2859 2346 cepit
2903 2292 3186 2333 coruscare
3233 2285 3456 2349 (1355),
3509 2283 3600 2352 qui

2004 2373 2128 2434 post
2157 2365 2370 2421 obitum
2414 2367 2733 2423 venerabilis
2776 2385 2929 2440 papae
2974 2370 3226 2441 Gregorii
3270 2374 3367 2427 VII
3419 2374 3603 2429 ﬁdeles

2003 2458 2178 2512 sancti
2215 2460 2357 2515 Petri
2418 2468 2605 2515 contra
2650 2461 2981 2517 tirannidem
3038 2462 3275 2518 Heinrici
3320 2463 3498 2520 adhuc
3546 2466 3600 2520 in

2003 2565 2165 2605 carne
2199 2550 2386 2607 vivens
2416 2554 2652 2608 multum
2685 2553 2949 2622 incitavit,
2998 2563 3081 2610 set
3109 2556 3283 2611 multo
3326 2557 3447 2627 plus
3477 2567 3599 2628 post

2000 2641 2216 2697 obitum
2263 2659 2423 2698 suum
2466 2645 2746 2701 miraculis
2799 2662 3094 2703 coruscans
3139 2649 3359 2705 eosdem
3403 2660 3598 2707 contra

2000 2734 2234 2791 eundem
2256 2737 2545 2806 persistere
2570 2737 2916 2793 confortavit.
2941 2739 3103 2795 Unde
3129 2750 3183 2796 et
3206 2757 3331 2811 pars
3359 2744 3597 2800 Heinrici

1997 2828 2066 2884 de
2090 2828 2178 2883 die
2206 2829 2259 2883 in
2302 2828 2449 2883 diem
2480 2830 2619 2902 cepit
2648 2830 2901 2899 deﬁcere,
2932 2832 3187 2888 catholici
3225 2842 3411 2889 autem
3442 2836 3498 2891 in
3530 2838 3595 2892 ﬁ-

1996 2921 2215 2977 delitate
2286 2925 2461 2978 sancti
2520 2923 2664 2979 Petri
2728 2940 2837 2979 non
2897 2935 3248 2981 cessaverunt
3304 2928 3590 2997 proﬁcere.

1998 3014 2290 3070 Heinricus
2307 3024 2491 3070 tamen
2511 3015 2588 3061 4⁵⁸
2616 3032 2783 3087 prope
2806 3017 3145 3073 nativitatem
3166 3021 3395 3075 Domini
3418 3023 3593 3093 quod-

1995 3106 2122 3162 dam
2162 3108 2444 3163 castellum
2475 3109 2527 3163 in
2557 3110 2863 3181 Bajowaria
2894 3110 3108 3167 obsedit
3149 3116 3365 3179 (Dec.).
3417 3123 3493 3184 et,
3532 3125 3593 3170 ut

1997 3200 2168 3265 aiunt,
2219 3201 2275 3255 in
2316 3202 2507 3257 eadem
2554 3202 2837 3258 obsidione
2878 3204 3115 3259 natalem
3161 3205 3384 3261 Domini
3417 3208 3591 3263 voluit

1994 3292 2284 3348 celebrare.
2305 3294 2427 3362 Quo
2454 3293 2663 3361 audito,
2696 3294 2851 3349 Welf
2865 3303 2918 3350 et
2944 3296 3268 3353 Berthaldus
3289 3298 3453 3355 duces
3478 3317 3589 3357 non

1997 3401 2124 3442 cum
2154 3402 2353 3457 magna
2382 3386 2731 3442 multitudine
2769 3389 3071 3444 Suevorum
3120 3398 3175 3445 et
3203 3391 3588 3463 Bajoariorum

1994 3479 2283 3551 derepente
2310 3480 2771 3550 supervenientes,
2815 3481 2883 3536 de
2925 3481 3205 3539 obsidione
3246 3499 3373 3540 eum
3415 3486 3585 3542 disce-

1994 3572 2119 3629 dere
2146 3588 2256 3628 non
2284 3573 2671 3643 permiserunt,
2705 3574 2809 3629 nisi
2840 3574 2987 3645 prius
3025 3575 3103 3625 459
3135 3586 3354 3648 accepta
3378 3579 3584 3635 securi-

1994 3674 2106 3722 tate
2130 3665 2197 3721 ab
2220 3666 2338 3739 ejus
2366 3666 2713 3737 principibus,
2755 3675 2816 3721 ut
2854 3668 3188 3740 colloquium
3224 3669 3338 3725 fieri
3368 3672 3586 3742 permit-

1993 3767 2153 3827 teret,
2182 3760 2235 3814 in
2278 3775 2389 3831 quo
2427 3758 2639 3814 diutina
2670 3760 2821 3831 regni
2852 3760 3127 3816 discordia
3163 3777 3385 3833 quoquo
3417 3764 3582 3821 modo

1992 3852 2213 3907 tandem
2259 3852 2517 3907 idoneum
2569 3852 2733 3911 ﬁnem
2780 3855 3026 3923 accipere
3074 3865 3275 3923 posset.
3346 3862 3583 3928 Accepta

1994 3944 2158 4017 igitur
2204 3945 2513 4011 securitate,
2580 3945 2763 4002 locum
2826 3947 2877 4002 ei
2920 3961 3051 4001 cum
3095 3962 3227 4016 pace
3270 3947 3579 4006 discedendi

1991 4046 2407 4105 concesserunt;
2445 4038 2629 4110 sicque
2664 4040 2779 4109 ipse
2801 4039 2860 4093 in
2898 4039 3013 4109 ipsa
3040 4037 3213 4110 vigilia
3250 4040 3441 4096 natalis
3469 4046 3579 4097 Do-

1994 4130 2124 4185 mini
2165 4132 2480 4200 compulsus
2509 4139 2611 4198 est,
2650 4138 2708 4185 ut
2750 4130 2946 4186 festum
2976 4146 3136 4185 suum
3165 4131 3292 4186 alibi
3340 4133 3579 4209 celebras

1991 4232 2091 4278 ret.
2160 4227 2338 4278 Duces
2404 4232 2588 4277 autem
2648 4224 2716 4279 ad
2768 4238 2865 4278 sua
2933 4238 3058 4278 cum
3105 4239 3237 4293 pace
3290 4232 3346 4279 et
3408 4223 3582 4281 leticia

1990 4316 2221 4381 rediere,
2278 4315 2571 4385 statimque
2640 4330 2766 4369 cum
2826 4315 3050 4385 reliquis
3112 4317 3259 4385 regni
3330 4316 3581 4387 principi-

1996 4408 2095 4463 bus
2116 4407 2560 4479 praedestinatum
2581 4407 2914 4478 colloquium
2936 4407 3003 4461 ad
3027 4407 3325 4476 Opinheim
3350 4409 3405 4463 in
3426 4412 3580 4464 tertia

288 4498 423 4570 ginti
456 4498 603 4554 milia
634 4499 927 4555 excessisse
968 4499 1293 4557 referantur.
1345 4502 1532 4572 Itaque
1573 4502 1745 4556 nostri
1792 4519 1887 4575 per
1914 4500 1964 4563 D
1999 4500 2295 4557 ebdomada
2352 4499 2781 4571 quadragesimae
2844 4499 3213 4555 communiter
3273 4500 3577 4557 condixere.

292 4591 392 4647 Dei
433 4592 860 4648 misericordiam
894 4593 1120 4648 victoria
1162 4594 1342 4665 potiti,
1388 4594 1444 4648 in
1486 4610 1681 4665 campo
1709 4603 1885 4651 certa-

290 4683 454 4740 minis
480 4701 540 4740 ea
572 4693 739 4740 nocte
766 4694 945 4741 castra
988 4686 1175 4741 metati
1208 4695 1357 4754 sunt,
1406 4694 1460 4741 et
1504 4686 1559 4741 in
1588 4690 1889 4744 crastinum

289 4775 360 4833 ad
400 4776 742 4833 obsidionem
784 4778 937 4833 urbis
976 4780 1199 4849 reversi,
1224 4779 1426 4851 absque
1454 4782 1721 4851 sanguine
1766 4797 1888 4836 eam

290 4879 575 4943 ceperunt.
616 4870 827 4927 Deinde
852 4871 1297 4943 Wirceburgensi
1334 4872 1586 4944 episcopo
1611 4889 1740 4929 cum
1774 4890 1891 4929 ma-

2585 4596 2639 4648 M
2648 4594 2981 4648 LXXXVII.

2076 4691 2457 4743 Heremannus
2484 4702 2581 4741 rex
2610 4686 2941 4741 nativitatem
2973 4685 3190 4741 Domini
3220 4687 3463 4745 Saxoniaa
3492 4705 3577 4745 ce-

2000 4780 2242 4834 lebravit.
2276 4776 2599 4834 Berthaldus
2621 4792 2809 4833 comes
2844 4777 3055 4847 (1356),
3082 4780 3253 4835 sancti
3274 4782 3417 4837 Petri
3442 4781 3579 4838 ﬁde-

1999 4872 2240 4928 lissimus
2277 4872 2427 4926 miles
2449 4911 2463 4937 ,
2499 4879 2683 4926 contra
2716 4871 3051 4926 scismaticos
3094 4874 3469 4931 strenuissime
3506 4874 3581 4931 di-

1573 4972 1822 5026 VARl/E
1859 4969 2267 5025 LECTIONES.

362 5066 655 5150 453.1psius
692 5082 855 5150 usque
880 5075 1207 5150 acceperunt
1224 5068 1523 5150 defuat}.
1772 5067 1829 5122 d.
1857 5085 1907 5139 p.
2105 5073 2228 5150 post
2250 5066 2529 5150 explorare
2554 5066 2832 5150 potuimus
2854 5069 2973 5150 jam
2994 5069 3209 5150 legitur.
3242 5068 3362 5150 ,βεῆ
3382 5070 3575 5150 βεστ-

289 5131 560 5194 abbatiain
597 5131 856 5193 successit
879 5131 1071 5192 desunt
1100 5143 1152 5192 2.
1228 5139 1302 5183 4³6
1326 5142 1427 5193 M°.
1452 5142 1546 5194 L°.
1593 5142 1724 5193 Illl°
1755 5131 1897 5194 ann'o
1922 5131 2280 5196 (Tﬁicaeincar.
2306 5131 2363 5193 in
2393 5140 2499 5193 loco
2524 5131 2666 5206 roso,
2693 5131 3074 5194 litera'mino-r'i
3104 5146 3151 5194 1.

1527 5224 1656 5280 rope
1681 5217 1731 5265 2.
1780 5211 1956 5265 media
1975 5213 2187 5267 desunt.
2266 5210 2341 5259 459
2371 5217 2589 5281 accepta
2617 5209 2738 5265 evid
2761 5209 3103 5279 (entissime)
3136 5226 3189 5263 a.
3224 5214 3380 5264 1089.
3409 5211 3585 5277 (infra

288 5214 521 5279 tempore
548 5211 729 5280 pergit
754 5217 801 5265 1.
876 5209 955 5251 458
978 5209 1138 5264 obiit.
1168 5208 1454 5264 Heinricus

278 5296 410 5350 pag.
444 5286 569 5337 449.
599 5282 700 5335 lin.
738 5283 856 5345 34.)
886 5281 1018 5347 folio
1048 5282 1225 5335 exciso
1248 5283 1307 5335 in
1331 5280 1435 5335 4’".
1463 5280 1678 5336 desunt.

3232 5139 3308 5189 457
3332 5140 3453 5193 hinc
3480 5140 3585 5193 alio

1839 5364 1883 5416 Ν
1890 5362 2064 5417 ΟΤᾹΞ.

364 5454 567 5517 (1352)
616 5448 948 5521 Hartwigus.

365 5525 569 5586 (1353)
597 5522 828 5591 Capella:
848 5520 982 5575 sunt
1009 5520 1336 5591 vestimenta
1360 5535 1423 5575 ac
1449 5535 1583 5591 vasa
1606 5535 1759 5576 sacra
1791 5535 1885 5576 re-

292 5591 479 5663 liquiaa
507 5590 847 5658 sanctarum,
886 5592 1101 5662 aliaque
1142 5590 1211 5646 ad
1238 5592 1502 5646 sollemne
1528 5590 1767 5647 ofﬁcium
1805 5591 1884 5647 di-

292 5663 484 5717 vinum
509 5663 831 5718 necessaria.
859 5664 989 5718 Uss.

365 5737 385 5799 (
409 5738 577 5799 1354)
620 5732 1114 5802 Luxemburgicus.
1151 5735 1280 5789 Uss.

361 5804 566 5873 (1355)
606 5803 745 5858 Vide
791 5804 908 5874 ejus
954 5804 1130 5858 Vitam
1160 5801 1301 5874 apud
1334 5802 1537 5859 Mabill.
1596 5805 1735 5860 Saec.
1786 5804 1884 5859 VI.

2036 5494 2046 5504 .
2076 5463 2147 5515 II,
2181 5463 2231 5517 p.
2267 5452 2388 5503 483.
2416 5451 2546 5505 Uss.

1994 5465 2046 5517 ρ’
2065 5465 2247 5585 (Ῑῖξδξ
2264 5465 2546 5584 ῗῐξέὶιὲδδεεέ
2569 5534 2755 5573 comes
2778 5515 3197 5586 Durgaugensis,
3219 5524 3409 5575 contra
3428 5520 3593 5576 Udal-

1992 5589 2307 5661 ricumilll,
2357 5591 2408 5645 S.
2441 5590 2582 5646 Galli
2629 5589 2883 5643 abbatem
2922 5587 3175 5661 _Heinrici
3216 5589 3358 5661 regis
3401 5593 3597 5661 acerri-

1997 5677 2151 5714 mum
2174 5660 2513 5715 defensorem
2544 5673 2813 5730 pugnans,
2844 5657 2936 5725 qui
2967 5671 3030 5710 eo
3055 5657 3304 5729 tempore
3327 5660 3383 5713 in
3408 5660 3593 5716 odium

1996 5731 2272 5786 Bertholdi
2322 5731 2657 5786 marchionis
2685 5736 2861 5783 totum
2925 5742 3126 5799 pagum
3178 5732 3450 5800 Durgowe
3496 5734 3596 5786 cir-

1997 5803 2184 5857 cuiens
2225 5800 2543 5858 devastavit.
2575 5802 2705 5856 Uss.
2774 5866 2777 5869 _
