4052 6196
552 214 686 269 1395
1550 211 1641 265 ΑΙ)
1679 210 1902 267 OPERA
1938 211 1995 267 S.
2038 210 2357 268 GREGORII
2392 210 2824 267 APPENDICES.
3640 221 3730 274 [398

548 338 755 396 micans
792 337 1065 395 occubuit.
1118 334 1343 390 Interim
1398 324 1688 391 Heinricus
1729 336 1878 392 omni
1925 337 2137 409 ingenio
2164 342 2218 405 Α
2248 338 2355 405 nis,
2401 352 2528 393 cum
2574 337 2788 409 quantis
2834 343 3071 407 possent,
3120 336 3334 393 obviam
3364 339 3515 397 ituros
3540 343 3730 399 condire.

548 441 605 490 et
631 433 791 498 dolo,
838 430 963 503 quia
1007 428 1083 473 45°
1124 428 1175 483 vi
1212 443 1326 484 non
1372 428 1580 499 potuit,
1618 429 1939 501 praedictum
1981 431 2145 488 collo—
2254 436 2399 487 runt.
2430 434 2493 487 In
2524 429 2783 502 praedicto
2824 430 3095 501 colloquio
3123 431 3291 488 literae
3332 431 3656 506 domnipapae
3681 454 3733 492 re-

524 527 737 600 .quium
760 541 829 581 ne
857 524 1010 579 ﬁeret
1038 521 1257 579 efﬁcere
1281 523 1479 589 voluit;
1524 531 1604 579 set
1627 523 1815 581 ﬁdeles
1846 526 2021 580 sancti
2048 528 2144 582 Pe-
2251 527 2431 582 citataa
2456 533 2602 592 sunt,
2635 524 2690 579 in
2719 524 2915 595 quibus
2941 532 2995 579 et
3017 540 3171 580 suam
3208 527 3574 596 promotioncm
3600 531 3735 601 princi-

546 622 620 679 tri
650 620 741 676 illo
769 618 1008 686 nolente,
1033 616 1206 672 immo
1231 615 1308 672 eis
1336 616 1635 688 periculum
1664 618 1789 674 belli
1818 620 2135 689 intentante,
2251 622 2404 693 pibus
2433 619 2586 692 regni
2628 618 2996 685 denunciavit,
3025 626 3080 674 et
3114 618 3380 689 judicium
3406 621 3481 676 sui
3507 632 3736 679 antecesso-

546 713 618 771 ad
643 711 963 773 condictum
1004 710 1303 767 terminum
1340 726 1632 782 pervenere
1662 713 1820 779 (Feb.
1852 718 1988 780 ean).
2018 715 2140 784 Ipse
2250 716 2325 771 ris
2353 716 2457 788 piae
2485 712 2560 758 4⁵³
2582 712 2862 769 memoriae
2882 711 3131 784 Gregorii
3153 728 3306 784 papa:
3330 729 3479 786 super
3496 716 3738 773 Heinricum

546 822 673 864 vero
715 806 993 880 justiciam
1031 805 1192 861 solito
1234 819 1388 861 more
1425 805 1846 878 subterfugiens,
1878 814 1931 862 et
1972 806 2136 863 ratio-
2246 818 2301 866 et
2346 808 2591 866 fautores
2625 808 2739 879 ejus
2776 807 3113 878 apertissime
3159 806 3501 863 conﬁrmavit.
3538 810 3738 865 Ietislaus

544 901 710 963 nabili
761 900 927 957 etiam
967 898 1192 956 consilio
1234 914 1466 955 suorum
1511 900 1853 972 acquiescere
1915 901 2133 969 nolens,
2244 921 2337 961 rex
2361 906 2711 976 Ungarorum
2732 902 2895 958 missa
2915 901 3183 972 legatione
3211 900 3278 956 ad
3304 900 3438 957 idem
3460 902 3739 975 colloquium,

542 996 730 1053 adesse
758 1002 812 1053 et
835 994 1191 1065 contempsit;
1218 994 1360 1050 unde
1386 1002 1441 1050 et
1471 1010 1661 1051 omnes
1689 1011 1828 1068 pene
1858 1011 1987 1052 suos
2006 1011 2133 1052 con-
2244 1015 2303 1055 se
2338 999 2391 1054 in
2420 997 2681 1054 fidelitate
2709 996 2885 1052 sancti
2918 996 3063 1052 Petri
3091 1004 3534 1065 perseveraturum
3559 997 3738 1052 declara-

539 1100 625 1149 tra
652 1106 711 1147 se
742 1104 1109 1153 murmurare,
1138 1097 1192 1144 et
1228 1088 1522 1144 nonnullos
1551 1104 1745 1146 eorum
1771 1090 1839 1145 ab
1871 1106 1935 1146 eo
1964 1090 2136 1147 disce-
2246 1094 2343 1161 vlt,
2376 1102 2430 1149 et
2459 1091 2703 1147 ﬁdelibus
2740 1089 2915 1149 sancti
2944 1089 3087 1145 Petri
3119 1089 3196 1132 454
3228 1105 3349 1144 cum
3383 1090 3547 1162 viginti
3579 1090 3741 1147 milibus

538 1184 667 1241 dere
714 1183 860 1252 fecit,
891 1184 1060 1239 nostri
1091 1191 1277 1238 autem
1319 1198 1447 1237 cum
1479 1199 1609 1254 pace
1647 1183 1715 1239 ad
1744 1200 1841 1239 sua
1886 1184 2123 1240 rediere.
2243 1187 2488 1260 equitum
2530 1194 2719 1241 contra
2764 1184 3102 1240 seismaticos
3169 1200 3224 1239 se
3273 1183 3568 1249 affuturum,
3606 1185 3640 1238 si
3672 1201 3742 1240 ne-

535 1278 643 1335 Sed
691 1278 926 1333 necdum
970 1275 1124 1333 sedes
1170 1274 1470 1351 apostolica
1513 1276 1812 1348 legitimum
1859 1285 2133 1348 pastorem
2246 1297 2397 1338 cesse
2426 1279 2589 1345 foret,
2623 1279 2892 1351 promisit.
2938 1278 3013 1323 ⁴⁶⁵
3058 1277 3322 1335 Prmdicta
3350 1287 3515 1333 tamen
3540 1278 3741 1349 expeditio

537 1374 740 1430 habere
784 1373 986 1445 potuit,
1029 1386 1095 1427 eo
1126 1370 1274 1443 quod
1304 1369 1605 1427 Guibertus
1653 1374 1937 1427 Ravennas
1979 1372 2133 1428 here-
2246 1376 2503 1446 utrinque
2555 1372 2623 1429 ad
2691 1373 2841 1429 illum
2897 1373 3192 1429 terminum
3242 1373 3503 1427 remansit.
3549 1372 3740 1427 Salomon

535 1467 743 1529 siarcha
775 1469 1026 1540 perjurus
1068 1474 1121 1522 et
1164 1464 1653 1523 anathematizatus
1689 1466 1919 1522 eandem
1948 1466 2133 1522 sedem
2243 1468 2524 1541 quondam
2544 1484 2641 1523 rex
2673 1470 3048 1539 Ungarorum,
3080 1455 3286 1523 scilicet
3306 1465 3374 1511 46⁸
3395 1481 3423 1520 a
3450 1466 3646 1521 Latislao
3663 1466 3741 1536 jam
3780 1520 3787 1525 .

536 1562 772 1624 factione
804 1560 1045 1619 Heinrici
1072 1560 1192 1633 jam
1236 1567 1363 1617 octo
1414 1560 1571 1616 annis
1617 1560 1971 1617 infestaverit.
2020 1561 2135 1617 Etsi
2245 1562 2457 1619 dudum
2486 1578 2657 1634 regno
2688 1562 2928 1633 privatus
2957 1570 3011 1617 et
3050 1560 3106 1617 in
3132 1561 3625 1631 exiliumexpulsus,
3647 1560 3740 1615 dum

538 1658 688 1716 enim
718 1657 835 1731 ipse
863 1655 1012 1713 illam
1037 1670 1166 1712 cum
1195 1670 1325 1727 pace
1371 1654 1677 1727 nequiverit
1704 1654 1970 1722 obtinere,
2002 1654 2135 1710 adeo
2248 1657 2509 1730 quiddam
2553 1655 2763 1712 fortiter
2790 1663 2979 1711 contra
3027 1671 3215 1727 regem
3246 1655 3524 1710 Grecorum
3561 1653 3740 1719 molitur,

534 1762 725 1810 tamen
754 1765 855 1825 per
879 1765 1081 1823 organa
1120 1748 1319 1805 diaboli
1345 1748 1651 1822 praevaluit,
1683 1756 1743 1804 ut
1777 1749 1893 1821 jam
1919 1748 2135 1805 biennio
2168 1744 2215 1809 B
2247 1761 2371 1824 post
2403 1749 2781 1808 incredibilem
2812 1748 3057 1806 hostium
3086 1757 3326 1821 stragem
3367 1757 3416 1803 et
3442 1749 3542 1818 ipse
3581 1746 3742 1801 viriliter

533 1847 691 1906 sedes
731 1845 1026 1919 apostolica
1065 1844 1321 1917 pastorali
1353 1843 1748 1916 gubernatione
1783 1844 2019 1900 caruerit
2039 1842 2139 1890 45h
2255 1846 2532 1902 occubuit.
2581 1843 2793 1900 Eodem
2834 1859 3049 1916 quoque
3090 1852 3334 1915 tempore
3369 1841 3562 1915 quidam
3586 1839 3744 1895 scisma-

530 1942 694 1999 Unde
718 1957 846 2002 cum
873 1956 1065 1997 omnes
1094 1938 1349 1995 catholici
1383 1939 1581 1995 merito
1607 1938 1879 2007 dolerent,
1910 1938 2139 1994 tandem
2249 1941 2411 2008 ticus,
2442 1939 2532 2011 qui
2560 1938 2936 1996 Pataviensem
2973 1936 3365 2009 episcopatum,
3412 1937 3589 1990 vivente
3620 1934 3741 1989 adhuc

533 2045 738 2093 sancta:
783 2039 1051 2093 Romanae
1089 2034 1316 2091 ecclesiae
1364 2032 1663 2089 cardinales
1688 2032 1947 2105 episcopi,
1980 2041 2033 2089 et
2059 2047 2142 2087 re-
2249 2035 2493 2103 legitimo
2512 2041 2747 2106 pastore,
2770 2033 2890 2102 jam
2922 2031 3134 2088 dudum
3164 2031 3395 2101 invasit(
3418 2033 3586 2096 i358),
3611 2027 3657 2083 de
3672 2027 3741 2081 hac

535 2131 669 2204 liqui
712 2130 963 2186 catholici
997 2129 1066 2185 de
1095 2128 1243 2185 clero
1274 2136 1329 2184 et
1359 2127 1563 2198 populo
1608 2142 1737 2181 cum
1768 2126 1969 2181 auxilio
1996 2128 2137 2183 Nor-
2250 2128 2355 2182 vita
2408 2126 2695 2183 discedens
2739 2125 2813 2169 45"
2865 2126 3237 2182 certissimum
3295 2140 3402 2182 sum
3463 2122 3739 2180 damnationis

536 2240 869 2281 mannorum
891 2222 1260 2290 Desiderium,
1294 2220 1539 2292 ejusdem
1562 2219 1787 2303 aaclesiae
1812 2218 2137 2274 cardinalem
2248 2222 2558 2292 exemplum
2588 2222 2811 2293 reliquis
2843 2220 3170 2276 scismaticis
3194 2218 3484 2291 dereliquit.
3514 2219 3623 2272 Cum
3645 2215 3744 2269 enim

537 2326 594 2373 et
636 2316 971 2373 Cassinensis
1007 2313 1326 2370 monasterii
1371 2313 1656 2380 abbatem,
1688 2328 1885 2384 papam
1934 2317 2138 2368 160Illum
2238 2315 2359 2387 jam
2390 2316 2446 2371 in
2493 2316 2748 2371 extremis
2790 2315 3009 2388 iaceret,
3037 2330 3209 2387 seque
3236 2314 3303 2370 ad
3329 2322 3560 2371 aeternam
3581 2310 3744 2366 damna-

536 2410 952 2476 ordinaverunt,
999 2409 1157 2479 eique
1198 2404 1349 2462 tercii
1395 2405 1634 2462 Victoris
1676 2420 1884 2461 nomen
1928 2405 2139 2462 indide-
2246 2410 2451 2468 tionem
2479 2410 2599 2487 jam
2639 2409 2754 2481 jam
2797 2409 3074 2465 abiturum
3114 2424 3231 2465 non
3273 2408 3538 2474 dubitaret,
3569 2402 3745 2476 apparuit

538 2512 701 2572 runt;
729 2504 818 2575 qui
850 2501 1037 2559 statim
1058 2509 1182 2573 post
1206 2500 1525 2556 electionem
1546 2515 1707 2556 suam
1735 2500 1921 2556 missis
1946 2516 2139 2572 usque-
2246 2502 2295 2559 ei
2326 2502 2573 2575 ejusdem
2615 2503 2841 2560 ecclesiae
2877 2504 3192 2575 episcopus,
3236 2511 3297 2559 ut
3346 2510 3485 2558 tanto
3525 2496 3746 2555 evidentius

535 2612 749 2671 quaque
793 2596 961 2652 literis
992 2610 1049 2650 se
1087 2594 1242 2666 juxta
1289 2592 1513 2650 decreta
1555 2602 1874 2649 sanctorum
1919 2602 2135 2665 patrum
2247 2597 2467 2667 culpam
2512 2596 2694 2664 sciret,
2744 2612 2909 2667 quam
2969 2596 3113 2668 apud
3168 2596 3366 2652 inferos
3413 2596 3540 2650 luere
3578 2591 3746 2647 deberet

538 2691 833 2749 declaravit
876 2690 1235 2746 incessurum.
1268 2687 1545 2744 Judicium
1594 2703 1812 2759 quoque
1855 2688 1940 2743 sui
1985 2695 2137 2743 ante-
2249 2692 2486 2763 Rogavit
2539 2699 2729 2746 tamen
2758 2706 2885 2746 eum
2928 2698 2991 2746 ut
3034 2691 3083 2746 ei
3144 2692 3358 2763 culpam
3404 2688 3668 2759 indulgeret,
3696 2684 3749 2752 ip-

539 2785 772 2843 eessoris
800 2784 904 2855 piae
932 2783 1216 2839 memoria)
1245 2780 1499 2853 Gregorii
1528 2796 1685 2852 papa
1717 2796 1881 2852 super
1909 2781 2134 2836 Heinri-
2249 2800 2481 2857 sumque
2535 2784 2602 2839 ab
2658 2784 3240 2840 excommunicatione
3297 2783 3523 2838 solveret.
3578 2776 3751 2848 Rogavit

537 2895 667 2937 cum
695 2888 749 2933 et
788 2892 987 2934 omnes
1030 2876 1145 2947 ejus
1172 2875 1418 2931 fautores
1448 2865 1809 2930 conﬁrmavit.
1843 2876 2143 2930 Consecra-
2200 2904 2215 2913 ο
2252 2894 2471 2949 quoque
2512 2878 2959 2934 circumastantes
2986 2887 3047 2934 ut
3076 2894 3215 2933 eum
3261 2876 3328 2933 de
3373 2878 3638 2947 episcopatu
3669 2883 3751 2925 eve-

544 2981 632 3029 tus
653 2980 737 3029 est
755 2979 941 3033 autem
967 2977 1201 3025 exeunte
1229 2968 1377 3024 Maio
1402 2984 1591 3026 mense
1621 2972 1791 3032 (1357
1810 2973 1827 3034 )
1849 2967 1993 3040 apud
2019 2969 2147 3022 San-
2255 2972 2471 3040 herent,
2510 2988 2614 3027 nec
2643 2987 2769 3026 eum
2800 2972 2855 3026 in
2884 2973 3212 3043 episcopatu
3262 2970 3538 3042 sepelirent.
3562 2964 3646 3021 Sed
3668 2962 3749 3017 hac

543 3074 695 3125 ctum
772 3066 995 3124 Petrum
1069 3079 1099 3118 a
1154 3060 1523 3117 cardinalibus
1592 3061 1863 3132 episcopis
1944 3063 2148 3117 Ottone
2256 3064 2418 3120 verba
2490 3063 2790 3120 astantibus
2850 3065 3004 3137 quasi
3068 3064 3430 3121 deliramenta
3495 3059 3752 3116 videbantur.

542 3158 812 3225 Ostiense,
845 3164 899 3213 et
938 3158 1103 3212 Petro
1140 3155 1452 3213 Albanense
1480 3169 1607 3211 cum
1636 3153 1859 3225 reliquis
1890 3152 2140 3210 cardina-
2178 3141 2221 3205 C
2250 3160 2372 3229 Ipse
2418 3165 2601 3214 autem
2667 3158 2737 3212 se‘
2770 3172 2916 3214 sanae
2977 3158 3193 3214 mentis
3260 3164 3573 3230 protestatus,
3614 3147 3750 3204 itidem

543 3253 701 3313 libus.
732 3250 1032 3307 Guibertus
1060 3264 1187 3305 vero
1234 3247 1579 3306 heresiarcha
1606 3264 1721 3304 non
1750 3247 1926 3320 magis
1953 3248 2020 3309 ab
2050 3248 2136 3304 in-
2243 3253 2478 3323 rogitare
2504 3266 2617 3306 non
2634 3250 2898 3318 cessavit;
2925 3259 3008 3307 set
3027 3252 3315 3308 incassum
3341 3272 3354 3319 ;
3381 3266 3499 3306 nam
3525 3253 3617 3301 ante
3635 3240 3747 3297 acle-

544 3354 697 3420 cepta
726 3344 1076 3417 perversitate
1103 3343 1376 3409 caassaVit,
1420 3342 1595 3399 immo
1623 3358 1682 3398 se
1713 3341 1857 3414 apud
1881 3343 2138 3399 Sanctam
2244 3345 2517 3403 siasticam
2547 3344 2960 3401 absolutionem
3004 3355 3191 3402 morte
3228 3352 3515 3419 praeventus
3536 3347 3615 3395 est.
3639 3337 3740 3391 Non-

544 3440 775 3499 Mariam
805 3437 873 3497 ad
899 3437 1171 3504 Martires,
1204 3452 1371 3509 quam
1400 3434 1723 3493 Rotundam
1751 3434 1961 3504 dicunt,
1993 3435 2140 3491 inca~
2246 3439 2383 3496 nulli
2428 3447 2618 3495 tamen
2665 3437 2758 3510 qui
2810 3446 2927 3494 tam
2994 3439 3320 3509 periculosae
3371 3436 3514 3494 morti
3566 3426 3745 3503 ejusdem

544 3534 794 3594 stellavit.
840 3536 1096 3588 Domnus
1136 3546 1275 3604 papa
1303 3539 1487 3587 autem
1518 3530 1576 3586 in
1619 3528 1851 3586 insulam
1881 3545 2007 3602 quae
2055 3529 2143 3585 in-
2246 3532 2544 3591 scismatici
2581 3531 2825 3599 aderant,
2870 3534 3193 3604 compuncti
3238 3541 3389 3599 sunt;
3433 3530 3516 3601 qui
3552 3534 3595 3581 et
3616 3530 3749 3595 postea

545 3636 629 3689 ter
657 3628 797 3684 duos
825 3634 1021 3698 pontes
1063 3625 1167 3682 sita
1214 3633 1297 3681 est
1340 3640 1399 3681 se
1440 3623 1662 3695 recepit.
1700 3623 1981 3697 Principes
2009 3639 2144 3696 quo-
2251 3627 2319 3685 ad
2348 3626 2655 3699 legitimum
2698 3634 2974 3698 pastorem
3003 3625 3323 3693 redeuntes,
3372 3624 3554 3679 veniam
3576 3626 3618 3673 et
3639 3614 3751 3670 abso-

550 3736 656 3792 que
699 3719 851 3791 regni
878 3720 1323 3786 Teutonicorum,
1358 3718 1542 3775 ﬁdeles
1573 3718 1799 3791 inquam
1840 3719 2015 3775 sancti
2045 3721 2147 3775 Pe-
2253 3722 2524 3778 lutionem
2548 3719 2825 3776 consecuti
2855 3726 2983 3776 sunt
3013 3718 3103 3774 ‘5‘.
3134 3724 3335 3776 Romae
3363 3717 3531 3772 Victor
3554 3725 3658 3783 papa
3671 3706 3750 3778 jam

550 3814 643 3879 tri,
672 3811 920 3883 generale
965 3811 1305 3883 colloquium
1351 3828 1479 3867 cum
1527 3811 1788 3868 Heinrico
1832 3811 2144 3869 etfautori-
2257 3815 2501 3887 pluribus
2542 3814 2701 3869 annis
2726 3813 2996 3880 inﬁrmus,
3028 3821 3083 3868 et
3107 3814 3166 3869 in
3194 3813 3383 3870 eadem
3409 3806 3670 3865 inﬁrmitate
3689 3814 3749 3853 or-

552 3906 656 3962 bus
679 3906 797 3978 ejus
820 3903 876 3959 in
906 3903 1172 3959 Kalendis
1200 3905 1434 3975 Augusti
1465 3920 1635 3975 prope
1666 3908 2050 3963 Nemetensem
2079 3905 2152 3960 ci—
2258 3909 2491 3977 dinatus,
2518 3915 2640 3979 post
2662 3916 2919 3979 quartum
2943 3922 3195 3963 mensem
3213 3908 3297 3962 sui
3325 3903 3628 3978 pontiﬁcatus
3648 3893 3751 3948 diem

551 3999 768 4055 vitatem
809 3997 1137 4064 habuerunt,
1190 3997 1344 4067 eique
1391 3995 1723 4067 adjutorium
1755 4013 1921 4052 suum
1951 3998 2020 4054 ad
2049 3998 2152 4054 ob-
2259 4002 2455 4058 clausit
2476 4009 2782 4057 extremum
2826 4002 3003 4071 (Sept.
3036 4006 3169 4069 16);
3203 3998 3348 4057 unde
3375 3995 3584 4054 multum
3616 3990 3748 4044 letatus

551 4091 839 4154 tinendum
884 4105 1139 4163 regnum,
1182 4089 1227 4145 si
1272 4088 1339 4144 de
1386 4089 1960 4147 excommunicatione
2006 4092 2154 4149 exire
2262 4103 2346 4151 est
2398 4094 2738 4151 heresiarcha
2799 4094 3095 4150 Guibertus
3163 4110 3290 4151 cum
3334 4092 3440 4149 suis
3493 4080 3743 4158 εεᾳυδείδυε·

554 4187 730 4254 vellet,
771 4184 996 4241 ﬁdeliter
1024 4184 1410 4255 promiserunt.
1446 4183 1542 4240 Ille
1570 4191 1753 4239 autem
1782 4184 1837 4239 in
1866 4185 2022 4242 solita
2049 4201 2145 4241 sua
2258 4189 2550 4245 Heinricus
2586 4204 2803 4261 Quoque
2832 4203 2897 4244 co
2925 4195 3198 4260 tempore,
3227 4188 3352 4243 licet
3380 4184 3613 4243 inﬁrmus,
3633 4184 3746 4243 ωερε-

553 4279 917 4336 obstinatione
981 4277 1292 4350 persistens,
1336 4293 1437 4334 nec
1492 4292 1551 4333 se
1610 4279 2146 4337 excommunicatum
2256 4279 2523 4338 ditionem
2554 4282 2611 4338 in
2646 4281 2944 4336 Saxoniam
2973 4296 3099 4336 cum
3141 4275 3566 4338 Beheimensibus
3594 4277 3750 4343 promo-

553 4373 793 4446 proﬁteri
837 4371 1089 4444 dignatus
1134 4380 1236 4436 est,
1287 4371 1415 4426 licet
1460 4370 1564 4428 hoc
1612 4372 1714 4427 sibi
1755 4388 1785 4427 a
1835 4373 2036 4430 nostris
2091 4374 2146 4429 in
2255 4376 2363 4443 vit;
2393 4383 2474 4431 set
2501 4384 2686 4431 sancto
2714 4379 2873 4431 Petro
2911 4390 3041 4430 suos
3080 4373 3267 4430 ﬁdeles
3304 4376 3605 4445 protegente,
3630 4357 3751 4430 inﬁlo‘

553 4466 754 4525 faciem
784 4466 1050 4521 instanter
1069 4466 1411 4536 probaretur.
1442 4464 1605 4521 Unde
1629 4474 1684 4521 et
1731 4467 1907 4521 nostri
1936 4466 2141 4522 nullam
2174 4500 2225 4564 Β
2253 4468 2368 4525 rius
2399 4467 2524 4524 inde
2547 4468 2714 4523 nimis
2742 4467 3037 4524 accelerate
3059 4467 3241 4524 rediit.
3286 4469 3424 4525 Nam
3448 4462 3755 4557 Herematmus

552 4574 743 4631 pacem
782 4558 866 4614 vel
914 4558 1269 4616 concordiam
1315 4574 1443 4614 cum
1489 4574 1554 4615 eo
1605 4558 1681 4602 45'
1713 4559 1913 4615 habere
1941 4568 2143 4617 statue-
2174 4557 2216 4564 "
2249 4578 2347 4619 rex
2387 4577 2513 4618 eum
2538 4562 2614 4611 459
2640 4577 2770 4617 cum
2798 4569 2944 4616 tanta
2990 4560 3340 4617 multitudine
3378 4560 3624 4613 Saxonum
3656 4557 3757 4601 mse-

546 4660 696 4709 runt.
755 4652 1101 4724 Quapropter
1139 4651 1535 4723 expeditionem
1589 4669 1746 4709 suam
1788 4669 1950 4726 super
1998 4655 2144 4725 ipsos
2250 4664 2409 4712 cutus
2433 4664 2534 4722 est,
2564 4663 2625 4711 ut
2646 4654 2906 4711 facillime
2933 4655 3111 4725 ipsum
3140 4669 3268 4709 cum
3296 4652 3535 4709 omnibus
3568 4642 3658 4699 suis
3684 4636 3757 4691 ob-

544 4750 602 4805 ln
621 4754 870 4801 octavam
884 4754 1129 4800 sanctam
1155 4745 1477 4803 Michahelis
1496 4747 2043 4817 proximeventuram
2062 4751 2143 4805 in-
2249 4751 2470 4816 tiueret,
2501 4749 2544 4805 si
2564 4766 2676 4805 non
2703 4749 2831 4805 dolo
2860 4747 3134 4820 Eggiberti
3163 4746 3376 4803 comitis
3407 4744 3587 4811 (1359)
3608 4730 3756 4791 evasi“

548 4840 697 4896 dixit.
738 4838 926 4895 Nostri
973 4847 1156 4893 autem
1202 4854 1259 4895 se
1292 4840 1525 4897 eandem
1568 4841 1969 4913 expeditionem
2018 4852 2141 4899 octo
2251 4852 2349 4900 set.
2382 4844 2486 4900 Hic
2509 4859 2705 4915 nempe
2734 4858 2919 4899 comes
2942 4846 3039 4908 47°,
3067 4841 3255 4913 gloriae
3281 4826 3478 4895 domini
3506 4837 3570 4881 ἀνι
3597 4827 3663 4884 sui
3682 4826 3758 4878 He-

548 4932 742 4996 diebus
788 4939 1184 5006 praeventuros,
1222 4948 1383 5006 seque
1411 4935 1461 4990 ei
1508 4934 1563 4990 in
1593 4934 1712 4991 loco
1756 4938 2142 5008 congregatio-
2251 4938 2499 4993 remanni
2530 4938 2676 5010 regis
2699 4939 2775 4988 ἀνι
2805 4937 3042 4992 multum
3069 4934 3336 5005 invidens,
3364 4929 3588 4987 inimicos
3607 4924 3759 4978 sancti!

1826 5064 2074 5118 VARLE
2112 5064 2532 5120 LECTIONES.

618 5183 695 5266 f6°
718 5198 779 5266 ε.
819 5199 866 5266 v.
905 5198 961 5238 n.
983 5198 1054 5266 1p.
1098 5183 1379 5266 desunt-2.
1445 5186 1679 5266 _4_°1_alzfo
1728 5191 2254 5266 tempore‘pergitnl.
2330 5187 2404 5231 ⁴⁸²
2460 5204 2509 5266 c_.
2556 5202 2611 5266 e_._
2649 5188 2840 5266 desunt
2856 5192 2925 5266 _2.
3012 5184 3198 5266 mﬂp.
3229 5199 3320 5266 ma
3340 5184 3405 5240 G.

545 5254 689 5327 456s.
717 5240 781 5309 1⁵.
806 5240 1074 5310 ἁθεηηί2.
1150 5254 1226 5299 ⁴⁶⁵
1256 5256 1378 5310 hinc
1398 5257 1508 5327 alio
1537 5240 1776 5326 tempore
1800 5240 2061 5327 pergit‘i.
2124 5240 2297 5315 λεδ-’8.
2336 5268 2382 5315 1.
2461 5240 2535 5310 εἶεν
2560 5240 2829 5315 discessit.
2855 5240 3051 5313 liomae
3083 5240 3273 5312 ViCtor
3292 5260 3341 5310 2.
3410 5240 3571 5307 inedia
3592 5240 3755 5298 desum.

541 5326 620 5372 46⁸
642 5327 749 5382 alio
773 5332 1002 5398 tempore
1019 5328 1204 5398 pergit
1233 5330 1283 5381 l.
1365 5326 1436 5376 4⁸9
1460 5328 1603 5383 deest
1627 5336 1678 5385 2.
1757 5326 1835 5383 47")
1857 5326 2007 5386 deest
2032 5337 2082 5385 2.
2164 5334 2237 5381 41-
2267 5332 2317 5387 d.
2346 5348 2392 5387 s.
2425 5331 2617 5387 desunt
2639 5336 2693 5385 2.
2771 5329 2844 5380 47'
2871 5329 3016 5384 deest
3044 5333 3096 5383 2.

2073 5456 2306 5513 NOTE.‘

611 5568 1271 5650 (13§1)Le.o._Ostiensis
1297 5568 1523 5650 _(:.hron.
1569 5568 1721 5650 Cass.
1749 5570 1849 5637 ΙΙΙ,
1879 5570 2133 5650 c._6,fa-
2240 5581 2347 5650 ter,
2406 5572 2465 5625 in
2530 5568 2854 5650 Moguntina
2918 5564 3276 5650 conciliabqu
3307 5551 3757 5650 pnigea-30m

540 5626 694 5696 ctum
724 5639 781 5696 id
804 5626 999 5697 scribit
1021 5654 1115 5695 vn
1140 5639 1270 5696 ldus
1297 5639 1451 5709 Maii,
1500 5654 1625 5712 quae
1650 5647 1771 5695 tum
1797 5626 1913 5696 erat
1936 5626 2131 5698 Domi?
2247 5626 2613 5698 Kltmannum
2627 5626 2881 5712 intrusus
2909 5657 2922 5693 :
2951 5637 3095 5712 unde
3131 5634 3414 5712 illud__jam
3452 5626 3636 5687 dudum
3658 5626 3755 5672 ηοω

540 5713 683 5768 nica.
712 5713 844 5768 Uss.
1438 5708 1441 5709 ⁷
1517 5708 1533 5712 ⁷
2246 5715 2348 5770 nisi
2375 5713 2442 5771 ad
2468 5711 2749 5768 biennium
2773 5708 2992 5766 extendi
3018 5714 3207 5778 potest.
3256 5708 3383 5762 Uss.

612 5786 812 5848 (I358)
840 5785 1209 5848 Hermannus,
1250 5782 1489 5838 Luitoldi
1521 5785 1811 5841 Carentani
1836 5782 1992 5844 ducis
2035 5784 2138 5840 fra-
2315 5788 2519 5849 (1359)
2557 5782 2770 5840 Misniae
2797 5780 3037 5837 marchio
3065 5780 3189 5835 Uss.
