4052 6196
285 263 422 316 1397

1183 262 1473 320 ΑΡΡΕΝΙ).
1515 267 1603 323 IlI.
1643 297 1712 310 —
1747 269 2163 330 MONUMENTA
2202 274 2663 346 GREGOBIANA.

3433 285 3570 340 i398

279 386 507 444 ecclesia:
547 386 617 443 de
654 387 911 446 manibus
937 389 1055 461 ejus
1099 389 1225 445 dolo
1265 406 1367 447 suo
1395 393 1590 448 maluit
1618 393 1870 462 liberare,
1901 403 1953 466 Α
1986 399 2343 470 Augustensis
2389 400 2679 472 episcopus
2707 411 2832 474 post
2857 405 3325 475 recuperationem
3355 421 3470 462 suae
3498 407 3568 462 ci.

279 497 448 553 quam
478 483 545 537 de
573 483 781 538 eisdem
810 500 939 539 cum
971 484 1201 542 domino
1252 501 1351 541 suo
1383 502 1520 558 pene
1547 488 1755 560 absque
1775 506 1864 560 pe-

278 576 450 630 riculo
480 575 534 628 in
576 575 844 631 honorem
887 579 988 632 Dei
1034 586 1090 633 et
1118 581 1293 636 sancti
1324 581 1466 636 Petri
1508 577 1866 654 triumphare.

279 671 347 724 Et
390 667 494 723 hoc
523 669 711 740 utique
753 669 900 736 ideo,
931 671 1052 742 quia
1089 672 1204 743 jam
1233 675 1484 748 concepit
1527 677 1736 745 animo,
1766 675 1868 735 do-

279 762 490 818 minum
520 777 686 821 suum
715 779 886 835 regno
918 765 1144 834 privare.

731 923 736 930 κ
842 859 898 913 M
910 861 1269 919 LXXXVIII.

350 954 735 1007 Heremannus
765 967 856 1008 rex
893 954 1234 1011 nativitatem
1280 958 1512 1014 Domini
1536 957 1591 1013 in
1631 958 1864 1016 Saxonia

275 1044 588 1113 celebravit,
619 1045 714 1100 ubi
745 1053 798 1100 et
815 1047 1140 1118 Eggibertns
1167 1065 1352 1106 comes
1376 1067 1432 1106 se
1462 1067 1694 1123 regnum
1725 1052 1866 1108 affe-

272 1146 419 1193 ctare
470 1137 839 1195 manifestavit
904 1150 986 1196 set
1048 1143 1340 1211 incassum,
1406 1160 1536 1200 nam
1595 1147 1864 1217 principes

271 1233 429 1304 regni
477 1233 524 1287 ei
557 1235 822 1289 assentire
875 1235 1192 1304 noluerunt,
1240 1237 1410 1294 immo
1453 1248 1604 1295 tanto
1655 1239 1865 1296 firmius

269 1327 609 1400 domuofregi
623 1327 879 1400 deinceps
896 1329 963 1384 ad
973 1329 1165 1386 herere
1179 1332 1529 1403 ceperuntm.
1543 1334 1865 1390 Berthaldus

271 1422 376 1478 dus
407 1423 604 1479 doctor
648 1424 916 1496 egregius,
950 1425 1007 1480 in
1049 1426 1213 1480 sacris
1242 1425 1411 1481 literis
1441 1427 1689 1498 adprime
1731 1444 1860 1483 eruo

268 1517 432 1586 ditus,
463 1515 522 1573 in
556 1527 840 1574 senectute
873 1518 1016 1574 bona
1047 1519 1238 1591 plenus
1265 1519 1480 1575 dierum
1511 1522 1762 1594 migravit
1790 1521 1860 1577 ad

267 1611 568 1668 Dominum
601 1618 648 1668 4.
687 1612 816 1668 Idus
847 1613 1047 1668 Martii.
1103 1613 1201 1668 His
1231 1614 1568 1685 temporibus
1605 1616 1783 1670 Pisani
1809 1623 1863 1670 et

267 1705 585 1762 Genuenses
613 1707 792 1776 (1360)
822 1714 874 1762 et
905 1707 995 1762 alii
1039 1706 1196 1762 multi
1240 1723 1303 1762 ex
1336 1708 1487 1763 Italia
1519 1707 1862 1764 Affricanum

1979 493 2182 560 vitatis,
2214 502 2266 548 et
2295 494 2600 564 captionem
2622 495 2872 568 Sigifredi
2915 496 3358 570 pseudoepiscopi
3384 498 3452 535 π’
3480 502 3564 556 sui

1978 587 2419 657 snpplantatoris,
2475 596 2531 643 et
2578 589 2689 660 ipse
2753 590 2900 646 diem
2975 591 3175 645 clausit
3228 600 3560 650 extremum.

1977 680 2164 745 Hezel,
2207 679 2554 737 fidelissimus
2580 683 2736 738 miles
2770 683 2941 740 sancti
2996 685 3139 739 Petri
3193 685 3259 719 “0
3299 694 3352 740 et
3390 687 3564 743 advo-

1977 783 2130 829 catus
2176 783 2378 831 sanctae
2436 777 2619 832 Mariae
2667 777 2954 842 Augiensis
2992 779 3250 845 emnobii,
3285 790 3558 836 monaste-

1973 867 2117 922 rium
2150 867 2205 922 in
2233 867 2501 924 honorem
2531 869 2595 904 ‘3‘
2627 871 2797 926 sancti
2845 871 3090 942 Gregorii
3139 876 3320 940 (I362)
3351 874 3404 927 in
3433 890 3561 945 pro-
3640 865 3652 872 ’

1975 961 2096 1033 prio
2151 961 2352 1017 allodio
2418 965 2740 1029 construxit,
2794 965 2850 1019 in
2913 965 3028 1036 ipse
3094 964 3318 1021 demum
3367 983 3560 1022 mona-

1973 1055 2108 1110 chus
2135 1054 2311 1110 factus
2336 1055 2585 1128 migravit
2612 1058 2683 1112 ad
2711 1059 3013 1115 Dominum
3067 1060 3330 1115 Kalendis
3396 1061 3557 1117 Junii.

1975 1151 2052 1203 Eo
2089 1147 2155 1182 ⁴⁸²
2180 1158 2426 1221 tempore
2472 1149 2694 1221 quidam
2722 1151 2968 1207 Guiberti
2998 1152 3355 1208 heresiarchm
3397 1154 3561 1209 disci-

1972 1243 2151 1313 pulus,
2177 1243 2428 1298 videlicet
2451 1245 2869 1299 Wormatiensis
2900 1245 3420 1317 pseudoepiscOpus,
3462 1249 3556 1318 qui

1972 1336 2340 1392 illam‘sedem
2396 1353 2493 1408 per
2538 1338 2878 1394 scismaticos
2932 1354 3042 1393 non
3082 1348 3431 1395 consecratus
3478 1349 3560 1396 set

1969 1438 2250 1485 execratus
2265 1431 2482 1494 invasit,
2504 1431 2726 1486 tandem
2740 1431 3060 1501 resipiscens
3076 1441 3129 1488 et
3143 1431 3213 1488 ad
3227 1433 3553 1489 catholicam

1965 1525 2258 1591 [zeclesiam
2310 1523 2395 1593 ⁸⁸³]
2429 1524 2663 1590 rediens,
2695 1526 3074 1597 episcopatum
3127 1525 3356 1594 dimisit,
3389 1542 3557 1599 seque

1971 1619 2036 1673 ad
2067 1618 2417 1688 penitentiam
2448 1619 2506 1674 in
2536 1619 2905 1691 Hirsaugiensi
2930 1619 3015 1687 M“'1
3058 1619 3391 1675 monasterio
3423 1637 3557 1676 con-

1971 1712 2212 1766 tradidit.
2262 1714 2348 1766 Sic
2419 1713 2603 1783 utique
2633 1713 2749 1784 jam
2798 1713 3267 1768 aute'triennium
3315 1721 3369 1768 et
3419 1714 3556 1769 alius

261 1814 449 1870 regem
482 1817 756 1872 paganum
787 1800 1057 1856 hostiliter
1087 1801 1425 1868 invaserunt,
1458 1811 1513 1857 et
1547 1802 1857 1874 deprazdata
1888 1785 1934 1846 Β
1964 1805 2204 1877 ejusdem
2237 1806 2485 1861 Guiberti
2517 1806 2833 1877 discipulus,
2857 1808 3121 1862 Meteusis
3150 1808 3369 1878 inquam
3389 1823 3553 1878 pseu-

263 1893 380 1964 ejus
428 1903 594 1960 terra,
627 1895 808 1966 ipsum
840 1895 894 1949 in
927 1895 1205 1967 quandam
1236 1895 1599 1952 munitionem
1627 1913 1856 1968 compu-

262 1989 466 2056 lerunt,
505 1997 706 2045 etcum
737 1988 989 2059 deinceps
1012 1989 1326 2061 apostolicae
1355 1991 1468 2045 sedi
1499 1992 1856 2047 tributarium

264 2081 587 2139 effecerunt.
625 2087 748 2138 Dux
779 2081 904 2139 Velf
929 2082 994 2120 ‘7‘
1022 2083 1296 2139 civitatem
1339 2087 1649 2155 Augustam
1692 2101 1855 2141 recu-

259 2178 493 2250 peravit,
523 2185 680 2248 capto
718 2177 966 2249 ejusdem
1019 2178 1368 2250 episcopatus
1419 2178 1666 2234 invasore
1713 2178 1850 2250 Sigi-

258 2271 431 2329 fredo.
481 2276 606 2344 Ugo
635 2290 823 2329 comes
849 2274 915 2330 de
943 2274 1307 2344 Egenesheim
1337 2273 1595 2329 Alsatiam
1614 2274 1728 2345 jam
1757 2273 1850 2329 diu

259 2366 329 2422 ab
381 2365 620 2421 inimicis
665 2377 984 2438 occupatam
1033 2368 1234 2423 invasit
1284 2367 1372 2435 ‘75,
1419 2359 1472 2422 et
1515 2366 1580 2401 ⁸⁷⁵
1625 2383 1849 2440 recupe-

256 2474 381 2515 rare
428 2459 495 2492 ⁸⁷⁸
543 2461 829 2531 temptavit
880 2460 969 2515 4".
1024 2463 1295 2516 Metenses
1340 2463 1674 2528 Brunonem,
1708 2462 1848 2517 illius

257 2551 407 2609 sedis
438 2569 805 2624 pervasorem,
856 2555 1068 2626 penitus
1097 2571 1126 2610 a
1182 2555 1400 2611 civitate
1434 2556 1733 2625 expellunt,
1768 2570 1848 2611 se-

257 2662 362 2720 que
386 2647 598 2702 nullum
625 2648 879 2719 deinceps
907 2650 1008 2704 nisi
1048 2649 1362 2720 legitimum
1394 2657 1665 2719 pastorem
1696 2665 1848 2705 rece-

256 2750 448 2812 pturos
484 2741 805 2812 juramento
833 2742 1204 2810 firmaverunt,
1256 2743 1346 2815 qui
1395 2759 1459 2799 eo
1501 2752 1748 2814 tempore
1789 2745 1847 2799 in

256 2835 450 2890 Tuscia
491 2833 833 2890 detinebatur
863 2836 916 2890 in
942 2836 1211 2907 captione.
1246 2841 1310 2892 In
1335 2837 1566 2892 Saxonia
1596 2838 1700 2908 pia:
1726 2853 1846 2892 me-

258 2929 449 2983 moriae
509 2928 858 2983 Burcliardns
921 2930 1380 2985 Halverstatensis
1428 2930 1732 3001 episcopus,
1788 2931 1845 2986 in

255 3037 416 3076 causa
444 3022 616 3076 sancti
651 3024 789 3078 Petri
824 3023 1186 3091 firmissimus,
1219 3024 1385 3079 eheu!
1421 3024 1713 3091 occiditur;
1745 3023 1842 3081 sed

252 3114 416 3170 nichil
462 3115 647 3170 differt
679 3133 744 3170 an
787 3116 952 3170 febris
996 3133 1062 3171 an
1111 3117 1319 3188 gladius
1360 3118 1551 3173 mittat
1599 3134 1702 3173 nos
1768 3117 1837 3173 ad

256 3209 577 3265 Dominum.
611 3211 870 3280 Migravit
899 3209 963 3242 ⁵⁷⁸³
993 3220 1177 3265 autem
1209 3211 1276 3266 ad
1305 3212 1607 3267 Dominum
1628 3218 1680 3266 8.
1712 3211 1838 3266 Idus

252 3302 477 3372 Aprilis.
528 3303 826 3359 Guibertus
856 3313 1041 3358 autem
1072 3303 1440 3360 heresiarches
1483 3304 1730 3360 nondum
1772 3305 1840 3360 ab

249 3396 530 3450 invasione
577 3397 718 3452 sedis
748 3399 1064 3469 apostolicae
1103 3399 1352 3466 cessavit,
1406 3415 1505 3454 nec
1555 3398 1840 3454 Heinricus

248 3490 549 3561 imperator
579 3491 743 3562 ipsius
777 3500 1120 3546 veternosam
1160 3493 1498 3548 tirannidem
1527 3491 1592 3525 ⁵⁷⁷
1644 3501 1836 3548 contra

247 3583 432 3639 fideles
453 3584 625 3639 sancti
653 3585 792 3640 Petri
821 3584 1094 3654 deponere
1122 3586 1312 3654 voluit,
1342 3601 1478 3657 quos
1506 3593 1693 3640 tamen
1715 3587 1836 3640 vin-

245 3693 367 3732 cere
397 3694 507 3732 non
538 3679 729 3749 potuit.
767 3681 962 3734 Romae
993 3678 1293 3733 cardinales
1345 3679 1579 3750 episcopi
1613 3688 1667 3734 et
1710 3680 1834 3735 reli-

248 3770 339 3841 qui
369 3771 436 3827 de
463 3771 609 3826 clero
637 3781 689 3826 et
715 3773 912 3843 populo
942 3771 1189 3828 catholici
1226 3774 1488 3828 Ottonem
1521 3773 1834 3828 Ostiensem

244 3863 586 3937 episcopum,
618 3865 874 3936 religione
921 3874 976 3921 et
1004 3865 1311 3922 eruditione
1348 3867 1701 3938 praecipuum,
1739 3884 1836 3938 pa-

243 3973 373 4028 pam
428 3963 596 4012 161m“
645 3959 1052 4025 ordinaverunt,
1125 3961 1285 4030 eique
1337 3976 1562 4027 nomen,
1610 3961 1833 4016 secundi

243 4050 456 4107 Urbani
481 4050 799 4106 indiderunt
840 4058 895 4106 4.
927 4051 1051 4106 Idus
1078 4053 1293 4116 Martii;
1327 4053 1417 4121 qui
1453 4053 1638 4108 statim
1664 4046 1716 4108 in
1743 4069 1835 4110 se-

237 4144 426 4215 quenti
470 4143 559 4199 die
605 4145 786 4200 missis
833 4145 1006 4199 literis
1036 4149 1212 4208 (1361)
1247 4145 1502 4200 omnibus
1531 4145 1832 4215 catholicis,

242 4245 296 4290 et
325 4252 480 4290 suam
533 4237 938 4292 ordinationem
967 4236 1223 4291 omnibus
1261 4237 1566 4303 declaravit,
1595 4246 1650 4292 et
1687 4254 1745 4294 se
1778 4240 1834 4293 in

239 4329 496 4384 omnibus
517 4329 737 4401 vestigia
767 4330 850 4384 sui
879 4327 1290 4401 praedecessoris
1315 4331 1417 4401 pia:
1443 4330 1510 4362 ⁸⁷³
1553 4332 1836 4387 memoriae

241 4421 665 4495 Gregoriipapae
696 4423 1109 4480 observaturum
1140 4423 1498 4480 denunciavit.
1548 4424 1834 4497 Wigoldus

1967 1899 2325 1971 doepiscopus
2355 1906 2535 1966 (1363)
2556 1941 2568 1963 ,
2624 1900 2917 1971 penitentia
2950 1901 3147 1956 ductus
3183 1901 3556 1972 episcopatum

1967 1993 2196 2060 dimisit,
2237 2010 2401 2064 quem
2430 1993 2616 2049 statim
2658 1996 2862 2062 Bruno,
2912 1995 3069 2066 cujus
3099 1995 3348 2065 superius
3387 2011 3544 2051 men~

1964 2087 2169 2141 tionem
2214 2085 2469 2153 fecimus,
2509 2104 2620 2143 non
2646 2088 2829 2144 minus
2863 2089 3121 2161 sacrilege
3152 2088 3360 2144 invasit.
3407 2091 3550 2144 Nam

1966 2196 2060 2250 per
2121 2181 2457 2236 scismaticos
2504 2182 2744 2249 intravit,
2801 2183 3011 2237 vivente
3061 2182 3239 2238 adhuc
3304 2183 3550 2254 legitimo

1964 2274 2108 2329 illius
2158 2275 2302 2330 sedis
2356 2283 2573 2345 pastore
2624 2277 2998 2341 Heremanno,
3032 2276 3121 2347 qui
3155 2275 3336 2347 potius
3379 2275 3436 2330 in
3465 2291 3553 2331 ca-

1962 2368 2148 2438 ptione
2189 2367 2441 2435 detineri,
2501 2383 2666 2438 quam
2725 2368 2781 2422 in
2834 2368 3093 2425 scismate
3156 2384 3254 2439 pro
3295 2369 3554 2440 episcopo

1960 2461 2215 2516 honorari
2238 2460 2302 2495 ³⁸⁵
2347 2461 2612 2516 catholice
2641 2460 2845 2532 delegit
2891 2461 2980 2515 4".
3010 2461 3369 2518 Gebehardus
3398 2477 3555 2517 reve-

1959 2554 2141 2610 renda:
2181 2555 2466 2609 memoriae
2517 2556 2836 2611 Juvavensis
2891 2555 3352 2626 archiepiscopus,
3383 2555 3437 2610 in
3487 2554 3552 2588 ⁸⁸⁷

1958 2663 2117 2702 causa
2162 2647 2333 2702 sancti
2383 2648 2525 2703 Petri
2566 2649 2895 2719 praecipuus,
2939 2649 3029 2718 qui
3076 2649 3409 2704 scismaticos
3456 2665 3551 2720 pu-

1959 2741 2096 2796 blice
2142 2740 2303 2796 dictis
2331 2749 2386 2795 et
2413 2741 2624 2810 scriptis
2649 2740 2935 2796 confutare
2963 2742 3267 2808 consuevit,
3323 2740 3392 2796 de
3453 2741 3556 2796 hac

1957 2835 2076 2889 luce
2099 2840 2185 2890 17.
2221 2834 2347 2889 Kal.
2395 2834 2524 2889 Julii
2558 2833 2625 2868 ⁸⁸⁸
2652 2834 2985 2899 subtractus,
3033 2850 3297 2905 magnum
3327 2833 3392 2866 ‘3’
3426 2851 3552 2889 me-

1954 2943 2136 2984 rorem
2205 2927 2490 2984 catholicis
2537 2928 2838 2999 dereliquit.
2899 2927 3244 2983 Bernhardus
3290 2929 3552 2982 Constan-

1953 3021 2207 3077 tiensium
2247 3023 2511 3093 magister
2567 3022 2862 3089 scolarum,
2912 3021 2991 3075 vir
3036 3020 3460 3089 eruditissimus,
3494 3022 3553 3076 in

1947 3131 2110 3171 causa
2155 3115 2327 3171 sancti
2384 3117 2532 3170 Petri
2588 3115 3040 3182 ferventissimus,
3092 3116 3147 3170 in
3183 3116 3411 3170 Saxonia
3442 3114 3548 3171 sub

1947 3209 2264 3265 monachica
2307 3209 2641 3280 professione
2699 3209 2949 3279 migravit
2992 3208 3059 3264 ad
3114 3209 3409 3264 Dominum
3452 3208 3541 3265 ⁴⁹⁰.

1947 3304 2159 3358 Wecilo
2180 3303 2575 3374 Mogontiensis
2597 3311 2652 3358 et
2673 3301 3060 3374 Meginhardus
3079 3303 3545 3375 Wirciburgensis

1947 3397 2430 3468 pseudoepiscopi,
2498 3396 2642 3451 inter
2725 3396 3061 3450 scismaticos
3136 3395 3440 3451 eruditione
3491 3404 3548 3452 et

1945 3505 2130 3546 errore
2174 3490 2458 3562 praecipui,
2497 3489 2701 3560 absque
2731 3488 3094 3544 'zeclesiastica
3148 3489 3540 3546 communione

1942 3584 2000 3638 in
2023 3583 2204 3639 locum
2233 3600 2397 3640 suum
2425 3583 2638 3649 misere,
2663 3590 2743 3638 set
2764 3598 2872 3636 non
2905 3569 3304 3649 miserabiliter,
3334 3581 3537 3640 abiere.

1946 3681 2184 3734 Saxones
2210 3695 2240 3732 a
2278 3677 2539 3732 ﬁdelitate
2585 3676 2759 3731 sancti
2788 3676 2933 3730 Petri
2963 3675 3329 3744 discedentes,
3361 3677 3532 3732 Hein-

1946 3772 2144 3838 ricum,
2173 3787 2338 3842 quem
2387 3770 2707 3826 multotiens
2735 3770 3140 3841 abjuraverant,
3188 3778 3538 3842 receperunt;

1943 3865 2085 3921 unde
2116 3869 2494 3922 Heremannus
2518 3879 2618 3919 rex
2642 3863 2939 3919 catholicus
2967 3864 3036 3919 ab
3067 3865 3146 3919 eis
3184 3864 3242 3918 in
3270 3863 3534 3920 Lothrin-

1944 3961 2087 4031 giam
2117 3961 2357 4024 secessit,
2385 3957 2570 4030 ibique
2597 3973 2709 4012 non
2738 3957 2912 4013 multo
2947 3966 3070 4029 post
3095 3957 3238 4014 viam
3272 3960 3541 4014 universa

1941 4061 2104 4108 terra?
2139 4052 2388 4123 arripuit,
2440 4067 2584 4107 anno
2612 4050 2913 4107 dominica}
2957 4051 3343 4106 incarnationis
3377 4057 3538 4119 1088,

1943 4147 2090 4218 regni
2135 4161 2262 4200 vero
2311 4146 2428 4216 ejus
2457 4153 2512 4212 7,
2545 4145 2840 4200 indictione
2891 4151 2982 4211 13,
3033 4153 3088 4198 et
3134 4145 3191 4198 in
3221 4143 3397 4213 patria
3440 4157 3535 4196 sua

1945 4240 2107 4293 Metis
2138 4237 2441 4292 honorifice
2491 4237 2748 4306 sepelitur
2779 4239 2976 4306 (1364).
3039 4239 3244 4290 Iterum
3285 4237 3530 4290 Saxones

1944 4331 2180 4386 factione
2232 4329 2510 4400 Eggiberti
2533 4328 2870 4383 marchionis
2898 4329 3158 4383 Heinrico
3183 4326 3533 4394 rebel.arunt,

1941 4440 2200 4495 eumque,
2231 4421 2425 4477 ablatis
2471 4421 2573 4476 sibi
2625 4421 2898 4493 regalibus
2928 4420 3255 4490 insignibus,
3289 4419 3360 4475 de
3397 4419 3535 4476 obsi~

1525 4559 1767 4616 VARIz’E
1794 4557 2111 4613 LECTION
2122 4557 2220 4611 ES.

310 4679 380 4713 ⁵⁷³
421 4682 526 4734 alio
564 4687 794 4751 tempore
811 4685 987 4752 pergit
1019 4689 1066 4736 1.

1146 4681 1210 4716 ‘7‘
1243 4683 1426 4737 Welfo
1464 4699 1614 4738 eraso
1638 4699 1691 4737 o.
1729 4688 1778 4737 1.
1809 4681 1968 4736 welfo
1995 4682 2054 4735 4b
2080 4722 2095 4748 ,

2171 4680 2235 4714 ³⁷⁵
2261 4683 2319 4734 in
2343 4670 2452 4734 Io'co
2482 4696 2602 4734 raso
2630 4681 2815 4734 littera
2842 4679 3041 4731 minori
3070 4680 3119 4730 l.
3196 4675 3262 4710 ‘7‘
3283 4675 3535 4747 Migravit

237 4752 538 4824 7-7Aprilis
559 4757 615 4806 in
649 4747 755 4807 loco
803 4747 1015 4808 itttfm.
1047 4760 1097 4808 1.
1137 4755 1327 4808 desunt
1350 4754 1454 4818 4b;
1511 4771 1735 4824 quorum
1773 4755 1879 4807 loco
1915 4771 1932 4804 :
1985 4756 2050 4806 Et
2085 4747 2220 4806 rhazc
2265 4751 2484 4822 quidem
2528 4751 2670 4824 apud
2706 4749 2894 4803 fideles
2940 4750 2996 4803 S.
3055 4747 3191 4824 t’etri
3230 4747 3532 4824 agebantur

238 4823 420 4889 habet,
474 4829 523 4878 et
568 4827 938 4894 italpm'mum
991 4842 1023 4877 α
1071 4827 1328 4879 Bernoldo
1378 4821 1637 4895 scriptum
1678 4828 1875 4892 fuisse,
1920 4825 2238 4894 priusquam
2278 4821 2595 4895 prasentem
2645 4821 3243 4895 lectionem_recipe-ret,
3297 4822 3531 4895 uestigia

1040 4895 1107 4928 ‘77
1156 4905 1342 4952 contra
1368 4928 1438 4936 —

645 4966 710 4999 ⁴⁸⁰
740 4984 785 5023 s.
816 4971 874 5022 P.
909 4968 1103 5022 desunt
1133 4974 1184 5022 2.
1296 4966 1361 5000 ⁴⁸¹
1390 4969 1448 5022 in

458 5035 527 5073 m
557 5038 890 5110 hirsaugensi
934 5039 1325 5108 superscriptoi
1359 5045 1408 5094 1.

632 5108 710 5145 ⁸⁸⁸
745 5108 833 5166 i7.
859 5110 964 5166 Kal
1007 5110 1116 5166 Jul.
1158 5112 1348 5166 desunt
1402 5108 1463 5164 4"
1487 5152 1500 5166 .

238 4896 296 4946 in
322 4895 499 4948 codice
545 4903 591 4950 I.
624 4897 925 4950 ostendunt.

239 4965 433 5020 desunt
482 4971 530 5020 2.

240 5037 346 5092 4".

241 5110 436 5162 u’esunt
466 5114 518 5162 2.

244 5178 310 5212 ³ου
325 5182 508 5251 pergit
554 5188 604 5236 1.

1505 4897 1640 4950 otuit
1670 4899 1725 4950 in
1771 4898 1878 4950 loco
1906 4911 2027 4949 raso
2073 4895 2107 4948 ι.
2142 4911 2214 4948 m.
2245 4899 2290 4948 1.

1523 5011 1534 5022 .
1565 4969 1824 5022 desuntz.
1855 4965 1922 5000 ⁸⁸³
1966 4970 2045 5021 Eo
2075 4995 2144 5006 —
2191 4963 2456 5035 catholice
2484 4963 2680 5035 delegit
2738 4965 2930 5018 desunt
2993 4969 3044 5018 2.

1521 5037 1590 5074 ⁸⁸³
1623 5042 1677 5092 in
1709 5041 1815 5093 loco
1853 5054 1970 5092 raso
1998 5040 2034 5091 ι.
2069 5054 2139 5091 1n.
2178 5042 2199 5090 1

1616 5109 1680 5143 ἰδ’
1729 5113 1814 5165 hic
1850 5113 1906 5164 in
1950 5115 2001 5164 2.
2033 5110 2226 5176 folium
2261 5109 2495 5162 excisum
2523 5111 2630 5173 est;
2668 5109 2849 5178 pergit
2906 5106 3230 5162 matizatum
3286 5116 3522 5159 censere.

2404 4892 2470 4925 ⁸⁷⁸
2501 4911 2552 4964 p.
2585 4908 2657 4946 m.
2710 4894 2776 4948 G.
2812 4909 2864 4961 p.
2912 4893 3105 4946 desunt
3129 4896 3177 4944 2.
3293 4889 3357 4922 ⁸⁷9
3387 4907 3437 4960 ρ.
3475 4906 3525 4944 e.

2404 4979 2456 5016 ce
2484 4965 2680 5016 delegit
2738 4965 2930 5016 desunt
2993 4969 3044 5016 2.
3159 4961 3226 4994 ⁸⁸³
3272 4963 3413 5016 deest
3480 4968 3525 5014 1.

3311 4979 3413 5016 ϐεδε
3480 4979 3526 5014 Ι.

2313 5034 2379 5066 ⁴⁸⁶
2428 5032 2630 5089 ίιεγιιηί
2657 5039 2843 5105 pergit
2877 5043 2922 5090 ι.
3028 5033 3097 5069 ⁸⁸⁷
3133 5033 3187 5087 in
3217 5050 3264 5088 c.
3298 5048 3342 5087 s.
3379 5032 3437 5084 P.
3472 5046 3524 5100 p.

1767 5277 2006 5333 NOT/E.

317 5405 502 5472 (1360)
531 5406 613 5459 De
655 5403 878 5459 victoria
909 5403 1012 5458 hac
1058 5403 1129 5460 cf.
1161 5405 1403 5458 Leonem
1441 5402 1748 5459 Ostiensem
1779 5406 1830 5467 3,

240 5482 328 5541 70,
363 5484 416 5530 et
443 5491 662 5529 carmen
697 5476 752 5528 in
780 5475 965 5530 codice
990 5475 1136 5545 regio
1163 5475 1500 5530 Bruxellensi
1528 5482 1831 5541 servatum;

239 5562 296 5602 ν.
338 5548 577 5602 Annales
623 5555 904 5602 nostrost.
960 5548 1080 5608 VII,
1111 5562 1161 5616 p.
1211 5552 1333 5602 539.

309 5620 740 5685 (136i)Exstant
772 5619 826 5672 in
883 5617 1132 5672 Martenii
1201 5616 1523 5672 collectione
1577 5618 1826 5671 Monum.

237 5691 484 5758 ampliss.
520 5700 560 5743 t.
615 5692 657 5753 Ι,
694 5689 798 5744 col.
831 5695 955 5744 520.
1001 5692 1131 5746 Uss.

310 5757 490 5832 (1362)
523 5765 587 5832 In
632 5761 900 5816 Chronico
944 5760 1272 5832 S.rGeorgii,
1318 5757 1482 5832 quod;
1511 5759 1760 5832 exstabat
1779 5759 1832 5814 in

238 5829 525 5900 deperdita
567 5831 683 5902 jam
725 5832 915 5888 codice
963 5829 1293 5902 Villingano,
1335 5829 1631 5902 legebatur
1674 5831 1742 5887 ad
1776 5846 1826 5886 ε.

1946 5405 2082 5455 1084
2117 5418 2137 5476 :_
2153 5404 2263 5476 Hoc
2306 5416 2447 5476 anno
2474 5402 2603 5476 cella
2637 5402 2692 5457 S.
2738 5395 3250 5476 Georgz't__p1:_imitus
3270 5393 3528 5476 Δἱτιεςιετῃεα

1944 5473 2338 5546 esticediﬁcari,
2383 5481 2436 5546 et
2473 5471 2538 5527 ad
2563 5487 2611 5546 a.
2646 5479 2780 5526 1088
2789 5490 2819 5546 ξ
2851 5465 3192 5546 o'bi'it"Hezil
3256 5465 3528 5546 fundator

1942 5545 2084 5598 cellae
2117 5535 2170 5599 S.
2205 5535 2448 5611 Georg-ti;
2471 5543 2616 5614 quod
2642 5559 2763 5615 cum
2787 5535 3064 5615 Bernoldo
3083 5537 3526 5615 _coriveuit._Uss.

2013 5621 2189 5682 (1363)
2222 5609 2420 5670 Waldo
2451 5609 2504 5670 SC
2539 5613 2750 5668 Arnulfi
2776 5609 2942 5664 abbas
2970 5624 3032 5664 ex
3081 5611 3312 5681 llugone
3348 5609 3524 5664 Flavi-

1939 5686 2080 5742 niac.
2133 5689 2255 5742 Uss.

2009 5761 2190 5830 (1364)
2223 5757 2306 5814 Cf.
2358 5758 2566 5814 Chron.
2594 5750 2904 5819 Petershus,
2930 5750 2966 5806 l.
3007 5767 3073 5820 II,
3102 5768 3158 5806 n.
3191 5757 3276 5806 39.
