4052 6196
633 230 651 279 1
667 226 768 281 399

628 350 790 423 dione
808 349 1089 422 cujusdam
1119 345 1440 401 munitionis
1466 350 1646 412 (1365)
1673 347 1725 401 in
1757 347 2033 418 quendam
2054 363 2214 403 mou—

631 452 742 499 tem
762 446 990 513 turpiter
1016 440 1275 512 fugarunt
1307 443 1450 507 (Dec.
1475 442 1587 507 24),
1622 440 1806 511 ibique
1830 458 1951 495 eum
1978 441 2215 496 biduana

631 536 916 592 obsidione
973 533 1042 588 ad
1087 532 1480 588 confessionem
1531 533 1896 589 anathematis
1920 543 1974 590 et
2011 535 2214 605 expeti—

630 630 837 683 tionem
862 626 1312 682 reconciliationis
1335 628 1736 698 compulerunt.
1762 630 1843 683 Eo
1866 628 2031 699 igitur
2056 638 2217 700 pacto

634 730 850 791 accepta
902 736 1034 791 pace
1060 720 1327 788 discessit,
1382 720 1476 775 sed
1519 736 1551 776 a
1599 721 1759 776 solita
1809 721 2081 777 tirannide
2104 738 2217 777 non

633 813 876 870 recessit.
895 813 1253 886 Eggehardus
1280 813 1446 869 abbas
1472 814 1783 885 Augiensis,
1816 814 1914 869 etsi
1941 831 2054 869 non
2080 814 2218 871 adeo

634 906 1031 979 religiosus,in
1076 906 1187 962 ﬁne
1244 914 1432 962 tamen
1488 906 1833 961 laudabiliter
1893 922 2213 975 conversus,

635 1009 698 1057 ut
724 999 788 1035 ‘9‘
816 1000 975 1056 aiunt
1000 999 1089 1069 m,
1136 999 1283 1056 diem
1327 998 1390 1033 δελ
1443 999 1638 1056 clausit
1684 998 1745 1033 ‘9‘
1800 1008 2100 1056 extremum
2149 1001 2214 1035 δθι

634 1095 721 1151 cui
764 1093 831 1129 ‘9’
856 1095 1116 1150 successit
1161 1093 1506 1150 Oddalricus.

1201 1189 1587 1243 MLXXXIX.

702 1285 763 1337 In
802 1282 869 1316 ⁸9³
915 1281 1092 1352 vigilia
1122 1280 1419 1335 nativitatis
1444 1280 1671 1335 Domini
1704 1282 2042 1353 Eggebertus
2070 1298 2215 1337 mar-

631 1375 757 1431 chio
786 1375 1105 1430 Heinricum
1151 1373 1216 1405 ⁸9³
1256 1382 1310 1427 et
1341 1389 1565 1428 omnem
1598 1374 1713 1443 ejus
1752 1376 2056 1431 exercitum
2089 1392 2215 1430 cum

631 1468 817 1540 paucis
844 1467 1127 1533 militibus,
1170 1483 1200 1521 a
1229 1466 1553 1536 quibusdam
1579 1467 1842 1535 religiosis
1873 1469 2047 1538 (1366)
2080 1485 2217 1524 con-

628 1561 884 1627 fortatus,
916 1560 1144 1615 viriliter
1188 1560 1403 1626 invasit,
1434 1575 1671 1631 eumque
1702 1560 1767 1615 de
1806 1560 2084 1617 obsidione
2114 1578 2216 1617 eu—

622 1654 848 1726 jusdam
879 1652 943 1713 9."
985 1653 1069 1709 sui
1098 1653 1163 1687 ⁵9⁸
1184 1653 1384 1708 castelli
1431 1652 1494 1687 ‘95
1539 1653 1738 1724 (1367),
1770 1654 1865 1708 ubi
1900 1655 1991 1709 ille
2022 1656 2211 1710 nativi-

628 1755 801 1803 tatem
850 1747 1123 1804 celebrare
1186 1746 1474 1817 disposuit,
1521 1747 1830 1819 turpissime
1872 1747 2102 1820 fugavit.
2156 1753 2215 1803 In

628 1840 734 1896 hac
762 1841 1049 1896 invasione
1082 1856 1145 1896 ex
1175 1848 1325 1911 parte
1361 1840 1604 1898 Heinrici
1646 1844 1947 1898 Leomarus
1985 1842 2050 1875 ‘96
2086 1843 2213 1898 Bre-

626 1935 832 1989 mensis
879 1933 1321 2005 archiepiscopus
1354 1941 1406 1988 et
1439 1934 1765 1990 Berthaldus
1790 1951 1973 1991 comes
2001 1936 2219 2006 capiun-

626 2036 736 2083 tur.
767 2029 1131 2083 Losannensis
1158 2033 1295 2083 1368
1319 2044 1431 2082 non
1462 2036 1573 2083 tam
1601 2029 1887 2100 episcopus
1922 2046 2093 2101 quam
2122 2047 2213 2085 an-

526 2128 533 2135 ’
620 2121 926 2188 ticbristus,
975 2120 1110 2176 dum
1161 2121 1376 2175 fortiter
1414 2122 1527 2175 vult
1555 2138 1734 2192 agere,
1782 2122 2069 2178 occiditur.
2097 2126 2216 2194 Ipse

622 2222 806 2270 autem
836 2214 1142 2279 Heinricus,
1184 2214 1409 2283 perditis
1446 2214 1717 2284 regalibus
1762 2215 2084 2286 insignibus,
2134 2216 2215 2271 vix

627 2307 693 2363 de
716 2308 973 2362 manibus
1001 2306 1403 2376 insequentium
1427 2306 1678 2375 eripitur;
1710 2307 1896 2377 sicque
1934 2324 2107 2379 usque
2145 2309 2215 2365 ad

624 2399 931 2454 Babinberc
958 2398 1025 2453 de
1060 2398 1355 2468 Thuringia
1386 2398 1639 2467 fugiendo
1678 2398 1905 2454 tandem
1949 2403 2214 2472 pervenit,

628 2492 811 2562 ibique
876 2491 1132 2562 inglorius
1176 2491 1552 2546 sollemnizare
1610 2494 1977 2563 compellitur.
2047 2498 2217 2568 Egge-

626 2583 813 2640 bertus
860 2594 1044 2640 autem
1076 2585 1321 2641 marchio
1350 2585 1574 2640 castello
1610 2601 1709 2641 suo
1741 2594 1795 2641 et
1819 2588 2009 2643 castris
2040 2588 2215 2644 inimi-

625 2694 815 2733 corum
849 2694 984 2749 pene
1008 2679 1211 2749 absque
1245 2680 1509 2749 sanguine
1537 2680 1760 2749 potitus,
1791 2682 1967 2751 captis
1992 2698 2212 2755 quoque

624 2772 870 2842 pluribus
894 2780 949 2827 et
968 2772 1175 2837 occisis,
1201 2773 1499 2843 gratiarum
1540 2774 1782 2827 actiones
1810 2777 1927 2829 Deo
1948 2783 2008 2829 et
2028 2785 2213 2832 sancto

625 2866 787 2918 Petro
829 2864 1030 2920 referre
1060 2881 1171 2920 non
1202 2863 1428 2921 cessavit
1447 2865 1644 2934 quibus
1674 2864 1737 2898 ‘97
1765 2874 1819 2921 et
1849 2882 1907 2921 se
1958 2867 2215 2941 deinceps

626 2954 832 3024 puriori
862 2953 1114 3009 ﬁdelitate
1131 2954 1468 3011 adhesurum
1485 2957 1796 3013 destinavit.
1832 2962 2213 3017 Heremannus

628 3047 883 3105 Metensis
928 3048 1217 3119 episcopus
1246 3057 1409 3120 atque
1454 3050 1780 3117 catholicus,
1827 3062 1951 3123 post
1994 3054 2212 3125 longam

627 3140 938 3209 captionem
980 3140 1047 3195 ad
1092 3141 1464 3211 episcopatum
1519 3158 1682 3197 suum
1725 3145 2034 3213 revertitur,
2089 3155 2141 3202 et
2185 3165 2214 3203 a

630 3232 813 3287 multis
853 3241 1127 3303 gratanter
1155 3234 1449 3305 recipitur;
1480 3237 1665 3290 Bruno
1720 3245 1925 3305 autem,
1974 3239 2215 3311 ejusdem

602 3315 966 3397 episcopatus
1004 3328 1328 3382 temerarius
1374 3328 1611 3393 invasor,
1657 3329 1724 3383 ab
1753 3330 2006 3385 omnibus
2042 3332 2217 3403 despi-

629 3418 788 3473 citur.
833 3421 976 3474 Nam
1025 3427 1081 3473 et
1123 3419 1229 3490 ipsi
1280 3420 1541 3476 Heinrico
1572 3437 1670 3491 pro
1698 3422 2028 3493 turpissimis
2052 3426 2217 3480 mori-

628 3510 731 3566 bus
760 3512 935 3581 (1369)
963 3513 1076 3568 suis
1098 3513 1341 3568 multum
1366 3512 1656 3585 displicuit,
1691 3515 1812 3569 licet
1842 3516 1891 3571 ei
1939 3518 2215 3588 quondam

630 3604 864 3659 eundem
914 3607 1287 3677 episcopatum
1324 3607 1634 3662 vendiderit
1681 3606 1767 3659 ⁸⁸⁸.
1793 3611 1911 3664 Hac
1936 3610 2098 3682 igitur
2126 3627 2215 3666 ne-

630 3698 880 3752 cessitate
928 3698 1076 3754 idem
1123 3703 1307 3755 Bruno
1333 3700 1684 3764 constrictus,
1738 3702 2113 3773 episcopatum
2144 3704 2219 3759 di-

631 3789 845 3843 mittere
890 3799 946 3845 et
973 3791 1042 3845 ad
1083 3802 1290 3861 patrem
1338 3808 1500 3849 suum
1552 3792 1909 3850 Adalbertum
1958 3798 2216 3852 comitem

630 3881 686 3934 in
708 3880 1102 3937 catholicorum
1133 3894 1341 3953 partem
1368 3886 1622 3956 repedare
1652 3888 2015 3958 compellitur.
2047 3893 2217 3944 Dom-

627 3988 730 4029 nus
777 3988 912 4044 papa
944 3974 1198 4030 Urbanus
1250 3976 1335 4031 his
1360 3979 1704 4047 temporibus
1732 3983 1926 4035 Romae
1952 3982 2007 4034 in
2044 3982 2215 4036 insula

628 4081 751 4138 quae
778 4066 921 4122 inter
956 4067 1094 4122 duos
1122 4076 1315 4139 pontes
1362 4069 1461 4124 sita
1494 4079 1576 4124 est
1619 4071 1955 4137 morabatur,
1982 4074 2219 4129 decreta-

628 4161 846 4232 lemque
876 4162 1160 4232 epistolam
1183 4162 1367 4233 (1370)
1401 4163 1687 4218 venerabili
1717 4164 2043 4222 Gebebardo
2068 4168 2215 4222 Con-

627 4254 907 4309 stantiensi
935 4255 1188 4327 episcopo
1224 4262 1305 4311 14.
1340 4257 1467 4310 Kal.
1510 4258 1641 4312 Maii
1683 4258 1903 4325 direxit,
1935 4260 1993 4314 in
2020 4277 2125 4331 qua
2165 4263 2216 4317 ei

628 4346 983 4417 episcopalem
1030 4357 1354 4419 potestatem
1401 4366 1563 4421 super
1609 4352 1819 4407 clerum
1860 4361 1914 4407 et
1954 4354 2215 4424 populum

629 4440 914 4510 Augiensis
981 4441 1186 4509 insula),
1268 4452 1465 4512 praeter
1534 4446 1855 4510 monachos,
1931 4449 2214 4514 concessit,

612 4530 753 4611 r‘data
810 4532 976 4587 etiam
1048 4535 1380 4590 auctoritate
1446 4545 1503 4591 ut
1576 4537 1829 4591 abbatem
1892 4538 2027 4593 inibi
2101 4541 2211 4597 vice

628 4638 722 4676 sua
764 4624 1061 4689 ordinaret,
1140 4629 1272 4683 item
1314 4637 1368 4683 et
1426 4629 1568 4701 apud
1614 4636 1915 4701 Augustam
1962 4634 2072 4688 sive
2106 4637 2210 4691 Cu-

1628 224 1721 279 AD
1757 223 1981 278 OPERA
2017 222 2075 278 S.
2117 221 2434 279 GREGORII
2472 224 2907 279 APPENDICES.

3681 236 3762 287 H00

2242 352 2295 413 Α
2324 347 2466 402 riam
2504 349 2787 419 episcopos
2843 346 3167 404 constituere
3217 359 3519 420 procuraret.
3552 355 3703 425 Nempe
3728 360 3761 412 in

2328 449 2440 496 tota
2494 441 2816 496 Alemannia
2871 441 3136 509 Baioaria,
3199 444 3414 498 Saxonia
3460 454 3504 499 et
3548 446 3639 501 aliis
3687 452 3762 504 vici-

2328 535 2413 589 nis
2440 535 2774 606 regionibus,
2811 534 3070 605 praadicto
3093 534 3155 568 "9
3190 537 3448 607 episcopo,
3484 547 3531 593 et
3564 543 3765 597 venerabili

2328 628 2600 683 Almanno
2664 627 2963 683 Pataviensi
3010 629 3282 700 episcopo,
3321 629 3479 686 vicem
3529 648 3650 687 suam
3674 650 3764 690 com

2327 721 2503 789 misit,
2550 730 2611 777 ut
2656 720 3023 776 ordinationes
3069 722 3434 793 improbandas
3479 724 3763 795 improbarent,

2328 814 2660 870 roborandas
2685 815 3029 870 roborarent.
3061 816 3389 871 Sententiam
3416 832 3599 888 quoque
3615 820 3771 875 anathe-

2328 906 2490 962 matis
2518 924 2549 963 a
2586 908 2982 977 praedecessore
3032 924 3131 964 suo
3170 924 3301 979 papa
3347 910 3575 981 Gregorio
3617 914 3773 981 promul-

2327 1008 2507 1072 gatam
2544 1016 2607 1056 ea
2628 1001 2954 1057 discretione
2976 1001 3341 1071 conﬁrmavit,
3362 1003 3484 1057 utin
3504 1003 3644 1075 primo
3668 1006 3773 1075 gradu

2327 1095 2710 1148 Ravennatem
2740 1093 3139 1149 beresiarcham
3169 1110 3291 1148 cum
3320 1094 3546 1150 Heinrico
3578 1112 3671 1167 rege
3692 1113 3775 1151 ana-

2326 1185 2738 1242 thematizatum
2758 1186 2825 1221 50°
2848 1195 3123 1253 censeret;
3154 1189 3207 1242 in
3230 1187 3452 1244 secundo
3487 1189 3625 1259 gradu
3652 1205 3777 1244 comm

2326 1278 2588 1348 fautores,
2620 1281 2711 1352 qui
2742 1280 2945 1337 eisdem
2992 1281 3181 1348 armis,
3207 1282 3439 1351 pecunia,
3479 1276 3672 1348 consilio,
3699 1282 3777 1337 obe-

2326 1371 2529 1429 dientia
2556 1372 2822 1440 faverent,
2869 1375 3072 1446 quique
3117 1373 3185 1429 ab
3229 1373 3424 1429 eisdem
3473 1376 3539 1429 vel
3565 1375 3620 1429 ab
3652 1391 3778 1429 eorum

2325 1465 2630 1522 fautoribus
2670 1467 3047 1523 ecclesiasticos
3067 1466 3288 1522 ordines
3315 1468 3411 1535 vel,
3434 1467 3627 1522 honores
3646 1468 3779 1538 accipe-

2322 1569 2471 1627 rent;
2496 1560 2552 1615 in
2581 1560 2750 1615 tercio
2774 1568 2961 1615 autem
2981 1558 3153 1632 gradu
3176 1559 3621 1615 communicatores
3651 1575 3779 1613 eorum

2327 1653 2526 1723 posuit,
2568 1669 2706 1725 quos
2734 1653 2837 1708 etsi
2866 1669 2978 1708 non
3004 1653 3500 1720 excommunicaret,
3535 1651 3640 1707 adeo
3660 1661 3781 1707 tamen

2244 1722 2291 1783 Β
2326 1762 2419 1802 eos
2466 1756 2687 1802 externa
2730 1746 3117 1803 communione
3147 1747 3434 1827 maculatos
3456 1746 3657 1811 asseruit,
3690 1744 3780 1799 utin

2326 1839 2642 1896 catholicam
2664 1840 2976 1896 societatem
3004 1840 3125 1896 sine
3153 1840 3477 1896 absolutione
3501 1846 3544 1893 et
3578 1837 3779 1909 penitentia

2325 1933 2490 2005 recipi
2510 1950 2620 1988 non
2640 1933 2900 1989 deberent
2932 1933 3221 1989 :videlicet
3256 1932 3343 2005 qui
3364 1932 3423 1966 ⁵⁰¹
3458 1930 3777 1989 excommunica-

2324 2025 2394 2081 tis
2421 2027 2764 2093 salutatione,
2798 2028 3007 2095 osculo,
3049 2028 3317 2095 oratione,
3343 2026 3569 2081 convictu
3597 2024 3656 2077 vel
3678 2024 3779 2093 igno-

2324 2128 2513 2174 ranter
2541 2121 3059 2176 communicassent.
3093 2120 3381 2176 Ordinatos
3420 2134 3532 2173 vero
3567 2118 3611 2173 in
3636 2130 3779 2171 excomo

2326 2212 2696 2269 municatione
2739 2222 2820 2269 set
2867 2229 2980 2269 non
3006 2214 3302 2269 simoniace
3331 2213 3392 2269 ab
3443 2210 3782 2283 episcOpisquon

2324 2305 2453 2361 dam
2504 2307 2773 2363 catholice
2798 2307 3086 2375 ordinatis,
3142 2307 3279 2364 utin
3323 2305 3500 2377 adepto
3540 2302 3683 2360 ordine
3710 2315 3784 2371 pet-

2324 2399 2579 2455 sisterent
2623 2401 2738 2456 sine
2788 2402 3141 2472 promotione
3187 2400 3440 2472 permisit,
3467 2399 3505 2453 si
3542 2405 3683 2451 tamen
3718 2393 3781 2446 hoc

2322 2506 2517 2547 eorum
2540 2494 2783 2564 probitas
2810 2502 2864 2549 et
2881 2494 3112 2551 ecclesia:
3129 2494 3328 2549 utilitas
3344 2492 3562 2564 ﬂagitare
3579 2487 3781 2544 videretur.

2325 2585 2633 2656 Aliquantis
2661 2588 2825 2643 etiam
2864 2586 2934 2641 ad
2990 2588 3297 2658 superiores
3338 2586 3535 2641 ordines
3570 2576 3784 2653 promoveri

2325 2680 2621 2749 concessit;
2652 2689 2733 2736 set
2761 2680 2863 2736 hoc
2904 2680 3203 2746 rarissime,
3251 2688 3443 2735 etcum
3466 2690 3641 2732 summa
3663 2684 3784 2727 neces-

2325 2780 2503 2835 sitate.
2536 2775 2831 2832 Guibertus
2865 2782 3049 2828 autem
3080 2772 3438 2829 heresiarches
3486 2769 3665 2839 ejusque
3685 2778 3782 2818 com~

2324 2872 2487 2943 plices
2532 2871 2589 2924 in
2634 2876 2786 2939 parte
2814 2867 2956 2938 regis
2987 2882 3184 2922 eorum
3210 2864 3441 2921 Heiurici
3471 2857 3791 2917 anathematicas

2324 2964 2687 3020 ordinationes
2740 2960 2919 3015 facere
2963 2975 3073 3014 non
3101 2966 3462 3022 cessaverunt,
3492 2955 3688 3026 ipsasque
3716 2946 3790 3003 suis

2323 3058 2677 3113 sectatoribus
2706 3070 2815 3109 non
2852 3053 2958 3107 nisi
2997 3052 3288 3108 karissime
3333 3050 3553 3106 venditas
3592 3039 3789 3115 impende-

2326 3159 2473 3206 runt.
2507 3148 2668 3206 Unde
2690 3156 2745 3202 et
2768 3147 2981 3202 malum
3006 3142 3561 3201 excommunicationis
3583 3140 3622 3193 in
3642 3143 3791 3191 tantum

2326 3250 2689 3315 propagatum
2711 3250 2792 3295 est
2838 3254 2902 3294 eo
2940 3248 3213 3309 tempore,
3256 3247 3315 3294 ut
3341 3234 3563 3293 catholici
3593 3232 3650 3284 vix
3682 3223 3791 3327 scab

2326 3337 2444 3407 ejus
2464 3333 2714 3405 contagio
2746 3340 2961 3402 possent
2990 3332 3177 3388 illesos
3202 3329 3480 3387 custodire.
3502 3329 3551 3381 In
3570 3327 3791 3379 Teutonicis

2326 3427 2569 3499 partibus
2597 3434 2835 3496 quatuor
2878 3425 3113 3496 episcopi
3148 3426 3205 3480 in
3234 3423 3479 3481 catholica
3501 3411 3787 3474 communione

2326 3522 2696 3592 perstiterunt,
2743 3517 2993 3573 videlicet
3036 3516 3510 3588 Wirceburgensis,
3538 3503 3793 3565 Pataviensis.

2326 3612 2771 3679 Wormatiensis,
2803 3611 3261 3676 Constantiensis,
3292 3618 3369 3665 set
3410 3616 3459 3663 et
3499 3599 3698 3659 Metensis
3719 3593 3792 3665 epi-

2327 3722 2541 3777 scopus;
2614 3719 2849 3776 quorum
2918 3702 3367 3758 confortamento
3419 3696 3582 3769 reliqui
3624 3684 3793 3747 εειῐὶιοῑίεί

2327 3798 2651 3855 scismaticis
2697 3815 2729 3852 a
2768 3796 3033 3867 principio
3076 3798 3410 3851 restiterunt.
3451 3795 3557 3861 Ugo
3580 3796 3719 3843 comes
3753 3778 3795 3832 de

2325 3891 2658 3964 Eginisheim
2686 3888 2984 3944 indefessus
3010 3888 3076 3921 ³⁰²
3113 3890 3279 3944 miles
3314 3886 3471 3944 sancti
3499 3881 3633 3943 Petri,
3659 3884 3718 3930 set
3740 3872 3791 3924 ni-

2326 3986 2504 4041 mium
2541 3983 2795 4039 credulus
2843 3981 3261 4052 Strazburgensi
3331 3974 3733 4052 pseudoepiscopoa
3772 3976 3790 4013 ³

2324 4077 2686 4154 servientibus
2714 4075 2959 4147 ejusdem
2998 4076 3243 4146 episcopi
3285 4072 3536 4130 occiditur
3560 4067 3603 4121 in
3622 4054 3788 4118 cubiculo

2325 4172 2518 4242 ipsius,
2548 4184 2672 4224 cum
2699 4170 2815 4238 ipso
2844 4168 2911 4223 ad
2934 4168 3323 4223 dormiendum
3348 4167 3621 4224 collocatus,
3640 4160 3674 4208 2.
3692 4154 3785 4247 Non.

2327 4263 2678 4335 Septembris.
2702 4261 2903 4316 Bonizo
2928 4262 3136 4327 (I370‘)
3168 4262 3273 4332 piae
3302 4256 3561 4314 memoriae
3594 4247 3792 4344 Sutrienss

2326 4358 2630 4427 cpiscopus,
2659 4363 2740 4410 set
2778 4354 2901 4408 inde
2932 4370 3029 4424 pro
3079 4353 3331 4409 fidelitate
3375 4349 3532 4407 sancti
3596 4339 3795 4432 Petril‘“?1

2246 4451 2296 4512 D
2328 4449 2531 4506 dudum
2561 4448 2838 4518 expulsus,
2863 4446 3086 4502 tandem
3116 4457 3241 4517 post
3270 4446 3462 4501 multas
3480 4439 3714 4510 captiones.
3734 4436 3794 4525 tri-

2323 4542 2627 4597 bulationes
2652 4550 2706 4595 et
2728 4541 2910 4606 exilia,
2944 4556 2974 4594 a
3004 4540 3331 4595 Placentinis
3358 4533 3609 4593 catholicis
3633 4534 3795 4616 prOI‘Pl‘

2321 4652 2485 4707 scopo
2516 4634 2808 4706 Γθοίρίῖυτς
2839 4641 2923 4689 set
2951 4650 2982 4689 a
3031 4633 3350 4689 scismaticis
3396 4626 3613 4702 ejusdem
3646 4616 3722 4674 loci
3750 4620 3799 4665 et-

2246 3101 2290 3164 C

1904 4760 2148 4815 VARI/E
2176 4763 2481 4818 LECTION
2494 4761 2593 4816 ES.

698 4872 762 4906 “1
790 4875 847 4926 in
867 4874 974 4927 loco
997 4890 1119 4929 raso
1160 4882 1208 4931 1.

626 4946 705 5012 git
738 4950 786 4999 1.
865 4942 930 4976 ηδ
962 4943 1259 5005 heiuricum
1284 4982 1347 4989 —
1369 4942 1711 5005 confortatus
1737 4956 1793 5006 in
1817 4942 1927 5007 loco.
1949 4942 2074 5010 raso
2108 4964 2156 5011 1.

623 5015 917 5097 destinavit
952 5020 1010 5070 in
1051 5019 1157 5097 loco
1193 5037 1310 5075 raso
1344 5031 1395 5077 1.
1446 5094 1469 5097 _
1504 5022 1569 5054 “’3
1590 5026 1696 5097 alio
1712 5030 1942 5093 tempore
1976 5032 2160 5097 pergit
2202 5036 2220 5083 1

624 5092 677 5143 2.
755 5087 822 5120 ⁶⁰²
852 5086 887 5141 i.
920 5104 996 5144 ω.
1022 5104 1066 5145 s.
1096 5092 1154 5144 P.
1189 5106 1232 5146 s.
1272 5108 1323 5147 n.
1359 5109 1407 5147 c.
1437 5094 1515 5148 St.
1548 5110 1604 5164 p.
1636 5086 1831 5149 desunt
1849 5102 1902 5149 2.

1323 4878 1387 4912 *θ’
1419 4895 1469 4946 c,
1487 4896 1535 4956 s.
1568 4883 1638 4935 Ο.
1669 4883 1774 4935 alio
1814 4886 2065 4956 tempore,
2092 4886 2191 4941 sed
2208 4889 2376 4956 paulo
2400 4891 2520 4955 post
2539 4890 2590 4939 et
2626 4886 2810 4939 eadem
2832 4900 2999 4956 manu
3018 4885 3214 4940 addita
3244 4889 3291 4938 1.
3314 4875 3602 4956 ἀεειιηρέδ.
3655 4864 3806 4956 ξίξῖεπ·

2234 4938 2741 5012 ὦεδήῦίιὸὸὶῖνὲαεοῙ.
2856 4954 2926 4997 ⁴⁹⁶
2961 4938 3265 5010 Teomarus
3291 4958 3382 5007 4".
3486 4945 3543 4980 ⁸⁸³⁸
3593 4938 3806 5021 quibus:

2361 4998 2824 5086 vastando
2839 4998 3333 5083 addiTéfwéﬂt};
3353 4998 3519 5095 pergit
3539 5022 3584 5070 2.
3606 4998 3620 5013 '
3645 5008 3693 5042 ⁸⁰¹
3708 4998 3805 5075 om“

2147 5208 2378 5264 ΝΟΤᾹΞ.

692 5322 874 5384 (I365)
935 5322 1191 5378 Gleichen
1228 5324 1281 5377 in
1322 5323 1642 5395 Thuringia.

688 5396 1031 5473 (13664667)
1066 5397 1231 5473 Inter.
1256 5410 1351 5449 eos
1402 5398 1669 5464 praecipue
1715 5399 2031 5470 Hartwigus
2062 5403 2211 5473 Mag-

616 5456 967 5584 rlipburgensis
996 5456 1433 5536 archiepiscopus
1458 5456 1778 5523 numeratur
1799 5486 1830 5525 a
1870 5456 2204 5528 waltramo.

679 5544 751 5582 ss.

679 5544 751 5582 SS.

691 5600 731 5668 (1
747 5604 871 5663 368)
901 5600 1267 5659 Burchardus.

686 5676 867 5752 (13.69.)
905 5673 1175 5752 Ressimos
1217 5677 1334 5745 ejus
1356 5694 1546 5752 mores
1561 5678 1805 5752 depingit
1835 5684 2199 5749 Waltramus,

618 5741 721 5795 etsi
759 5743 1020 5798 Heinrico
1047 5741 1314 5816 addictus,
1349 5751 1427 5804 De
1462 5751 1595 5806 unit.
1629 5741 1821 5809 eccfes.
1852 5755 1885 5808 I.
1915 5770 1986 5821 ιι,
2028 5771 2077 5809 c.
2107 5741 2200 5822 30,

2321 5346 2489 5426 ρειεηξ
2510 5329 2983 5426 θὶίυηλιξάειδθετί
3002 5330 3221 5426 canitis
3248 5319 3596 5426 (Melies?
3612 5312 3801 5426 1‘in1:3?

2318 5391 2427 5458 nia:
2466 5402 2614 5469 facit,
2656 5402 2955 5457 Calwensis
2995 5401 3221 5467 scilicet,
3251 5391 3565 5453 monachum
3610 5391 3734 5441 antea
3765 5391 3800 5426 δ-

2317 5473 2613 5528 Trudonis.
2644 5476 2774 5529 Uss.
3418 5537 3429 5541 _
3571 5531 3596 5541 __
3666 5537 3703 5541 Α
3740 5516 3773 5541 L;

2391 5517 2870 5614 hlausi
2892 5545 3032 5611 XX,
3082 5547 3214 5607 666;
3244 5537 3478 5610 epistolae
3505 5531 3707 5603 epitomc
3740 5517 3797 5571 hic

2316 5615 2540 5668 sistitur.
2566 5617 2694 5669 Uss.

2390 5686 2593 5709 ιαθηηη
2624 5687 2670 5709 ετ
2720 5684 3017 5709 rr_L..II.....
3053 5684 3149 5709 1...!
3196 5684 3296 5709 an-
3344 5687 3364 5709 ο
3407 5682 3427 5709 1
3471 5692 3502 5709 n
3547 5655 3785 5709 19132L

2388 5686 2594 5755 (1370')
2624 5687 2691 5740 νυ
2720 5684 3021 5757 Ughellum
3051 5684 3174 5741 Ital.
3196 5684 3317 5740 Sac.
3344 5687 3381 5735 t.
3407 5682 3449 5743 l,
3471 5692 3520 5747 p.
3547 5674 3683 5727 1213;
3704 5670 3731 5715 t.
3754 5670 3801 5714 II.
