4052 6196
311 295 440 349 MOI

1214 286 1501 344 APPEND.
1540 289 1628 344 111.
1670 318 1739 330 --
1776 290 2191 347 MONUMENTA
2231 291 2689 347 GREGORIANA.

3468 299 3490 349 1
3504 294 3605 349 402

307 417 469 474 fossis
496 415 695 484 oculis,
725 417 992 472 truncatis
1015 414 1267 471 omnibus
1301 429 1435 485 pene
1464 414 1730 470 membris
1758 430 1904 470 mar-
1934 421 1986 482 Α
2016 416 2191 471 manis
2221 417 2453 488 turpiter
2478 416 2785 488 expellitur,
2816 423 2871 472 et
2896 431 2964 471 ne
2984 418 3217 488 amplius
3243 400 3621 489 apostolicam»

305 511 432 567 tirio
481 519 799 566 coronatur.
848 512 910 565 In
955 510 1239 565 Alemania
1280 509 1411 564 Otto
1458 524 1675 574 comes,
1718 508 1897 581 impu-

304 603 659 660 dentissimus
689 602 918 667 adulter,
954 611 1006 656 et
1042 619 1139 673 pro
1161 603 1426 658 adulterio
1448 619 1478 657 a
1503 604 1902 659 Constantiensi

304 696 557 767 episcopo
587 696 1100 751 excommunicatus
1128 736 1143 762 ,
1188 696 1289 751 Dei
1329 696 1544 766 judicio
1592 696 1901 767 turpissime

304 788 606 845 decollatur
634 805 663 843 a
692 788 960 844 militibus
989 787 1253 844 Ludovici
1291 789 1532 857 comitis,
1573 789 1727 861 cujus
1764 805 1902 844 uxo-

303 898 424 939 rem
475 882 706 953 publicis
736 883 961 953 nuptiis,
1011 897 1078 937 eo
1108 882 1343 949 vivente,
1374 883 1475 938 sibi
1507 882 1901 938 nefandissime

305 976 612 1046 copulavit;
643 977 733 1048 qui
763 975 909 1047 apud
952 976 1345 1031 monasterium
1388 976 1445 1031 iu
1478 975 1679 1047 praedio
1726 976 1899 1046 ipsius

304 1077 685 1125 constructum
728 1085 757 1123 a
807 1069 922 1125 suis
963 1070 1241 1140 sepultus,
1276 1070 1437 1140 jussu
1465 1069 1899 1126 Constantiensis

303 1163 540 1234 episcopi
570 1162 809 1234 ejicitur,
842 1170 914 1229 et,
953 1171 1017 1217 ut
1042 1163 1310 1233 scriptum
1339 1171 1439 1231 est,
1471 1163 1539 1218 ad
1564 1163 1897 1234 sepulturam

303 1257 446 1312 asini
472 1256 788 1329 deputatur.
816 1256 1019 1312 Milites
1050 1272 1267 1328 quoque
1297 1256 1414 1328 ejus
1453 1272 1583 1327 opes
1628 1256 1791 1327 ipsius
1824 1256 1900 1311 di-

301 1350 604 1421 ripuerunt,
646 1357 702 1405 et
730 1358 845 1405 tam
876 1349 1138 1405 allodium
1164 1350 1279 1420 ejus
1312 1365 1474 1420 quam
1519 1348 1743 1405 feodum
1784 1365 1895 1404 non

300 1442 528 1499 heredes
557 1443 741 1515 ipsius,
769 1452 851 1499 set
879 1443 1123 1499 extranei
1155 1441 1535 1513 possederunt,
1567 1443 1725 1514 juxta
1750 1443 1896 1515 quod

300 1537 354 1592 in
387 1536 865 1592 maledictionibus
894 1536 1054 1591 Juda:
1084 1536 1440 1607 prOphetatur
1472 1555 1483 1590 :
1524 1540 1595 1591 Et
1619 1536 1898 1606 diripiant

301 1633 471 1686 alieni
505 1633 710 1686 labores
760 1632 873 1700 ejus
913 1632 1077 1697 (Psal.
1111 1646 1290 1697 cvm,
1326 1635 1433 1698 11).
1486 1631 1576 1685 Sic
1614 1631 1802 1701 utique
1841 1640 1894 1686 et

302 1733 424 1796 post
460 1734 697 1781 mortem
734 1740 890 1779 suam
917 1724 971 1778 in
994 1725 1273 1794 sepultura
1300 1732 1355 1779 et
1384 1723 1437 1778 in
1464 1724 1771 1795 direptione
1804 1740 1892 1780 re-

2009 510 2196 565 sedem
2243 510 2494 565 invadere
2542 519 2860 580 praesumat,
2908 510 3222 580 juramento
3288 511 3603 582 promittere

2006 604 2370 674 compellitur.
2415 605 2507 659 Set
2540 604 2657 674 jam
2698 603 3099 675 aliquantulum
3145 604 3396 660 diuturna
3449 606 3601 677 regni

2007 696 2278 752 discordia
2316 697 2455 751 inter
2498 696 2796 751 catholicos
2836 704 2890 751 et
2939 697 3281 753 scismaticos
3324 708 3600 769 tepescere

2007 790 2166 860 cepit,
2219 800 2282 844 ut
2326 806 2435 845 non
2480 790 2599 861 jam
2630 790 2836 845 bellum
2866 788 2933 845 ad
2982 790 3235 859 invicem,
3277 792 3371 847 sed
3414 806 3600 863 pacem

2008 897 2340 951 componere
2379 883 2563 937 sanius
2600 882 2928 955 judicareut.
2965 885 3315 955 Quapropter
3343 884 3508 941 duces
3550 894 3603 941 et

2005 975 2237 1029 comites
2257 975 2433 1029 sancti
2462 976 2599 1030 Petri
2624 975 2809 1031 ﬁdeles
2829 992 2957 1031 cum
2982 977 3238 1033 Heinrico
3263 978 3599 1050 colloquium

2007 1067 2341 1135 habuerunt,
2389 1067 2547 1136 eique
2593 1084 2756 1123 suum
2805 1070 3092 1126 consilium
3131 1079 3185 1126 et
3229 1071 3485 1126 auxilium
3528 1071 3599 1127 ad

2006 1160 2368 1216 obtinendum
2394 1177 2621 1233 regnum
2654 1162 2965 1217 ﬁrmissime
2986 1164 3379 1234 promiserunt,
3404 1166 3445 1218 si
3472 1166 3601 1220 Gui-

2008 1255 2225 1310 bertum
2257 1254 2660 1310 heresiarcham
2713 1256 2870 1310 vellet
2914 1256 3212 1323 dimittere,
3245 1268 3298 1313 et
3343 1257 3413 1313 ad
3442 1259 3597 1313 aeole-

2004 1348 2275 1405 siasticam
2324 1350 2767 1404 communionem
2799 1365 2895 1419 per
2945 1349 3273 1405 catholicum
3324 1361 3599 1422 pastorem

2004 1457 2268 1498 remeare.
2300 1443 2475 1511 Quam
2514 1442 2737 1513 quidem
2766 1442 3135 1499 conditionem
3175 1460 3274 1499 nec
3311 1444 3424 1515 ipse
3453 1446 3600 1500 mul-

2003 1543 2122 1590 tum
2168 1545 2450 1607 respueret
2477 1535 2562 1603 5°“,
2594 1535 2643 1592 si
2685 1545 2868 1591 tamen
2896 1536 2955 1591 iu
2987 1536 3093 1592 hoc
3142 1538 3189 1591 ei
3221 1537 3489 1608 principes
3518 1538 3600 1593 sui

2003 1628 2272 1684 assentire
2300 1629 2517 1697 vellent,
2548 1630 2799 1685 videlicet
2824 1630 3063 1702 episcopi
3094 1631 3183 1700 qui
3213 1645 3270 1685 se
3299 1646 3427 1685 cum
3457 1631 3600 1687 Gui-

2002 1721 2156 1777 berto
2198 1722 2547 1792 deponendos
2578 1739 2697 1778 esse
2747 1738 2859 1778 non
2897 1723 3310 1787 dubitaverunt,
3338 1738 3403 1778 eo
3450 1723 3598 1795 quod

301 1834 426 1875 rum
468 1835 691 1874 suarum
738 1817 1137 1873 evidentissime
1188 1816 1448 1873 indicavit
1495 1833 1663 1889 quam
1709 1817 1888 1873 efﬁca-
1920 1808 1968 1871 B
1997 1815 2054 1871 in
2081 1816 2196 1887 ejus
2227 1824 2374 1887 parte
2390 1815 2818 1885 ordinationem,
2848 1818 3021 1875 immo
3042 1817 3449 1872 execrationem
3475 1832 3596 1887 per-

301 1913 432 1967 citer
485 1912 811 1967 sententiam
868 1910 1449 1967 excommunicationis
1498 1912 1783 1983 exceperit.
1837 1912 1899 1967 In

302 2005 457 2060 Italia
500 2005 842 2061 nobilissima
888 2004 957 2038 ⁵⁰³
1003 2004 1116 2059 dux
1148 2004 1427 2059 Mathildis
1478 2005 1586 2059 ﬁlia
1635 2004 1897 2060 Bonifacii

301 2097 654 2164 marchiouis,
688 2099 782 2154 sed
819 2098 977 2154 vidua
1009 2096 1280 2153 Gotel'ridi
1306 2096 1479 2164 ducis,
1507 2096 1745 2153 Welfoni
1776 2098 1897 2154 duci

304 2191 410 2246 tilio
442 2191 714 2247 Welfonis
752 2192 910 2249 ducis
948 2191 1202 2264 conjugio
1233 2191 1541 2262 copulatur,
1573 2200 1629 2245 et
1655 2191 1761 2246 hoc
1792 2192 1895 2247 uti—

301 2298 405 2353 que
432 2300 542 2339 non
577 2293 694 2339 tam
726 2301 825 2356 pro
868 2284 1267 2341 incontinentia
1309 2300 1475 2355 quam
1523 2299 1621 2355 pro
1658 2284 1895 2340 Romani

297 2376 569 2446 pontiﬁcis
596 2377 926 2443 obedientia,
958 2379 1212 2433 videlicet
1255 2386 1313 2432 ut
1351 2386 1505 2433 tanto
1538 2377 1746 2433 virilius
1774 2394 1896 2433 san-

301 2476 405 2524 ctae
430 2472 697 2526 Romana:
716 2471 947 2525 ecclesiae
967 2479 1155 2524 contra
1186 2471 1695 2525 excommunicatos
1716 2481 1900 2540 posset

300 2561 606 2618 subvenire.
639 2564 741 2631 Qui
771 2563 956 2617 statim
997 2562 1255 2616 maritum
1288 2563 1403 2632 ejus
1426 2563 1690 2632 impetere
1720 2563 1900 2618 volue-

300 2663 451 2723 runt,
494 2664 577 2711 set
604 2672 731 2711 cum
773 2656 817 2710 ei
859 2656 1108 2711 resistere
1150 2671 1265 2709 non
1305 2664 1556 2725 possent;
1589 2664 1801 2710 treuvas
1830 2656 1898 2710 ab

298 2763 363 2803 eo
391 2763 562 2818 usque
596 2750 650 2803 in
701 2749 898 2819 pascha
931 2766 1028 2820 per
1060 2750 1435 2804 interventum
1482 2748 1730 2820 conjugis
1780 2750 1899 2821 ejus

298 2842 745 2912 impetraverunt.
796 2842 1092 2897 Heinricus
1122 2858 1216 2896 rex
1258 2842 1436 2897 dictus
1466 2842 1535 2875 50"
1566 2842 1798 2897 multum
1830 2842 1899 2898 de

300 2933 562 3006 praedicto
588 2935 843 3006 conjugio
864 2936 1143 3002 tristatur;
1173 2934 1261 3007 qui
1288 2935 1483 2990 iterum
1516 2936 1567 2990 in
1599 2935 1898 2991 Saxoniam

300 3042 429 3082 cum
458 3026 799 3098 expeditione
820 3026 1119 3099 profectus,
1153 3029 1271 3083 sine
1296 3027 1506 3083 honore
1527 3029 1726 3083 reverti
1750 3044 1903 3083 com-

299 3119 534 3191 pellitur.
568 3122 756 3175 Petrus
783 3121 884 3191 piaa
914 3122 1198 3177 memoriae
1226 3122 1559 3177 Albanensis
1587 3122 1899 3193 episcopus,

2005 1918 2286 1980 ceperunt.
2318 1911 2391 1965 Hi
2426 1926 2554 1983 ergo
2592 1910 2638 1965 ei
2670 1911 2888 1981 penitus
2927 1910 3026 1965 hac
3051 1911 3167 1965 vice
3196 1910 3597 1977 dissuaserunt,

2004 2018 2072 2057 ne
2110 2011 2317 2059 sancta:
2359 2004 2527 2059 matri
2574 2004 2800 2060 ecclesiae
2847 2004 3308 2059 reconciliaretur.
3342 2007 3598 2058 Domnus

2002 2112 2138 2167 papa
2168 2098 2827 2169 Constantinopolitanum
2856 2098 3247 2169 imperatorem
3275 2097 3349 2145 ⁶⁰9
3392 2096 3460 2151 ab
3504 2112 3598 2153 ex-

2002 2191 2501 2247 communicatione
2531 2207 2625 2261 per
2654 2191 2856 2261 legatos
2900 2206 3028 2246 suos
3071 2189 3320 2257 absolvit,
3361 2188 3507 2245 idem
3539 2189 3599 2245 ii-

2002 2292 2151 2339 teras
2192 2282 2425 2355 Philippi
2470 2285 2615 2355 regis
2657 2287 2996 2339 Francorum
3034 2283 3274 2340 debitam
3321 2283 3369 2339 ei
3416 2283 3597 2355 subje-

2001 2376 2210 2432 tionem
2236 2378 2605 2449 promittentis
2631 2377 2894 2447 suscepit.

2706 2472 2889 2526 MCX.

2072 2565 2139 2616 In
2168 2563 2415 2633 Bajoaria
2446 2562 2631 2618 ﬁdeles
2672 2564 2842 2617 sancti
2880 2563 3027 2618 Petri
3050 2563 3168 2634 jam
3223 2562 3360 2619 adeo
3407 2571 3600 2619 contra

2001 2654 2341 2709 scismaticos
2385 2654 2745 2719 invaluerunt,
2789 2654 2931 2709 utin
2966 2656 3344 2728 Salcburgensi
3380 2657 3602 2727 aepisco-

2004 2755 2133 2818 patu
2163 2747 2494 2802 catholicum
2526 2746 2846 2801 ordinarent
2876 2747 3347 2817 archiepiscopum
3380 2754 3599 2817 (1372);

2003 2856 2167 2912 quem
2216 2840 2399 2894 statim
2447 2839 2885 2911 religiosissimus
2931 2839 3263 2895 Pataviensis
3312 2841 3599 2911 episcopus

2002 2941 2055 2988 et
2100 2932 2307 2988 Urbani
2337 2946 2490 3004 papae
2533 2932 2742 3002 legatus
2770 2947 2895 2986 cum
2926 2930 3367 3003 Wirceburgensi
3398 2942 3450 2987 et
3480 2934 3598 2987 Fri-

2004 3026 2236 3099 singensi
2309 3026 2576 3097 episcopis
2625 3025 2957 3079 sollemniter
3012 3026 3365 3080 consecravit.
3424 3027 3601 3081 Here-

2014 3135 2243 3174 mannus
2270 3119 2375 3191 piae
2426 3118 2707 3174 memoria
2745 3117 3002 3173 Metensis
3044 3118 3347 3190 episcopus,
3380 3128 3434 3173 et
3471 3120 3600 3174 Ber-

298 3209 357 3268 in
383 3212 450 3247 ⁸⁰⁸
477 3229 641 3269 causa
677 3215 847 3269 sancti
878 3215 1021 3270 Petri
1053 3213 1505 3282 ferventissimus,
1540 3215 1789 3286 migravit
1828 3215 1896 3270 ad
1931 3185 1976 3250 Ο
2013 3212 2234 3268 thaldus
2274 3211 2395 3268 dux
2443 3212 2803 3280 Alemanniae,
2847 3211 2985 3267 ﬁlius
3014 3211 3274 3267 Roudolﬁ
3328 3213 3488 3284 regis,
3543 3212 3597 3267 in

300 3306 609 3363 dominum.
655 3307 760 3363 Hic
786 3306 853 3341 δθθ
894 3317 978 3363 est
1022 3308 1111 3363 ille
1157 3310 1365 3374 Petrus,
1413 3308 1504 3378 qui
1547 3314 1763 3363 Petrum
1796 3310 1893 3363 Pa-

300 3400 567 3470 piensem,
602 3401 901 3456 Florentini
929 3401 1272 3471 episcopatus
1319 3402 1650 3468 invasorem,
1684 3417 1779 3471 per
1801 3402 1894 3473 ju-

299 3492 504 3549 dicium
550 3494 691 3566 ignis
736 3494 1094 3549 simoniacum
1149 3510 1267 3550 esse
1320 3494 1588 3567 probavit,
1642 3494 1788 3550 unde
1841 3504 1895 3551 et

301 3586 554 3658 deinceps
578 3587 734 3643 illum
766 3596 949 3642 sancta
978 3588 1185 3643 azclesia
1213 3589 1433 3660 igneum
1460 3588 1891 3659 cognominavit.

301 3680 444 3735 Nam
492 3695 745 3752 magnam
785 3680 961 3751 piram
992 3680 1313 3735 fiducialiter
1344 3682 1641 3752 ingressus,
1688 3681 1895 3753 absque

302 3774 458 3827 omni
499 3773 701 3828 lesione
729 3773 1067 3845 pertransiit,
1111 3781 1171 3828 ut
1201 3781 1255 3827 et
1285 3774 1528 3829 ﬂamma:
1573 3783 1743 3829 vestes
1782 3776 1897 3845 ejus

299 3881 494 3922 susum
524 3867 869 3935 ventilarent,
899 3882 1001 3921 nec
1044 3874 1229 3921 tamen
1260 3866 1413 3931 illas,
1460 3866 1666 3922 nedum
1714 3868 1895 3938 ipsum

299 3958 480 4029 aliquo
504 3959 672 4015 modo
703 3958 951 4014 lederent
973 3964 1175 4025 (137t).
1209 3958 1374 4013 Unde
1395 3967 1450 4013 et
1477 3960 1766 4028 praedictus
1792 3965 1895 4016 Pa-

298 4051 499 4122 piensis
548 4054 743 4106 Petrus
770 4051 838 4105 ab
867 4050 1182 4106 Alexandro
1226 4067 1361 4122 papa
1408 4051 1731 4121 deponitur;
1762 4055 1897 4108 alter

299 4152 487 4199 autem
518 4147 732 4212 Petrus,
776 4143 1113 4215 pauperrimi
1154 4143 1223 4176 ⁸⁰⁷
1254 4145 1574 4199 monasterii
1603 4152 1734 4199 tunc
1782 4162 1897 4200 mo-

296 4237 542 4305 nachus,
600 4239 658 4293 in
703 4238 1067 4294 Albanensem
1114 4238 1494 4308 episcopatum
1550 4239 1894 4294 sublimatur.

302 4334 431 4387 Erat
468 4332 612 4387 enim
640 4340 806 4388 tanta:
844 4331 1168 4396 sanctitatis,
1207 4332 1530 4386 constantiae
1560 4340 1613 4385 et
1656 4332 1802 4399 ﬁdei,
1835 4341 1896 4388 ut

301 4424 385 4479 vix
413 4425 613 4497 aliquis
652 4426 737 4480 sui
774 4424 1035 4493 temporis
1063 4423 1108 4477 ei
1138 4424 1383 4495 potuerit
1425 4424 1745 4494 comparari.
1794 4425 1895 4479 Hic

301 4531 432 4588 ergo
460 4516 526 4572 de
556 4516 660 4572 hac
698 4516 804 4570 vita
833 4515 1135 4583 discedens,
1170 4531 1435 4585 magnum
1486 4529 1762 4570 merorem
1799 4532 1894 4571 ca—

2004 3307 2267 3363 ﬁdelitate
2309 3307 2482 3362 sancti
2517 3307 2661 3361 Petri
2704 3306 2846 3361 Maio
2877 3321 3066 3362 mense
3095 3306 3241 3361 diem
3280 3314 3596 3362 extremum

2007 3401 2689 3472 clausere,‘magnumque
2720 3416 2995 3455 merorem
3026 3399 3336 3467 catholicis,
3370 3409 3426 3455 et
3452 3401 3599 3455 exul-

2006 3494 2267 3549 tationem
2309 3494 2625 3549 scismaticis
2658 3493 2941 3564 reliquere.
2975 3495 3141 3548 Soror
3187 3506 3405 3565 quoque
3455 3508 3594 3565 pra:-

2007 3586 2103 3643 fati
2134 3588 2308 3655 ducis,
2341 3587 2525 3659 regina
2559 3590 2917 3657 Ungarorum
2948 3586 3149 3657 (I373),
3188 3585 3384 3641 eodem
3410 3601 3599 3641 mense

2008 3682 2160 3735 obiit.
2206 3685 2279 3735 Ex
2309 3689 2461 3751 parte
2498 3688 2687 3735 autem
2719 3679 3324 3735 excommunicatorum
3352 3678 3424 3715 διο
3464 3680 3595 3735 Lui-

2004 3774 2186 3828 toldus
2214 3774 2282 3810 δι’
2323 3773 2434 3827 dux
2471 3773 2878 3829 Carinthiorum
2914 3773 3197 3843 inopinata
3242 3783 3419 3829 morte
3455 3789 3595 3844 pra:-

2005 3867 2219 3937 ripitur,
2258 3882 2384 3921 cum
2426 3868 2735 3937 nuperrime
2773 3875 2965 3922 contra
2998 3864 3079 3921 fas
3120 3875 3173 3921 et
3199 3867 3289 3937 jus
3317 3866 3597 3937 repudiata

2004 3960 2219 4030 propria
2264 3975 2429 4013 uxore
2472 3961 2635 4014 aliam
2684 3959 3157 4030 superinduxerit,
3213 3958 3482 4015 Guiberto
3530 3961 3598 3994 ⁶¹²

2004 4053 2229 4125 quidem
2268 4052 2605 4106 heresiarcha
2640 4051 2746 4107 hoc
2782 4053 2832 4107 ei
2863 4053 3217 4107 concedente.
3260 4052 3597 4123 Eggebertus

2004 4161 2218 4217 quoque
2248 4146 2497 4200 marchio
2518 4145 2584 4201 de
2606 4146 2861 4212 Saxouia,
2886 4145 2941 4199 in
2964 4145 3031 4177 ⁵¹³
3052 4160 3214 4200 causa
3240 4145 3417 4199 sancti
3440 4145 3589 4198 Petri

2003 4240 2131 4293 satis
2160 4248 2451 4294 strennuus
2474 4270 2544 4278 —
2573 4237 2701 4292 dolo
2731 4237 3015 4317 cujusdam
3046 4236 3334 4292 abbatissae
3358 4235 3427 4291 de
3463 4236 3595 4305 Qui-

2003 4331 2308 4401 telineburg
2333 4331 2535 4400 (1374),
2580 4330 2783 4384 sororis
2822 4331 3047 4400 inquam
3082 4330 3323 4384 Heinrici
3349 4330 3510 4400 regis,
3538 4337 3597 4386 ut

2002 4424 2158 4479 aiunt
2197 4452 2246 4462 —
2270 4438 2365 4492 per
2384 4421 2612 4476 insidias
2642 4421 2929 4476 occiditur.
2962 4424 3211 4475 Domnus
3246 4438 3385 4492 papa
3410 4422 3594 4479 Urba-

2007 4532 2112 4571 nus
2150 4514 2221 4551 ⁸⁸⁸
2273 4515 2588 4587 generalem
2637 4514 2897 4570 sinodum
2942 4513 3214 4585 episcopis
3251 4514 3592 4572 diversarum

299 4608 516 4664 tholicis
552 4610 787 4680 reliquit.
836 4613 1090 4664 Domnus
1118 4624 1255 4677 papa
1296 4608 1555 4663 Urbanus
1580 4610 1889 4677 generalem
1923 4590 1972 4652 Ῑ)
2000 4609 2403 4680 provinciarum
2452 4623 2549 4679 per
2588 4607 2792 4678 legatos
2836 4622 2965 4661 suos
2995 4606 3046 4660 in
3102 4607 3373 4662 Tolosana
3410 4610 3590 4681 (I375)

300 4701 561 4756 sinodum
607 4707 707 4756 115
747 4702 1131 4772 episcoporum
1174 4700 1408 4771 collegit,
1455 4709 1510 4755 et
1549 4702 1892 4757 ecclesiastica

300 4801 507 4849 statuta
562 4809 785 4849 suorum
817 4793 1283 4863 praedecessorum
1318 4793 1613 4864 apostolica
1654 4796 1895 4851 auctori-

300 4894 412 4942 tate
440 4886 697 4943 ﬁrmavit.
740 4886 1039 4944 Guibertus
1068 4894 1255 4942 autem
1299 4886 1671 4944 heresiarches
1715 4905 1747 4944 a
1785 4892 1896 4945 Ro-

2005 4702 2221 4757 civitate
2249 4702 2394 4755 circa
2444 4708 2794 4771 pentecosten
2839 4699 3076 4769 collegit,
3108 4699 3287 4770 ibique
3326 4702 3496 4757 multa
3537 4703 3592 4757 in

2006 4794 2364 4851 melesiasticis
2390 4794 2590 4859 causis,
2614 4808 2735 4864 quae
2764 4793 3087 4864 corrigenda
3117 4801 3296 4861 erant,
3324 4796 3588 4851 correxit.

2005 4890 2064 4945 ln
2094 4903 2205 4959 qua
2235 4886 2429 4942 sinodo
2457 4887 2761 4941 Tolosanus
2789 4886 3074 4957 episcopus
3115 4890 3299 4955 (1376)
3335 4888 3405 4944 de
3432 4889 3592 4943 illatis

1573 5006 1817 5061 νΑΒιίΕ
1888 5006 2202 5063 LECTION
2212 5005 2307 5059 ES.

371 5118 438 5152 δ⁰³
474 5135 530 5174 n.
567 5118 621 5175 d.
645 5120 837 5174 desunt
862 5124 913 5172 2.
991 5117 1055 5151 ὀδ
1082 5119 1225 5174 deest
1265 5123 1317 5174 2.
1389 5120 1459 5154 ⁸0⁵
1500 5119 1532 5174 i.
1559 5136 1607 5175 c.
1640 5136 1683 5176 s.
1711 5123 1769 5176 P.
1795 5119 1835 5177 f.
1868 5122 2131 5177 desunt2.

1681 5192 1755 5229 ⁵⁰⁹
1784 5209 1969 5263 regem
2013 5199 2063 5248 2.
2142 5191 2214 5231 διο
2249 5192 2390 5264 regis
2418 5195 2469 5245 2.

300 5277 346 5317 c.
377 5263 566 5319 desunt
604 5266 653 5317 2.
716 5259 788 5297 ⁵⁸³
813 5260 951 5317 i.c.s.
986 5263 1046 5317 P.
1078 5277 1125 5318 s.
1156 5277 1198 5316 s.
1224 5262 1415 5319 desunt
1438 5266 1492 5317 2.
1570 5262 1645 5300 ⁵³⁸
1675 5264 1820 5320 deest
1847 5259 1910 5319 ἲ.

299 5206 377 5246 m.
408 5199 447 5245 t.
487 5206 564 5245 m.
596 5193 656 5244 in
682 5192 788 5244 loco
813 5205 933 5244 raso
962 5199 1007 5244 I.
1084 5189 1153 5225 ⁵⁰⁸
1192 5192 1382 5246 inloco
1402 5207 1522 5246 raso
1552 5195 1600 5246 1.

2215 5119 2282 5156 sos
2302 5119 2404 5174 Hic
2445 5149 2516 5159 ._
2541 5117 2826 5190 catholicis
2858 5118 3076 5190 reliquit
3102 5120 3295 5174 desunt
3313 5124 3367 5190 2ἶ
3446 5116 3513 5190 ξ⁰⁷
3534 5134 3588 5188 ρ-

2547 5190 2617 5227 ³ιι
2644 5188 2901 5246 lvitolduf
2926 5188 2993 5247 1.“
3055 5191 3128 5227 ⁵¹²
3167 5192 3238 5248 G.
3273 5203 3328 5259 q.
3354 5188 3410 5243 h.
3450 5189 3506 5243 h.
3539 5205 3587 5242 c.

1822 5372 2051 5428 NOTAE.

372 5470 551 5533 (1371)
579 5468 647 5522 V.
674 5482 836 5537 supra
866 5468 932 5523 ad
962 5484 1049 5523 an.
1084 5472 1239 5522 1080.

366 5538 999 5603 (1372)ThiemonemS.
1030 5539 1172 5593 Petri
1195 5537 1451 5594 abbatem
1479 5553 1563 5595 vn
1588 5538 1678 5596 ld.
1714 5540 1883 5611 April.

295 5620 704 5665 consecratum.
730 5612 860 5666 Uss.

368 5680 552 5751 (1373)
585 5684 739 5735 Hanc
767 5680 937 5735 fuisse
969 5678 1323 5735 Adelheidem
1352 5679 1630 5751 Rudolphi
1662 5682 1887 5738 antica:-

288 5753 432 5804 saris
473 5750 666 5825 ﬁliam,
714 5760 941 5825 nuptam
992 5754 1048 5806 S.
1103 5751 1353 5807 Ladislao
1403 5750 1695 5825 Hungariae
1747 5754 1886 5825 regi,

289 5768 432 5804 saris
473 5768 666 5817 uuam,
714 5768 941 5821 nuptam
992 5768 1048 5806 δ.
1103 5768 1353 5807 μεωειᾶο
1403 5768 1527 5806 nun
1599 5769 1695 5809 riae
1747 5770 1886 5825 r881,

289 5829 483 5876 contra
513 5820 674 5892 hujus
721 5823 1008 5879 caelibatus
1049 5830 1347 5880 assertores
1390 5768 1639 5894 plurigaus
1684 5825 1887 5896 probat

2000 5469 2301 5527 Gerbertus
2331 5467 2468 5523 Hist.
2499 5467 2657 5523 Silvae
2696 5469 2882 5533 Nigrae
2907 5474 2948 5519 t.
2980 5467 3025 5533 Ι,
3058 5479 3112 5533 p.
3142 5467 3271 5529 233,
3306 5469 3362 5518 et
3388 5463 3447 5517 in
3472 5470 3585 5520 tra-

1997 5549 2142 5595 ctatu
2171 5540 2239 5593 de
2270 5539 2558 5609 Rudolpho
2587 5548 2641 5593 et
2668 5538 2873 5593 familia
2909 5532 3343 5590 Rheinfeldensi.
3382 5537 3514 5593 Uss.

2069 5616 2253 5676 (I374)
2282 5610 2616 5666 Adalheidaa.

2069 5682 2247 5753 (1375)
2293 5682 2409 5736 Vid.
2446 5682 2619 5737 Mansi
2650 5681 2786 5743 xx,
2815 5683 2939 5732 733.

2066 5756 2112 5821 (l
2126 5754 2251 5823 376)
2288 5754 2525 5807 Isarnus.
