  <div class='ocr_page' id='page_1' title='image "/cluster/home/n/w/nwhite01/storage/ocr_20150623/148/hvd.32044054760061/707.png"; bbox 0 0 4052 6196; ppageno 0'>
   <div class='ocr_carea' id='block_1_1' title="bbox 420 4849 1020 4922">
    <p class='ocr_par' dir='ltr' id='par_1_1' title="bbox 420 4849 1020 4922">
     <span class='ocr_line' id='line_1_1' title="bbox 420 4849 1020 4922; baseline -0.003 -11"><span class='ocrx_word' id='word_1_1' title='bbox 420 4908 423 4911; x_wconf 36' lang='grc' dir='ltr'><strong><em>λ</em></strong></span> <span class='ocrx_word' id='word_1_2' title='bbox 507 4849 577 4886; x_wconf 80' lang='grc'><strong>⁵³³</strong></span> <span class='ocrx_word' id='word_1_3' title='bbox 610 4852 732 4921; x_wconf 86' lang='lat' dir='ltr'><strong>jam</strong></span> <span class='ocrx_word' id='word_1_4' title='bbox 765 4856 939 4922; x_wconf 74' lang='lat' dir='ltr'><strong>pergit</strong></span> <span class='ocrx_word' id='word_1_5' title='bbox 975 4861 1020 4909; x_wconf 94' lang='lat'><strong>1.</strong></span> 
     </span>
    </p>
   </div>
   <div class='ocr_carea' id='block_1_2' title="bbox 516 307 655 361">
    <p class='ocr_par' dir='ltr' id='par_1_2' title="bbox 516 307 655 361">
     <span class='ocr_line' id='line_1_2' title="bbox 516 307 655 361; baseline 0 0"><span class='ocrx_word' id='word_1_6' title='bbox 516 307 655 361; x_wconf 76' lang='grc'>1403</span> 
     </span>
    </p>
   </div>
   <div class='ocr_carea' id='block_1_3' title="bbox 1515 295 2797 356">
    <p class='ocr_par' dir='ltr' id='par_1_3' title="bbox 1515 295 2797 356">
     <span class='ocr_line' id='line_1_3' title="bbox 1515 295 2797 356; baseline -0.005 0"><span class='ocrx_word' id='word_1_7' title='bbox 1515 301 1605 356; x_wconf 77' lang='grc' dir='ltr'><strong>ΛΟ</strong></span> <span class='ocrx_word' id='word_1_8' title='bbox 1642 298 1869 355; x_wconf 78' lang='grc' dir='ltr'><strong>ΟΡΕΡιΑ</strong></span> <span class='ocrx_word' id='word_1_9' title='bbox 1908 299 1967 356; x_wconf 77' lang='lat' dir='ltr'><strong>S.‘</strong></span> <span class='ocrx_word' id='word_1_10' title='bbox 2006 295 2330 354; x_wconf 78' lang='lat' dir='ltr'><strong>GREGORII</strong></span> <span class='ocrx_word' id='word_1_11' title='bbox 2361 295 2797 353; x_wconf 77' lang='lat' dir='ltr'><strong>APPENDICES.</strong></span> 
     </span>
    </p>
   </div>
   <div class='ocr_carea' id='block_1_4' title="bbox 3661 300 3787 355">
    <p class='ocr_par' dir='ltr' id='par_1_4' title="bbox 3661 300 3787 355">
     <span class='ocr_line' id='line_1_4' title="bbox 3661 300 3787 355; baseline 0 0"><span class='ocrx_word' id='word_1_12' title='bbox 3661 300 3787 355; x_wconf 70' lang='grc'>1404</span> 
     </span>
    </p>
   </div>
   <div class='ocr_carea' id='block_1_5' title="bbox 511 420 3784 499">
    <p class='ocr_par' dir='ltr' id='par_1_5' title="bbox 511 420 3784 499">
     <span class='ocr_line' id='line_1_5' title="bbox 511 420 3784 499; baseline -0.001 -14"><span class='ocrx_word' id='word_1_13' title='bbox 511 429 833 487; x_wconf 83' lang='lat' dir='ltr'><strong>criminibus</strong></span> <span class='ocrx_word' id='word_1_14' title='bbox 865 428 1126 484; x_wconf 86' lang='lat' dir='ltr'><strong>canonice</strong></span> <span class='ocrx_word' id='word_1_15' title='bbox 1170 433 1522 499; x_wconf 79' lang='lat' dir='ltr'><strong>expurgatur,</strong></span> <span class='ocrx_word' id='word_1_16' title='bbox 1553 433 1607 481; x_wconf 92' lang='lat' dir='ltr'><strong>et</strong></span> <span class='ocrx_word' id='word_1_17' title='bbox 1648 424 1844 497; x_wconf 81' lang='lat' dir='ltr'><strong>legatio</strong></span> <span class='ocrx_word' id='word_1_18' title='bbox 1887 440 1986 497; x_wconf 92' lang='lat' dir='ltr'><strong>pro</strong></span> <span class='ocrx_word' id='word_1_19' title='bbox 2015 439 2101 479; x_wconf 90' lang='lat' dir='ltr'><strong>re-</strong></span> <span class='ocrx_word' id='word_1_20' title='bbox 2132 427 2186 492; x_wconf 77' lang='grc' dir='ltr'><strong>Α</strong></span> <span class='ocrx_word' id='word_1_21' title='bbox 2214 430 2424 479; x_wconf 88' lang='lat' dir='ltr'><strong>verunt.</strong></span> <span class='ocrx_word' id='word_1_22' title='bbox 2470 425 2722 478; x_wconf 89' lang='lat' dir='ltr'><strong>Domnus</strong></span> <span class='ocrx_word' id='word_1_23' title='bbox 2749 437 2887 493; x_wconf 90' lang='lat' dir='ltr'><strong>papa</strong></span> <span class='ocrx_word' id='word_1_24' title='bbox 2920 420 3171 479; x_wconf 84' lang='lat' dir='ltr'><strong>Urbanus</strong></span> <span class='ocrx_word' id='word_1_25' title='bbox 3198 422 3511 494; x_wconf 82' lang='lat' dir='ltr'><strong>generalem</strong></span> <span class='ocrx_word' id='word_1_26' title='bbox 3545 420 3784 481; x_wconf 85' lang='lat' dir='ltr'><strong>sinodum</strong></span> 
     </span>
    </p>
   </div>
   <div class='ocr_carea' id='block_1_6' title="bbox 512 519 2101 586">
    <p class='ocr_par' dir='ltr' id='par_1_6' title="bbox 512 519 2101 586">
     <span class='ocr_line' id='line_1_6' title="bbox 512 519 2101 586; baseline -0.004 -4"><span class='ocrx_word' id='word_1_27' title='bbox 512 523 806 583; x_wconf 88' lang='lat' dir='ltr'><strong>stauranda</strong></span> <span class='ocrx_word' id='word_1_28' title='bbox 851 520 1247 577; x_wconf 87' lang='lat' dir='ltr'><strong>christianitate</strong></span> <span class='ocrx_word' id='word_1_29' title='bbox 1292 519 1347 575; x_wconf 91' lang='lat' dir='ltr'><strong>in</strong></span> <span class='ocrx_word' id='word_1_30' title='bbox 1390 519 1651 576; x_wconf 86' lang='lat' dir='ltr'><strong>Toletana</strong></span> <span class='ocrx_word' id='word_1_31' title='bbox 1691 519 1930 586; x_wconf 80' lang='lat' dir='ltr'><strong>civitate,</strong></span> <span class='ocrx_word' id='word_1_32' title='bbox 1974 534 2101 586; x_wconf 82' lang='lat' dir='ltr'><strong>rege</strong></span> 
     </span>
    </p>
   </div>
   <div class='ocr_carea' id='block_1_7' title="bbox 512 612 2101 688">
    <p class='ocr_par' dir='ltr' id='par_1_7' title="bbox 512 612 2101 688">
     <span class='ocr_line' id='line_1_7' title="bbox 512 612 2101 688; baseline -0.003 -15"><span class='ocrx_word' id='word_1_33' title='bbox 512 620 886 688; x_wconf 84' lang='lat' dir='ltr'><strong>HiSpanorum</strong></span> <span class='ocrx_word' id='word_1_34' title='bbox 914 614 1021 670; x_wconf 88' lang='lat' dir='ltr'><strong>hoc</strong></span> <span class='ocrx_word' id='word_1_35' title='bbox 1045 614 1407 687; x_wconf 85' lang='lat' dir='ltr'><strong>supplicante,</strong></span> <span class='ocrx_word' id='word_1_36' title='bbox 1434 612 1747 670; x_wconf 81' lang='lat' dir='ltr'><strong>destinatur</strong></span> <span class='ocrx_word' id='word_1_37' title='bbox 1777 613 1870 668; x_wconf 74' lang='grc'><strong>⁸⁸⁸.</strong></span> <span class='ocrx_word' id='word_1_38' title='bbox 1918 612 2101 668; x_wconf 83' lang='lat' dir='ltr'><strong>Weli’o</strong></span> 
     </span>
    </p>
   </div>
   <div class='ocr_carea' id='block_1_8' title="bbox 514 707 2099 779">
    <p class='ocr_par' dir='ltr' id='par_1_8' title="bbox 514 707 2099 779">
     <span class='ocr_line' id='line_1_8' title="bbox 514 707 2099 779; baseline -0.005 -11"><span class='ocrx_word' id='word_1_39' title='bbox 514 710 625 768; x_wconf 76' lang='lat' dir='ltr'><strong>dux</strong></span> <span class='ocrx_word' id='word_1_40' title='bbox 658 709 829 767; x_wconf 89' lang='lat' dir='ltr'><strong>Italia</strong></span> <span class='ocrx_word' id='word_1_41' title='bbox 852 707 1028 765; x_wconf 91' lang='lat' dir='ltr'><strong>multa</strong></span> <span class='ocrx_word' id='word_1_42' title='bbox 1058 708 1307 765; x_wconf 91' lang='lat' dir='ltr'><strong>incendia</strong></span> <span class='ocrx_word' id='word_1_43' title='bbox 1333 716 1387 763; x_wconf 92' lang='lat' dir='ltr'><strong>et</strong></span> <span class='ocrx_word' id='word_1_44' title='bbox 1414 707 1848 779; x_wconf 84' lang='lat' dir='ltr'><strong>depradationes</strong></span> <span class='ocrx_word' id='word_1_45' title='bbox 1870 725 1900 763; x_wconf 91' lang='lat' dir='ltr'><strong>a</strong></span> <span class='ocrx_word' id='word_1_46' title='bbox 1930 707 2099 762; x_wconf 78' lang='lat' dir='ltr'><strong>Hein-</strong></span> 
     </span>
    </p>
   </div>
   <div class='ocr_carea' id='block_1_9' title="bbox 390 802 2099 878">
    <p class='ocr_par' dir='ltr' id='par_1_9' title="bbox 390 802 2099 878">
     <span class='ocr_line' id='line_1_9' title="bbox 390 802 2099 878; baseline -0.003 -16"><span class='ocrx_word' id='word_1_47' title='bbox 390 874 403 878; x_wconf 84' lang='lat'>_</span> <span class='ocrx_word' id='word_1_48' title='bbox 509 806 624 861; x_wconf 91' lang='lat' dir='ltr'><strong>rico</strong></span> <span class='ocrx_word' id='word_1_49' title='bbox 641 819 768 877; x_wconf 84' lang='lat' dir='ltr'><strong>rege</strong></span> <span class='ocrx_word' id='word_1_50' title='bbox 790 803 895 859; x_wconf 85' lang='lat' dir='ltr'><strong>hoc</strong></span> <span class='ocrx_word' id='word_1_51' title='bbox 920 804 977 860; x_wconf 92' lang='lat' dir='ltr'><strong>in</strong></span> <span class='ocrx_word' id='word_1_52' title='bbox 1007 817 1147 859; x_wconf 87' lang='lat' dir='ltr'><strong>anno</strong></span> <span class='ocrx_word' id='word_1_53' title='bbox 1168 802 1235 836; x_wconf 72' lang='grc'><strong>⁸³⁸</strong></span> <span class='ocrx_word' id='word_1_54' title='bbox 1259 802 1705 875; x_wconf 91' lang='lat' dir='ltr'><strong>Longobardiam</strong></span> <span class='ocrx_word' id='word_1_55' title='bbox 1730 802 1974 874; x_wconf 88' lang='lat' dir='ltr'><strong>ingresso</strong></span> <span class='ocrx_word' id='word_1_56' title='bbox 2004 818 2099 873; x_wconf 90' lang='lat' dir='ltr'><strong>pa-</strong></span> 
     </span>
    </p>
   </div>
   <div class='ocr_carea' id='block_1_10' title="bbox 507 894 2100 969">
    <p class='ocr_par' dir='ltr' id='par_1_10' title="bbox 507 894 2100 969">
     <span class='ocr_line' id='line_1_10' title="bbox 507 894 2100 969; baseline -0.005 -14"><span class='ocrx_word' id='word_1_57' title='bbox 507 900 670 969; x_wconf 81' lang='lat' dir='ltr'><strong>titur;</strong></span> <span class='ocrx_word' id='word_1_58' title='bbox 693 896 789 954; x_wconf 92' lang='lat' dir='ltr'><strong>sed</strong></span> <span class='ocrx_word' id='word_1_59' title='bbox 813 897 1107 954; x_wconf 85' lang='lat' dir='ltr'><strong>adhortatu</strong></span> <span class='ocrx_word' id='word_1_60' title='bbox 1131 896 1351 953; x_wconf 83' lang='lat' dir='ltr'><strong>domna</strong></span> <span class='ocrx_word' id='word_1_61' title='bbox 1375 897 1449 947; x_wconf 74' lang='grc' dir='ltr'><strong>⁸η</strong></span> <span class='ocrx_word' id='word_1_62' title='bbox 1479 895 1755 953; x_wconf 89' lang='lat' dir='ltr'><strong>Mathildis</strong></span> <span class='ocrx_word' id='word_1_63' title='bbox 1772 894 1843 933; x_wconf 68' lang='grc' dir='ltr'><strong>διδ</strong></span> <span class='ocrx_word' id='word_1_64' title='bbox 1863 911 1978 951; x_wconf 86' lang='lat' dir='ltr'><strong>sua</strong></span> <span class='ocrx_word' id='word_1_65' title='bbox 2003 895 2100 951; x_wconf 52' lang='lat' dir='ltr'><strong>ira.</strong></span> 
     </span>
    </p>
   </div>
   <div class='ocr_carea' id='block_1_11' title="bbox 510 989 2098 1064">
    <p class='ocr_par' dir='ltr' id='par_1_11' title="bbox 510 989 2098 1064">
     <span class='ocr_line' id='line_1_11' title="bbox 510 989 2098 1064; baseline -0.003 -15"><span class='ocrx_word' id='word_1_66' title='bbox 510 993 735 1049; x_wconf 88' lang='lat' dir='ltr'><strong>rissima</strong></span> <span class='ocrx_word' id='word_1_67' title='bbox 773 991 1021 1064; x_wconf 84' lang='lat' dir='ltr'><strong>conjugis</strong></span> <span class='ocrx_word' id='word_1_68' title='bbox 1048 989 1231 1047; x_wconf 90' lang='lat' dir='ltr'><strong>eidem</strong></span> <span class='ocrx_word' id='word_1_69' title='bbox 1266 991 1523 1047; x_wconf 80' lang='lat' dir='ltr'><strong>Heinrico</strong></span> <span class='ocrx_word' id='word_1_70' title='bbox 1554 991 1825 1058; x_wconf 83' lang='lat' dir='ltr'><strong>resistere,</strong></span> <span class='ocrx_word' id='word_1_71' title='bbox 1853 998 1907 1045; x_wconf 91' lang='lat' dir='ltr'><strong>et</strong></span> <span class='ocrx_word' id='word_1_72' title='bbox 1928 990 2006 1041; x_wconf 68' lang='grc' dir='ltr'><strong>διε</strong></span> <span class='ocrx_word' id='word_1_73' title='bbox 2044 989 2098 1045; x_wconf 91' lang='lat' dir='ltr'><strong>in</strong></span> 
     </span>
    </p>
   </div>
   <div class='ocr_carea' id='block_1_12' title="bbox 509 1084 2097 1156">
    <p class='ocr_par' dir='ltr' id='par_1_12' title="bbox 509 1084 2097 1156">
     <span class='ocr_line' id='line_1_12' title="bbox 509 1084 2097 1156; baseline -0.003 -13"><span class='ocrx_word' id='word_1_74' title='bbox 509 1086 765 1143; x_wconf 91' lang='lat' dir='ltr'><strong>ﬁdelitate</strong></span> <span class='ocrx_word' id='word_1_75' title='bbox 799 1086 974 1142; x_wconf 87' lang='lat' dir='ltr'><strong>sancti</strong></span> <span class='ocrx_word' id='word_1_76' title='bbox 1020 1084 1164 1140; x_wconf 88' lang='lat' dir='ltr'><strong>Petri</strong></span> <span class='ocrx_word' id='word_1_77' title='bbox 1195 1086 1486 1156; x_wconf 87' lang='lat' dir='ltr'><strong>persistere</strong></span> <span class='ocrx_word' id='word_1_78' title='bbox 1525 1085 1752 1139; x_wconf 85' lang='lat' dir='ltr'><strong>viriliter</strong></span> <span class='ocrx_word' id='word_1_79' title='bbox 1796 1084 2097 1141; x_wconf 85' lang='lat' dir='ltr'><strong>contendit.</strong></span> 
     </span>
    </p>
   </div>
   <div class='ocr_carea' id='block_1_13' title="bbox 511 1176 2099 1252">
    <p class='ocr_par' dir='ltr' id='par_1_13' title="bbox 511 1176 2099 1252">
     <span class='ocr_line' id='line_1_13' title="bbox 511 1176 2099 1252; baseline -0.002 -16"><span class='ocrx_word' id='word_1_80' title='bbox 511 1182 632 1236; x_wconf 85' lang='lat' dir='ltr'><strong>Hoc</strong></span> <span class='ocrx_word' id='word_1_81' title='bbox 649 1196 797 1236; x_wconf 90' lang='lat' dir='ltr'><strong>anno</strong></span> <span class='ocrx_word' id='word_1_82' title='bbox 830 1196 1028 1252; x_wconf 88' lang='lat' dir='ltr'><strong>magna</strong></span> <span class='ocrx_word' id='word_1_83' title='bbox 1061 1177 1231 1234; x_wconf 80' lang='lat' dir='ltr'><strong>fames</strong></span> <span class='ocrx_word' id='word_1_84' title='bbox 1259 1179 1461 1235; x_wconf 92' lang='lat' dir='ltr'><strong>multas</strong></span> <span class='ocrx_word' id='word_1_85' title='bbox 1491 1179 1743 1250; x_wconf 84' lang='lat' dir='ltr'><strong>regiones</strong></span> <span class='ocrx_word' id='word_1_86' title='bbox 1772 1188 1991 1251; x_wconf 87' lang='lat' dir='ltr'><strong>repente</strong></span> <span class='ocrx_word' id='word_1_87' title='bbox 2016 1176 2099 1233; x_wconf 82' lang='lat' dir='ltr'><strong>af-</strong></span> 
     </span>
    </p>
   </div>
   <div class='ocr_carea' id='block_1_14' title="bbox 510 1273 2103 1346">
    <p class='ocr_par' dir='ltr' id='par_1_14' title="bbox 510 1273 2103 1346">
     <span class='ocr_line' id='line_1_14' title="bbox 510 1273 2103 1346; baseline -0.001 -16"><span class='ocrx_word' id='word_1_88' title='bbox 510 1273 670 1341; x_wconf 79' lang='lat' dir='ltr'><strong>ﬂixit,</strong></span> <span class='ocrx_word' id='word_1_89' title='bbox 710 1274 939 1346; x_wconf 90' lang='lat' dir='ltr'><strong>quanvis</strong></span> <span class='ocrx_word' id='word_1_90' title='bbox 966 1290 1075 1331; x_wconf 86' lang='lat' dir='ltr'><strong>non</strong></span> <span class='ocrx_word' id='word_1_91' title='bbox 1107 1289 1309 1345; x_wconf 88' lang='lat' dir='ltr'><strong>magna</strong></span> <span class='ocrx_word' id='word_1_92' title='bbox 1339 1273 1596 1329; x_wconf 89' lang='lat' dir='ltr'><strong>sterilitas</strong></span> <span class='ocrx_word' id='word_1_93' title='bbox 1625 1282 1785 1329; x_wconf 87' lang='lat' dir='ltr'><strong>terra</strong></span> <span class='ocrx_word' id='word_1_94' title='bbox 1815 1288 2103 1345; x_wconf 79' lang='lat' dir='ltr'><strong>praeesse-</strong></span> 
     </span>
    </p>
   </div>
   <div class='ocr_carea' id='block_1_15' title="bbox 508 1366 2102 1438">
    <p class='ocr_par' dir='ltr' id='par_1_15' title="bbox 508 1366 2102 1438">
     <span class='ocr_line' id='line_1_15' title="bbox 508 1366 2102 1438; baseline -0.001 -14"><span class='ocrx_word' id='word_1_95' title='bbox 508 1368 582 1424; x_wconf 88' lang='lat' dir='ltr'><strong>rit</strong></span> <span class='ocrx_word' id='word_1_96' title='bbox 595 1368 687 1424; x_wconf 75' lang='lat'><strong>&quot;0.</strong></span> <span class='ocrx_word' id='word_1_97' title='bbox 709 1366 984 1423; x_wconf 82' lang='lat' dir='ltr'><strong>Adelbero</strong></span> <span class='ocrx_word' id='word_1_98' title='bbox 998 1367 1312 1425; x_wconf 87' lang='lat' dir='ltr'><strong>reverenda</strong></span> <span class='ocrx_word' id='word_1_99' title='bbox 1331 1366 1611 1423; x_wconf 88' lang='lat' dir='ltr'><strong>memoria</strong></span> <span class='ocrx_word' id='word_1_100' title='bbox 1629 1366 2102 1438; x_wconf 88' lang='lat' dir='ltr'><strong>Wirceburgensis</strong></span> 
     </span>
    </p>
   </div>
   <div class='ocr_carea' id='block_1_16' title="bbox 508 1461 2101 1534">
    <p class='ocr_par' dir='ltr' id='par_1_16' title="bbox 508 1461 2101 1534">
     <span class='ocr_line' id='line_1_16' title="bbox 508 1461 2101 1534; baseline -0.001 -17"><span class='ocrx_word' id='word_1_101' title='bbox 508 1463 815 1534; x_wconf 90' lang='lat' dir='ltr'><strong>episcopus,</strong></span> <span class='ocrx_word' id='word_1_102' title='bbox 844 1478 987 1517; x_wconf 89' lang='lat' dir='ltr'><strong>unus</strong></span> <span class='ocrx_word' id='word_1_103' title='bbox 1015 1461 1083 1517; x_wconf 90' lang='lat' dir='ltr'><strong>de</strong></span> <span class='ocrx_word' id='word_1_104' title='bbox 1112 1461 1514 1534; x_wconf 85' lang='lat' dir='ltr'><strong>antiquioribus</strong></span> <span class='ocrx_word' id='word_1_105' title='bbox 1538 1461 1831 1533; x_wconf 83' lang='lat' dir='ltr'><strong>episcOpis,</strong></span> <span class='ocrx_word' id='word_1_106' title='bbox 1859 1461 1911 1515; x_wconf 92' lang='lat' dir='ltr'><strong>in</strong></span> <span class='ocrx_word' id='word_1_107' title='bbox 1938 1476 2101 1516; x_wconf 91' lang='lat' dir='ltr'><strong>causa</strong></span> 
     </span>
    </p>
   </div>
   <div class='ocr_carea' id='block_1_17' title="bbox 508 1555 2100 1627">
    <p class='ocr_par' dir='ltr' id='par_1_17' title="bbox 508 1555 2100 1627">
     <span class='ocr_line' id='line_1_17' title="bbox 508 1555 2100 1627; baseline 0 -16"><span class='ocrx_word' id='word_1_108' title='bbox 508 1556 685 1612; x_wconf 87' lang='lat' dir='ltr'><strong>sancti</strong></span> <span class='ocrx_word' id='word_1_109' title='bbox 714 1555 859 1612; x_wconf 90' lang='lat' dir='ltr'><strong>Petri</strong></span> <span class='ocrx_word' id='word_1_110' title='bbox 905 1564 1097 1611; x_wconf 90' lang='lat' dir='ltr'><strong>contra</strong></span> <span class='ocrx_word' id='word_1_111' title='bbox 1126 1555 1188 1589; x_wconf 73' lang='grc'><strong>³³³</strong></span> <span class='ocrx_word' id='word_1_112' title='bbox 1219 1555 1543 1612; x_wconf 89' lang='lat' dir='ltr'><strong>Guibertum</strong></span> <span class='ocrx_word' id='word_1_113' title='bbox 1582 1564 1636 1611; x_wconf 89' lang='lat' dir='ltr'><strong>et</strong></span> <span class='ocrx_word' id='word_1_114' title='bbox 1660 1555 1775 1627; x_wconf 86' lang='lat' dir='ltr'><strong>ejus</strong></span> <span class='ocrx_word' id='word_1_115' title='bbox 1803 1555 2100 1627; x_wconf 91' lang='lat' dir='ltr'><strong>complices</strong></span> 
     </span>
    </p>
   </div>
   <div class='ocr_carea' id='block_1_18' title="bbox 508 1647 2100 1720">
    <p class='ocr_par' dir='ltr' id='par_1_18' title="bbox 508 1647 2100 1720">
     <span class='ocr_line' id='line_1_18' title="bbox 508 1647 2100 1720; baseline -0.001 -17"><span class='ocrx_word' id='word_1_116' title='bbox 508 1647 944 1716; x_wconf 87' lang='lat' dir='ltr'><strong>strenuissimus,</strong></span> <span class='ocrx_word' id='word_1_117' title='bbox 988 1655 1112 1719; x_wconf 93' lang='lat' dir='ltr'><strong>post</strong></span> <span class='ocrx_word' id='word_1_118' title='bbox 1163 1647 1337 1703; x_wconf 89' lang='lat' dir='ltr'><strong>multa</strong></span> <span class='ocrx_word' id='word_1_119' title='bbox 1388 1647 1645 1719; x_wconf 84' lang='lat' dir='ltr'><strong>pericula,</strong></span> <span class='ocrx_word' id='word_1_120' title='bbox 1699 1647 2100 1720; x_wconf 89' lang='lat' dir='ltr'><strong>persecutiones</strong></span> 
     </span>
    </p>
   </div>
   <div class='ocr_carea' id='block_1_19' title="bbox 508 1740 2103 1813">
    <p class='ocr_par' dir='ltr' id='par_1_19' title="bbox 508 1740 2103 1813">
     <span class='ocr_line' id='line_1_19' title="bbox 508 1740 2103 1813; baseline 0.001 -17"><span class='ocrx_word' id='word_1_121' title='bbox 508 1749 562 1797; x_wconf 90' lang='lat' dir='ltr'><strong>et</strong></span> <span class='ocrx_word' id='word_1_122' title='bbox 589 1741 773 1809; x_wconf 84' lang='lat' dir='ltr'><strong>exilia,</strong></span> <span class='ocrx_word' id='word_1_123' title='bbox 806 1757 928 1813; x_wconf 89' lang='lat' dir='ltr'><strong>qua</strong></span> <span class='ocrx_word' id='word_1_124' title='bbox 952 1757 1048 1813; x_wconf 90' lang='lat' dir='ltr'><strong>pro</strong></span> <span class='ocrx_word' id='word_1_125' title='bbox 1069 1740 1287 1798; x_wconf 84' lang='lat' dir='ltr'><strong>Christo</strong></span> <span class='ocrx_word' id='word_1_126' title='bbox 1317 1740 1677 1797; x_wconf 80' lang='lat' dir='ltr'><strong>libentissime</strong></span> <span class='ocrx_word' id='word_1_127' title='bbox 1703 1757 1891 1813; x_wconf 89' lang='lat' dir='ltr'><strong>passus</strong></span> <span class='ocrx_word' id='word_1_128' title='bbox 1920 1749 2020 1811; x_wconf 85' lang='lat' dir='ltr'><strong>est,</strong></span> <span class='ocrx_word' id='word_1_129' title='bbox 2048 1742 2103 1797; x_wconf 90' lang='lat' dir='ltr'><strong>in</strong></span> 
     </span>
    </p>
   </div>
   <div class='ocr_carea' id='block_1_20' title="bbox 509 1833 2100 1905">
    <p class='ocr_par' dir='ltr' id='par_1_20' title="bbox 509 1833 2100 1905">
     <span class='ocr_line' id='line_1_20' title="bbox 509 1833 2100 1905; baseline 0.001 -15"><span class='ocrx_word' id='word_1_130' title='bbox 509 1836 649 1890; x_wconf 88' lang='lat' dir='ltr'><strong>bona</strong></span> <span class='ocrx_word' id='word_1_131' title='bbox 692 1833 1041 1892; x_wconf 85' lang='lat' dir='ltr'><strong>confessione</strong></span> <span class='ocrx_word' id='word_1_132' title='bbox 1086 1836 1233 1892; x_wconf 91' lang='lat' dir='ltr'><strong>diem</strong></span> <span class='ocrx_word' id='word_1_133' title='bbox 1276 1835 1471 1891; x_wconf 89' lang='lat' dir='ltr'><strong>clausit</strong></span> <span class='ocrx_word' id='word_1_134' title='bbox 1510 1845 1820 1894; x_wconf 83' lang='lat' dir='ltr'><strong>extremum</strong></span> <span class='ocrx_word' id='word_1_135' title='bbox 1850 1837 1984 1902; x_wconf 89' lang='lat' dir='ltr'><strong>(Oct.</strong></span> <span class='ocrx_word' id='word_1_136' title='bbox 2027 1840 2100 1905; x_wconf 84' lang='lat'><strong>6),</strong></span> 
     </span>
    </p>
   </div>
   <div class='ocr_carea' id='block_1_21' title="bbox 506 1920 1957 2003">
    <p class='ocr_par' dir='ltr' id='par_1_21' title="bbox 506 1920 1957 2003">
     <span class='ocr_line' id='line_1_21' title="bbox 506 1920 1957 2003; baseline 0 -18"><span class='ocrx_word' id='word_1_137' title='bbox 506 1928 567 1985; x_wconf 91' lang='lat' dir='ltr'><strong>in</strong></span> <span class='ocrx_word' id='word_1_138' title='bbox 596 1929 801 2002; x_wconf 88' lang='lat' dir='ltr'><strong>pradio</strong></span> <span class='ocrx_word' id='word_1_139' title='bbox 828 1945 929 1987; x_wconf 88' lang='lat' dir='ltr'><strong>suo</strong></span> <span class='ocrx_word' id='word_1_140' title='bbox 950 1928 1097 2003; x_wconf 91' lang='lat' dir='ltr'><strong>quod</strong></span> <span class='ocrx_word' id='word_1_141' title='bbox 1124 1929 1384 1986; x_wconf 86' lang='lat' dir='ltr'><strong>Lanbach</strong></span> <span class='ocrx_word' id='word_1_142' title='bbox 1412 1934 1593 1997; x_wconf 89' lang='grc'>(1377)</span> <span class='ocrx_word' id='word_1_143' title='bbox 1625 1920 1848 1986; x_wconf 80' lang='lat' dir='ltr'><strong>vocatur</strong></span> <span class='ocrx_word' id='word_1_144' title='bbox 1871 1929 1957 1985; x_wconf 75' lang='grc'>⁵³³.</span> 
     </span>
    </p>
   </div>
   <div class='ocr_carea' id='block_1_22' title="bbox 1224 2024 1425 2080">
    <p class='ocr_par' dir='ltr' id='par_1_22' title="bbox 1224 2024 1425 2080">
     <span class='ocr_line' id='line_1_22' title="bbox 1224 2024 1425 2080; baseline -0.01 -1"><span class='ocrx_word' id='word_1_145' title='bbox 1224 2024 1425 2080; x_wconf 80' lang='lat' dir='ltr'><strong>MXCI.</strong></span> 
     </span>
    </p>
   </div>
   <div class='ocr_carea' id='block_1_23' title="bbox 577 2117 2099 2190">
    <p class='ocr_par' dir='ltr' id='par_1_23' title="bbox 577 2117 2099 2190">
     <span class='ocr_line' id='line_1_23' title="bbox 577 2117 2099 2190; baseline 0.001 -19"><span class='ocrx_word' id='word_1_146' title='bbox 577 2119 836 2173; x_wconf 90' lang='lat' dir='ltr'><strong>Domnus</strong></span> <span class='ocrx_word' id='word_1_147' title='bbox 858 2133 999 2190; x_wconf 86' lang='lat' dir='ltr'><strong>papa</strong></span> <span class='ocrx_word' id='word_1_148' title='bbox 1046 2134 1110 2173; x_wconf 94' lang='lat' dir='ltr'><strong>eo</strong></span> <span class='ocrx_word' id='word_1_149' title='bbox 1136 2126 1383 2188; x_wconf 86' lang='lat' dir='ltr'><strong>tempore</strong></span> <span class='ocrx_word' id='word_1_150' title='bbox 1416 2117 1467 2172; x_wconf 90' lang='lat' dir='ltr'><strong>in</strong></span> <span class='ocrx_word' id='word_1_151' title='bbox 1502 2118 1745 2189; x_wconf 84' lang='lat' dir='ltr'><strong>partibus</strong></span> <span class='ocrx_word' id='word_1_152' title='bbox 1785 2117 2099 2189; x_wconf 89' lang='lat' dir='ltr'><strong>Campania</strong></span> 
     </span>
    </p>
   </div>
   <div class='ocr_carea' id='block_1_24' title="bbox 505 2210 2098 2279">
    <p class='ocr_par' dir='ltr' id='par_1_24' title="bbox 505 2210 2098 2279">
     <span class='ocr_line' id='line_1_24' title="bbox 505 2210 2098 2279; baseline 0.001 -12"><span class='ocrx_word' id='word_1_153' title='bbox 505 2210 854 2279; x_wconf 85' lang='lat' dir='ltr'><strong>morabatur,</strong></span> <span class='ocrx_word' id='word_1_154' title='bbox 903 2219 959 2265; x_wconf 92' lang='lat' dir='ltr'><strong>et</strong></span> <span class='ocrx_word' id='word_1_155' title='bbox 1010 2211 1078 2266; x_wconf 89' lang='lat' dir='ltr'><strong>ab</strong></span> <span class='ocrx_word' id='word_1_156' title='bbox 1131 2210 1384 2266; x_wconf 87' lang='lat' dir='ltr'><strong>omnibus</strong></span> <span class='ocrx_word' id='word_1_157' title='bbox 1432 2211 1717 2267; x_wconf 71' lang='lat' dir='ltr'><strong>catholicis</strong></span> <span class='ocrx_word' id='word_1_158' title='bbox 1772 2211 1958 2273; x_wconf 78' lang='lat' dir='ltr'><strong>debita</strong></span> <span class='ocrx_word' id='word_1_159' title='bbox 2014 2226 2098 2268; x_wconf 88' lang='lat' dir='ltr'><strong>re-</strong></span> 
     </span>
    </p>
   </div>
   <div class='ocr_carea' id='block_1_25' title="bbox 506 2303 2101 2377">
    <p class='ocr_par' dir='ltr' id='par_1_25' title="bbox 506 2303 2101 2377">
     <span class='ocr_line' id='line_1_25' title="bbox 506 2303 2101 2377; baseline 0 -17"><span class='ocrx_word' id='word_1_160' title='bbox 506 2303 745 2360; x_wconf 84' lang='lat' dir='ltr'><strong>verentia</strong></span> <span class='ocrx_word' id='word_1_161' title='bbox 793 2303 1105 2371; x_wconf 86' lang='lat' dir='ltr'><strong>colebatur,</strong></span> <span class='ocrx_word' id='word_1_162' title='bbox 1178 2303 1428 2359; x_wconf 78' lang='lat' dir='ltr'><strong>videlicet</strong></span> <span class='ocrx_word' id='word_1_163' title='bbox 1490 2320 1520 2358; x_wconf 90' lang='lat' dir='ltr'><strong>a</strong></span> <span class='ocrx_word' id='word_1_164' title='bbox 1587 2304 2101 2377; x_wconf 83' lang='lat' dir='ltr'><strong>ConstantinOpoli-</strong></span> 
     </span>
    </p>
   </div>
   <div class='ocr_carea' id='block_1_26' title="bbox 506 2396 2097 2470">
    <p class='ocr_par' dir='ltr' id='par_1_26' title="bbox 506 2396 2097 2470">
     <span class='ocr_line' id='line_1_26' title="bbox 506 2396 2097 2470; baseline 0.001 -19"><span class='ocrx_word' id='word_1_165' title='bbox 506 2404 639 2451; x_wconf 87' lang='lat' dir='ltr'><strong>tano</strong></span> <span class='ocrx_word' id='word_1_166' title='bbox 690 2396 1040 2467; x_wconf 89' lang='lat' dir='ltr'><strong>imperatore,</strong></span> <span class='ocrx_word' id='word_1_167' title='bbox 1092 2404 1148 2451; x_wconf 91' lang='lat' dir='ltr'><strong>et</strong></span> <span class='ocrx_word' id='word_1_168' title='bbox 1187 2412 1216 2451; x_wconf 92' lang='lat' dir='ltr'><strong>a</strong></span> <span class='ocrx_word' id='word_1_169' title='bbox 1273 2396 1521 2467; x_wconf 89' lang='lat' dir='ltr'><strong>Philippo</strong></span> <span class='ocrx_word' id='word_1_170' title='bbox 1568 2397 1906 2453; x_wconf 88' lang='lat' dir='ltr'><strong>Francorum</strong></span> <span class='ocrx_word' id='word_1_171' title='bbox 1952 2413 2097 2470; x_wconf 84' lang='lat' dir='ltr'><strong>rege.</strong></span> 
     </span>
    </p>
   </div>
   <div class='ocr_carea' id='block_1_27' title="bbox 504 2488 2098 2563">
    <p class='ocr_par' dir='ltr' id='par_1_27' title="bbox 504 2488 2098 2563">
     <span class='ocr_line' id='line_1_27' title="bbox 504 2488 2098 2563; baseline 0.001 -18"><span class='ocrx_word' id='word_1_172' title='bbox 504 2488 734 2560; x_wconf 83' lang='lat' dir='ltr'><strong>aliisque</strong></span> <span class='ocrx_word' id='word_1_173' title='bbox 803 2488 1147 2544; x_wconf 89' lang='lat' dir='ltr'><strong>diversorum</strong></span> <span class='ocrx_word' id='word_1_174' title='bbox 1203 2504 1497 2561; x_wconf 86' lang='lat' dir='ltr'><strong>regnorum</strong></span> <span class='ocrx_word' id='word_1_175' title='bbox 1583 2490 1919 2563; x_wconf 91' lang='lat' dir='ltr'><strong>principibus</strong></span> <span class='ocrx_word' id='word_1_176' title='bbox 1986 2501 2098 2547; x_wconf 91' lang='lat' dir='ltr'><strong>tam</strong></span> 
     </span>
    </p>
   </div>
   <div class='ocr_carea' id='block_1_28' title="bbox 506 2581 2098 2657">
    <p class='ocr_par' dir='ltr' id='par_1_28' title="bbox 506 2581 2098 2657">
     <span class='ocr_line' id='line_1_28' title="bbox 506 2581 2098 2657; baseline 0.002 -18"><span class='ocrx_word' id='word_1_177' title='bbox 506 2581 868 2639; x_wconf 87' lang='lat' dir='ltr'><strong>aclesiasticis</strong></span> <span class='ocrx_word' id='word_1_178' title='bbox 917 2597 1086 2654; x_wconf 90' lang='lat' dir='ltr'><strong>quam</strong></span> <span class='ocrx_word' id='word_1_179' title='bbox 1135 2582 1505 2653; x_wconf 89' lang='lat' dir='ltr'><strong>secularibus,</strong></span> <span class='ocrx_word' id='word_1_180' title='bbox 1554 2591 1803 2657; x_wconf 53' lang='lat' dir='ltr'><strong>excepto,</strong></span> <span class='ocrx_word' id='word_1_181' title='bbox 1836 2584 1893 2640; x_wconf 93' lang='lat' dir='ltr'><strong>in</strong></span> <span class='ocrx_word' id='word_1_182' title='bbox 1951 2588 2098 2641; x_wconf 92' lang='lat' dir='ltr'><strong>Teu-</strong></span> 
     </span>
    </p>
   </div>
   <div class='ocr_carea' id='block_1_29' title="bbox 505 2674 2099 2750">
    <p class='ocr_par' dir='ltr' id='par_1_29' title="bbox 505 2674 2099 2750">
     <span class='ocr_line' id='line_1_29' title="bbox 505 2674 2099 2750; baseline 0.003 -19"><span class='ocrx_word' id='word_1_183' title='bbox 505 2676 821 2731; x_wconf 90' lang='lat' dir='ltr'><strong>tonicorum</strong></span> <span class='ocrx_word' id='word_1_184' title='bbox 849 2690 1044 2747; x_wconf 87' lang='lat' dir='ltr'><strong>regno,</strong></span> <span class='ocrx_word' id='word_1_185' title='bbox 1097 2674 1192 2731; x_wconf 91' lang='lat' dir='ltr'><strong>ubi</strong></span> <span class='ocrx_word' id='word_1_186' title='bbox 1240 2676 1400 2731; x_wconf 84' lang='lat' dir='ltr'><strong>multi</strong></span> <span class='ocrx_word' id='word_1_187' title='bbox 1448 2693 1518 2733; x_wconf 83' lang='lat' dir='ltr'><strong>ex</strong></span> <span class='ocrx_word' id='word_1_188' title='bbox 1551 2676 1831 2733; x_wconf 87' lang='lat' dir='ltr'><strong>catholicis</strong></span> <span class='ocrx_word' id='word_1_189' title='bbox 1875 2677 1930 2734; x_wconf 90' lang='lat' dir='ltr'><strong>in</strong></span> <span class='ocrx_word' id='word_1_190' title='bbox 1980 2695 2099 2750; x_wconf 89' lang='lat' dir='ltr'><strong>par-</strong></span> 
     </span>
    </p>
   </div>
   <div class='ocr_carea' id='block_1_30' title="bbox 506 2768 2102 2843">
    <p class='ocr_par' dir='ltr' id='par_1_30' title="bbox 506 2768 2102 2843">
     <span class='ocr_line' id='line_1_30' title="bbox 506 2768 2102 2843; baseline 0.004 -20"><span class='ocrx_word' id='word_1_191' title='bbox 506 2776 619 2824; x_wconf 90' lang='lat' dir='ltr'><strong>tem</strong></span> <span class='ocrx_word' id='word_1_192' title='bbox 649 2768 1256 2826; x_wconf 80' lang='lat' dir='ltr'><strong>excommunicatorum</strong></span> <span class='ocrx_word' id='word_1_193' title='bbox 1284 2770 1518 2826; x_wconf 88' lang='lat' dir='ltr'><strong>avaricia</strong></span> <span class='ocrx_word' id='word_1_194' title='bbox 1538 2770 1747 2842; x_wconf 86' lang='lat' dir='ltr'><strong>decepti</strong></span> <span class='ocrx_word' id='word_1_195' title='bbox 1778 2780 1972 2843; x_wconf 85' lang='lat' dir='ltr'><strong>sponte</strong></span> <span class='ocrx_word' id='word_1_196' title='bbox 2002 2788 2102 2831; x_wconf 88' lang='lat' dir='ltr'><strong>sua</strong></span> 
     </span>
    </p>
   </div>
   <div class='ocr_carea' id='block_1_31' title="bbox 505 2863 2098 2941">
    <p class='ocr_par' dir='ltr' id='par_1_31' title="bbox 505 2863 2098 2941">
     <span class='ocr_line' id='line_1_31' title="bbox 505 2863 2098 2941; baseline 0.003 -24"><span class='ocrx_word' id='word_1_197' title='bbox 505 2876 563 2917; x_wconf 93' lang='lat' dir='ltr'><strong>se</strong></span> <span class='ocrx_word' id='word_1_198' title='bbox 593 2863 1011 2918; x_wconf 89' lang='lat' dir='ltr'><strong>transtulerunt.</strong></span> <span class='ocrx_word' id='word_1_199' title='bbox 1037 2863 1271 2941; x_wconf 82' lang='lat' dir='ltr'><strong>Romani</strong></span> <span class='ocrx_word' id='word_1_200' title='bbox 1301 2880 1515 2936; x_wconf 88' lang='lat' dir='ltr'><strong>quoque</strong></span> <span class='ocrx_word' id='word_1_201' title='bbox 1540 2873 1753 2922; x_wconf 91' lang='lat' dir='ltr'><strong>turrem</strong></span> <span class='ocrx_word' id='word_1_202' title='bbox 1776 2866 2098 2936; x_wconf 87' lang='lat' dir='ltr'><strong>Crescentii,</strong></span> 
     </span>
    </p>
   </div>
   <div class='ocr_carea' id='block_1_32' title="bbox 504 2955 2101 3031">
    <p class='ocr_par' dir='ltr' id='par_1_32' title="bbox 504 2955 2101 3031">
     <span class='ocr_line' id='line_1_32' title="bbox 504 2955 2101 3031; baseline 0.004 -21"><span class='ocrx_word' id='word_1_203' title='bbox 504 2971 629 3031; x_wconf 89' lang='lat' dir='ltr'><strong>qua</strong></span> <span class='ocrx_word' id='word_1_204' title='bbox 650 2963 875 3012; x_wconf 90' lang='lat' dir='ltr'><strong>eatenus</strong></span> <span class='ocrx_word' id='word_1_205' title='bbox 898 2955 1104 3013; x_wconf 91' lang='lat' dir='ltr'><strong>domno</strong></span> <span class='ocrx_word' id='word_1_206' title='bbox 1124 2973 1274 3029; x_wconf 87' lang='lat' dir='ltr'><strong>papa</strong></span> <span class='ocrx_word' id='word_1_207' title='bbox 1300 2957 1610 3026; x_wconf 89' lang='lat' dir='ltr'><strong>obediebat,</strong></span> <span class='ocrx_word' id='word_1_208' title='bbox 1634 2957 1762 3015; x_wconf 94' lang='lat' dir='ltr'><strong>dolo</strong></span> <span class='ocrx_word' id='word_1_209' title='bbox 1783 2968 2001 3031; x_wconf 90' lang='lat' dir='ltr'><strong>captam</strong></span> <span class='ocrx_word' id='word_1_210' title='bbox 2020 2959 2101 3016; x_wconf 86' lang='lat' dir='ltr'><strong>di-</strong></span> 
     </span>
    </p>
   </div>
   <div class='ocr_carea' id='block_1_33' title="bbox 504 3050 2100 3124">
    <p class='ocr_par' dir='ltr' id='par_1_33' title="bbox 504 3050 2100 3124">
     <span class='ocr_line' id='line_1_33' title="bbox 504 3050 2100 3124; baseline 0.004 -20"><span class='ocrx_word' id='word_1_211' title='bbox 504 3064 663 3105; x_wconf 88' lang='lat' dir='ltr'><strong>ruere</strong></span> <span class='ocrx_word' id='word_1_212' title='bbox 688 3057 1115 3120; x_wconf 88' lang='lat' dir='ltr'><strong>temptaverunt.</strong></span> <span class='ocrx_word' id='word_1_213' title='bbox 1143 3050 1414 3107; x_wconf 90' lang='lat' dir='ltr'><strong>Dominus</strong></span> <span class='ocrx_word' id='word_1_214' title='bbox 1443 3062 1632 3108; x_wconf 90' lang='lat' dir='ltr'><strong>autem</strong></span> <span class='ocrx_word' id='word_1_215' title='bbox 1656 3068 1791 3124; x_wconf 89' lang='lat' dir='ltr'><strong>papa</strong></span> <span class='ocrx_word' id='word_1_216' title='bbox 1814 3051 1967 3110; x_wconf 86' lang='lat' dir='ltr'><strong>facile</strong></span> <span class='ocrx_word' id='word_1_217' title='bbox 1988 3055 2100 3110; x_wconf 83' lang='lat' dir='ltr'><strong>Ro-</strong></span> 
     </span>
    </p>
   </div>
   <div class='ocr_carea' id='block_1_34' title="bbox 505 3126 2093 3212">
    <p class='ocr_par' dir='ltr' id='par_1_34' title="bbox 505 3126 2093 3212">
     <span class='ocr_line' id='line_1_34' title="bbox 505 3126 2093 3212; baseline 0.003 -14"><span class='ocrx_word' id='word_1_218' title='bbox 505 3158 656 3199; x_wconf 88' lang='lat' dir='ltr'><strong>mam</strong></span> <span class='ocrx_word' id='word_1_219' title='bbox 667 3159 796 3199; x_wconf 91' lang='lat' dir='ltr'><strong>cum</strong></span> <span class='ocrx_word' id='word_1_220' title='bbox 815 3126 1062 3200; x_wconf 61' lang='lat' dir='ltr'><strong>exercitu</strong></span> <span class='ocrx_word' id='word_1_221' title='bbox 1077 3144 1301 3212; x_wconf 89' lang='lat' dir='ltr'><strong>intrare,</strong></span> <span class='ocrx_word' id='word_1_222' title='bbox 1325 3152 1380 3201; x_wconf 89' lang='lat' dir='ltr'><strong>et</strong></span> <span class='ocrx_word' id='word_1_223' title='bbox 1399 3144 1680 3201; x_wconf 88' lang='lat' dir='ltr'><strong>rebellium</strong></span> <span class='ocrx_word' id='word_1_224' title='bbox 1692 3147 2093 3204; x_wconf 88' lang='lat' dir='ltr'><strong>contumaciam</strong></span> 
     </span>
    </p>
   </div>
   <div class='ocr_carea' id='block_1_35' title="bbox 503 3235 2095 3310">
    <p class='ocr_par' dir='ltr' id='par_1_35' title="bbox 503 3235 2095 3310">
     <span class='ocr_line' id='line_1_35' title="bbox 503 3235 2095 3310; baseline 0.003 -17"><span class='ocrx_word' id='word_1_225' title='bbox 503 3235 729 3293; x_wconf 90' lang='lat' dir='ltr'><strong>domare</strong></span> <span class='ocrx_word' id='word_1_226' title='bbox 755 3238 1040 3308; x_wconf 90' lang='lat' dir='ltr'><strong>potuisset,</strong></span> <span class='ocrx_word' id='word_1_227' title='bbox 1071 3239 1118 3293; x_wconf 89' lang='lat' dir='ltr'><strong>si</strong></span> <span class='ocrx_word' id='word_1_228' title='bbox 1155 3253 1268 3293; x_wconf 88' lang='lat' dir='ltr'><strong>non</strong></span> <span class='ocrx_word' id='word_1_229' title='bbox 1301 3238 1477 3310; x_wconf 87' lang='lat' dir='ltr'><strong>magis</strong></span> <span class='ocrx_word' id='word_1_230' title='bbox 1503 3255 1629 3294; x_wconf 91' lang='lat' dir='ltr'><strong>cum</strong></span> <span class='ocrx_word' id='word_1_231' title='bbox 1668 3241 2095 3298; x_wconf 87' lang='lat' dir='ltr'><strong>mansuetudine</strong></span> 
     </span>
    </p>
   </div>
   <div class='ocr_carea' id='block_1_36' title="bbox 503 3329 2098 3405">
    <p class='ocr_par' dir='ltr' id='par_1_36' title="bbox 503 3329 2098 3405">
     <span class='ocr_line' id='line_1_36' title="bbox 503 3329 2098 3405; baseline 0.003 -19"><span class='ocrx_word' id='word_1_232' title='bbox 503 3346 727 3386; x_wconf 89' lang='lat' dir='ltr'><strong>causam</strong></span> <span class='ocrx_word' id='word_1_233' title='bbox 743 3346 900 3387; x_wconf 90' lang='lat' dir='ltr'><strong>suam</strong></span> <span class='ocrx_word' id='word_1_234' title='bbox 920 3347 1079 3403; x_wconf 90' lang='lat' dir='ltr'><strong>agere</strong></span> <span class='ocrx_word' id='word_1_235' title='bbox 1094 3329 1402 3403; x_wconf 85' lang='lat' dir='ltr'><strong>delegisset.</strong></span> <span class='ocrx_word' id='word_1_236' title='bbox 1428 3334 1506 3388; x_wconf 84' lang='lat' dir='ltr'><strong>Eo</strong></span> <span class='ocrx_word' id='word_1_237' title='bbox 1526 3342 1773 3405; x_wconf 91' lang='lat' dir='ltr'><strong>tempore</strong></span> <span class='ocrx_word' id='word_1_238' title='bbox 1788 3335 2098 3404; x_wconf 90' lang='lat' dir='ltr'><strong>Mantuani,</strong></span> 
     </span>
    </p>
   </div>
   <div class='ocr_carea' id='block_1_37' title="bbox 505 3422 2100 3500">
    <p class='ocr_par' dir='ltr' id='par_1_37' title="bbox 505 3422 2100 3500">
     <span class='ocr_line' id='line_1_37' title="bbox 505 3422 2100 3500; baseline 0.004 -21"><span class='ocrx_word' id='word_1_239' title='bbox 505 3422 767 3479; x_wconf 91' lang='lat' dir='ltr'><strong>diuturna</strong></span> <span class='ocrx_word' id='word_1_240' title='bbox 797 3424 1080 3480; x_wconf 89' lang='lat' dir='ltr'><strong>obsidione</strong></span> <span class='ocrx_word' id='word_1_241' title='bbox 1115 3440 1144 3480; x_wconf 92' lang='lat' dir='ltr'><strong>a</strong></span> <span class='ocrx_word' id='word_1_242' title='bbox 1175 3424 1434 3482; x_wconf 88' lang='lat' dir='ltr'><strong>Heinrico</strong></span> <span class='ocrx_word' id='word_1_243' title='bbox 1460 3442 1587 3499; x_wconf 90' lang='lat' dir='ltr'><strong>rege</strong></span> <span class='ocrx_word' id='word_1_244' title='bbox 1609 3426 1730 3499; x_wconf 91' lang='lat' dir='ltr'><strong>jam</strong></span> <span class='ocrx_word' id='word_1_245' title='bbox 1760 3443 1857 3500; x_wconf 88' lang='lat' dir='ltr'><strong>per</strong></span> <span class='ocrx_word' id='word_1_246' title='bbox 1889 3444 2100 3486; x_wconf 90' lang='lat' dir='ltr'><strong>annum</strong></span> 
     </span>
    </p>
   </div>
   <div class='ocr_carea' id='block_1_38' title="bbox 504 3517 2096 3593">
    <p class='ocr_par' dir='ltr' id='par_1_38' title="bbox 504 3517 2096 3593">
     <span class='ocr_line' id='line_1_38' title="bbox 504 3517 2096 3593; baseline 0.004 -21"><span class='ocrx_word' id='word_1_247' title='bbox 504 3517 810 3585; x_wconf 88' lang='lat' dir='ltr'><strong>constricti,</strong></span> <span class='ocrx_word' id='word_1_248' title='bbox 832 3533 863 3572; x_wconf 88' lang='lat' dir='ltr'><strong>a</strong></span> <span class='ocrx_word' id='word_1_249' title='bbox 888 3517 1112 3574; x_wconf 89' lang='lat' dir='ltr'><strong>domino</strong></span> <span class='ocrx_word' id='word_1_250' title='bbox 1137 3534 1238 3575; x_wconf 92' lang='lat' dir='ltr'><strong>suo</strong></span> <span class='ocrx_word' id='word_1_251' title='bbox 1260 3517 1515 3577; x_wconf 84' lang='lat' dir='ltr'><strong>Welfoue</strong></span> <span class='ocrx_word' id='word_1_252' title='bbox 1540 3520 1678 3577; x_wconf 91' lang='lat' dir='ltr'><strong>duce</strong></span> <span class='ocrx_word' id='word_1_253' title='bbox 1705 3519 2096 3593; x_wconf 88' lang='lat' dir='ltr'><strong>discesserunt,</strong></span> 
     </span>
    </p>
   </div>
   <div class='ocr_carea' id='block_1_39' title="bbox 504 3611 2093 3671">
    <p class='ocr_par' dir='ltr' id='par_1_39' title="bbox 504 3611 2093 3671">
     <span class='ocr_line' id='line_1_39' title="bbox 504 3611 2093 3671; baseline 0.003 -7"><span class='ocrx_word' id='word_1_254' title='bbox 504 3618 559 3664; x_wconf 92' lang='lat' dir='ltr'><strong>et</strong></span> <span class='ocrx_word' id='word_1_255' title='bbox 583 3626 640 3665; x_wconf 91' lang='lat' dir='ltr'><strong>se</strong></span> <span class='ocrx_word' id='word_1_256' title='bbox 668 3618 724 3666; x_wconf 91' lang='lat' dir='ltr'><strong>et</strong></span> <span class='ocrx_word' id='word_1_257' title='bbox 754 3611 1031 3667; x_wconf 89' lang='lat' dir='ltr'><strong>civitatem</strong></span> <span class='ocrx_word' id='word_1_258' title='bbox 1060 3627 1217 3668; x_wconf 89' lang='lat' dir='ltr'><strong>suam</strong></span> <span class='ocrx_word' id='word_1_259' title='bbox 1246 3627 1349 3668; x_wconf 89' lang='lat' dir='ltr'><strong>suo</strong></span> <span class='ocrx_word' id='word_1_260' title='bbox 1377 3612 1703 3669; x_wconf 88' lang='lat' dir='ltr'><strong>devastatori</strong></span> <span class='ocrx_word' id='word_1_261' title='bbox 1731 3613 2093 3671; x_wconf 89' lang='lat' dir='ltr'><strong>tradiderunt.</strong></span> 
     </span>
    </p>
   </div>
   <div class='ocr_carea' id='block_1_40' title="bbox 503 3701 2099 3780">
    <p class='ocr_par' dir='ltr' id='par_1_40' title="bbox 503 3701 2099 3780">
     <span class='ocr_line' id='line_1_40' title="bbox 503 3701 2099 3780; baseline 0.006 -25"><span class='ocrx_word' id='word_1_262' title='bbox 503 3701 744 3757; x_wconf 82' lang='lat' dir='ltr'><strong>Romani</strong></span> <span class='ocrx_word' id='word_1_263' title='bbox 766 3717 987 3775; x_wconf 90' lang='lat' dir='ltr'><strong>quoque</strong></span> <span class='ocrx_word' id='word_1_264' title='bbox 1006 3703 1330 3760; x_wconf 87' lang='lat' dir='ltr'><strong>Guibertum</strong></span> <span class='ocrx_word' id='word_1_265' title='bbox 1358 3704 1784 3775; x_wconf 86' lang='lat' dir='ltr'><strong>beresiarcbam,</strong></span> <span class='ocrx_word' id='word_1_266' title='bbox 1807 3723 1975 3780; x_wconf 92' lang='lat' dir='ltr'><strong>quem</strong></span> <span class='ocrx_word' id='word_1_267' title='bbox 1984 3708 2099 3780; x_wconf 89' lang='lat' dir='ltr'><strong>jam</strong></span> 
     </span>
    </p>
   </div>
   <div class='ocr_carea' id='block_1_41' title="bbox 504 3792 2097 3871">
    <p class='ocr_par' dir='ltr' id='par_1_41' title="bbox 504 3792 2097 3871">
     <span class='ocr_line' id='line_1_41' title="bbox 504 3792 2097 3871; baseline 0.007 -24"><span class='ocrx_word' id='word_1_268' title='bbox 504 3792 713 3849; x_wconf 90' lang='lat' dir='ltr'><strong>dudum</strong></span> <span class='ocrx_word' id='word_1_269' title='bbox 745 3796 1086 3866; x_wconf 83' lang='lat' dir='ltr'><strong>expulerunt,</strong></span> <span class='ocrx_word' id='word_1_270' title='bbox 1118 3798 1321 3854; x_wconf 90' lang='lat' dir='ltr'><strong>iterum</strong></span> <span class='ocrx_word' id='word_1_271' title='bbox 1353 3800 1592 3855; x_wconf 79' lang='lat' dir='ltr'><strong>Romam</strong></span> <span class='ocrx_word' id='word_1_272' title='bbox 1620 3798 1844 3871; x_wconf 89' lang='lat' dir='ltr'><strong>intrare,</strong></span> <span class='ocrx_word' id='word_1_273' title='bbox 1876 3809 1932 3857; x_wconf 90' lang='lat' dir='ltr'><strong>et</strong></span> <span class='ocrx_word' id='word_1_274' title='bbox 1968 3818 2097 3858; x_wconf 89' lang='lat' dir='ltr'><strong>san-</strong></span> 
     </span>
    </p>
   </div>
   <div class='ocr_carea' id='block_1_42' title="bbox 506 3886 2097 3951">
    <p class='ocr_par' dir='ltr' id='par_1_42' title="bbox 506 3886 2097 3951">
     <span class='ocr_line' id='line_1_42' title="bbox 506 3886 2097 3951; baseline 0.006 -10"><span class='ocrx_word' id='word_1_275' title='bbox 506 3893 652 3941; x_wconf 87' lang='lat' dir='ltr'><strong>ctam</strong></span> <span class='ocrx_word' id='word_1_276' title='bbox 698 3886 963 3943; x_wconf 88' lang='lat' dir='ltr'><strong>aclesiam</strong></span> <span class='ocrx_word' id='word_1_277' title='bbox 992 3889 1103 3945; x_wconf 89' lang='lat' dir='ltr'><strong>suis</strong></span> <span class='ocrx_word' id='word_1_278' title='bbox 1130 3906 1243 3946; x_wconf 88' lang='lat' dir='ltr'><strong>non</strong></span> <span class='ocrx_word' id='word_1_279' title='bbox 1291 3892 1764 3950; x_wconf 86' lang='lat' dir='ltr'><strong>benedictionibus</strong></span> <span class='ocrx_word' id='word_1_280' title='bbox 1806 3903 1892 3950; x_wconf 90' lang='lat' dir='ltr'><strong>set</strong></span> <span class='ocrx_word' id='word_1_281' title='bbox 1931 3897 2097 3951; x_wconf 89' lang='lat' dir='ltr'><strong>male-</strong></span> 
     </span>
    </p>
   </div>
   <div class='ocr_carea' id='block_1_43' title="bbox 505 3977 2099 4057">
    <p class='ocr_par' dir='ltr' id='par_1_43' title="bbox 505 3977 2099 4057">
     <span class='ocr_line' id='line_1_43' title="bbox 505 3977 2099 4057; baseline 0.006 -23"><span class='ocrx_word' id='word_1_282' title='bbox 505 3978 841 4036; x_wconf 89' lang='lat' dir='ltr'><strong>dictionibus</strong></span> <span class='ocrx_word' id='word_1_283' title='bbox 894 3977 1153 4037; x_wconf 83' lang='lat' dir='ltr'><strong>infestare</strong></span> <span class='ocrx_word' id='word_1_284' title='bbox 1202 3984 1585 4053; x_wconf 87' lang='lat' dir='ltr'><strong>permiserunt.</strong></span> <span class='ocrx_word' id='word_1_285' title='bbox 1634 3988 1872 4057; x_wconf 90' lang='lat' dir='ltr'><strong>Capuani</strong></span> <span class='ocrx_word' id='word_1_286' title='bbox 1922 3988 2099 4045; x_wconf 87' lang='lat' dir='ltr'><strong>Nord-</strong></span> 
     </span>
    </p>
   </div>
   <div class='ocr_carea' id='block_1_44' title="bbox 504 4069 2096 4149">
    <p class='ocr_par' dir='ltr' id='par_1_44' title="bbox 504 4069 2096 4149">
     <span class='ocr_line' id='line_1_44' title="bbox 504 4069 2096 4149; baseline 0.007 -23"><span class='ocrx_word' id='word_1_287' title='bbox 504 4086 739 4127; x_wconf 91' lang='lat' dir='ltr'><strong>mannos</strong></span> <span class='ocrx_word' id='word_1_288' title='bbox 765 4069 835 4128; x_wconf 93' lang='lat' dir='ltr'><strong>de</strong></span> <span class='ocrx_word' id='word_1_289' title='bbox 880 4072 1063 4145; x_wconf 86' lang='lat' dir='ltr'><strong>Capua</strong></span> <span class='ocrx_word' id='word_1_290' title='bbox 1113 4073 1471 4145; x_wconf 79' lang='lat' dir='ltr'><strong>expulerunt,</strong></span> <span class='ocrx_word' id='word_1_291' title='bbox 1528 4077 1725 4149; x_wconf 89' lang='lat' dir='ltr'><strong>quibus</strong></span> <span class='ocrx_word' id='word_1_292' title='bbox 1770 4078 1892 4149; x_wconf 91' lang='lat' dir='ltr'><strong>jam</strong></span> <span class='ocrx_word' id='word_1_293' title='bbox 1922 4081 2096 4137; x_wconf 89' lang='lat' dir='ltr'><strong>multo</strong></span> 
     </span>
    </p>
   </div>
   <div class='ocr_carea' id='block_1_45' title="bbox 502 4165 2094 4247">
    <p class='ocr_par' dir='ltr' id='par_1_45' title="bbox 502 4165 2094 4247">
     <span class='ocr_line' id='line_1_45' title="bbox 502 4165 2094 4247; baseline 0.007 -27"><span class='ocrx_word' id='word_1_294' title='bbox 502 4173 753 4237; x_wconf 89' lang='lat' dir='ltr'><strong>tempore</strong></span> <span class='ocrx_word' id='word_1_295' title='bbox 777 4165 882 4221; x_wconf 90' lang='lat' dir='ltr'><strong>sub</strong></span> <span class='ocrx_word' id='word_1_296' title='bbox 908 4165 1155 4238; x_wconf 88' lang='lat' dir='ltr'><strong>pluribus</strong></span> <span class='ocrx_word' id='word_1_297' title='bbox 1183 4168 1498 4237; x_wconf 87' lang='lat' dir='ltr'><strong>apostolicis</strong></span> <span class='ocrx_word' id='word_1_298' title='bbox 1525 4178 1579 4225; x_wconf 91' lang='lat' dir='ltr'><strong>et</strong></span> <span class='ocrx_word' id='word_1_299' title='bbox 1617 4171 1833 4244; x_wconf 87' lang='lat' dir='ltr'><strong>regibus</strong></span> <span class='ocrx_word' id='word_1_300' title='bbox 1862 4173 2094 4247; x_wconf 86' lang='lat' dir='ltr'><strong>subjecti</strong></span> 
     </span>
    </p>
   </div>
   <div class='ocr_carea' id='block_1_46' title="bbox 503 4255 2097 4341">
    <p class='ocr_par' dir='ltr' id='par_1_46' title="bbox 503 4255 2097 4341">
     <span class='ocr_line' id='line_1_46' title="bbox 503 4255 2097 4341; baseline 0.008 -29"><span class='ocrx_word' id='word_1_301' title='bbox 503 4255 741 4315; x_wconf 84' lang='lat' dir='ltr'><strong>fuerunt.</strong></span> <span class='ocrx_word' id='word_1_302' title='bbox 789 4259 953 4317; x_wconf 90' lang='lat' dir='ltr'><strong>Unde</strong></span> <span class='ocrx_word' id='word_1_303' title='bbox 1015 4268 1071 4315; x_wconf 89' lang='lat' dir='ltr'><strong>et</strong></span> <span class='ocrx_word' id='word_1_304' title='bbox 1131 4260 1471 4318; x_wconf 87' lang='lat' dir='ltr'><strong>Nordmanni</strong></span> <span class='ocrx_word' id='word_1_305' title='bbox 1519 4279 1614 4323; x_wconf 91' lang='lat' dir='ltr'><strong>eos</strong></span> <span class='ocrx_word' id='word_1_306' title='bbox 1670 4265 2097 4341; x_wconf 88' lang='lat' dir='ltr'><strong>circumquaque</strong></span> 
     </span>
    </p>
   </div>
   <div class='ocr_carea' id='block_1_47' title="bbox 502 4352 2094 4429">
    <p class='ocr_par' dir='ltr' id='par_1_47' title="bbox 502 4352 2094 4429">
     <span class='ocr_line' id='line_1_47' title="bbox 502 4352 2094 4429; baseline 0.009 -23"><span class='ocrx_word' id='word_1_307' title='bbox 502 4367 676 4425; x_wconf 89' lang='lat' dir='ltr'><strong>usque</strong></span> <span class='ocrx_word' id='word_1_308' title='bbox 697 4352 767 4410; x_wconf 92' lang='lat' dir='ltr'><strong>ad</strong></span> <span class='ocrx_word' id='word_1_309' title='bbox 788 4368 1014 4410; x_wconf 90' lang='lat' dir='ltr'><strong>murum</strong></span> <span class='ocrx_word' id='word_1_310' title='bbox 1039 4354 1269 4412; x_wconf 85' lang='lat' dir='ltr'><strong>civitatis</strong></span> <span class='ocrx_word' id='word_1_311' title='bbox 1288 4354 1474 4429; x_wconf 90' lang='lat' dir='ltr'><strong>prada</strong></span> <span class='ocrx_word' id='word_1_312' title='bbox 1495 4365 1549 4416; x_wconf 93' lang='lat' dir='ltr'><strong>et</strong></span> <span class='ocrx_word' id='word_1_313' title='bbox 1571 4358 1823 4417; x_wconf 89' lang='lat' dir='ltr'><strong>incendio</strong></span> <span class='ocrx_word' id='word_1_314' title='bbox 1845 4361 2094 4419; x_wconf 85' lang='lat' dir='ltr'><strong>devasta-</strong></span> 
     </span>
    </p>
   </div>
   <div class='ocr_carea' id='block_1_48' title="bbox 2210 516 3787 587">
    <p class='ocr_par' dir='ltr' id='par_1_48' title="bbox 2210 516 3787 587">
     <span class='ocr_line' id='line_1_48' title="bbox 2210 516 3787 587; baseline 0.001 -14"><span class='ocrx_word' id='word_1_315' title='bbox 2210 517 2500 573; x_wconf 87' lang='lat' dir='ltr'><strong>Beneventi</strong></span> <span class='ocrx_word' id='word_1_316' title='bbox 2529 516 2972 587; x_wconf 89' lang='lat' dir='ltr'><strong>(1378)-collegit</strong></span> <span class='ocrx_word' id='word_1_317' title='bbox 3011 517 3195 583; x_wconf 83' lang='lat' dir='ltr'><strong>(Mart.</strong></span> <span class='ocrx_word' id='word_1_318' title='bbox 3240 521 3350 582; x_wconf 84' lang='lat'><strong>28),</strong></span> <span class='ocrx_word' id='word_1_319' title='bbox 3381 523 3439 572; x_wconf 90' lang='lat' dir='ltr'><strong>et</strong></span> <span class='ocrx_word' id='word_1_320' title='bbox 3475 524 3787 574; x_wconf 84' lang='lat' dir='ltr'><strong>sententiam</strong></span> 
     </span>
    </p>
   </div>
   <div class='ocr_carea' id='block_1_49' title="bbox 2209 609 3786 681">
    <p class='ocr_par' dir='ltr' id='par_1_49' title="bbox 2209 609 3786 681">
     <span class='ocr_line' id='line_1_49' title="bbox 2209 609 3786 681; baseline 0 -15"><span class='ocrx_word' id='word_1_321' title='bbox 2209 610 2565 667; x_wconf 85' lang='lat' dir='ltr'><strong>anathematis</strong></span> <span class='ocrx_word' id='word_1_322' title='bbox 2592 625 2755 681; x_wconf 90' lang='lat' dir='ltr'><strong>super</strong></span> <span class='ocrx_word' id='word_1_323' title='bbox 2793 609 3124 666; x_wconf 88' lang='lat' dir='ltr'><strong>Guibertum</strong></span> <span class='ocrx_word' id='word_1_324' title='bbox 3155 610 3561 666; x_wconf 88' lang='lat' dir='ltr'><strong>beresiarcbam</strong></span> <span class='ocrx_word' id='word_1_325' title='bbox 3599 619 3656 666; x_wconf 88' lang='lat' dir='ltr'><strong>et</strong></span> <span class='ocrx_word' id='word_1_326' title='bbox 3681 628 3786 667; x_wconf 88' lang='lat' dir='ltr'><strong>om-</strong></span> 
     </span>
    </p>
   </div>
   <div class='ocr_carea' id='block_1_50' title="bbox 2211 703 3787 778">
    <p class='ocr_par' dir='ltr' id='par_1_50' title="bbox 2211 703 3787 778">
     <span class='ocr_line' id='line_1_50' title="bbox 2211 703 3787 778; baseline -0.001 -17"><span class='ocrx_word' id='word_1_327' title='bbox 2211 720 2307 761; x_wconf 90' lang='lat' dir='ltr'><strong>nes</strong></span> <span class='ocrx_word' id='word_1_328' title='bbox 2335 706 2454 776; x_wconf 87' lang='lat' dir='ltr'><strong>ejus</strong></span> <span class='ocrx_word' id='word_1_329' title='bbox 2484 704 2781 776; x_wconf 91' lang='lat' dir='ltr'><strong>complices</strong></span> <span class='ocrx_word' id='word_1_330' title='bbox 2808 703 3056 778; x_wconf 87' lang='lat' dir='ltr'><strong>synodali</strong></span> <span class='ocrx_word' id='word_1_331' title='bbox 3075 703 3283 776; x_wconf 90' lang='lat' dir='ltr'><strong>judicio</strong></span> <span class='ocrx_word' id='word_1_332' title='bbox 3328 703 3682 761; x_wconf 88' lang='lat' dir='ltr'><strong>conﬁrmavit</strong></span> <span class='ocrx_word' id='word_1_333' title='bbox 3713 705 3787 760; x_wconf 73' lang='grc'><strong>³⁸³.</strong></span> 
     </span>
    </p>
   </div>
   <div class='ocr_carea' id='block_1_51' title="bbox 2211 797 3794 872">
    <p class='ocr_par' dir='ltr' id='par_1_51' title="bbox 2211 797 3794 872">
     <span class='ocr_line' id='line_1_51' title="bbox 2211 797 3794 872; baseline -0.001 -17"><span class='ocrx_word' id='word_1_334' title='bbox 2211 799 2520 855; x_wconf 89' lang='lat' dir='ltr'><strong>Fridericus</strong></span> <span class='ocrx_word' id='word_1_335' title='bbox 2540 799 2607 832; x_wconf 71' lang='grc' dir='ltr'><strong>ηδ</strong></span> <span class='ocrx_word' id='word_1_336' title='bbox 2628 813 2816 861; x_wconf 86' lang='lat' dir='ltr'><strong>comes</strong></span> <span class='ocrx_word' id='word_1_337' title='bbox 2836 805 2895 853; x_wconf 89' lang='lat' dir='ltr'><strong>et</strong></span> <span class='ocrx_word' id='word_1_338' title='bbox 2916 797 3163 853; x_wconf 90' lang='lat' dir='ltr'><strong>marchio</strong></span> <span class='ocrx_word' id='word_1_339' title='bbox 3180 804 3231 854; x_wconf 82' lang='lat'><strong>3.</strong></span> <span class='ocrx_word' id='word_1_340' title='bbox 3256 798 3381 853; x_wconf 76' lang='lat' dir='ltr'><strong>Kal.</strong></span> <span class='ocrx_word' id='word_1_341' title='bbox 3405 799 3438 853; x_wconf 80' lang='grc' dir='ltr'><strong>Ι</strong></span> <span class='ocrx_word' id='word_1_342' title='bbox 3443 802 3515 854; x_wconf 92' lang='lat' dir='ltr'><strong>ul.</strong></span> <span class='ocrx_word' id='word_1_343' title='bbox 3540 799 3794 872; x_wconf 72' lang='lat' dir='ltr'><strong>requievit</strong></span> 
     </span>
    </p>
   </div>
   <div class='ocr_carea' id='block_1_52' title="bbox 2209 891 3795 966">
    <p class='ocr_par' dir='ltr' id='par_1_52' title="bbox 2209 891 3795 966">
     <span class='ocr_line' id='line_1_52' title="bbox 2209 891 3795 966; baseline 0.001 -18"><span class='ocrx_word' id='word_1_344' title='bbox 2209 892 2264 949; x_wconf 90' lang='lat' dir='ltr'><strong>in</strong></span> <span class='ocrx_word' id='word_1_345' title='bbox 2296 894 2535 949; x_wconf 91' lang='lat' dir='ltr'><strong>Domino</strong></span> <span class='ocrx_word' id='word_1_346' title='bbox 2565 893 2650 946; x_wconf 66' lang='grc' dir='ltr'>ω.</span> <span class='ocrx_word' id='word_1_347' title='bbox 2682 891 3061 949; x_wconf 89' lang='lat' dir='ltr'><strong>Willihelmus</strong></span> <span class='ocrx_word' id='word_1_348' title='bbox 3107 893 3209 966; x_wconf 89' lang='lat' dir='ltr'><strong>pia</strong></span> <span class='ocrx_word' id='word_1_349' title='bbox 3238 894 3526 951; x_wconf 88' lang='lat' dir='ltr'><strong>memoria</strong></span> <span class='ocrx_word' id='word_1_350' title='bbox 3580 895 3795 951; x_wconf 83' lang='lat' dir='ltr'><strong>Hirsau-</strong></span> 
     </span>
    </p>
   </div>
   <div class='ocr_carea' id='block_1_53' title="bbox 2209 985 3792 1060">
    <p class='ocr_par' dir='ltr' id='par_1_53' title="bbox 2209 985 3792 1060">
     <span class='ocr_line' id='line_1_53' title="bbox 2209 985 3792 1060; baseline 0.001 -19"><span class='ocrx_word' id='word_1_351' title='bbox 2209 987 2410 1060; x_wconf 88' lang='lat' dir='ltr'><strong>giensis</strong></span> <span class='ocrx_word' id='word_1_352' title='bbox 2438 985 2624 1054; x_wconf 91' lang='lat' dir='ltr'><strong>abbas,</strong></span> <span class='ocrx_word' id='word_1_353' title='bbox 2665 986 2722 1042; x_wconf 90' lang='lat' dir='ltr'><strong>in</strong></span> <span class='ocrx_word' id='word_1_354' title='bbox 2744 1002 2909 1043; x_wconf 88' lang='lat' dir='ltr'><strong>causa</strong></span> <span class='ocrx_word' id='word_1_355' title='bbox 2940 987 3115 1042; x_wconf 87' lang='lat' dir='ltr'><strong>sancti</strong></span> <span class='ocrx_word' id='word_1_356' title='bbox 3156 987 3303 1043; x_wconf 90' lang='lat' dir='ltr'><strong>Petri</strong></span> <span class='ocrx_word' id='word_1_357' title='bbox 3343 985 3792 1053; x_wconf 86' lang='lat' dir='ltr'><strong>ferventissimus,</strong></span> 
     </span>
    </p>
   </div>
   <div class='ocr_carea' id='block_1_54' title="bbox 2211 1079 3795 1153">
    <p class='ocr_par' dir='ltr' id='par_1_54' title="bbox 2211 1079 3795 1153">
     <span class='ocr_line' id='line_1_54' title="bbox 2211 1079 3795 1153; baseline 0 -16"><span class='ocrx_word' id='word_1_358' title='bbox 2211 1090 2266 1137; x_wconf 91' lang='lat' dir='ltr'><strong>et</strong></span> <span class='ocrx_word' id='word_1_359' title='bbox 2294 1083 2351 1137; x_wconf 90' lang='lat' dir='ltr'><strong>in</strong></span> <span class='ocrx_word' id='word_1_360' title='bbox 2394 1080 2699 1136; x_wconf 90' lang='lat' dir='ltr'><strong>monastica</strong></span> <span class='ocrx_word' id='word_1_361' title='bbox 2727 1081 2982 1153; x_wconf 79' lang='lat' dir='ltr'><strong>religione</strong></span> <span class='ocrx_word' id='word_1_362' title='bbox 3023 1079 3457 1137; x_wconf 87' lang='lat' dir='ltr'><strong>studiosissimus</strong></span> <span class='ocrx_word' id='word_1_363' title='bbox 3483 1080 3574 1152; x_wconf 73' lang='grc'><strong>⁸⁸⁸,</strong></span> <span class='ocrx_word' id='word_1_364' title='bbox 3616 1089 3795 1153; x_wconf 88' lang='lat' dir='ltr'><strong>utpote</strong></span> 
     </span>
    </p>
   </div>
   <div class='ocr_carea' id='block_1_55' title="bbox 2211 1175 3794 1246">
    <p class='ocr_par' dir='ltr' id='par_1_55' title="bbox 2211 1175 3794 1246">
     <span class='ocr_line' id='line_1_55' title="bbox 2211 1175 3794 1246; baseline 0 -15"><span class='ocrx_word' id='word_1_365' title='bbox 2211 1176 2510 1231; x_wconf 88' lang='lat' dir='ltr'><strong>multorum</strong></span> <span class='ocrx_word' id='word_1_366' title='bbox 2558 1184 2709 1246; x_wconf 85' lang='lat' dir='ltr'><strong>pater</strong></span> <span class='ocrx_word' id='word_1_367' title='bbox 2735 1175 3213 1244; x_wconf 87' lang='lat' dir='ltr'><strong>monasteriorum,</strong></span> <span class='ocrx_word' id='word_1_368' title='bbox 3257 1182 3309 1231; x_wconf 85' lang='lat'><strong>3.</strong></span> <span class='ocrx_word' id='word_1_369' title='bbox 3342 1177 3484 1231; x_wconf 86' lang='lat' dir='ltr'><strong>Non.</strong></span> <span class='ocrx_word' id='word_1_370' title='bbox 3520 1175 3665 1231; x_wconf 83' lang='lat' dir='ltr'><strong>Julii</strong></span> <span class='ocrx_word' id='word_1_371' title='bbox 3701 1176 3794 1231; x_wconf 86' lang='lat' dir='ltr'><strong>mi-</strong></span> 
     </span>
    </p>
   </div>
   <div class='ocr_carea' id='block_1_56' title="bbox 2210 1269 3795 1342">
    <p class='ocr_par' dir='ltr' id='par_1_56' title="bbox 2210 1269 3795 1342">
     <span class='ocr_line' id='line_1_56' title="bbox 2210 1269 3795 1342; baseline 0.001 -18"><span class='ocrx_word' id='word_1_372' title='bbox 2210 1269 2391 1342; x_wconf 88' lang='lat' dir='ltr'><strong>gravit</strong></span> <span class='ocrx_word' id='word_1_373' title='bbox 2418 1270 2484 1324; x_wconf 92' lang='lat' dir='ltr'><strong>ad</strong></span> <span class='ocrx_word' id='word_1_374' title='bbox 2510 1269 2830 1325; x_wconf 89' lang='lat' dir='ltr'><strong>Dominum.</strong></span> <span class='ocrx_word' id='word_1_375' title='bbox 2861 1269 2966 1325; x_wconf 89' lang='lat' dir='ltr'><strong>Hic</strong></span> <span class='ocrx_word' id='word_1_376' title='bbox 2996 1270 3235 1341; x_wconf 90' lang='lat' dir='ltr'><strong>primum</strong></span> <span class='ocrx_word' id='word_1_377' title='bbox 3268 1269 3660 1341; x_wconf 85' lang='lat' dir='ltr'><strong>Hirsaugiense</strong></span> <span class='ocrx_word' id='word_1_378' title='bbox 3684 1287 3795 1326; x_wconf 92' lang='lat' dir='ltr'><strong>mo-</strong></span> 
     </span>
    </p>
   </div>
   <div class='ocr_carea' id='block_1_57' title="bbox 2209 1362 3793 1436">
    <p class='ocr_par' dir='ltr' id='par_1_57' title="bbox 2209 1362 3793 1436">
     <span class='ocr_line' id='line_1_57' title="bbox 2209 1362 3793 1436; baseline 0.001 -18"><span class='ocrx_word' id='word_1_379' title='bbox 2209 1362 2511 1419; x_wconf 90' lang='lat' dir='ltr'><strong>nasterium</strong></span> <span class='ocrx_word' id='word_1_380' title='bbox 2537 1370 2649 1418; x_wconf 91' lang='lat' dir='ltr'><strong>tam</strong></span> <span class='ocrx_word' id='word_1_381' title='bbox 2680 1366 2733 1418; x_wconf 88' lang='lat' dir='ltr'><strong>in</strong></span> <span class='ocrx_word' id='word_1_382' title='bbox 2771 1362 3015 1419; x_wconf 87' lang='lat' dir='ltr'><strong>adiﬁciis</strong></span> <span class='ocrx_word' id='word_1_383' title='bbox 3057 1379 3223 1436; x_wconf 88' lang='lat' dir='ltr'><strong>quam</strong></span> <span class='ocrx_word' id='word_1_384' title='bbox 3252 1364 3310 1419; x_wconf 92' lang='lat' dir='ltr'><strong>in</strong></span> <span class='ocrx_word' id='word_1_385' title='bbox 3352 1363 3696 1436; x_wconf 87' lang='lat' dir='ltr'><strong>regularibus</strong></span> <span class='ocrx_word' id='word_1_386' title='bbox 3719 1363 3793 1419; x_wconf 86' lang='lat' dir='ltr'><strong>di-</strong></span> 
     </span>
    </p>
   </div>
   <div class='ocr_carea' id='block_1_58' title="bbox 2210 1456 3795 1531">
    <p class='ocr_par' dir='ltr' id='par_1_58' title="bbox 2210 1456 3795 1531">
     <span class='ocr_line' id='line_1_58' title="bbox 2210 1456 3795 1531; baseline 0 -18"><span class='ocrx_word' id='word_1_387' title='bbox 2210 1458 2449 1529; x_wconf 90' lang='lat' dir='ltr'><strong>sciplinis</strong></span> <span class='ocrx_word' id='word_1_388' title='bbox 2498 1456 2814 1513; x_wconf 90' lang='lat' dir='ltr'><strong>mirabiliter</strong></span> <span class='ocrx_word' id='word_1_389' title='bbox 2863 1457 3148 1526; x_wconf 81' lang='lat' dir='ltr'><strong>exaltavit,</strong></span> <span class='ocrx_word' id='word_1_390' title='bbox 3197 1458 3481 1530; x_wconf 89' lang='lat' dir='ltr'><strong>ipsumque</strong></span> <span class='ocrx_word' id='word_1_391' title='bbox 3522 1457 3795 1531; x_wconf 78' lang='lat' dir='ltr'><strong>privilegio</strong></span> 
     </span>
    </p>
   </div>
   <div class='ocr_carea' id='block_1_59' title="bbox 2210 1550 3793 1624">
    <p class='ocr_par' dir='ltr' id='par_1_59' title="bbox 2210 1550 3793 1624">
     <span class='ocr_line' id='line_1_59' title="bbox 2210 1550 3793 1624; baseline 0 -17"><span class='ocrx_word' id='word_1_392' title='bbox 2210 1551 2355 1607; x_wconf 89' lang='lat' dir='ltr'><strong>sedis</strong></span> <span class='ocrx_word' id='word_1_393' title='bbox 2383 1551 2695 1623; x_wconf 86' lang='lat' dir='ltr'><strong>apostolica</strong></span> <span class='ocrx_word' id='word_1_394' title='bbox 2718 1551 2821 1607; x_wconf 91' lang='lat' dir='ltr'><strong>sub</strong></span> <span class='ocrx_word' id='word_1_395' title='bbox 2850 1550 3120 1624; x_wconf 91' lang='lat' dir='ltr'><strong>Gregorio</strong></span> <span class='ocrx_word' id='word_1_396' title='bbox 3146 1568 3282 1624; x_wconf 90' lang='lat' dir='ltr'><strong>papa</strong></span> <span class='ocrx_word' id='word_1_397' title='bbox 3310 1552 3364 1607; x_wconf 91' lang='lat' dir='ltr'><strong>in</strong></span> <span class='ocrx_word' id='word_1_398' title='bbox 3390 1560 3715 1623; x_wconf 86' lang='lat' dir='ltr'><strong>perpetuum</strong></span> <span class='ocrx_word' id='word_1_399' title='bbox 3743 1553 3793 1607; x_wconf 90' lang='lat' dir='ltr'><strong>li-</strong></span> 
     </span>
    </p>
   </div>
   <div class='ocr_carea' id='block_1_60' title="bbox 2209 1646 3797 1719">
    <p class='ocr_par' dir='ltr' id='par_1_60' title="bbox 2209 1646 3797 1719">
     <span class='ocr_line' id='line_1_60' title="bbox 2209 1646 3797 1719; baseline 0 -18"><span class='ocrx_word' id='word_1_400' title='bbox 2209 1646 2455 1702; x_wconf 86' lang='lat' dir='ltr'><strong>bertavit.</strong></span> <span class='ocrx_word' id='word_1_401' title='bbox 2511 1646 2670 1701; x_wconf 88' lang='lat' dir='ltr'><strong>Plura</strong></span> <span class='ocrx_word' id='word_1_402' title='bbox 2717 1647 2889 1702; x_wconf 89' lang='lat' dir='ltr'><strong>etiam</strong></span> <span class='ocrx_word' id='word_1_403' title='bbox 2930 1646 3261 1702; x_wconf 87' lang='lat' dir='ltr'><strong>monasteria</strong></span> <span class='ocrx_word' id='word_1_404' title='bbox 3308 1661 3697 1719; x_wconf 90' lang='lat' dir='ltr'><strong>usquequaque</strong></span> <span class='ocrx_word' id='word_1_405' title='bbox 3736 1647 3797 1681; x_wconf 73' lang='grc'><strong>⁸³⁷</strong></span> 
     </span>
    </p>
   </div>
   <div class='ocr_carea' id='block_1_61' title="bbox 2213 1738 3793 1812">
    <p class='ocr_par' dir='ltr' id='par_1_61' title="bbox 2213 1738 3793 1812">
     <span class='ocr_line' id='line_1_61' title="bbox 2213 1738 3793 1812; baseline -0.001 -16"><span class='ocrx_word' id='word_1_406' title='bbox 2213 1756 2278 1796; x_wconf 87' lang='lat' dir='ltr'><strong>ex</strong></span> <span class='ocrx_word' id='word_1_407' title='bbox 2305 1740 2372 1791; x_wconf 67' lang='lat'><strong>527</strong></span> <span class='ocrx_word' id='word_1_408' title='bbox 2411 1740 2621 1812; x_wconf 90' lang='lat' dir='ltr'><strong>integro</strong></span> <span class='ocrx_word' id='word_1_409' title='bbox 2651 1738 2720 1776; x_wconf 68' lang='lat'><strong>5&#39;7</strong></span> <span class='ocrx_word' id='word_1_410' title='bbox 2757 1740 3063 1795; x_wconf 83' lang='lat' dir='ltr'><strong>construxit</strong></span> <span class='ocrx_word' id='word_1_411' title='bbox 3096 1760 3108 1795; x_wconf 90' lang='lat'><strong>:</strong></span> <span class='ocrx_word' id='word_1_412' title='bbox 3150 1738 3262 1795; x_wconf 92' lang='lat' dir='ltr'><strong>duo</strong></span> <span class='ocrx_word' id='word_1_413' title='bbox 3292 1738 3513 1811; x_wconf 90' lang='lat' dir='ltr'><strong>quidem</strong></span> <span class='ocrx_word' id='word_1_414' title='bbox 3554 1740 3616 1795; x_wconf 90' lang='lat' dir='ltr'><strong>in</strong></span> <span class='ocrx_word' id='word_1_415' title='bbox 3640 1740 3793 1812; x_wconf 85' lang='lat' dir='ltr'><strong>Nigra</strong></span> 
     </span>
    </p>
   </div>
   <div class='ocr_carea' id='block_1_62' title="bbox 2213 1833 3795 1907">
    <p class='ocr_par' dir='ltr' id='par_1_62' title="bbox 2213 1833 3795 1907">
     <span class='ocr_line' id='line_1_62' title="bbox 2213 1833 3795 1907; baseline 0.001 -18"><span class='ocrx_word' id='word_1_416' title='bbox 2213 1834 2377 1902; x_wconf 89' lang='lat' dir='ltr'><strong>Silva,</strong></span> <span class='ocrx_word' id='word_1_417' title='bbox 2416 1849 2589 1889; x_wconf 88' lang='lat' dir='ltr'><strong>unum</strong></span> <span class='ocrx_word' id='word_1_418' title='bbox 2620 1833 2793 1889; x_wconf 89' lang='lat' dir='ltr'><strong>sancti</strong></span> <span class='ocrx_word' id='word_1_419' title='bbox 2823 1833 3064 1907; x_wconf 85' lang='lat' dir='ltr'><strong>Georgii,</strong></span> <span class='ocrx_word' id='word_1_420' title='bbox 3106 1834 3337 1889; x_wconf 89' lang='lat' dir='ltr'><strong>alterum</strong></span> <span class='ocrx_word' id='word_1_421' title='bbox 3376 1833 3546 1890; x_wconf 89' lang='lat' dir='ltr'><strong>sancti</strong></span> <span class='ocrx_word' id='word_1_422' title='bbox 3593 1834 3795 1907; x_wconf 83' lang='lat' dir='ltr'><strong>Grego-</strong></span> 
     </span>
    </p>
   </div>
   <div class='ocr_carea' id='block_1_63' title="bbox 2214 1927 3796 2000">
    <p class='ocr_par' dir='ltr' id='par_1_63' title="bbox 2214 1927 3796 2000">
     <span class='ocr_line' id='line_1_63' title="bbox 2214 1927 3796 2000; baseline -0.001 -15"><span class='ocrx_word' id='word_1_423' title='bbox 2214 1928 2279 1985; x_wconf 90' lang='lat' dir='ltr'><strong>rii</strong></span> <span class='ocrx_word' id='word_1_424' title='bbox 2308 1932 2511 1996; x_wconf 84' lang='lat'><strong>(1379),</strong></span> <span class='ocrx_word' id='word_1_425' title='bbox 2543 1927 2677 1984; x_wconf 89' lang='lat' dir='ltr'><strong>item</strong></span> <span class='ocrx_word' id='word_1_426' title='bbox 2704 1927 2854 1984; x_wconf 91' lang='lat' dir='ltr'><strong>aliud</strong></span> <span class='ocrx_word' id='word_1_427' title='bbox 2894 1927 2965 1984; x_wconf 89' lang='lat' dir='ltr'><strong>ad</strong></span> <span class='ocrx_word' id='word_1_428' title='bbox 2997 1927 3283 2000; x_wconf 90' lang='lat' dir='ltr'><strong>Duplicem</strong></span> <span class='ocrx_word' id='word_1_429' title='bbox 3310 1943 3515 1999; x_wconf 89' lang='lat' dir='ltr'><strong>aquam</strong></span> <span class='ocrx_word' id='word_1_430' title='bbox 3534 1927 3613 1964; x_wconf 76' lang='grc'><strong>⁸³⁸</strong></span> <span class='ocrx_word' id='word_1_431' title='bbox 3642 1945 3796 2000; x_wconf 83' lang='lat' dir='ltr'><strong>prope</strong></span> 
     </span>
    </p>
   </div>
   <div class='ocr_carea' id='block_1_64' title="bbox 2211 2021 3791 2095">
    <p class='ocr_par' dir='ltr' id='par_1_64' title="bbox 2211 2021 3791 2095">
     <span class='ocr_line' id='line_1_64' title="bbox 2211 2021 3791 2095; baseline 0 -17"><span class='ocrx_word' id='word_1_432' title='bbox 2211 2022 2548 2089; x_wconf 88' lang='lat' dir='ltr'><strong>Danubium,</strong></span> <span class='ocrx_word' id='word_1_433' title='bbox 2567 2022 2699 2078; x_wconf 87' lang='lat' dir='ltr'><strong>item</strong></span> <span class='ocrx_word' id='word_1_434' title='bbox 2727 2021 2874 2078; x_wconf 91' lang='lat' dir='ltr'><strong>aliud</strong></span> <span class='ocrx_word' id='word_1_435' title='bbox 2898 2021 2956 2078; x_wconf 93' lang='lat' dir='ltr'><strong>in</strong></span> <span class='ocrx_word' id='word_1_436' title='bbox 2982 2022 3433 2095; x_wconf 87' lang='lat' dir='ltr'><strong>Wirceburgensi</strong></span> <span class='ocrx_word' id='word_1_437' title='bbox 3462 2022 3791 2094; x_wconf 79' lang='lat' dir='ltr'><strong>episcopatu,</strong></span> 
     </span>
    </p>
   </div>
   <div class='ocr_carea' id='block_1_65' title="bbox 2210 2114 3793 2188">
    <p class='ocr_par' dir='ltr' id='par_1_65' title="bbox 2210 2114 3793 2188">
     <span class='ocr_line' id='line_1_65' title="bbox 2210 2114 3793 2188; baseline 0.001 -17"><span class='ocrx_word' id='word_1_438' title='bbox 2210 2115 2269 2171; x_wconf 89' lang='lat' dir='ltr'><strong>in</strong></span> <span class='ocrx_word' id='word_1_439' title='bbox 2304 2116 2424 2171; x_wconf 92' lang='lat' dir='ltr'><strong>loco</strong></span> <span class='ocrx_word' id='word_1_440' title='bbox 2462 2116 2556 2188; x_wconf 90' lang='lat' dir='ltr'><strong>qui</strong></span> <span class='ocrx_word' id='word_1_441' title='bbox 2586 2114 2897 2188; x_wconf 87' lang='lat' dir='ltr'><strong>Chamberg</strong></span> <span class='ocrx_word' id='word_1_442' title='bbox 2937 2115 3151 2172; x_wconf 92' lang='lat' dir='ltr'><strong>dicitur.</strong></span> <span class='ocrx_word' id='word_1_443' title='bbox 3184 2115 3560 2188; x_wconf 85' lang='lat' dir='ltr'><strong>Scapbusense</strong></span> <span class='ocrx_word' id='word_1_444' title='bbox 3593 2132 3793 2188; x_wconf 86' lang='lat' dir='ltr'><strong>quoque</strong></span> 
     </span>
    </p>
   </div>
   <div class='ocr_carea' id='block_1_66' title="bbox 2207 2209 3791 2283">
    <p class='ocr_par' dir='ltr' id='par_1_66' title="bbox 2207 2209 3791 2283">
     <span class='ocr_line' id='line_1_66' title="bbox 2207 2209 3791 2283; baseline 0.001 -18"><span class='ocrx_word' id='word_1_445' title='bbox 2207 2209 2608 2266; x_wconf 88' lang='lat' dir='ltr'><strong>monasterium</strong></span> <span class='ocrx_word' id='word_1_446' title='bbox 2626 2209 2692 2243; x_wconf 72' lang='grc'><strong>³³³</strong></span> <span class='ocrx_word' id='word_1_447' title='bbox 2722 2217 2777 2266; x_wconf 88' lang='lat' dir='ltr'><strong>et</strong></span> <span class='ocrx_word' id='word_1_448' title='bbox 2804 2209 3247 2277; x_wconf 88' lang='lat' dir='ltr'><strong>Petrishusense,</strong></span> <span class='ocrx_word' id='word_1_449' title='bbox 3280 2210 3335 2265; x_wconf 91' lang='lat' dir='ltr'><strong>in</strong></span> <span class='ocrx_word' id='word_1_450' title='bbox 3366 2209 3507 2283; x_wconf 81' lang='lat' dir='ltr'><strong>Ripa</strong></span> <span class='ocrx_word' id='word_1_451' title='bbox 3526 2212 3668 2267; x_wconf 84' lang='lat' dir='ltr'><strong>Reui</strong></span> <span class='ocrx_word' id='word_1_452' title='bbox 3684 2211 3791 2282; x_wconf 84' lang='lat' dir='ltr'><strong>jam</strong></span> 
     </span>
    </p>
   </div>
   <div class='ocr_carea' id='block_1_67' title="bbox 2209 2302 3791 2377">
    <p class='ocr_par' dir='ltr' id='par_1_67' title="bbox 2209 2302 3791 2377">
     <span class='ocr_line' id='line_1_67' title="bbox 2209 2302 3791 2377; baseline 0 -18"><span class='ocrx_word' id='word_1_453' title='bbox 2209 2302 2422 2359; x_wconf 90' lang='lat' dir='ltr'><strong>dudum</strong></span> <span class='ocrx_word' id='word_1_454' title='bbox 2475 2302 2777 2373; x_wconf 88' lang='lat' dir='ltr'><strong>adiﬁcata,</strong></span> <span class='ocrx_word' id='word_1_455' title='bbox 2824 2303 3163 2377; x_wconf 86' lang='lat' dir='ltr'><strong>regularibus</strong></span> <span class='ocrx_word' id='word_1_456' title='bbox 3209 2302 3516 2375; x_wconf 89' lang='lat' dir='ltr'><strong>disciplinis</strong></span> <span class='ocrx_word' id='word_1_457' title='bbox 3551 2305 3791 2361; x_wconf 84' lang='lat' dir='ltr'><strong>instituit.</strong></span> 
     </span>
    </p>
   </div>
   <div class='ocr_carea' id='block_1_68' title="bbox 2210 2395 3797 2470">
    <p class='ocr_par' dir='ltr' id='par_1_68' title="bbox 2210 2395 3797 2470">
     <span class='ocr_line' id='line_1_68' title="bbox 2210 2395 3797 2470; baseline 0.001 -17"><span class='ocrx_word' id='word_1_458' title='bbox 2210 2395 2317 2454; x_wconf 91' lang='lat' dir='ltr'><strong>Sed</strong></span> <span class='ocrx_word' id='word_1_459' title='bbox 2346 2397 2517 2453; x_wconf 89' lang='lat' dir='ltr'><strong>etalia</strong></span> <span class='ocrx_word' id='word_1_460' title='bbox 2539 2413 2703 2469; x_wconf 90' lang='lat' dir='ltr'><strong>quam</strong></span> <span class='ocrx_word' id='word_1_461' title='bbox 2724 2397 2876 2470; x_wconf 88' lang='lat' dir='ltr'><strong>plura</strong></span> <span class='ocrx_word' id='word_1_462' title='bbox 2895 2399 2947 2453; x_wconf 89' lang='lat' dir='ltr'><strong>in</strong></span> <span class='ocrx_word' id='word_1_463' title='bbox 2983 2396 3215 2454; x_wconf 87' lang='lat' dir='ltr'><strong>diversis</strong></span> <span class='ocrx_word' id='word_1_464' title='bbox 3249 2398 3565 2470; x_wconf 86' lang='lat' dir='ltr'><strong>regionibus</strong></span> <span class='ocrx_word' id='word_1_465' title='bbox 3588 2406 3707 2454; x_wconf 89' lang='lat' dir='ltr'><strong>tum</strong></span> <span class='ocrx_word' id='word_1_466' title='bbox 3733 2398 3797 2435; x_wconf 79' lang='grc'><strong>⁵³³</strong></span> 
     </span>
    </p>
   </div>
   <div class='ocr_carea' id='block_1_69' title="bbox 2208 2490 3794 2564">
    <p class='ocr_par' dir='ltr' id='par_1_69' title="bbox 2208 2490 3794 2564">
     <span class='ocr_line' id='line_1_69' title="bbox 2208 2490 3794 2564; baseline 0.001 -17"><span class='ocrx_word' id='word_1_467' title='bbox 2208 2507 2304 2563; x_wconf 92' lang='lat' dir='ltr'><strong>per</strong></span> <span class='ocrx_word' id='word_1_468' title='bbox 2328 2506 2409 2559; x_wconf 90' lang='lat' dir='ltr'><strong>se,</strong></span> <span class='ocrx_word' id='word_1_469' title='bbox 2436 2498 2553 2546; x_wconf 88' lang='lat' dir='ltr'><strong>tum</strong></span> <span class='ocrx_word' id='word_1_470' title='bbox 2595 2490 2662 2525; x_wconf 80' lang='grc'><strong>⁸³⁰</strong></span> <span class='ocrx_word' id='word_1_471' title='bbox 2690 2508 2787 2564; x_wconf 89' lang='lat' dir='ltr'><strong>per</strong></span> <span class='ocrx_word' id='word_1_472' title='bbox 2828 2491 2929 2547; x_wconf 91' lang='lat' dir='ltr'><strong>sibi</strong></span> <span class='ocrx_word' id='word_1_473' title='bbox 2959 2491 3232 2564; x_wconf 88' lang='lat' dir='ltr'><strong>subjectos</strong></span> <span class='ocrx_word' id='word_1_474' title='bbox 3263 2492 3346 2548; x_wconf 89' lang='lat' dir='ltr'><strong>vel</strong></span> <span class='ocrx_word' id='word_1_475' title='bbox 3373 2491 3442 2548; x_wconf 92' lang='lat' dir='ltr'><strong>de</strong></span> <span class='ocrx_word' id='word_1_476' title='bbox 3472 2508 3629 2549; x_wconf 85' lang='lat' dir='ltr'><strong>novo</strong></span> <span class='ocrx_word' id='word_1_477' title='bbox 3666 2491 3794 2559; x_wconf 81' lang='lat' dir='ltr'><strong>fecit,</strong></span> 
     </span>
    </p>
   </div>
   <div class='ocr_carea' id='block_1_70' title="bbox 2170 2583 3792 2665">
    <p class='ocr_par' dir='ltr' id='par_1_70' title="bbox 2170 2583 3792 2665">
     <span class='ocr_line' id='line_1_70' title="bbox 2170 2583 3792 2665; baseline 0.001 -25"><span class='ocrx_word' id='word_1_478' title='bbox 2170 2583 2289 2665; x_wconf 28' lang='lat' dir='ltr'><strong>.vel</strong></span> <span class='ocrx_word' id='word_1_479' title='bbox 2320 2585 2441 2655; x_wconf 91' lang='lat' dir='ltr'><strong>jam</strong></span> <span class='ocrx_word' id='word_1_480' title='bbox 2471 2584 2609 2640; x_wconf 89' lang='lat' dir='ltr'><strong>facta</strong></span> <span class='ocrx_word' id='word_1_481' title='bbox 2652 2585 2989 2658; x_wconf 88' lang='lat' dir='ltr'><strong>regularibus</strong></span> <span class='ocrx_word' id='word_1_482' title='bbox 3042 2584 3341 2658; x_wconf 90' lang='lat' dir='ltr'><strong>disciplinis</strong></span> <span class='ocrx_word' id='word_1_483' title='bbox 3383 2585 3646 2642; x_wconf 88' lang='lat' dir='ltr'><strong>instituit.</strong></span> <span class='ocrx_word' id='word_1_484' title='bbox 3703 2586 3792 2642; x_wconf 82' lang='lat' dir='ltr'><strong>Hic</strong></span> 
     </span>
    </p>
   </div>
   <div class='ocr_carea' id='block_1_71' title="bbox 2208 2677 3800 2752">
    <p class='ocr_par' dir='ltr' id='par_1_71' title="bbox 2208 2677 3800 2752">
     <span class='ocr_line' id='line_1_71' title="bbox 2208 2677 3800 2752; baseline 0.001 -18"><span class='ocrx_word' id='word_1_485' title='bbox 2208 2677 2369 2735; x_wconf 92' lang='lat' dir='ltr'><strong>etiam</strong></span> <span class='ocrx_word' id='word_1_486' title='bbox 2394 2678 2563 2735; x_wconf 90' lang='lat' dir='ltr'><strong>multa</strong></span> <span class='ocrx_word' id='word_1_487' title='bbox 2593 2680 2926 2735; x_wconf 88' lang='lat' dir='ltr'><strong>monimenta</strong></span> <span class='ocrx_word' id='word_1_488' title='bbox 2958 2679 3044 2735; x_wconf 90' lang='lat' dir='ltr'><strong>sui</strong></span> <span class='ocrx_word' id='word_1_489' title='bbox 3080 2679 3340 2736; x_wconf 88' lang='lat' dir='ltr'><strong>naturalis</strong></span> <span class='ocrx_word' id='word_1_490' title='bbox 3368 2678 3439 2717; x_wconf 74' lang='lat'><strong>5&quot;</strong></span> <span class='ocrx_word' id='word_1_491' title='bbox 3470 2679 3685 2752; x_wconf 88' lang='lat' dir='ltr'><strong>ingenii</strong></span> <span class='ocrx_word' id='word_1_492' title='bbox 3710 2696 3800 2736; x_wconf 89' lang='lat' dir='ltr'><strong>no-</strong></span> 
     </span>
    </p>
   </div>
   <div class='ocr_carea' id='block_1_72' title="bbox 2208 2771 3799 2851">
    <p class='ocr_par' dir='ltr' id='par_1_72' title="bbox 2208 2771 3799 2851">
     <span class='ocr_line' id='line_1_72' title="bbox 2208 2771 3799 2851; baseline 0.002 -24"><span class='ocrx_word' id='word_1_493' title='bbox 2208 2771 2293 2828; x_wconf 91' lang='lat' dir='ltr'><strong>bis</strong></span> <span class='ocrx_word' id='word_1_494' title='bbox 2315 2771 2555 2845; x_wconf 87' lang='lat' dir='ltr'><strong>reliquit.</strong></span> <span class='ocrx_word' id='word_1_495' title='bbox 2581 2775 2723 2828; x_wconf 89' lang='lat' dir='ltr'><strong>Nam</strong></span> <span class='ocrx_word' id='word_1_496' title='bbox 2749 2773 2992 2829; x_wconf 88' lang='lat' dir='ltr'><strong>naturale</strong></span> <span class='ocrx_word' id='word_1_497' title='bbox 3015 2772 3360 2846; x_wconf 89' lang='lat' dir='ltr'><strong>horologium</strong></span> <span class='ocrx_word' id='word_1_498' title='bbox 3390 2772 3459 2829; x_wconf 91' lang='lat' dir='ltr'><strong>ad</strong></span> <span class='ocrx_word' id='word_1_499' title='bbox 3491 2774 3799 2851; x_wconf 76' lang='lat' dir='ltr'><strong>exemplum</strong></span> 
     </span>
    </p>
   </div>
   <div class='ocr_carea' id='block_1_73' title="bbox 2210 2866 3799 2939">
    <p class='ocr_par' dir='ltr' id='par_1_73' title="bbox 2210 2866 3799 2939">
     <span class='ocr_line' id='line_1_73' title="bbox 2210 2866 3799 2939; baseline 0.001 -18"><span class='ocrx_word' id='word_1_500' title='bbox 2210 2866 2424 2921; x_wconf 91' lang='lat' dir='ltr'><strong>celestis</strong></span> <span class='ocrx_word' id='word_1_501' title='bbox 2475 2866 2790 2939; x_wconf 88' lang='lat' dir='ltr'><strong>hemisperii</strong></span> <span class='ocrx_word' id='word_1_502' title='bbox 2833 2866 3187 2938; x_wconf 82' lang='lat' dir='ltr'><strong>excogitavit;</strong></span> <span class='ocrx_word' id='word_1_503' title='bbox 3241 2866 3512 2922; x_wconf 87' lang='lat' dir='ltr'><strong>naturalia</strong></span> <span class='ocrx_word' id='word_1_504' title='bbox 3567 2868 3799 2923; x_wconf 85' lang='lat' dir='ltr'><strong>solsticia</strong></span> 
     </span>
    </p>
   </div>
   <div class='ocr_carea' id='block_1_74' title="bbox 2208 2958 3801 3032">
    <p class='ocr_par' dir='ltr' id='par_1_74' title="bbox 2208 2958 3801 3032">
     <span class='ocr_line' id='line_1_74' title="bbox 2208 2958 3801 3032; baseline 0.001 -16"><span class='ocrx_word' id='word_1_505' title='bbox 2208 2958 2318 3016; x_wconf 87' lang='lat' dir='ltr'><strong>sive</strong></span> <span class='ocrx_word' id='word_1_506' title='bbox 2343 2960 2648 3031; x_wconf 90' lang='lat' dir='ltr'><strong>equinoctia</strong></span> <span class='ocrx_word' id='word_1_507' title='bbox 2678 2968 2734 3016; x_wconf 88' lang='lat' dir='ltr'><strong>et</strong></span> <span class='ocrx_word' id='word_1_508' title='bbox 2758 2968 2963 3016; x_wconf 88' lang='lat' dir='ltr'><strong>statum</strong></span> <span class='ocrx_word' id='word_1_509' title='bbox 3000 2959 3192 3016; x_wconf 91' lang='lat' dir='ltr'><strong>mundi</strong></span> <span class='ocrx_word' id='word_1_510' title='bbox 3227 2961 3387 3016; x_wconf 89' lang='lat' dir='ltr'><strong>certis</strong></span> <span class='ocrx_word' id='word_1_511' title='bbox 3416 2961 3801 3032; x_wconf 83' lang='lat' dir='ltr'><strong>experimentis</strong></span> 
     </span>
    </p>
   </div>
   <div class='ocr_carea' id='block_1_75' title="bbox 2207 3051 3801 3125">
    <p class='ocr_par' dir='ltr' id='par_1_75' title="bbox 2207 3051 3801 3125">
     <span class='ocr_line' id='line_1_75' title="bbox 2207 3051 3801 3125; baseline 0.002 -18"><span class='ocrx_word' id='word_1_512' title='bbox 2207 3052 2449 3109; x_wconf 90' lang='lat' dir='ltr'><strong>invenire</strong></span> <span class='ocrx_word' id='word_1_513' title='bbox 2477 3051 2835 3123; x_wconf 56' lang='lat' dir='ltr'><strong>monstravit}</strong></span> <span class='ocrx_word' id='word_1_514' title='bbox 2871 3068 2999 3125; x_wconf 85' lang='lat' dir='ltr'><strong>qua</strong></span> <span class='ocrx_word' id='word_1_515' title='bbox 3025 3053 3212 3110; x_wconf 90' lang='lat' dir='ltr'><strong>omnia</strong></span> <span class='ocrx_word' id='word_1_516' title='bbox 3251 3053 3475 3125; x_wconf 90' lang='lat' dir='ltr'><strong>quidam</strong></span> <span class='ocrx_word' id='word_1_517' title='bbox 3504 3055 3629 3120; x_wconf 89' lang='lat' dir='ltr'><strong>eius</strong></span> <span class='ocrx_word' id='word_1_518' title='bbox 3652 3054 3801 3111; x_wconf 80' lang='lat' dir='ltr'><strong>fami-</strong></span> 
     </span>
    </p>
   </div>
   <div class='ocr_carea' id='block_1_76' title="bbox 2208 3142 3802 3219">
    <p class='ocr_par' dir='ltr' id='par_1_76' title="bbox 2208 3142 3802 3219">
     <span class='ocr_line' id='line_1_76' title="bbox 2208 3142 3802 3219; baseline 0.002 -19"><span class='ocrx_word' id='word_1_519' title='bbox 2208 3146 2356 3203; x_wconf 91' lang='lat' dir='ltr'><strong>liaris</strong></span> <span class='ocrx_word' id='word_1_520' title='bbox 2385 3147 2552 3203; x_wconf 90' lang='lat' dir='ltr'><strong>etiam</strong></span> <span class='ocrx_word' id='word_1_521' title='bbox 2584 3142 2777 3203; x_wconf 82' lang='lat' dir='ltr'><strong>litteris</strong></span> <span class='ocrx_word' id='word_1_522' title='bbox 2813 3147 3075 3203; x_wconf 89' lang='lat' dir='ltr'><strong>mandare</strong></span> <span class='ocrx_word' id='word_1_523' title='bbox 3103 3147 3310 3203; x_wconf 84' lang='lat' dir='ltr'><strong>curavit</strong></span> <span class='ocrx_word' id='word_1_524' title='bbox 3345 3147 3563 3219; x_wconf 82' lang='lat'><strong>(1380);</strong></span> <span class='ocrx_word' id='word_1_525' title='bbox 3607 3148 3802 3203; x_wconf 87' lang='lat' dir='ltr'><strong>multas</strong></span> 
     </span>
    </p>
   </div>
   <div class='ocr_carea' id='block_1_77' title="bbox 2205 3239 3801 3313">
    <p class='ocr_par' dir='ltr' id='par_1_77' title="bbox 2205 3239 3801 3313">
     <span class='ocr_line' id='line_1_77' title="bbox 2205 3239 3801 3313; baseline 0.001 -17"><span class='ocrx_word' id='word_1_526' title='bbox 2205 3239 2373 3296; x_wconf 89' lang='lat' dir='ltr'><strong>etiam</strong></span> <span class='ocrx_word' id='word_1_527' title='bbox 2389 3239 2714 3312; x_wconf 88' lang='lat' dir='ltr'><strong>quastiones</strong></span> <span class='ocrx_word' id='word_1_528' title='bbox 2731 3239 2801 3296; x_wconf 89' lang='lat' dir='ltr'><strong>de</strong></span> <span class='ocrx_word' id='word_1_529' title='bbox 2814 3248 3070 3313; x_wconf 90' lang='lat' dir='ltr'><strong>compoto</strong></span> <span class='ocrx_word' id='word_1_530' title='bbox 3085 3240 3487 3312; x_wconf 90' lang='lat' dir='ltr'><strong>probatissimis</strong></span> <span class='ocrx_word' id='word_1_531' title='bbox 3499 3240 3801 3297; x_wconf 87' lang='lat' dir='ltr'><strong>rationibus</strong></span> 
     </span>
    </p>
   </div>
   <div class='ocr_carea' id='block_1_78' title="bbox 2209 3331 3798 3406">
    <p class='ocr_par' dir='ltr' id='par_1_78' title="bbox 2209 3331 3798 3406">
     <span class='ocr_line' id='line_1_78' title="bbox 2209 3331 3798 3406; baseline -0.001 -16"><span class='ocrx_word' id='word_1_532' title='bbox 2209 3334 2478 3391; x_wconf 88' lang='lat' dir='ltr'><strong>enodavit.</strong></span> <span class='ocrx_word' id='word_1_533' title='bbox 2513 3333 2619 3389; x_wconf 85' lang='lat' dir='ltr'><strong>Hic</strong></span> <span class='ocrx_word' id='word_1_534' title='bbox 2643 3334 2699 3389; x_wconf 92' lang='lat' dir='ltr'><strong>in</strong></span> <span class='ocrx_word' id='word_1_535' title='bbox 2725 3335 2939 3391; x_wconf 90' lang='lat' dir='ltr'><strong>musica</strong></span> <span class='ocrx_word' id='word_1_536' title='bbox 2968 3333 3335 3406; x_wconf 87' lang='lat' dir='ltr'><strong>peritissimus</strong></span> <span class='ocrx_word' id='word_1_537' title='bbox 3361 3331 3485 3404; x_wconf 81' lang='lat' dir='ltr'><strong>fuit,</strong></span> <span class='ocrx_word' id='word_1_538' title='bbox 3517 3334 3798 3406; x_wconf 88' lang='lat' dir='ltr'><strong>multaque</strong></span> 
     </span>
    </p>
   </div>
   <div class='ocr_carea' id='block_1_79' title="bbox 2210 3425 3793 3499">
    <p class='ocr_par' dir='ltr' id='par_1_79' title="bbox 2210 3425 3793 3499">
     <span class='ocr_line' id='line_1_79' title="bbox 2210 3425 3793 3499; baseline -0.001 -15"><span class='ocrx_word' id='word_1_539' title='bbox 2210 3428 2357 3485; x_wconf 92' lang='lat' dir='ltr'><strong>illius</strong></span> <span class='ocrx_word' id='word_1_540' title='bbox 2400 3426 2532 3483; x_wconf 88' lang='lat' dir='ltr'><strong>artis</strong></span> <span class='ocrx_word' id='word_1_541' title='bbox 2578 3427 2823 3495; x_wconf 89' lang='lat' dir='ltr'><strong>subtilia,</strong></span> <span class='ocrx_word' id='word_1_542' title='bbox 2852 3428 3090 3498; x_wconf 91' lang='lat' dir='ltr'><strong>antiquis</strong></span> <span class='ocrx_word' id='word_1_543' title='bbox 3133 3425 3455 3483; x_wconf 87' lang='lat' dir='ltr'><strong>doctoribus</strong></span> <span class='ocrx_word' id='word_1_544' title='bbox 3500 3427 3793 3499; x_wconf 84' lang='lat' dir='ltr'><strong>incognita,</strong></span> 
     </span>
    </p>
   </div>
   <div class='ocr_carea' id='block_1_80' title="bbox 2208 3520 3799 3589">
    <p class='ocr_par' dir='ltr' id='par_1_80' title="bbox 2208 3520 3799 3589">
     <span class='ocr_line' id='line_1_80' title="bbox 2208 3520 3799 3589; baseline -0.002 -11"><span class='ocrx_word' id='word_1_545' title='bbox 2208 3520 2501 3579; x_wconf 89' lang='lat' dir='ltr'><strong>elucidavit</strong></span> <span class='ocrx_word' id='word_1_546' title='bbox 2544 3525 2746 3589; x_wconf 89' lang='lat'><strong>(1381),</strong></span> <span class='ocrx_word' id='word_1_547' title='bbox 2776 3521 2981 3577; x_wconf 84' lang='lat' dir='ltr'><strong>multos</strong></span> <span class='ocrx_word' id='word_1_548' title='bbox 3007 3520 3170 3577; x_wconf 90' lang='lat' dir='ltr'><strong>etiam</strong></span> <span class='ocrx_word' id='word_1_549' title='bbox 3200 3532 3412 3576; x_wconf 87' lang='lat' dir='ltr'><strong>errores</strong></span> <span class='ocrx_word' id='word_1_550' title='bbox 3441 3520 3497 3576; x_wconf 90' lang='lat' dir='ltr'><strong>in</strong></span> <span class='ocrx_word' id='word_1_551' title='bbox 3546 3520 3799 3576; x_wconf 85' lang='lat' dir='ltr'><strong>cantibus</strong></span> 
     </span>
    </p>
   </div>
   <div class='ocr_carea' id='block_1_81' title="bbox 2207 3613 3799 3689">
    <p class='ocr_par' dir='ltr' id='par_1_81' title="bbox 2207 3613 3799 3689">
     <span class='ocr_line' id='line_1_81' title="bbox 2207 3613 3799 3689; baseline -0.003 -16"><span class='ocrx_word' id='word_1_552' title='bbox 2207 3616 2577 3689; x_wconf 90' lang='lat' dir='ltr'><strong>deprehensos</strong></span> <span class='ocrx_word' id='word_1_553' title='bbox 2606 3615 2740 3671; x_wconf 86' lang='lat' dir='ltr'><strong>satis</strong></span> <span class='ocrx_word' id='word_1_554' title='bbox 2785 3614 3182 3670; x_wconf 88' lang='lat' dir='ltr'><strong>rationabiliter</strong></span> <span class='ocrx_word' id='word_1_555' title='bbox 3209 3613 3281 3670; x_wconf 91' lang='lat' dir='ltr'><strong>ad</strong></span> <span class='ocrx_word' id='word_1_556' title='bbox 3321 3619 3493 3669; x_wconf 87' lang='lat' dir='ltr'><strong>artem</strong></span> <span class='ocrx_word' id='word_1_557' title='bbox 3542 3614 3799 3670; x_wconf 79' lang='lat' dir='ltr'><strong>correxit.</strong></span> 
     </span>
    </p>
   </div>
   <div class='ocr_carea' id='block_1_82' title="bbox 2208 3706 3801 3782">
    <p class='ocr_par' dir='ltr' id='par_1_82' title="bbox 2208 3706 3801 3782">
     <span class='ocr_line' id='line_1_82' title="bbox 2208 3706 3801 3782; baseline -0.001 -17"><span class='ocrx_word' id='word_1_558' title='bbox 2208 3712 2272 3765; x_wconf 89' lang='lat' dir='ltr'><strong>In</strong></span> <span class='ocrx_word' id='word_1_559' title='bbox 2299 3708 2602 3782; x_wconf 88' lang='lat' dir='ltr'><strong>quadruvio</strong></span> <span class='ocrx_word' id='word_1_560' title='bbox 2643 3710 2826 3777; x_wconf 82' lang='lat'><strong>(1382)</strong></span> <span class='ocrx_word' id='word_1_561' title='bbox 2850 3724 2977 3765; x_wconf 88' lang='lat' dir='ltr'><strong>sane</strong></span> <span class='ocrx_word' id='word_1_562' title='bbox 3002 3706 3257 3764; x_wconf 89' lang='lat' dir='ltr'><strong>omnibus</strong></span> <span class='ocrx_word' id='word_1_563' title='bbox 3278 3722 3415 3779; x_wconf 88' lang='lat' dir='ltr'><strong>pene</strong></span> <span class='ocrx_word' id='word_1_564' title='bbox 3445 3708 3686 3779; x_wconf 85' lang='lat' dir='ltr'><strong>antiquis</strong></span> <span class='ocrx_word' id='word_1_565' title='bbox 3728 3708 3801 3763; x_wconf 90' lang='lat' dir='ltr'><strong>vi-</strong></span> 
     </span>
    </p>
   </div>
   <div class='ocr_carea' id='block_1_83' title="bbox 2205 3800 3799 3874">
    <p class='ocr_par' dir='ltr' id='par_1_83' title="bbox 2205 3800 3799 3874">
     <span class='ocr_line' id='line_1_83' title="bbox 2205 3800 3799 3874; baseline -0.001 -15"><span class='ocrx_word' id='word_1_566' title='bbox 2205 3801 2438 3859; x_wconf 89' lang='lat' dir='ltr'><strong>debatur</strong></span> <span class='ocrx_word' id='word_1_567' title='bbox 2465 3802 2805 3874; x_wconf 89' lang='lat' dir='ltr'><strong>praminere.</strong></span> <span class='ocrx_word' id='word_1_568' title='bbox 2839 3802 2932 3857; x_wconf 85' lang='lat' dir='ltr'><strong>Set</strong></span> <span class='ocrx_word' id='word_1_569' title='bbox 2957 3808 3083 3857; x_wconf 90' lang='lat' dir='ltr'><strong>ante</strong></span> <span class='ocrx_word' id='word_1_570' title='bbox 3111 3800 3230 3856; x_wconf 89' lang='lat' dir='ltr'><strong>hac</strong></span> <span class='ocrx_word' id='word_1_571' title='bbox 3258 3800 3441 3857; x_wconf 88' lang='lat' dir='ltr'><strong>omnia</strong></span> <span class='ocrx_word' id='word_1_572' title='bbox 3469 3800 3528 3855; x_wconf 90' lang='lat' dir='ltr'><strong>in</strong></span> <span class='ocrx_word' id='word_1_573' title='bbox 3564 3800 3662 3856; x_wconf 90' lang='lat' dir='ltr'><strong>illo</strong></span> <span class='ocrx_word' id='word_1_574' title='bbox 3688 3808 3799 3857; x_wconf 81' lang='lat' dir='ltr'><strong>stu-</strong></span> 
     </span>
    </p>
   </div>
   <div class='ocr_carea' id='block_1_84' title="bbox 2206 3893 3801 3966">
    <p class='ocr_par' dir='ltr' id='par_1_84' title="bbox 2206 3893 3801 3966">
     <span class='ocr_line' id='line_1_84' title="bbox 2206 3893 3801 3966; baseline -0.002 -14"><span class='ocrx_word' id='word_1_575' title='bbox 2206 3895 2358 3952; x_wconf 92' lang='lat' dir='ltr'><strong>dium</strong></span> <span class='ocrx_word' id='word_1_576' title='bbox 2388 3896 2707 3952; x_wconf 87' lang='lat' dir='ltr'><strong>monastica</strong></span> <span class='ocrx_word' id='word_1_577' title='bbox 2726 3893 3083 3950; x_wconf 86' lang='lat' dir='ltr'><strong>districtionis</strong></span> <span class='ocrx_word' id='word_1_578' title='bbox 3102 3893 3403 3965; x_wconf 87' lang='lat' dir='ltr'><strong>pravaluit,</strong></span> <span class='ocrx_word' id='word_1_579' title='bbox 3433 3894 3489 3949; x_wconf 91' lang='lat' dir='ltr'><strong>in</strong></span> <span class='ocrx_word' id='word_1_580' title='bbox 3514 3909 3632 3966; x_wconf 91' lang='lat' dir='ltr'><strong>quo</strong></span> <span class='ocrx_word' id='word_1_581' title='bbox 3659 3902 3801 3950; x_wconf 85' lang='lat' dir='ltr'><strong>totus</strong></span> 
     </span>
    </p>
   </div>
   <div class='ocr_carea' id='block_1_85' title="bbox 2204 3986 3797 4061">
    <p class='ocr_par' dir='ltr' id='par_1_85' title="bbox 2204 3986 3797 4061">
     <span class='ocr_line' id='line_1_85' title="bbox 2204 3986 3797 4061; baseline -0.002 -17"><span class='ocrx_word' id='word_1_582' title='bbox 2204 3988 2342 4045; x_wconf 91' lang='lat' dir='ltr'><strong>adeo</strong></span> <span class='ocrx_word' id='word_1_583' title='bbox 2385 3986 2662 4057; x_wconf 82' lang='lat' dir='ltr'><strong>efferbuit,</strong></span> <span class='ocrx_word' id='word_1_584' title='bbox 2710 4003 2773 4043; x_wconf 91' lang='lat' dir='ltr'><strong>ac</strong></span> <span class='ocrx_word' id='word_1_585' title='bbox 2809 3987 2855 4043; x_wconf 92' lang='lat' dir='ltr'><strong>si</strong></span> <span class='ocrx_word' id='word_1_586' title='bbox 2900 4003 3187 4061; x_wconf 89' lang='lat' dir='ltr'><strong>nunquam</strong></span> <span class='ocrx_word' id='word_1_587' title='bbox 3224 3986 3367 4043; x_wconf 90' lang='lat' dir='ltr'><strong>aliud</strong></span> <span class='ocrx_word' id='word_1_588' title='bbox 3403 3986 3611 4059; x_wconf 89' lang='lat' dir='ltr'><strong>aliquid</strong></span> <span class='ocrx_word' id='word_1_589' title='bbox 3641 3987 3797 4043; x_wconf 84' lang='lat' dir='ltr'><strong>studii</strong></span> 
     </span>
    </p>
   </div>
   <div class='ocr_carea' id='block_1_86' title="bbox 2205 4079 3793 4149">
    <p class='ocr_par' dir='ltr' id='par_1_86' title="bbox 2205 4079 3793 4149">
     <span class='ocr_line' id='line_1_86' title="bbox 2205 4079 3793 4149; baseline -0.003 -10"><span class='ocrx_word' id='word_1_590' title='bbox 2205 4081 2473 4139; x_wconf 90' lang='lat' dir='ltr'><strong>habuerit.</strong></span> <span class='ocrx_word' id='word_1_591' title='bbox 2529 4085 2658 4138; x_wconf 88' lang='lat' dir='ltr'><strong>Erat</strong></span> <span class='ocrx_word' id='word_1_592' title='bbox 2710 4079 2858 4137; x_wconf 89' lang='lat' dir='ltr'><strong>enim</strong></span> <span class='ocrx_word' id='word_1_593' title='bbox 2916 4079 2986 4119; x_wconf 76' lang='grc'><strong>⁵³³</strong></span> <span class='ocrx_word' id='word_1_594' title='bbox 3036 4080 3188 4137; x_wconf 87' lang='lat' dir='ltr'><strong>mira</strong></span> <span class='ocrx_word' id='word_1_595' title='bbox 3215 4080 3544 4149; x_wconf 86' lang='lat' dir='ltr'><strong>sanctitatis,</strong></span> <span class='ocrx_word' id='word_1_596' title='bbox 3597 4088 3793 4137; x_wconf 74' lang='lat' dir='ltr'><strong>sancta</strong></span> 
     </span>
    </p>
   </div>
   <div class='ocr_carea' id='block_1_87' title="bbox 2203 4174 3791 4249">
    <p class='ocr_par' dir='ltr' id='par_1_87' title="bbox 2203 4174 3791 4249">
     <span class='ocr_line' id='line_1_87' title="bbox 2203 4174 3791 4249; baseline -0.004 -16"><span class='ocrx_word' id='word_1_597' title='bbox 2203 4176 2592 4249; x_wconf 89' lang='lat' dir='ltr'><strong>simplicitatis,</strong></span> <span class='ocrx_word' id='word_1_598' title='bbox 2633 4174 3050 4232; x_wconf 78' lang='lat' dir='ltr'><strong>ferventissimae</strong></span> <span class='ocrx_word' id='word_1_599' title='bbox 3079 4174 3352 4242; x_wconf 81' lang='lat' dir='ltr'><strong>karitatis,</strong></span> <span class='ocrx_word' id='word_1_600' title='bbox 3394 4177 3513 4231; x_wconf 89' lang='lat' dir='ltr'><strong>Deo</strong></span> <span class='ocrx_word' id='word_1_601' title='bbox 3560 4175 3706 4230; x_wconf 76' lang='lat' dir='ltr'><strong>vivus</strong></span> <span class='ocrx_word' id='word_1_602' title='bbox 3738 4179 3791 4227; x_wconf 84' lang='lat' dir='ltr'><strong>et</strong></span> 
     </span>
    </p>
   </div>
   <div class='ocr_carea' id='block_1_88' title="bbox 2205 4267 3795 4341">
    <p class='ocr_par' dir='ltr' id='par_1_88' title="bbox 2205 4267 3795 4341">
     <span class='ocr_line' id='line_1_88' title="bbox 2205 4267 3795 4341; baseline -0.003 -15"><span class='ocrx_word' id='word_1_603' title='bbox 2205 4269 2388 4327; x_wconf 90' lang='lat' dir='ltr'><strong>seculo</strong></span> <span class='ocrx_word' id='word_1_604' title='bbox 2414 4284 2542 4326; x_wconf 88' lang='lat' dir='ltr'><strong>vere</strong></span> <span class='ocrx_word' id='word_1_605' title='bbox 2577 4267 2867 4325; x_wconf 85' lang='lat' dir='ltr'><strong>cruciﬁxus</strong></span> <span class='ocrx_word' id='word_1_606' title='bbox 2899 4287 2915 4324; x_wconf 90' lang='lat'><strong>:</strong></span> <span class='ocrx_word' id='word_1_607' title='bbox 2943 4283 3109 4341; x_wconf 89' lang='lat' dir='ltr'><strong>quem</strong></span> <span class='ocrx_word' id='word_1_608' title='bbox 3138 4268 3411 4324; x_wconf 88' lang='lat' dir='ltr'><strong>Dominus</strong></span> <span class='ocrx_word' id='word_1_609' title='bbox 3442 4267 3496 4324; x_wconf 91' lang='lat' dir='ltr'><strong>in</strong></span> <span class='ocrx_word' id='word_1_610' title='bbox 3520 4274 3795 4325; x_wconf 83' lang='lat' dir='ltr'><strong>senectute</strong></span> 
     </span>
    </p>
   </div>
   <div class='ocr_carea' id='block_1_89' title="bbox 2203 4361 3801 4436">
    <p class='ocr_par' dir='ltr' id='par_1_89' title="bbox 2203 4361 3801 4436">
     <span class='ocr_line' id='line_1_89' title="bbox 2203 4361 3801 4436; baseline -0.002 -17"><span class='ocrx_word' id='word_1_611' title='bbox 2203 4363 2349 4421; x_wconf 88' lang='lat' dir='ltr'><strong>bona</strong></span> <span class='ocrx_word' id='word_1_612' title='bbox 2368 4363 2436 4421; x_wconf 89' lang='lat' dir='ltr'><strong>ad</strong></span> <span class='ocrx_word' id='word_1_613' title='bbox 2455 4372 2720 4422; x_wconf 89' lang='lat' dir='ltr'><strong>aternam</strong></span> <span class='ocrx_word' id='word_1_614' title='bbox 2744 4364 2978 4436; x_wconf 90' lang='lat' dir='ltr'><strong>patriam</strong></span> <span class='ocrx_word' id='word_1_615' title='bbox 3001 4362 3292 4432; x_wconf 90' lang='lat' dir='ltr'><strong>revocavit,</strong></span> <span class='ocrx_word' id='word_1_616' title='bbox 3319 4361 3404 4418; x_wconf 93' lang='lat' dir='ltr'><strong>cui</strong></span> <span class='ocrx_word' id='word_1_617' title='bbox 3430 4362 3549 4435; x_wconf 85' lang='lat' dir='ltr'><strong>ipse</strong></span> <span class='ocrx_word' id='word_1_618' title='bbox 3571 4379 3603 4418; x_wconf 91' lang='lat' dir='ltr'><strong>a</strong></span> <span class='ocrx_word' id='word_1_619' title='bbox 3615 4361 3801 4436; x_wconf 62' lang='lat' dir='ltr'><strong>juveno</strong></span> 
     </span>
    </p>
   </div>
   <div class='ocr_carea' id='block_1_90' title="bbox 1769 4515 2528 4576">
    <p class='ocr_par' dir='ltr' id='par_1_90' title="bbox 1769 4515 2528 4576">
     <span class='ocr_line' id='line_1_90' title="bbox 1769 4515 2528 4576; baseline 0.004 -6"><span class='ocrx_word' id='word_1_620' title='bbox 1769 4515 1922 4571; x_wconf 77' lang='lat' dir='ltr'><strong>VAR</strong></span> <span class='ocrx_word' id='word_1_621' title='bbox 1934 4517 2024 4572; x_wconf 77' lang='grc' dir='ltr'><strong>ῐᾸΞ</strong></span> <span class='ocrx_word' id='word_1_622' title='bbox 2095 4518 2285 4576; x_wconf 84' lang='lat' dir='ltr'><strong>LECT</strong></span> <span class='ocrx_word' id='word_1_623' title='bbox 2298 4518 2528 4574; x_wconf 78' lang='lat' dir='ltr'><strong>lONES.</strong></span> 
     </span>
    </p>
   </div>
   <div class='ocr_carea' id='block_1_91' title="bbox 579 4636 3805 4723">
    <p class='ocr_par' dir='ltr' id='par_1_91' title="bbox 579 4636 3805 4723">
     <span class='ocr_line' id='line_1_91' title="bbox 579 4636 3805 4723; baseline 0.003 -28"><span class='ocrx_word' id='word_1_624' title='bbox 579 4636 656 4675; x_wconf 79' lang='grc'><strong>⁵⁸⁵</strong></span> <span class='ocrx_word' id='word_1_625' title='bbox 678 4639 799 4723; x_wconf 69' lang='lat' dir='ltr'><strong>qu</strong></span> <span class='ocrx_word' id='word_1_626' title='bbox 821 4642 1007 4711; x_wconf 76' lang='lat' dir='ltr'><strong>pergit</strong></span> <span class='ocrx_word' id='word_1_627' title='bbox 1040 4647 1138 4723; x_wconf 83' lang='lat'><strong>_1_._</strong></span> <span class='ocrx_word' id='word_1_628' title='bbox 1180 4641 1249 4723; x_wconf 74' lang='lat'><strong>5&#39;_°</strong></span> <span class='ocrx_word' id='word_1_629' title='bbox 1287 4642 1364 4723; x_wconf 90' lang='lat' dir='ltr'><strong>h._</strong></span> <span class='ocrx_word' id='word_1_630' title='bbox 1388 4644 1427 4699; x_wconf 92' lang='lat' dir='ltr'><strong>i.</strong></span> <span class='ocrx_word' id='word_1_631' title='bbox 1458 4660 1525 4723; x_wconf 82' lang='lat' dir='ltr'><strong>a._</strong></span> <span class='ocrx_word' id='word_1_632' title='bbox 1550 4648 1740 4723; x_wconf 61' lang='lat' dir='ltr'><strong>inloco</strong></span> <span class='ocrx_word' id='word_1_633' title='bbox 1777 4665 1901 4706; x_wconf 85' lang='lat' dir='ltr'><strong>raso</strong></span> <span class='ocrx_word' id='word_1_634' title='bbox 1930 4655 1979 4705; x_wconf 87' lang='lat' dir='ltr'><strong>l.</strong></span> <span class='ocrx_word' id='word_1_635' title='bbox 2020 4652 2119 4706; x_wconf 74' lang='lat' dir='ltr'><strong>ubi</strong></span> <span class='ocrx_word' id='word_1_636' title='bbox 2148 4655 2305 4722; x_wconf 78' lang='lat' dir='ltr'><strong>prius</strong></span> <span class='ocrx_word' id='word_1_637' title='bbox 2324 4651 2444 4723; x_wconf 88' lang='lat' dir='ltr'><strong>jam</strong></span> <span class='ocrx_word' id='word_1_638' title='bbox 2472 4649 2680 4707; x_wconf 90' lang='lat' dir='ltr'><strong>dudum</strong></span> <span class='ocrx_word' id='word_1_639' title='bbox 2708 4651 3010 4723; x_wconf 73' lang='lat' dir='ltr'><strong>legebatur.</strong></span> <span class='ocrx_word' id='word_1_640' title='bbox 3046 4649 3169 4723; x_wconf 85' lang='lat' dir='ltr'><strong>jam</strong></span> <span class='ocrx_word' id='word_1_641' title='bbox 3197 4648 3429 4723; x_wconf 83' lang='lat' dir='ltr'><strong>dudum</strong></span> <span class='ocrx_word' id='word_1_642' title='bbox 3461 4642 3546 4723; x_wconf 39' lang='lat'><strong>43.</strong></span> <span class='ocrx_word' id='word_1_643' title='bbox 3583 4655 3805 4723; x_wconf 66' lang='lat' dir='ltr'><strong>utrum-</strong></span> 
     </span>
    </p>
   </div>
   <div class='ocr_carea' id='block_1_92' title="bbox 499 4714 1537 4834">
    <p class='ocr_par' dir='ltr' id='par_1_92' title="bbox 499 4714 1537 4834">
     <span class='ocr_line' id='line_1_92' title="bbox 499 4714 1537 4834; baseline 0.012 -73"><span class='ocrx_word' id='word_1_644' title='bbox 499 4722 604 4834; x_wconf 58' lang='grc' dir='ltr'><strong><em>Ξιιε</em></strong></span> <span class='ocrx_word' id='word_1_645' title='bbox 645 4714 781 4764; x_wconf 77' lang='lat' dir='ltr'><strong>recte</strong></span> <span class='ocrx_word' id='word_1_646' title='bbox 817 4728 983 4780; x_wconf 87' lang='lat' dir='ltr'><strong>quum</strong></span> <span class='ocrx_word' id='word_1_647' title='bbox 1006 4716 1316 4796; x_wconf 39' lang='lat' dir='ltr'><strong>.Heinn&#39;cus</strong></span> <span class='ocrx_word' id='word_1_648' title='bbox 1333 4715 1455 4784; x_wconf 85' lang='lat' dir='ltr'><strong>jam</strong></span> <span class='ocrx_word' id='word_1_649' title='bbox 1488 4718 1537 4773; x_wconf 83' lang='lat' dir='ltr'><strong><em>A</em></strong></span> 
     </span>
     <span class='ocr_line' id='line_1_93' title="bbox 543 4780 1537 4834; baseline 0 0"><span class='ocrx_word' id='word_1_650' title='bbox 543 4793 633 4834; x_wconf 89' lang='lat' dir='ltr'><strong>em</strong></span> <span class='ocrx_word' id='word_1_651' title='bbox 663 4788 716 4834; x_wconf 79' lang='grc'>2.</span> <span class='ocrx_word' id='word_1_652' title='bbox 794 4780 867 4817; x_wconf 76' lang='grc' dir='ltr'><strong>⁵ι⁹</strong></span> <span class='ocrx_word' id='word_1_653' title='bbox 909 4791 963 4834; x_wconf 87' lang='lat' dir='ltr'><strong>et</strong></span> <span class='ocrx_word' id='word_1_654' title='bbox 1003 4800 1037 4834; x_wconf 84' lang='lat'><strong>1.</strong></span> <span class='ocrx_word' id='word_1_655' title='bbox 1065 4782 1101 4834; x_wconf 88' lang='lat' dir='ltr'><strong>f.</strong></span> <span class='ocrx_word' id='word_1_656' title='bbox 1132 4801 1177 4834; x_wconf 86' lang='lat' dir='ltr'><strong>s-</strong></span> <span class='ocrx_word' id='word_1_657' title='bbox 1219 4786 1280 4834; x_wconf 87' lang='lat' dir='ltr'><strong>P-</strong></span> <span class='ocrx_word' id='word_1_658' title='bbox 1325 4802 1373 4834; x_wconf 90' lang='lat' dir='ltr'><strong>n-</strong></span> <span class='ocrx_word' id='word_1_659' title='bbox 1417 4789 1537 4834; x_wconf 60' lang='lat' dir='ltr'><strong>demi</strong></span> 
     </span>
    </p>
   </div>
   <div class='ocr_carea' id='block_1_93' title="bbox 543 4780 1280 4840">
    <p class='ocr_par' dir='ltr' id='par_1_93' title="bbox 543 4780 1280 4840">
     <span class='ocr_line' id='line_1_94' title="bbox 543 4780 1280 4840; baseline 0.009 -7"><span class='ocrx_word' id='word_1_660' title='bbox 543 4793 633 4834; x_wconf 91' lang='lat' dir='ltr'><strong>em</strong></span> <span class='ocrx_word' id='word_1_661' title='bbox 663 4788 716 4834; x_wconf 76' lang='lat'><strong>2.</strong></span> <span class='ocrx_word' id='word_1_662' title='bbox 794 4780 867 4817; x_wconf 69' lang='grc' dir='ltr'><strong>δι’</strong></span> <span class='ocrx_word' id='word_1_663' title='bbox 909 4791 963 4837; x_wconf 91' lang='lat' dir='ltr'><strong>et</strong></span> <span class='ocrx_word' id='word_1_664' title='bbox 1002 4784 1037 4838; x_wconf 94' lang='lat' dir='ltr'><strong>i.</strong></span> <span class='ocrx_word' id='word_1_665' title='bbox 1065 4782 1101 4839; x_wconf 86' lang='lat' dir='ltr'><strong>f.</strong></span> <span class='ocrx_word' id='word_1_666' title='bbox 1132 4801 1177 4840; x_wconf 92' lang='lat' dir='ltr'><strong>s.</strong></span> <span class='ocrx_word' id='word_1_667' title='bbox 1218 4786 1280 4839; x_wconf 91' lang='lat' dir='ltr'><strong>P.</strong></span> 
     </span>
    </p>
   </div>
   <div class='ocr_carea' id='block_1_94' title="bbox 506 4926 1775 4994">
    <p class='ocr_par' dir='ltr' id='par_1_94' title="bbox 506 4926 1775 4994">
     <span class='ocr_line' id='line_1_95' title="bbox 506 4926 1775 4994; baseline 0.009 -18"><span class='ocrx_word' id='word_1_668' title='bbox 506 4938 638 4994; x_wconf 84' lang='lat' dir='ltr'><strong>pace</strong></span> <span class='ocrx_word' id='word_1_669' title='bbox 660 4926 868 4994; x_wconf 75' lang='lat' dir='ltr'><strong>scripta</strong></span> <span class='ocrx_word' id='word_1_670' title='bbox 897 4926 1067 4991; x_wconf 77' lang='lat' dir='ltr'><strong>fuerit</strong></span> <span class='ocrx_word' id='word_1_671' title='bbox 1105 4933 1154 4982; x_wconf 93' lang='lat'><strong>1.</strong></span> <span class='ocrx_word' id='word_1_672' title='bbox 1232 4927 1298 4961; x_wconf 68' lang='grc'><strong>⁵³⁸</strong></span> <span class='ocrx_word' id='word_1_673' title='bbox 1328 4932 1384 4983; x_wconf 74' lang='lat' dir='ltr'><strong>in</strong></span> <span class='ocrx_word' id='word_1_674' title='bbox 1418 4932 1524 4985; x_wconf 85' lang='lat' dir='ltr'><strong>loco</strong></span> <span class='ocrx_word' id='word_1_675' title='bbox 1560 4926 1684 4987; x_wconf 71' lang='lat' dir='ltr'><strong>rdso</strong></span> <span class='ocrx_word' id='word_1_676' title='bbox 1729 4940 1775 4988; x_wconf 91' lang='lat'><strong>1.</strong></span> 
     </span>
    </p>
   </div>
   <div class='ocr_carea' id='block_1_95' title="bbox 504 4992 1968 5065">
    <p class='ocr_par' dir='ltr' id='par_1_95' title="bbox 504 4992 1968 5065">
     <span class='ocr_line' id='line_1_96' title="bbox 504 4992 1968 5065; baseline 0.024 -35"><span class='ocrx_word' id='word_1_677' title='bbox 504 4992 572 5030; x_wconf 82' lang='lat' dir='ltr'><strong>m</strong></span> <span class='ocrx_word' id='word_1_678' title='bbox 600 4994 746 5050; x_wconf 68' lang='lat' dir='ltr'><strong>deest</strong></span> <span class='ocrx_word' id='word_1_679' title='bbox 766 4992 823 5050; x_wconf 55' lang='grc' dir='ltr'>ᾗ,</span> <span class='ocrx_word' id='word_1_680' title='bbox 900 4994 968 5030; x_wconf 73' lang='grc'><strong>⁸³⁸</strong></span> <span class='ocrx_word' id='word_1_681' title='bbox 998 4999 1181 5054; x_wconf 72' lang='lat' dir='ltr'><strong>inloco</strong></span> <span class='ocrx_word' id='word_1_682' title='bbox 1198 5016 1319 5056; x_wconf 86' lang='lat' dir='ltr'><strong>raso</strong></span> <span class='ocrx_word' id='word_1_683' title='bbox 1346 5008 1395 5058; x_wconf 91' lang='lat'><strong>1.</strong></span> <span class='ocrx_word' id='word_1_684' title='bbox 1472 5001 1537 5037; x_wconf 78' lang='grc'>⁶³¹</span> <span class='ocrx_word' id='word_1_685' title='bbox 1558 5006 1617 5059; x_wconf 81' lang='lat' dir='ltr'><strong>in</strong></span> <span class='ocrx_word' id='word_1_686' title='bbox 1638 5006 1742 5061; x_wconf 85' lang='lat' dir='ltr'><strong>loco</strong></span> <span class='ocrx_word' id='word_1_687' title='bbox 1766 5022 1890 5064; x_wconf 85' lang='lat' dir='ltr'><strong>raso</strong></span> <span class='ocrx_word' id='word_1_688' title='bbox 1923 5011 1968 5065; x_wconf 88' lang='grc'><strong>1.</strong></span> 
     </span>
    </p>
   </div>
   <div class='ocr_carea' id='block_1_96' title="bbox 1538 4720 2396 4794">
    <p class='ocr_par' dir='ltr' id='par_1_96' title="bbox 1538 4720 2396 4794">
     <span class='ocr_line' id='line_1_97' title="bbox 1538 4720 2396 4794; baseline 0.006 -21"><span class='ocrx_word' id='word_1_689' title='bbox 1538 4720 1672 4794; x_wconf 66' lang='lat' dir='ltr'><strong>priti</strong></span> <span class='ocrx_word' id='word_1_690' title='bbox 1699 4736 1872 4794; x_wconf 66' lang='lat' dir='ltr'><strong>mense</strong></span> <span class='ocrx_word' id='word_1_691' title='bbox 1906 4722 2124 4777; x_wconf 68' lang='lat' dir='ltr'><strong>Veronae</strong></span> <span class='ocrx_word' id='word_1_692' title='bbox 2148 4720 2396 4794; x_wconf 55' lang='lat' dir='ltr'><strong>praesens</strong></span> 
     </span>
    </p>
   </div>
   <div class='ocr_carea' id='block_1_97' title="bbox 1282 4789 2098 4869">
    <p class='ocr_par' dir='ltr' id='par_1_97' title="bbox 1282 4789 2098 4869">
     <span class='ocr_line' id='line_1_98' title="bbox 1282 4789 2098 4869; baseline 0.009 -28"><span class='ocrx_word' id='word_1_693' title='bbox 1282 4802 1373 4869; x_wconf 47' lang='lat' dir='ltr'><strong>np.</strong></span> <span class='ocrx_word' id='word_1_694' title='bbox 1400 4789 1609 4869; x_wconf 40' lang='lat' dir='ltr'><strong>.desunt</strong></span> <span class='ocrx_word' id='word_1_695' title='bbox 1653 4793 1705 4846; x_wconf 86' lang='lat'><strong>2.</strong></span> <span class='ocrx_word' id='word_1_696' title='bbox 1737 4791 1850 4869; x_wconf 72' lang='lat'><strong>_&quot;’°</strong></span> <span class='ocrx_word' id='word_1_697' title='bbox 1874 4794 1997 4869; x_wconf 69' lang='lat' dir='ltr'><strong>jam</strong></span> <span class='ocrx_word' id='word_1_698' title='bbox 2020 4809 2098 4869; x_wconf 61' lang='lat' dir='ltr'><strong>pel</strong></span> 
     </span>
    </p>
   </div>
   <div class='ocr_carea' id='block_1_98' title="bbox 2212 4789 3488 4869">
    <p class='ocr_par' dir='ltr' id='par_1_98' title="bbox 2244 4789 3488 4869">
     <span class='ocr_line' id='line_1_99' title="bbox 2244 4789 3488 4869; baseline -0.002 -20"><span class='ocrx_word' id='word_1_699' title='bbox 2244 4798 2295 4869; x_wconf 84' lang='lat' dir='ltr'><strong>l._</strong></span> <span class='ocrx_word' id='word_1_700' title='bbox 2364 4789 2519 4869; x_wconf 37' lang='lat' dir='ltr'><strong>&quot;Le.</strong></span> <span class='ocrx_word' id='word_1_701' title='bbox 2545 4794 2612 4869; x_wconf 66' lang='lat' dir='ltr'><strong>G.</strong></span> <span class='ocrx_word' id='word_1_702' title='bbox 2656 4800 2710 4849; x_wconf 89' lang='lat' dir='ltr'><strong>et</strong></span> <span class='ocrx_word' id='word_1_703' title='bbox 2732 4808 2781 4849; x_wconf 93' lang='lat' dir='ltr'><strong>e.</strong></span> <span class='ocrx_word' id='word_1_704' title='bbox 2830 4808 2881 4848; x_wconf 93' lang='lat' dir='ltr'><strong>c.</strong></span> <span class='ocrx_word' id='word_1_705' title='bbox 2922 4793 3115 4869; x_wconf 74' lang='lat' dir='ltr'><strong>desunt</strong></span> <span class='ocrx_word' id='word_1_706' title='bbox 3145 4796 3198 4869; x_wconf 69' lang='lat'><strong>2.</strong></span> <span class='ocrx_word' id='word_1_707' title='bbox 3258 4791 3342 4869; x_wconf 59' lang='lat' dir='ltr'><strong>f”</strong></span> <span class='ocrx_word' id='word_1_708' title='bbox 3366 4793 3488 4869; x_wconf 80' lang='lat' dir='ltr'><strong>jam</strong></span> 
     </span>
    </p>
   </div>
   <div class='ocr_carea' id='block_1_99' title="bbox 1100 4854 3014 4931">
    <p class='ocr_par' dir='ltr' id='par_1_99' title="bbox 1100 4854 3014 4931">
     <span class='ocr_line' id='line_1_100' title="bbox 1100 4854 3014 4931; baseline 0.004 -20"><span class='ocrx_word' id='word_1_709' title='bbox 1100 4854 1168 4892; x_wconf 69' lang='lat'><strong>5&quot;</strong></span> <span class='ocrx_word' id='word_1_710' title='bbox 1208 4854 1514 4931; x_wconf 55' lang='lat' dir='ltr'><strong>Erid&#39;ericus</strong></span> <span class='ocrx_word' id='word_1_711' title='bbox 1541 4877 1709 4931; x_wconf 82' lang='lat' dir='ltr'><strong>usque</strong></span> <span class='ocrx_word' id='word_1_712' title='bbox 1737 4854 1980 4920; x_wconf 69' lang='lat' dir='ltr'><strong>Domino</strong></span> <span class='ocrx_word' id='word_1_713' title='bbox 2020 4854 2221 4921; x_wconf 71' lang='grc' dir='ltr'><strong>ἱίεεῖιηι</strong></span> <span class='ocrx_word' id='word_1_714' title='bbox 2245 4860 2326 4922; x_wconf 77' lang='grc' dir='ltr'><strong>4δ.</strong></span> <span class='ocrx_word' id='word_1_715' title='bbox 2403 4864 2471 4900; x_wconf 68' lang='grc'><strong>⁵⁸⁸</strong></span> <span class='ocrx_word' id='word_1_716' title='bbox 2498 4868 2557 4921; x_wconf 76' lang='lat' dir='ltr'><strong>in</strong></span> <span class='ocrx_word' id='word_1_717' title='bbox 2595 4866 2702 4920; x_wconf 86' lang='lat' dir='ltr'><strong>loco</strong></span> <span class='ocrx_word' id='word_1_718' title='bbox 2728 4880 2871 4927; x_wconf 87' lang='lat' dir='ltr'><strong>raso,</strong></span> <span class='ocrx_word' id='word_1_719' title='bbox 2919 4865 3014 4919; x_wconf 75' lang='lat' dir='ltr'><strong>ubi</strong></span> 
     </span>
    </p>
   </div>
   <div class='ocr_carea' id='block_1_100' title="bbox 1857 4934 3808 5007">
    <p class='ocr_par' dir='ltr' id='par_1_100' title="bbox 1857 4934 3808 5007">
     <span class='ocr_line' id='line_1_101' title="bbox 1857 4934 3808 5007; baseline 0.003 -18"><span class='ocrx_word' id='word_1_720' title='bbox 1857 4934 1923 4972; x_wconf 76' lang='grc'><strong>⁵³⁷</strong></span> <span class='ocrx_word' id='word_1_721' title='bbox 1962 4939 2019 4991; x_wconf 76' lang='lat' dir='ltr'><strong>in</strong></span> <span class='ocrx_word' id='word_1_722' title='bbox 2064 4936 2177 4992; x_wconf 85' lang='lat' dir='ltr'><strong>loco</strong></span> <span class='ocrx_word' id='word_1_723' title='bbox 2219 4954 2344 4995; x_wconf 82' lang='lat' dir='ltr'><strong>raso</strong></span> <span class='ocrx_word' id='word_1_724' title='bbox 2391 4944 2431 4993; x_wconf 92' lang='lat'><strong>1.</strong></span> <span class='ocrx_word' id='word_1_725' title='bbox 2505 4937 2575 4975; x_wconf 80' lang='grc'><strong>⁸³⁸</strong></span> <span class='ocrx_word' id='word_1_726' title='bbox 2610 4937 2815 4993; x_wconf 90' lang='lat' dir='ltr'><strong>scilicet</strong></span> <span class='ocrx_word' id='word_1_727' title='bbox 2846 4934 3151 4994; x_wconf 74' lang='lat' dir='ltr'><strong>Zwiuelton</strong></span> <span class='ocrx_word' id='word_1_728' title='bbox 3192 4937 3511 5007; x_wconf 67' lang='lat' dir='ltr'><strong>glossascec.</strong></span> <span class='ocrx_word' id='word_1_729' title='bbox 3543 4937 3710 4992; x_wconf 79' lang='lat' dir='ltr'><strong>XIV.</strong></span> <span class='ocrx_word' id='word_1_730' title='bbox 3757 4941 3808 4992; x_wconf 73' lang='lat'><strong>&#39;2.</strong></span> 
     </span>
    </p>
   </div>
   <div class='ocr_carea' id='block_1_101' title="bbox 2438 4720 3809 4848">
    <p class='ocr_par' dir='ltr' id='par_1_101' title="bbox 2438 4720 3809 4848">
     <span class='ocr_line' id='line_1_102' title="bbox 2438 4720 3809 4791; baseline 0.001 -15"><span class='ocrx_word' id='word_1_731' title='bbox 2438 4724 2629 4791; x_wconf 73' lang='lat' dir='ltr'><strong>fuerit.</strong></span> <span class='ocrx_word' id='word_1_732' title='bbox 2706 4720 2778 4773; x_wconf 67' lang='grc'><strong>⁸⁸7</strong></span> <span class='ocrx_word' id='word_1_733' title='bbox 2814 4722 2961 4777; x_wconf 81' lang='lat' dir='ltr'><strong>deest</strong></span> <span class='ocrx_word' id='word_1_734' title='bbox 3005 4720 3065 4777; x_wconf 55' lang='lat' dir='ltr'><strong>2S</strong></span> <span class='ocrx_word' id='word_1_735' title='bbox 3133 4721 3214 4759; x_wconf 76' lang='grc'><strong>⁵³⁸</strong></span> <span class='ocrx_word' id='word_1_736' title='bbox 3256 4723 3332 4776; x_wconf 85' lang='grc' dir='ltr'><strong>Μ.</strong></span> <span class='ocrx_word' id='word_1_737' title='bbox 3372 4720 3562 4776; x_wconf 85' lang='lat' dir='ltr'><strong>uxoris</strong></span> <span class='ocrx_word' id='word_1_738' title='bbox 3592 4736 3715 4777; x_wconf 84' lang='lat' dir='ltr'><strong>sua</strong></span> <span class='ocrx_word' id='word_1_739' title='bbox 3739 4721 3809 4777; x_wconf 86' lang='lat' dir='ltr'><strong>ei-</strong></span> 
     </span>
     <span class='ocr_line' id='line_1_103' title="bbox 2463 4791 3805 4848; baseline -0.001 0"><span class='ocrx_word' id='word_1_740' title='bbox 2463 4811 2512 4848; x_wconf 90' lang='lat' dir='ltr'><strong>c.</strong></span> <span class='ocrx_word' id='word_1_741' title='bbox 2545 4794 2612 4848; x_wconf 89' lang='lat' dir='ltr'><strong>G.</strong></span> <span class='ocrx_word' id='word_1_742' title='bbox 2656 4800 2710 4848; x_wconf 89' lang='lat' dir='ltr'><strong>et</strong></span> <span class='ocrx_word' id='word_1_743' title='bbox 2732 4808 2781 4848; x_wconf 93' lang='lat' dir='ltr'><strong>e.</strong></span> <span class='ocrx_word' id='word_1_744' title='bbox 2830 4808 2881 4848; x_wconf 93' lang='lat' dir='ltr'><strong>c.</strong></span> <span class='ocrx_word' id='word_1_745' title='bbox 2922 4793 3115 4848; x_wconf 86' lang='lat' dir='ltr'><strong>desunt</strong></span> <span class='ocrx_word' id='word_1_746' title='bbox 3145 4796 3198 4848; x_wconf 79' lang='lat'><strong>2.</strong></span> <span class='ocrx_word' id='word_1_747' title='bbox 3275 4791 3342 4826; x_wconf 72' lang='grc'><strong>⁸³³</strong></span> <span class='ocrx_word' id='word_1_748' title='bbox 3376 4793 3488 4848; x_wconf 79' lang='lat' dir='ltr'><strong>iam</strong></span> <span class='ocrx_word' id='word_1_749' title='bbox 3523 4796 3717 4848; x_wconf 74' lang='lat' dir='ltr'><strong>Derail</strong></span> <span class='ocrx_word' id='word_1_750' title='bbox 3762 4801 3805 4848; x_wconf 92' lang='lat'><strong>1.</strong></span> 
     </span>
    </p>
   </div>
   <div class='ocr_carea' id='block_1_102' title="bbox 3060 4865 3810 4935">
    <p class='ocr_par' dir='ltr' id='par_1_102' title="bbox 3060 4865 3810 4935">
     <span class='ocr_line' id='line_1_104' title="bbox 3060 4865 3810 4935; baseline -0.001 -15"><span class='ocrx_word' id='word_1_751' title='bbox 3060 4868 3218 4935; x_wconf 77' lang='lat' dir='ltr'><strong>prius</strong></span> <span class='ocrx_word' id='word_1_752' title='bbox 3238 4865 3409 4919; x_wconf 72' lang='lat' dir='ltr'><strong>lectio</strong></span> <span class='ocrx_word' id='word_1_753' title='bbox 3441 4865 3648 4920; x_wconf 65' lang='lat' dir='ltr'><strong>codicis</strong></span> <span class='ocrx_word' id='word_1_754' title='bbox 3685 4871 3735 4919; x_wconf 82' lang='lat'><strong>3-</strong></span> <span class='ocrx_word' id='word_1_755' title='bbox 3756 4868 3810 4919; x_wconf 87' lang='lat' dir='ltr'><strong>in</strong></span> 
     </span>
    </p>
   </div>
   <div class='ocr_carea' id='block_1_103' title="bbox 2076 5009 2593 5065">
    <p class='ocr_par' dir='ltr' id='par_1_103' title="bbox 2076 5009 2593 5065">
     <span class='ocr_line' id='line_1_105' title="bbox 2076 5009 2593 5065; baseline 0.004 -2"><span class='ocrx_word' id='word_1_756' title='bbox 2076 5009 2147 5045; x_wconf 72' lang='lat'><strong>‘3’</strong></span> <span class='ocrx_word' id='word_1_757' title='bbox 2168 5011 2227 5063; x_wconf 78' lang='lat' dir='ltr'><strong>in</strong></span> <span class='ocrx_word' id='word_1_758' title='bbox 2257 5011 2363 5065; x_wconf 84' lang='lat' dir='ltr'><strong>loco</strong></span> <span class='ocrx_word' id='word_1_759' title='bbox 2390 5025 2515 5065; x_wconf 87' lang='lat' dir='ltr'><strong>raso</strong></span> <span class='ocrx_word' id='word_1_760' title='bbox 2545 5016 2593 5065; x_wconf 88' lang='lat'><strong>1.</strong></span> 
     </span>
    </p>
   </div>
   <div class='ocr_carea' id='block_1_104' title="bbox 2062 5160 2296 5218">
    <p class='ocr_par' dir='ltr' id='par_1_104' title="bbox 2062 5160 2296 5218">
     <span class='ocr_line' id='line_1_106' title="bbox 2062 5160 2296 5218; baseline 0 -1"><span class='ocrx_word' id='word_1_761' title='bbox 2062 5160 2296 5218; x_wconf 78' lang='grc' dir='ltr'>ΝΟΤιΕ.</span> 
     </span>
    </p>
   </div>
   <div class='ocr_carea' id='block_1_105' title="bbox 548 5281 2097 5366">
    <p class='ocr_par' dir='ltr' id='par_1_105' title="bbox 548 5281 2097 5366">
     <span class='ocr_line' id='line_1_107' title="bbox 548 5281 2097 5366; baseline 0.009 -29"><span class='ocrx_word' id='word_1_762' title='bbox 548 5352 561 5365; x_wconf 80' lang='lat'>_</span> <span class='ocrx_word' id='word_1_763' title='bbox 582 5281 766 5356; x_wconf 89' lang='lat'><strong>(1377)</strong></span> <span class='ocrx_word' id='word_1_764' title='bbox 805 5284 1094 5366; x_wconf 39' lang='lat' dir='ltr'><strong>I‘..a_mbach</strong></span> <span class='ocrx_word' id='word_1_765' title='bbox 1121 5284 1175 5341; x_wconf 89' lang='lat' dir='ltr'><strong>in</strong></span> <span class='ocrx_word' id='word_1_766' title='bbox 1207 5288 1424 5344; x_wconf 78' lang='lat' dir='ltr'><strong>Austria</strong></span> <span class='ocrx_word' id='word_1_767' title='bbox 1451 5291 1755 5363; x_wconf 85' lang='lat' dir='ltr'><strong>superiore,</strong></span> <span class='ocrx_word' id='word_1_768' title='bbox 1786 5291 1877 5349; x_wconf 93' lang='lat' dir='ltr'><strong>ubi</strong></span> <span class='ocrx_word' id='word_1_769' title='bbox 1906 5308 2097 5350; x_wconf 84' lang='lat' dir='ltr'><strong>coeno-</strong></span> 
     </span>
    </p>
   </div>
   <div class='ocr_carea' id='block_1_106' title="bbox 507 5352 1039 5412">
    <p class='ocr_par' dir='ltr' id='par_1_106' title="bbox 507 5352 1039 5412">
     <span class='ocr_line' id='line_1_108' title="bbox 507 5352 1039 5412; baseline 0.009 -5"><span class='ocrx_word' id='word_1_770' title='bbox 507 5352 660 5408; x_wconf 87' lang='lat' dir='ltr'><strong>bium</strong></span> <span class='ocrx_word' id='word_1_771' title='bbox 699 5352 1039 5412; x_wconf 86' lang='lat' dir='ltr'><strong>condiderat.</strong></span> 
     </span>
    </p>
   </div>
   <div class='ocr_carea' id='block_1_107' title="bbox 2277 5291 3813 5367">
    <p class='ocr_par' dir='ltr' id='par_1_107' title="bbox 2277 5291 3813 5367">
     <span class='ocr_line' id='line_1_109' title="bbox 2277 5291 3813 5367; baseline -0.001 -16"><span class='ocrx_word' id='word_1_772' title='bbox 2277 5300 2456 5363; x_wconf 85' lang='lat'><strong>(1380)</strong></span> <span class='ocrx_word' id='word_1_773' title='bbox 2485 5294 2717 5367; x_wconf 88' lang='lat' dir='ltr'><strong>Videtur</strong></span> <span class='ocrx_word' id='word_1_774' title='bbox 2765 5293 2988 5350; x_wconf 89' lang='lat' dir='ltr'><strong>innuere</strong></span> <span class='ocrx_word' id='word_1_775' title='bbox 3013 5295 3361 5367; x_wconf 83' lang='lat' dir='ltr'><strong>Heymonem</strong></span> <span class='ocrx_word' id='word_1_776' title='bbox 3388 5291 3506 5367; x_wconf 75' lang='lat' dir='ltr'><strong>ejus</strong></span> <span class='ocrx_word' id='word_1_777' title='bbox 3547 5291 3813 5367; x_wconf 81' lang='lat' dir='ltr'><strong>discipu-</strong></span> 
     </span>
    </p>
   </div>
   <div class='ocr_carea' id='block_1_108' title="bbox 2206 5364 3812 5437">
    <p class='ocr_par' dir='ltr' id='par_1_108' title="bbox 2206 5364 3812 5437">
     <span class='ocr_line' id='line_1_110' title="bbox 2206 5364 3812 5437; baseline -0.001 -14"><span class='ocrx_word' id='word_1_778' title='bbox 2206 5368 2319 5423; x_wconf 90' lang='lat' dir='ltr'><strong>lum</strong></span> <span class='ocrx_word' id='word_1_779' title='bbox 2351 5375 2404 5423; x_wconf 92' lang='lat' dir='ltr'><strong>et</strong></span> <span class='ocrx_word' id='word_1_780' title='bbox 2423 5367 2559 5422; x_wconf 90' lang='lat' dir='ltr'><strong>Vita</strong></span> <span class='ocrx_word' id='word_1_781' title='bbox 2589 5366 2938 5436; x_wconf 88' lang='lat' dir='ltr'><strong>scriptorem.</strong></span> <span class='ocrx_word' id='word_1_782' title='bbox 2961 5364 3204 5437; x_wconf 74' lang='lat' dir='ltr'><strong>Oper-um</strong></span> <span class='ocrx_word' id='word_1_783' title='bbox 3228 5365 3345 5436; x_wconf 88' lang='lat' dir='ltr'><strong>ejus</strong></span> <span class='ocrx_word' id='word_1_784' title='bbox 3367 5364 3812 5437; x_wconf 64' lang='lat' dir='ltr'><strong>catalogum&#39;de-</strong></span> 
     </span>
    </p>
   </div>
   <div class='ocr_carea' id='block_1_109' title="bbox 578 5427 3802 5509">
    <p class='ocr_par' dir='ltr' id='par_1_109' title="bbox 578 5427 3802 5509">
     <span class='ocr_line' id='line_1_111' title="bbox 578 5427 3802 5509; baseline 0.004 -32"><span class='ocrx_word' id='word_1_785' title='bbox 578 5428 775 5509; x_wconf 65' lang='grc'>(1378)</span> <span class='ocrx_word' id='word_1_786' title='bbox 807 5427 1090 5484; x_wconf 75' lang='lat' dir='ltr'><strong>Celebrate</strong></span> <span class='ocrx_word' id='word_1_787' title='bbox 1136 5437 1221 5486; x_wconf 85' lang='lat' dir='ltr'><strong>est</strong></span> <span class='ocrx_word' id='word_1_788' title='bbox 1246 5429 1489 5502; x_wconf 87' lang='lat' dir='ltr'><strong>synodus</strong></span> <span class='ocrx_word' id='word_1_789' title='bbox 1513 5449 1554 5491; x_wconf 72' lang='grc' dir='ltr'><strong>γ</strong></span> <span class='ocrx_word' id='word_1_790' title='bbox 1581 5435 1707 5492; x_wconf 81' lang='lat' dir='ltr'><strong>Kal.</strong></span> <span class='ocrx_word' id='word_1_791' title='bbox 1743 5438 1873 5509; x_wconf 80' lang='lat' dir='ltr'><strong>Apr.</strong></span> <span class='ocrx_word' id='word_1_792' title='bbox 1925 5438 2099 5495; x_wconf 91' lang='lat' dir='ltr'><strong>Mansi</strong></span> <span class='ocrx_word' id='word_1_793' title='bbox 2205 5439 2403 5494; x_wconf 88' lang='lat' dir='ltr'><strong>derunt</strong></span> <span class='ocrx_word' id='word_1_794' title='bbox 2432 5442 2610 5509; x_wconf 81' lang='lat' dir='ltr'><strong>Anon.</strong></span> <span class='ocrx_word' id='word_1_795' title='bbox 2652 5427 2796 5509; x_wconf 63' lang='lat' dir='ltr'><strong>Mell.</strong></span> <span class='ocrx_word' id='word_1_796' title='bbox 2828 5445 2883 5492; x_wconf 93' lang='lat' dir='ltr'><strong>et</strong></span> <span class='ocrx_word' id='word_1_797' title='bbox 2913 5427 3358 5492; x_wconf 68' lang='lat' dir='ltr'><strong>Trithemius&#39;De</strong></span> <span class='ocrx_word' id='word_1_798' title='bbox 3376 5427 3802 5507; x_wconf 66' lang='lat' dir='ltr'><strong>scripCeccles.</strong></span> 
     </span>
    </p>
   </div>
   <div class='ocr_carea' id='block_1_110' title="bbox 509 5494 2095 5654">
    <p class='ocr_par' dir='ltr' id='par_1_110' title="bbox 509 5494 2095 5654">
     <span class='ocr_line' id='line_1_112' title="bbox 509 5494 2095 5654; baseline 0.008 -32"><span class='ocrx_word' id='word_1_799' title='bbox 881 5570 1287 5654; x_wconf 51' lang='lat' dir='ltr'><strong>Deichenbach.</strong></span> <span class='ocrx_word' id='word_1_800' title='bbox 1318 5571 1440 5654; x_wconf 70' lang='lat' dir='ltr'><strong>Vid.</strong></span> <span class='ocrx_word' id='word_1_801' title='bbox 1474 5573 1712 5654; x_wconf 75' lang='lat' dir='ltr'><strong>Gerbert</strong></span> <span class='ocrx_word' id='word_1_802' title='bbox 1738 5579 2095 5654; x_wconf 8' lang='lat' dir='ltr'><strong>HistguNigra</strong></span> 
     </span>
    </p>
   </div>
   <div class='ocr_carea' id='block_1_111' title="bbox 2098 5507 3289 5569">
    <p class='ocr_par' dir='ltr' id='par_1_111' title="bbox 2098 5507 3289 5569">
     <span class='ocr_line' id='line_1_113' title="bbox 2098 5507 3289 5569; baseline -0.008 0"><span class='ocrx_word' id='word_1_803' title='bbox 2098 5538 2103 5543; x_wconf 88' lang='lat'><strong><em>-</em></strong></span> <span class='ocrx_word' id='word_1_804' title='bbox 2204 5518 2259 5569; x_wconf 85' lang='lat' dir='ltr'><strong>et</strong></span> <span class='ocrx_word' id='word_1_805' title='bbox 2276 5510 2333 5564; x_wconf 90' lang='lat' dir='ltr'><strong>in</strong></span> <span class='ocrx_word' id='word_1_806' title='bbox 2355 5507 2624 5565; x_wconf 91' lang='lat' dir='ltr'><strong>Chronico</strong></span> <span class='ocrx_word' id='word_1_807' title='bbox 2650 5507 2720 5564; x_wconf 85' lang='lat' dir='ltr'><strong>ad</strong></span> <span class='ocrx_word' id='word_1_808' title='bbox 2744 5523 2948 5564; x_wconf 90' lang='lat' dir='ltr'><strong>annum</strong></span> <span class='ocrx_word' id='word_1_809' title='bbox 2982 5513 3136 5563; x_wconf 88' lang='lat'><strong>1070.</strong></span> <span class='ocrx_word' id='word_1_810' title='bbox 3160 5509 3289 5564; x_wconf 88' lang='lat' dir='ltr'><strong>Uss.</strong></span> 
     </span>
    </p>
   </div>
   <div class='ocr_carea' id='block_1_112' title="bbox 2275 5576 3811 5649">
    <p class='ocr_par' dir='ltr' id='par_1_112' title="bbox 2275 5576 3811 5649">
     <span class='ocr_line' id='line_1_114' title="bbox 2275 5576 3811 5649; baseline -0.002 -14"><span class='ocrx_word' id='word_1_811' title='bbox 2275 5584 2457 5649; x_wconf 90' lang='lat'><strong>(1381)</strong></span> <span class='ocrx_word' id='word_1_812' title='bbox 2494 5579 2763 5635; x_wconf 90' lang='lat' dir='ltr'><strong>Musicam</strong></span> <span class='ocrx_word' id='word_1_813' title='bbox 2806 5582 2859 5635; x_wconf 93' lang='lat' dir='ltr'><strong>S.</strong></span> <span class='ocrx_word' id='word_1_814' title='bbox 2891 5578 3175 5634; x_wconf 89' lang='lat' dir='ltr'><strong>Wilbelmi</strong></span> <span class='ocrx_word' id='word_1_815' title='bbox 3213 5576 3385 5635; x_wconf 87' lang='lat' dir='ltr'><strong>edidit</strong></span> <span class='ocrx_word' id='word_1_816' title='bbox 3422 5577 3747 5635; x_wconf 83' lang='lat' dir='ltr'><strong>Gerbertns</strong></span> <span class='ocrx_word' id='word_1_817' title='bbox 3772 5585 3811 5632; x_wconf 90' lang='lat' dir='ltr'><strong>t.</strong></span> 
     </span>
    </p>
   </div>
   <div class='ocr_carea' id='block_1_113' title="bbox 438 5636 2949 5719">
    <p class='ocr_par' dir='ltr' id='par_1_113' title="bbox 438 5636 2949 5719">
     <span class='ocr_line' id='line_1_115' title="bbox 438 5636 2949 5719; baseline 0.006 -29"><span class='ocrx_word' id='word_1_818' title='bbox 438 5702 451 5712; x_wconf 37' lang='grc' dir='ltr'><strong><em>ο</em></strong></span> <span class='ocrx_word' id='word_1_819' title='bbox 509 5636 793 5719; x_wconf 54' lang='lat' dir='ltr'><strong>Silvani,</strong></span> <span class='ocrx_word' id='word_1_820' title='bbox 816 5646 1023 5719; x_wconf 50' lang='lat' dir='ltr'><strong>p.332;</strong></span> <span class='ocrx_word' id='word_1_821' title='bbox 1047 5642 1113 5697; x_wconf 91' lang='lat' dir='ltr'><strong>de</strong></span> <span class='ocrx_word' id='word_1_822' title='bbox 1129 5643 1185 5698; x_wconf 89' lang='lat' dir='ltr'><strong>s.</strong></span> <span class='ocrx_word' id='word_1_823' title='bbox 1200 5644 1430 5719; x_wconf 71' lang='lat' dir='ltr'><strong>Georgii</strong></span> <span class='ocrx_word' id='word_1_824' title='bbox 1449 5663 1500 5716; x_wconf 91' lang='lat' dir='ltr'><strong>p.</strong></span> <span class='ocrx_word' id='word_1_825' title='bbox 1527 5652 1656 5719; x_wconf 63' lang='lat'><strong>333;</strong></span> <span class='ocrx_word' id='word_1_826' title='bbox 1682 5648 1748 5703; x_wconf 89' lang='lat' dir='ltr'><strong>de</strong></span> <span class='ocrx_word' id='word_1_827' title='bbox 1762 5636 2095 5708; x_wconf 58' lang='lat' dir='ltr'><strong>Zwifaltgnsi</strong></span> <span class='ocrx_word' id='word_1_828' title='bbox 2130 5684 2162 5703; x_wconf 69' lang='grc' dir='ltr'><strong><em>ρ</em></strong></span> <span class='ocrx_word' id='word_1_829' title='bbox 2207 5636 2293 5719; x_wconf 83' lang='lat'><strong>11,‘</strong></span> <span class='ocrx_word' id='word_1_830' title='bbox 2311 5636 2569 5717; x_wconf 74' lang='lat' dir='ltr'><strong>Scriptor.</strong></span> <span class='ocrx_word' id='word_1_831' title='bbox 2602 5652 2793 5706; x_wconf 87' lang='lat' dir='ltr'><strong>music.</strong></span> <span class='ocrx_word' id='word_1_832' title='bbox 2826 5652 2949 5708; x_wconf 88' lang='lat' dir='ltr'><strong>Uss.</strong></span> 
     </span>
    </p>
   </div>
   <div class='ocr_carea' id='block_1_114' title="bbox 511 5708 2100 5787">
    <p class='ocr_par' dir='ltr' id='par_1_114' title="bbox 511 5708 2100 5787">
     <span class='ocr_line' id='line_1_116' title="bbox 511 5708 2100 5787; baseline 0.012 -26"><span class='ocrx_word' id='word_1_833' title='bbox 511 5723 563 5778; x_wconf 92' lang='lat' dir='ltr'><strong>p.</strong></span> <span class='ocrx_word' id='word_1_834' title='bbox 584 5715 731 5787; x_wconf 61' lang='lat'><strong>388;</strong></span> <span class='ocrx_word' id='word_1_835' title='bbox 762 5708 832 5763; x_wconf 91' lang='lat' dir='ltr'><strong>de</strong></span> <span class='ocrx_word' id='word_1_836' title='bbox 856 5710 1212 5787; x_wconf 76' lang='lat' dir='ltr'><strong>Scafhusensi</strong></span> <span class='ocrx_word' id='word_1_837' title='bbox 1237 5732 1288 5787; x_wconf 93' lang='lat' dir='ltr'><strong>p.</strong></span> <span class='ocrx_word' id='word_1_838' title='bbox 1320 5708 1558 5773; x_wconf 55' lang='lat' dir='ltr'><strong>262.&#39;Cf.</strong></span> <span class='ocrx_word' id='word_1_839' title='bbox 1589 5708 1894 5775; x_wconf 80' lang='lat' dir='ltr'><strong>Mabillouii</strong></span> <span class='ocrx_word' id='word_1_840' title='bbox 1918 5723 2100 5779; x_wconf 88' lang='lat' dir='ltr'><strong>obser-</strong></span> 
     </span>
    </p>
   </div>
   <div class='ocr_carea' id='block_1_115' title="bbox 510 5778 2095 5923">
    <p class='ocr_par' dir='ltr' id='par_1_115' title="bbox 510 5778 2095 5923">
     <span class='ocr_line' id='line_1_117' title="bbox 510 5778 2095 5923; baseline 0.011 -92"><span class='ocrx_word' id='word_1_841' title='bbox 510 5778 991 5908; x_wconf 49' lang='grc' dir='ltr'><strong>ἒῗὲοοέΐιέηῗνίῗ</strong></span> <span class='ocrx_word' id='word_1_842' title='bbox 1016 5782 1073 5923; x_wconf 62' lang='lat' dir='ltr'><strong>i:</strong></span> <span class='ocrx_word' id='word_1_843' title='bbox 1097 5778 1479 5915; x_wconf 50' lang='lat'><strong>«2213;113:1111.</strong></span> <span class='ocrx_word' id='word_1_844' title='bbox 1507 5804 1583 5859; x_wconf 89' lang='lat' dir='ltr'><strong>c.,</strong></span> <span class='ocrx_word' id='word_1_845' title='bbox 1613 5805 1665 5861; x_wconf 93' lang='lat' dir='ltr'><strong>p.</strong></span> <span class='ocrx_word' id='word_1_846' title='bbox 1693 5796 1821 5859; x_wconf 87' lang='lat'><strong>717,</strong></span> <span class='ocrx_word' id='word_1_847' title='bbox 1840 5801 1898 5848; x_wconf 90' lang='lat' dir='ltr'><strong>et</strong></span> <span class='ocrx_word' id='word_1_848' title='bbox 1920 5778 2095 5850; x_wconf 84' lang='lat' dir='ltr'><strong>Trith.</strong></span> 
     </span>
     <span class='ocr_line' id='line_1_118' title="bbox 636 5889 1400 5921; baseline 0.014 -17"><span class='ocrx_word' id='word_1_849' title='bbox 636 5889 651 5907; x_wconf 95' lang='lat'><strong>.</strong></span> <span class='ocrx_word' id='word_1_850' title='bbox 822 5890 832 5903; x_wconf 91' lang='lat'><strong>.</strong></span> <span class='ocrx_word' id='word_1_851' title='bbox 892 5893 905 5907; x_wconf 98' lang='lat'><strong>.</strong></span> <span class='ocrx_word' id='word_1_852' title='bbox 979 5892 995 5921; x_wconf 95' lang='lat'><strong>,</strong></span> <span class='ocrx_word' id='word_1_853' title='bbox 1064 5895 1077 5909; x_wconf 95' lang='lat'><strong>.</strong></span> <span class='ocrx_word' id='word_1_854' title='bbox 1219 5898 1232 5911; x_wconf 97' lang='lat'><strong>.</strong></span> <span class='ocrx_word' id='word_1_855' title='bbox 1386 5900 1400 5915; x_wconf 93' lang='lat'><strong>.</strong></span> 
     </span>
    </p>
   </div>
   <div class='ocr_carea' id='block_1_116' title="bbox 636 5889 1400 5921">
    <p class='ocr_par' dir='ltr' id='par_1_116' title="bbox 636 5889 1400 5921">
     <span class='ocr_line' id='line_1_119' title="bbox 636 5889 1400 5921; baseline 0.016 -17"><span class='ocrx_word' id='word_1_856' title='bbox 636 5889 651 5907; x_wconf 74' lang='grc' dir='ltr'><strong>ο</strong></span> <span class='ocrx_word' id='word_1_857' title='bbox 687 5889 832 5907; x_wconf 63' lang='lat' dir='ltr'><strong>susu-</strong></span> <span class='ocrx_word' id='word_1_858' title='bbox 866 5889 905 5907; x_wconf 73' lang='lat' dir='ltr'><strong>Io</strong></span> <span class='ocrx_word' id='word_1_859' title='bbox 942 5889 995 5921; x_wconf 63' lang='grc' dir='ltr'><strong>Ι,</strong></span> <span class='ocrx_word' id='word_1_860' title='bbox 1024 5889 1077 5921; x_wconf 71' lang='grc' dir='ltr'><strong>γι</strong></span> <span class='ocrx_word' id='word_1_861' title='bbox 1108 5889 1232 5911; x_wconf 62' lang='grc' dir='ltr'><strong>Λυσι</strong></span> <span class='ocrx_word' id='word_1_862' title='bbox 1278 5889 1400 5915; x_wconf 68' lang='grc' dir='ltr'><strong>υ...</strong></span> 
     </span>
    </p>
   </div>
   <div class='ocr_carea' id='block_1_117' title="bbox 2280 5719 3813 5792">
    <p class='ocr_par' dir='ltr' id='par_1_117' title="bbox 2280 5719 3813 5792">
     <span class='ocr_line' id='line_1_120' title="bbox 2280 5719 3813 5792; baseline 0 -15"><span class='ocrx_word' id='word_1_863' title='bbox 2280 5728 2458 5789; x_wconf 76' lang='grc'>(1382)</span> <span class='ocrx_word' id='word_1_864' title='bbox 2491 5724 2607 5778; x_wconf 82' lang='lat' dir='ltr'><strong>Hac</strong></span> <span class='ocrx_word' id='word_1_865' title='bbox 2631 5737 2761 5777; x_wconf 91' lang='lat' dir='ltr'><strong>voce</strong></span> <span class='ocrx_word' id='word_1_866' title='bbox 2788 5733 3025 5792; x_wconf 86' lang='lat' dir='ltr'><strong>quatuor</strong></span> <span class='ocrx_word' id='word_1_867' title='bbox 3054 5721 3367 5777; x_wconf 88' lang='lat' dir='ltr'><strong>matheseos</strong></span> <span class='ocrx_word' id='word_1_868' title='bbox 3392 5728 3595 5791; x_wconf 64' lang='lat' dir='ltr'><strong>partes,</strong></span> <span class='ocrx_word' id='word_1_869' title='bbox 3630 5719 3813 5777; x_wconf 82' lang='lat' dir='ltr'><strong>arith-</strong></span> 
     </span>
    </p>
   </div>
   <div class='ocr_carea' id='block_1_118' title="bbox 2208 5792 3812 5865">
    <p class='ocr_par' dir='ltr' id='par_1_118' title="bbox 2208 5792 3812 5865">
     <span class='ocr_line' id='line_1_121' title="bbox 2208 5792 3812 5865; baseline -0.001 -15"><span class='ocrx_word' id='word_1_870' title='bbox 2208 5795 2487 5865; x_wconf 84' lang='lat' dir='ltr'><strong>meticam,</strong></span> <span class='ocrx_word' id='word_1_871' title='bbox 2507 5793 2883 5865; x_wconf 85' lang='lat' dir='ltr'><strong>geometriam,</strong></span> <span class='ocrx_word' id='word_1_872' title='bbox 2915 5793 3180 5851; x_wconf 88' lang='lat' dir='ltr'><strong>musicam</strong></span> <span class='ocrx_word' id='word_1_873' title='bbox 3209 5802 3264 5848; x_wconf 90' lang='lat' dir='ltr'><strong>et</strong></span> <span class='ocrx_word' id='word_1_874' title='bbox 3289 5792 3705 5848; x_wconf 81' lang='lat' dir='ltr'><strong>astronomiam</strong></span> <span class='ocrx_word' id='word_1_875' title='bbox 3732 5792 3812 5848; x_wconf 78' lang='lat' dir='ltr'><strong>in-</strong></span> 
     </span>
    </p>
   </div>
   <div class='ocr_carea' id='block_1_119' title="bbox 2209 5864 2869 5921">
    <p class='ocr_par' dir='ltr' id='par_1_119' title="bbox 2209 5864 2869 5921">
     <span class='ocr_line' id='line_1_122' title="bbox 2209 5864 2869 5921; baseline 0 -2"><span class='ocrx_word' id='word_1_876' title='bbox 2209 5864 2462 5920; x_wconf 86' lang='lat' dir='ltr'><strong>dicabant</strong></span> <span class='ocrx_word' id='word_1_877' title='bbox 2488 5864 2707 5921; x_wconf 84' lang='lat' dir='ltr'><strong>veteres.</strong></span> <span class='ocrx_word' id='word_1_878' title='bbox 2738 5867 2869 5919; x_wconf 88' lang='lat' dir='ltr'><strong>Uss.</strong></span> 
     </span>
    </p>
   </div>
  </div>
