4052 6196
541 275 680 340 1407

1539 275 1630 329 AD
1670 269 1898 330 OPERA
1932 276 1988 330 S.
2029 273 2351 330 GREGORII
2385 269 2820 330 APPENDICES.

2436 171 2466 198 \

3693 271 3810 325 1408

538 415 650 456 non
680 399 983 473 impediret.
1016 400 1108 453 His
1141 398 1482 468 temporibus
1509 399 1566 453 in
1607 414 1774 470 regno
1798 400 2125 455 Teutonico-
2159 405 2211 466 Α
2241 399 2290 453 in
2346 396 2809 469 periculosissimo
2871 402 3117 466 tempore
3182 393 3514 450 mirabiliter
3559 395 3810 448 consolari

537 510 664 549 rum
685 493 992 550 communis
1019 492 1120 546 vita
1151 492 1335 547 multis
1361 492 1412 546 in
1434 492 1564 547 locis
1589 493 1794 561 ﬂoruit,
1820 510 1931 548 non
1953 495 2130 549 solum

539 586 595 642 in
613 586 820 650 clericis
834 594 888 640 et
908 585 1189 640 monachis
1211 585 1615 657 religiosissime
1635 587 2129 654 commanentibus,

540 694 726 734 verum
754 679 920 733 etiam
951 678 1005 732 in
1029 671 1201 744 lai'cis,
1230 695 1288 734 se
1318 688 1372 735 et
1397 695 1496 734 sua
1527 679 1594 736 ad
1625 679 1856 736 eandem
1881 697 2132 737 commu-

537 787 670 827 nem
691 772 860 827 vitam
884 771 1240 827 devotissime
1261 771 1653 839 efferentibus;
1676 775 1790 845 qui,
1821 775 1918 830 etsi
1943 774 2130 831 habitu

537 880 638 920 nec
679 865 857 925 clerici
891 865 1145 922 monachi
1190 866 1522 935 viderentur,
1553 883 1901 940 nequaquam
1945 876 2139 924 tamen

537 959 616 1013 eis
644 958 885 1029 dispares
926 959 979 1014 in
1008 959 1219 1015 meritis
1247 959 1416 1015 fuisse
1443 959 1739 1015 creduntur
1763 960 1852 1017 “9.
1889 963 1958 1017 Se
1983 963 2131 1018 enim

537 1066 724 1106 servos
769 1053 1092 1107 eorumdem
1138 1068 1237 1122 pro
1287 1052 1528 1108 Domino
1557 1051 1820 1121 fecerunt,
1854 1055 2134 1110 imitantes

538 1141 718 1213 ipsum
747 1143 838 1215 qui
882 1159 996 1198 non
1028 1145 1174 1198 venit
1205 1144 1501 1199 ministrari
1533 1154 1616 1200 set
1657 1145 1992 1213 ministrare,
2037 1147 2128 1218 qui

537 1245 592 1290 et
620 1251 750 1291 suos
790 1245 1081 1292 sectatores
1120 1237 1188 1292 ad
1216 1238 1578 1309 majoritatem
1619 1255 1713 1309 per
1740 1240 1950 1294 servicii
1979 1239 2132 1295 exhi-

538 1329 800 1384 bitionem
823 1329 1010 1385 docuit
1031 1331 1332 1400 pervenire.
1363 1332 1574 1402 Nempe
1604 1332 1706 1403 ipsi
1737 1333 2132 1388 abrenuncian-

539 1431 619 1478 tes
647 1422 852 1491 seculo,
881 1439 938 1478 se
967 1431 1016 1477 et
1047 1439 1143 1479 sua
1187 1424 1254 1479 ad
1279 1424 1734 1495 congregationes
1762 1435 1875 1482 tam
1905 1427 2129 1483 clerico-

539 1531 665 1570 rum
691 1531 856 1587 quam
880 1515 1281 1572 monachorum
1309 1517 1626 1588 regulariter
1645 1519 1941 1575 viventium
1970 1520 2134 1576 devo-

518 1609 746 1671 tissime
776 1608 1140 1676 contulerunt,
1175 1619 1234 1664 ut
1269 1610 1368 1665 sub
1403 1627 1592 1666 eorum
1631 1611 1939 1668 obedientia
1973 1630 2131 1669 com-

540 1700 778 1756 muniter
815 1702 989 1757 vivere
1036 1713 1090 1759 et
1118 1704 1196 1759 eis
1238 1705 1440 1761 servire
1480 1716 1842 1762 mererentur.
1883 1710 2129 1778 Quapro-

539 1803 658 1866 pter
725 1795 926 1851 invidia
979 1795 1181 1852 diaboli
1257 1808 1446 1853 contra
1509 1800 1828 1855 eorumdem
1898 1799 2129 1857 fratrum

540 1889 986 1960 probatissimam
1052 1892 1528 1948 conversationem
1599 1893 1864 1962 quosdam
1927 1896 2138 1952 emulos

539 1981 804 2051 incitavit,
843 1984 936 2055 qui
967 2000 1161 2040 eorum
1193 1985 1360 2041 vitam
1393 1988 1650 2043 malivolo
1680 1988 1840 2043 dente
1882 1989 2138 2044 corrode—

539 2084 683 2140 rent,
727 2078 976 2148 quamvis
1005 2079 1152 2149 ipsos
1195 2079 1262 2135 ad
1293 2078 1533 2135 formam
1575 2081 1864 2151 primitiva:
1905 2083 2134 2138 melesia:

537 2169 905 2225 communiter
937 2171 1106 2227 vivere
1125 2173 1385 2227 viderent.
1416 2173 1578 2229 Unde
1607 2173 1847 2241 domnus
1872 2191 2010 2246 papa
2032 2179 2139 2233 Ur-

542 2261 717 2317 banus
768 2263 990 2318 illorum
1046 2267 1523 2320 conversationem
1575 2267 1642 2320 ab
1701 2268 1831 2336 ipsis
1877 2269 2136 2338 apostolis

541 2354 867 2423 plantatam,
917 2363 1000 2409 set
1064 2357 1132 2410 ab
1188 2372 1380 2412 eorum
1419 2358 1826 2413 successoribus
1873 2360 2134 2417 latissime

541 2456 922 2518 propagatam,
958 2448 1157 2503 decreti
1207 2449 1288 2503 sui
1331 2449 1626 2520 apostolica
1667 2453 1994 2508 auctoritate
2038 2454 2134 2509 ﬁr-

543 2539 732 2604 mavit,
763 2539 1055 2612 ipsumque
1096 2541 1375 2597 decretum
1406 2543 1643 2614 praelatis
1669 2546 1991 2602 eorumdem
2022 2547 2136 2604 fra-

539 2640 687 2687 trum
734 2632 817 2687 his
859 2632 1033 2689 verbis
1062 2634 1389 2690 denunciare
1419 2637 1629 2692 curavit
1671 2659 1683 2693 :
1719 2639 2009 2708 Quosdam,
2055 2643 2137 2697 in-

541 2726 681 2796 quit,
712 2730 1004 2796 accepimus
1052 2745 1247 2782 morem
1281 2736 1583 2785 vestrorum
1623 2734 1957 2787 cenobiorum
1986 2751 2134 2790 coro-

541 2819 724 2894 dentes
751 2818 846 2882 55°,
877 2837 980 2890 quo
997 2823 1160 2876 Iaicos
1180 2824 1354 2878 seculo
1378 2828 1773 2894 renunciantes,
1794 2832 1843 2880 et
1864 2843 1918 2882 se
1931 2843 2136 2898 suaque

540 2914 613 2968 ad
642 2929 964 2968 communem
1001 2918 1169 2970 vitam
1206 2919 1609 2986 transferentes,
1655 2922 1906 2988 regendos
1936 2924 1994 2976 in
2022 2923 2136 2978 obe-

540 3006 744 3060 dientia
771 3010 1064 3076 suscipitis.
1098 3012 1201 3064 Nos
1235 3015 1413 3063 autem
1442 3013 1661 3066 eandem
1691 3018 2136 3070 conversationem

481 3151 486 3156 .
540 3104 589 3154 et
628 3101 1086 3170 consuetudinem,
1147 3105 1286 3156 sicut
1335 3105 1501 3157 oculis
1544 3108 1740 3159 nostris
1781 3109 2136 3176 inspeximus,

2237 492 2486 564 dignatus
2515 499 2618 556 est,
2652 496 2710 545 ut
2734 487 2802 544 de
2835 487 3137 544 multorum
3165 487 3516 542 conversione
3546 486 3810 558 gauderet,

2239 601 2363 657 quae
2387 584 2452 640 de
2501 582 3103 639 excommunicatorum
3148 582 3424 637 aversione
3447 581 3565 653 jam
3597 580 3694 634 diu
3722 595 3818 634 non

2241 678 2312 715 55‘
2342 677 2566 735 cessavit
2588 676 2664 721 ⁵⁵4
2695 675 2875 732 dolere
2897 674 2998 728 ⁵⁵4.
3025 677 3088 728 ln
3106 674 3417 730 Teutonicis
3437 672 3691 744 partibus
3711 689 3819 728 caro

2237 789 2363 829 cum
2391 770 2650 843 sanguine
2680 769 2868 842 pluvit,
2899 776 2954 824 et
2978 766 3206 824 bufones
3233 783 3358 822 cum
3389 767 3640 838 piscibus
3669 782 3698 820 e
3722 766 3821 821 celo

2237 865 2577 932 ceciderunt,
2627 873 2690 920 ut
2735 863 2893 918 multi
2936 862 3244 934 probabiles
3287 861 3382 916 viri
3413 876 3468 915 se
3504 859 3716 916 vidisse
3755 868 3824 914 te-

2239 961 2367 1016 stati
2397 967 2541 1014 sunt.
2573 959 2636 1012 In
2663 956 2986 1014 Alemannia
3014 954 3080 1011 ad
3111 960 3328 1026 Aquam
3355 953 3640 1025 duplicem
3675 969 3827 1024 prope

2241 1052 2555 1110 Danubium
2607 1050 2824 1122 sanguis
2872 1049 2940 1106 de
2969 1049 3199 1121 panibus
3241 1048 3462 1105 efﬂuere
3509 1046 3827 1112 videbatur;

2239 1162 2364 1220 quae
2381 1146 2591 1219 singula
2612 1143 2812 1216 aliquid
2835 1143 2960 1198 novi
2980 1143 3034 1198 in
3057 1158 3226 1214 regno
3248 1140 3576 1214 portendere
3595 1157 3629 1195 a
3650 1156 3828 1212 quam-

2239 1239 2488 1312 pluribus
2524 1239 2688 1294 etiam
2737 1236 3004 1308 religiosis
3051 1235 3428 1291 credebantur.
3461 1233 3697 1289 Juditha
3741 1235 3829 1304 pun

2239 1334 2524 1389 memorim
2555 1330 2964 1397 marchionissa,
3007 1329 3204 1385 nobilis
3249 1345 3447 1401 genere
3483 1335 3570 1382 set
3600 1327 3832 1382 nobilior

2241 1429 2298 1483 in
2341 1428 2650 1494 sanctitate,
2685 1441 2822 1480 uxor
2850 1423 3127 1495 quondam
3157 1422 3490 1477 Heremanni
3535 1421 3828 1493 religiosis-

2241 1522 2367 1577 simi
2412 1520 2742 1576 marchionis
2781 1518 3002 1589 (1392),
3034 1517 3286 1587 migravit
3322 1515 3388 1570 ad
3420 1515 3737 1571 Dominum
3781 1520 3826 1568 5.

2243 1614 2367 1670 Kal.
2401 1613 2673 1670 Octobris.
2706 1614 2828 1684 Ipsa
2859 1612 3004 1666 enim
3047 1626 3170 1666 cum
3201 1610 3403 1665 marito
3433 1624 3538 1664 suo
3590 1606 3831 1679 religiose

2243 1709 2394 1775 vixit,
2441 1715 2563 1778 post
2606 1705 2761 1779 cujus
2807 1703 3018 1761 obitum
3066 1709 3131 1759 19
3181 1718 3353 1757 annos
3395 1703 3454 1756 in
3497 1701 3761 1756 viduitate
3788 1708 3832 1754 et

2240 1809 2423 1858 sancta
2443 1799 2852 1855 conversatione
2875 1797 3191 1868 permansit.
3211 1799 3448 1852 Demum
3470 1793 3540 1850 ad
3567 1793 3831 1849 domuum

2247 1911 2443 1967 papam
2479 1894 2764 1949 Salernum
2794 1891 3054 1963 pervenit,
3085 1891 3270 1962 ibique
3298 1888 3398 1944 sub
3427 1887 3546 1960 ejus
3576 1887 3827 1942 obedien-

2246 1989 2318 2044 tia
2386 1987 2633 2044 discessit
2698 1986 2790 2040 ⁵⁵³.
2865 1983 3162 2040 Adelheida
3226 1983 3295 2025 ‘54
3355 1983 3719 2037 Taurinensis
3772 1981 3830 2013 ³⁵*

2247 2087 2448 2148 (1393)
2495 2080 2771 2137 comitissa
2818 2077 2883 2112 ⁸⁸⁸
2931 2083 2996 2134 14
3043 2075 3109 2110 ⁵⁵⁵
3167 2075 3290 2131 Kal.
3339 2073 3403 2107 5“
3459 2075 3716 2130 ,ῐεωιεη-ίί
3772 2073 3828 2106 εει

2245 2175 2378 2232 obiit
2422 2174 2504 2228 ⁸³⁵.

2920 2263 3159 2319 MXCII.

2313 2363 2566 2416 Domnus
2595 2375 2734 2431 papa
2778 2357 3112 2413 nativitatem
3142 2355 3363 2410 Domini
3405 2355 3464 2410 in
3491 2363 3639 2410 terra
3673 2354 3830 2410 sancti

2243 2454 2390 2510 Petri
2419 2462 2570 2509 extra
2596 2455 2835 2508 Romam
2858 2450 3166 2506 celebravit.
3191 2451 3330 2506 Nam
3360 2449 3667 2506 Guibertus
3694 2450 3834 2504 here-

2244 2549 2457 2606 siarcha
2482 2549 2556 2605 ita
2576 2565 2633 2604 se
2659 2563 2825 2620 prope
2844 2547 3074 2604 domum
3095 2547 3264 2602 sancti
3286 2547 3428 2601 Petri
3453 2545 3832 2609 incastellavit,

2245 2652 2306 2698 ut
2333 2659 2446 2699 non
2474 2642 2634 2698 facile
2659 2641 2864 2714 absque
2894 2640 3122 2695 humani
3147 2639 3425 2710 sanguinis
3446 2638 3723 2694 effusione
3751 2654 3836 2693 ex-

2244 2736 2371 2808 pelli
2417 2735 2543 2791 inde
2586 2735 2844 2806 potuerit.
2897 2734 3192 2790 Heinricus
3237 2748 3479 2805 quoque,
3541 2733 3840 2804 imperator

2242 2829 2410 2901 ipsius
2453 2829 2541 2896 ⁵⁵⁸,
2588 2825 2980 2901 Longobardia
3032 2827 3149 2899 jam
3195 2826 3414 2881 biennio
3461 2824 3529 2858 ⁵⁸⁸
3583 2826 3838 2881 moraba-

2243 2931 2352 2988 tur,
2397 2921 2576 2992 ibique
2629 2921 2695 2954 ⁸³⁸
2742 2921 3165 2992 circumquaque
3212 2919 3284 2956 ⁸⁵⁵
3319 2926 3525 2974 terram
3568 2917 3843 2975 W’elfonis

2243 3014 2414 3071 Italici
2471 3014 2625 3070 ducis
2686 3013 2893 3085 prada,
2966 3012 3113 3068 ferro
3162 3021 3218 3068 et
3255 3012 3506 3069 incendio
3553 3012 3844 3068 devastare

2248 3125 2361 3164 non
2388 3107 2460 3146 ³⁸⁵
2489 3107 2717 3163 cessavit
2764 3106 2858 3174 ⁵⁵6,
2891 3115 2954 3161 ut
2994 3105 3064 3143 ⁸⁵⁵
3091 3105 3323 3162 eundem
3353 3105 3426 3142 ⁸⁵⁸
3452 3105 3661 3161 ducem
3691 3106 3762 3141 ⁵⁸6
3794 3114 3844 3160 et

541 3192 891 3257 laudabilem,
913 3199 962 3248 et
977 3211 1032 3248 eo
1047 3200 1310 3265 perpetua
1328 3201 1724 3253 conservatione
1739 3201 2130 3269 dignissimam,
2178 3192 2724 3274 ‘iprudentissimam
2766 3201 2836 3250 ⁸⁵7
2881 3199 2998 3271 ejus
3046 3215 3276 3255 uxorem
3317 3214 3348 3254 a
3378 3197 3640 3254 fidelitate
3669 3201 3845 3254 sancti

539 3302 647 3355 quo
678 3289 735 3340 in
761 3290 1061 3357 primitiuae
1088 3290 1304 3343 ccclesice
1332 3292 1560 3357 formam
1585 3295 1844 3363 impressa
1862 3299 1959 3358 est,
1981 3297 2134 3364 judi-

538 3384 735 3447 cantes,
768 3382 1146 3451 approbamus,
1176 3387 1419 3437 sanctam
1463 3389 1513 3439 et
1542 3387 1855 3441 catholicam
1884 3391 2132 3444 nomina-

540 3487 677 3538 mus,
707 3477 758 3526 et
792 3489 894 3543 per
930 3478 1224 3544 prcesentes
1253 3474 1463 3531 litteras
1492 3479 1785 3548 apostolica
1818 3485 2136 3536 auctoritate

455 3551 464 3570 ’
539 3571 909 3636 confirmamus
955 3566 1050 3622 55'.
1107 3571 1228 3623 Non
1258 3570 1436 3625 solum
1484 3579 1668 3626 autem
1697 3573 1938 3629 virorum
1968 3583 2054 3630 set
2080 3583 2135 3631 et

539 3657 866 3715 feminarum
920 3662 1333 3719 innumerabilis
1382 3664 1678 3721 multitudo
1726 3665 1812 3721 his
1859 3666 1934 3704 ⁵⁵³
1988 3676 2136 3723 tem-

538 3751 764 3821 poribus
793 3768 850 3807 se
876 3753 948 3808 ad
990 3754 1301 3826 hujusmodi
1333 3758 1501 3813 vitam
1546 3761 1913 3829 contulerunt,
1947 3769 2007 3815 ut
2032 3761 2134 3818 sub

541 3842 842 3898 obedientia
889 3846 1212 3903 clericorum
1248 3850 1360 3905 sive
1391 3851 1794 3908 monachorum
1825 3854 2133 3909 communi-

539 3942 624 3991 ter
654 3935 914 4002 viverent,
946 3938 1134 4009 eisque
1165 3956 1318 3996 more
1343 3943 1662 3998 ancillarum
1693 3946 1998 4015 quotidiani
2023 3962 2136 4003 ser-

540 4027 660 4082 vicii
698 4043 930 4098 pensum
975 4029 1327 4087 devotissime
1357 4035 1742 4104 persolverent.
1788 4039 1854 4090 In
1897 4037 1974 4075 ⁵⁵³
2003 4039 2136 4109 ipsis

540 4137 762 4194 quoque
808 4122 944 4178 villis
985 4122 1107 4178 filim
1154 4125 1485 4180 rusticorum
1515 4127 1836 4199 innumerae,
1879 4131 2135 4204 conjugio

540 4223 597 4271 et
639 4217 821 4270 seculo
867 4217 1260 4273 abrenunciare
1308 4228 1363 4274 et
1417 4221 1519 4275 sub
1574 4222 1800 4295 alicujus
1839 4225 2136 4282 sacerdotis

541 4309 847 4364 obedientia
877 4312 1054 4366 vivere
1092 4312 1437 4369 studuerunt.
1491 4316 1586 4371 Set
1625 4325 1678 4371 et
1707 4317 1809 4387 ipsi
1852 4319 2132 4391 conjugati

541 4402 931 4459 nichilominus
951 4405 1202 4477 religiose
1223 4407 1397 4462 vivere
1419 4417 1473 4462 et
1494 4408 1754 4480 religiosis
1773 4427 1898 4466 cum
1921 4428 2134 4467 summa

2241 3296 2384 3352 Petri
2415 3292 2711 3361 discedere,
2744 3294 2956 3365 sibique
2981 3291 3046 3326 ⁵⁵⁸
3071 3291 3333 3348 adherere
3361 3292 3733 3362 compelleret,
3760 3301 3846 3346 set

2237 3387 2468 3455 frustra;
2498 3402 2630 3442 nam
2669 3387 2776 3443 dux
2823 3386 2880 3441 in
2926 3402 3024 3441 sua
3056 3385 3324 3441 sententia
3367 3384 3598 3456 perstitit
3625 3384 3846 3456 ipsique

2241 3483 2374 3538 satis
2404 3481 2633 3536 viriliter
2680 3479 2898 3536 restitit.
2947 3481 3040 3537 Set
3086 3487 3138 3534 et
3180 3487 3335 3550 pater
3384 3477 3634 3550 ejusdem
3661 3477 3844 3544 ducis,

2241 3573 2429 3632 Welfo
2479 3574 2587 3630 dux
2615 3573 2899 3645 Bajoariaa,
2931 3572 3167 3628 eundem
3213 3571 3284 3620 “9
3334 3571 3662 3626 Heinricum
3713 3581 3845 3626 ante

2244 3668 2554 3739 proximam
2588 3665 2928 3722 nativitatem
2960 3665 3184 3720 Domini
3226 3663 3544 3719 mirabiliter
3566 3663 3844 3730 confudit,

2241 3776 2405 3833 quem
2452 3759 2522 3815 ad
2582 3758 2928 3831 colloquium
2986 3757 3268 3829 pervenire
3329 3756 3631 3828 prohibuit,
3692 3755 3845 3829 quod

2243 3853 2391 3910 idem
2416 3853 2706 3908 Heinricus
2746 3859 2800 3906 et
2828 3867 2922 3907 rex
2965 3852 3321 3923 Ungarorum
3350 3848 3743 3916 condixerunt,
3774 3849 3843 3905 ad

2242 3946 2390 4018 quod
2432 3946 2597 4002 etiam
2654 3960 2793 4016 pene
2827 3945 2943 4016 jam
3003 3952 3401 3999 convenerunt.
3464 3945 3530 3998 In
3575 3943 3654 3978 “5°
3712 3944 3836 3999 Ale-

2241 4039 2464 4096 mannia
2505 4037 2728 4110 quidam
2756 4037 2930 4093 laicus
2969 4052 3324 4092 communem
3352 4035 3524 4091 vitam
3561 4051 3720 4092 more
3765 4035 3837 4073 ⁸⁵³

2242 4131 2624 4204 apostolorum
2669 4130 2740 4168 ⁵6⁸
2778 4130 3053 4201 professus
3079 4129 3172 4197 ⁸⁸⁸,
3203 4129 3293 4199 qui
3321 4145 3379 4183 se
3413 4137 3468 4184 et
3497 4145 3593 4184 sua
3619 4129 3685 4183 ad
3715 4143 3831 4182 mo-

2242 4226 2544 4282 nasterium
2573 4223 2749 4280 sancti
2777 4223 3069 4280 Salvatoris
3100 4223 3299 4290 (1394)
3343 4221 3697 4287 contradidit,
3730 4221 3836 4274 ibi-

2243 4334 2348 4390 que
2399 4318 2500 4374 diu
2532 4316 2773 4373 debitam
2811 4314 3178 4372 obedientiam
3209 4313 3480 4380 exhibuit,
3513 4315 3843 4385 dererpente

2247 4412 2387 4483 cepit
2413 4418 2741 4481 apostatare,
2769 4425 2936 4480 seque
2959 4417 3016 4465 et
3043 4424 3138 4464 sua
3163 4407 3232 4463 de
3261 4407 3525 4479 praedicto
3556 4418 3846 4464 monaste-

541 4493 830 4552 devotione
847 4513 958 4553 non
973 4509 1324 4554 cessaverunt
1344 4499 1583 4555 obedire.
1605 4502 1930 4574 Hujusmodi
1951 4514 2134 4560 autem
2165 4482 2214 4543 D
2249 4482 2332 4561 rio
2352 4502 2611 4575 sacrilege
2631 4518 2744 4557 non
2763 4501 2950 4558 timuit
2973 4500 3586 4573 abripere.Quapropter
3603 4501 3852 4557 domnus

543 4587 782 4642 studium
839 4590 890 4644 in
957 4591 1282 4646 Alemanuia
1349 4591 1697 4662 potissimum
1748 4610 2137 4667 usquequaque

544 4678 799 4736 decenter
833 4681 1100 4750 effloruit;
1156 4685 1211 4738 in
1254 4701 1358 4756 qua
1405 4685 1686 4756 provincia
1732 4687 1898 4744 etiam
1941 4690 2132 4746 multa:

545 4771 685 4827 villa:
712 4789 776 4828 ex
817 4775 1024 4847 integro
1067 4793 1125 4832 se
1171 4779 1418 4848 religioni
1467 4780 1936 4850 contradiderunt,
1966 4798 2133 4856 seque

543 4864 781 4921 invicem
825 4870 1113 4925 sanctitate
1153 4887 1374 4926 morum
1402 4873 1707 4942 praevenire
1748 4874 2136 4933 incessabiliter

543 4957 892 5016 studuerunt.
914 4963 1003 5018 Sic
1020 4963 1210 5036 utique
1238 4967 1385 5020 Deus
1413 4973 1660 5022 sanctam
1684 4982 1842 5024 suam
1862 4969 2133 5026 ecclesiam

2243 4611 2382 4669 papa
2411 4595 2672 4653 Urbanus
2707 4595 2886 4651 missis
2915 4595 3084 4650 literis
3113 4595 3325 4664 (1395)
3350 4594 3644 4650 venerabili
3675 4595 3856 4652 Gebe-

2243 4689 2415 4746 hardo
2450 4688 2854 4744 Constantiensi
2883 4687 3136 4759 episcopo
3165 4703 3232 4742 ex
3259 4686 3557 4758 apostolica
3598 4689 3850 4743 auctori-

2240 4791 2350 4839 tate
2381 4782 2637 4855 praecepit
2678 4789 2737 4837 ut
2774 4779 3008 4838 eundem
3036 4787 3342 4852 apostatam
3381 4781 3648 4836 canonice
3683 4797 3852 4837 voca-

2240 4884 2345 4944 ret,
2393 4883 2450 4931 et
2487 4889 2753 4932 mucrone
2802 4873 3169 4930 anathematis
3216 4887 3250 4928 a
3315 4870 3585 4929 membris
3638 4873 3853 4931 Christi

2243 4969 2459 5042 penitus
2499 4984 2627 5025 eum
2675 4973 3005 5038 amputaret,
3053 4965 3159 5022 nisi
3197 4965 3277 5006 ⁸⁵³
3320 4963 3482 5022 citius
3527 4965 3598 5022 de
3648 4968 3855 5024 eadem

1843 5076 2088 5132 VARIE
2125 5075 2428 5132 LECTION
2434 5076 2530 5131 ES.

613 5172 692 5222 '49
715 5174 786 5230 Se
809 5203 881 5215 —
899 5175 1223 5233 auctoritate
1249 5178 1640 5236 conﬁrmamus
1667 5181 1862 5236 desunt
1898 5187 1947 5236 2.
2023 5182 2098 5219 ⁵⁵0
2129 5185 2214 5238 ita
2253 5189 2299 5238 1.
2374 5181 2439 5218 ⁵⁸⁸

541 5259 666 5300 raso
706 5253 754 5300 1.
834 5253 904 5285 ⁵³·
942 5253 998 5303 h.
1040 5257 1080 5303 t.
1118 5253 1322 5305 desunt.
1359 5257 1407 5305 2.
1481 5253 1548 5285 ⁸⁸³
1573 5255 1632 5307 In
1659 5270 1768 5308 -‹

540 5314 842 5386 imperator
879 5320 1037 5374 habet
1071 5327 1122 5375 3.
1198 5321 1269 5357 ⁸⁸6
1314 5324 1372 5374 in
1415 5323 1523 5378 loco
1560 5340 1682 5378 raso
1719 5331 1768 5379 1.

834 5245 904 5285 ⁵⁵·
942 5247 998 5303 h.
1040 5257 1080 5303 t.
1118 5249 1322 5305 desunt.
1359 5257 1407 5305 2.
1481 5251 1548 5285 ⁸⁸³
1573 5255 1632 5307 In
1659 5283 1730 5294 ——
1753 5253 1984 5309 cessavit
2009 5252 2193 5310 dolere
2217 5255 2413 5310 desunt
2454 5245 2503 5307 2.
2569 5245 2651 5288 ῖ⁵⁵
2691 5253 2884 5306 inloco
2908 5266 3032 5306 raso
3064 5256 3114 5305 1.

1847 5325 1916 5376 ⁵⁵7
1955 5326 2101 5382 deest
2127 5330 2178 5379 2.
2260 5325 2329 5362 ⁵⁵⁸
2360 5340 2408 5379 a.
2449 5323 2488 5379 f.
2513 5338 2554 5378 s.
2587 5339 2640 5393 p.
2682 5322 2737 5378 d.
2778 5337 2883 5393 que
2910 5323 3105 5376 desunt
3133 5325 3180 5375 2.
3254 5319 3321 5354 ⁶⁸⁹
3361 5335 3409 5376 e.

2471 5182 2648 5252 pergit
2671 5185 2882 5236 auctor.
2911 5181 3036 5236 Non
3065 5179 3254 5252 solum
3269 5207 3341 5252 -_-
3375 5177 3599 5234 obedire
3643 5184 3716 5252 in
3745 5183 3853 5238 loco

3190 5249 3429 5323 “{deest
3458 5254 3506 5303 2.
3544 5255 3595 5304 δ.
3638 5250 3854 5323 impius

3449 5335 3638 5392 regem
3687 5323 3753 5378 ιι.
3799 5332 3848 5380 2.

538 5385 606 5418 ⁸⁶⁰
629 5385 692 5442 ln
721 5419 788 5429 —
817 5390 1162 5461 resipisceret
1189 5392 1380 5446 desunt
1412 5398 1463 5447 2.
1541 5394 1613 5433 ⁸⁶ι
1634 5398 1694 5451 in
1724 5396 1834 5451 loco
1861 5412 1983 5452 raso
2017 5403 2062 5453 1.
2137 5395 2212 5433 ⁵6³
2246 5396 2350 5453 nisi
2371 5426 2440 5436 —
2459 5385 3009 5466 resipisceret-addita
3031 5393 3200 5464 paulo
3215 5395 3340 5461 post
3371 5398 3419 5446 1.

2075 5501 2308 5558 NOTAE.

614 5592 821 5660 (1392)
851 5591 1139 5658 Badensis;
1172 5609 1223 5648 v.
1252 5609 1302 5649 a.
1335 5599 1492 5650 1074.

613 5663 1049 5738 (71393)Socrus
1073 5663 1312 5738 Heinrici
1344 5667 1440 5731 IV,
1467 5665 1538 5720 de
1567 5682 1672 5738 qua
1698 5669 1927 5725 Gerbert
1949 5671 2004 5726 in
2023 5678 2136 5728 tra-

540 5731 1041 5810 cta‘tudeitudolfo
1064 5735 1382 5810 anticmsare
1407 5745 1511 5810 pst
1530 5731 1625 5810 18',
1641 5753 1793 5810 seqq.
1822 5743 1953 5796 Uss.

612 5800 825 5869 (1394)
867 5801 1266 5876 Scalhusene;
1313 5807 1383 5864 cf.
1407 5800 2130 5868 'Chronicori'Petersbusa-

2231 5612 2365 5653 num
2396 5596 2488 5651 lib.
2521 5611 2615 5664 ut,
2640 5611 2699 5651 n.
2729 5601 2818 5652 24.

2312 5670 2510 5737 (1395)
2542 5663 2788 5737 Litteras,
2803 5664 3039 5737 Urbani
3064 5673 3196 5720 ante
3223 5664 3409 5720 oculos
3452 5663 3668 5731 habuit,
3703 5680 3843 5737 quas

2242 5735 2473 5796 ex‘cod.
2502 5738 2665 5795 Udal.
2691 5736 2843 5808 dedit
2865 5735 3040 5808 Mansi
3067 5737 3354 5808 X_X,_701.
3379 5740 3500 5790 708.
3531 5735 3850 5808 Episedpns

2243 5809 2675 5869 Constantiensi:
2701 5808 2778 5865 ibi
2808 5807 2943 5864 falso
2976 5805 3287 5863 Gaufredus
3315 5815 3561 5862 vocatur.
