3988 6188
144 242 261 297 1409

1009 237 1297 292 APPEND.
1338 236 1423 293 HI.
1466 265 1534 275 -—
1570 237 1993 294 MONUMENTA
2036 236 2497 293 GREGORIANA.

3266 243 3403 297 1410

140 361 386 436 apostasia
412 366 470 417 et
501 359 780 432 sacrilegio
805 358 1158 430 resipisceret.
1192 362 1397 416 Iterum
1428 360 1704 432 principes
1734 371 1786 430 Α
1818 362 1984 418 vieusi
2006 362 2238 419 aaclesiae
2255 362 2371 434 jam
2396 361 2603 417 dudum
2624 360 2861 417 viduatae
2886 363 3155 419 ordinavit
3191 365 3402 435 episco-

138 448 450 514 Alemanniaa
478 453 549 510 ad
589 451 967 509 defensionem
1014 460 1213 509 sanctae
1254 453 1451 509 matris
1480 454 1706 510 ecclesiae

138 558 306 606 contra
334 547 677 605 scismaticos
704 546 1038 602 unanimiter
1066 555 1463 614 convenerunt,
1493 547 1703 618 sibique

137 642 198 699 ad
214 642 309 698 hoc
327 641 615 713 negocium
641 638 1049 712 exsequendum
1078 638 1295 695 fratrem
1320 641 1703 697 Constantien-

134 736 203 793 sis
241 734 475 807 episcopi
522 733 876 789 Berthaldum
922 732 990 767 ⁵⁸³
1033 732 1233 789 ducem
1278 732 1443 789 totius
1497 733 1704 790 Suevia:

133 829 538 896 constituerunt,
562 827 655 899 qui
673 826 924 883 nondum
945 827 1182 898 aliquem
1207 825 1473 883 ducatum
1492 826 1703 895 habuit,

137 923 227 979 etsi
258 923 372 994 jam
418 920 630 978 dudum
659 936 863 976 nomen
890 920 1048 976 ducis
1090 920 1295 977 habere
1339 921 1700 977 consueverit.

132 1016 313 1085 Magna
350 1011 526 1069 fames
570 1017 747 1066 totam
797 1010 1094 1067 Saxoniam
1138 1012 1446 1082 occupavit,
1486 1026 1608 1083 quae
1650 1019 1708 1067 et

132 1106 388 1179 principes
415 1104 560 1161 illius
588 1103 882 1176 provinciae
918 1103 975 1159 in
1004 1103 1135 1160 alias
1173 1105 1427 1177 regiones
1464 1120 1530 1160 eo
1558 1120 1704 1160 anno

127 1200 189 1257 ad
214 1208 421 1271 tempus
454 1197 727 1255 discedere
750 1198 945 1270 coegit.
974 1198 1140 1255 Unde
1180 1206 1237 1254 et
1273 1198 1541 1270 generalis
1578 1214 1708 1254 con-

129 1301 309 1351 ventus
349 1292 465 1348 ﬁeri
502 1307 612 1347 non
636 1290 832 1362 potuit,
865 1307 1029 1363 quem
1060 1291 1336 1363 principes
1366 1292 1705 1349 Alemanniae

127 1403 245 1445 cum
292 1385 596 1442 Saxonibus
643 1384 846 1441 habere
884 1384 1192 1441 voluerunt.
1224 1387 1289 1440 In
1328 1385 1705 1457 Longobardia

127 1479 494 1549 Chounradus,
538 1478 678 1534 ﬁlius
721 1478 960 1534 Heinrici
991 1479 1157 1549 regis,
1205 1478 1352 1534 bona
1386 1479 1705 1536 Adalheidaa

124 1573 463 1631 Taurinensis
480 1571 1185 1640 comitissae(1396)invasit,
1198 1587 1323 1643 quae
1348 1570 1597 1642 ejusdem
1613 1588 1702 1629 co-

127 1667 345 1723 mitissae
359 1680 550 1738 nepos,
563 1664 707 1720 ﬁlius
725 1664 991 1721 Friderici
1017 1665 1256 1732 cornitis,
1284 1664 1481 1721 habere
1495 1664 1699 1721 debuit.

126 1762 225 1817 Hic
254 1768 439 1817 autem
476 1774 664 1815 comes
687 1757 755 1792 ⁵⁸⁸
779 1758 883 1814 sub
914 1758 1105 1814 habitu
1133 1757 1364 1814 seculari
1396 1774 1549 1813 more
1577 1774 1703 1815 san-

132 1855 203 1909 cti
227 1852 522 1910 Sebastiani
547 1850 960 1907 strenuissimus
986 1850 1143 1907 miles
1170 1850 1373 1906 Christi
1396 1849 1520 1920 fuit,
1550 1851 1704 1909 vide-

123 1947 248 2003 licet
280 1945 645 2003 aeclesiasticaa
680 1944 956 2017 religionis
998 1943 1436 2000 ferventissimus
1489 1954 1705 2001 amator

127 2048 181 2096 et
220 2039 492 2096 catholicas
542 2037 693 2111 pacis
737 2035 1043 2094 indefessus
1101 2046 1488 2109 propugnator.
1544 2040 1704 2094 Hunc

126 2133 191 2168 ⁵⁸⁸
213 2132 533 2190 venerabilis
560 2147 696 2204 papa
724 2131 1043 2204 Gregorius,
1073 2129 1220 2186 hunc
1248 2131 1440 2187 beatus
1467 2130 1702 2187 Anshel-

125 2241 248 2283 mus
271 2222 536 2282 Lucensis
571 2225 858 2296 episcopus
885 2224 1040 2296 quasi
1077 2223 1301 2279 unicum
1336 2223 1509 2279 ﬁlium
1545 2239 1701 2279 ama—

123 2327 334 2377 verunt.
362 2322 526 2375 Hunc
548 2318 726 2374 clerici
758 2325 813 2373 et
843 2316 1119 2384 monachi,
1154 2316 1326 2373 immo
1358 2332 1553 2373 omnes
1581 2317 1703 2372 reli-

120 2413 255 2484 giosi
286 2411 680 2468 ferventissime
710 2410 1038 2467 dilexerunt.
1072 2410 1180 2465 Hic
1206 2410 1267 2464 in
1297 2409 1553 2465 ﬁdelitate
1575 2425 1701 2465 san-

121 2506 198 2563 cti
247 2505 388 2561 Petri
454 2512 645 2561 contra
694 2502 1038 2560 scismaticos
1098 2517 1270 2573 usque
1330 2500 1401 2557 ad
1464 2510 1703 2558 mortem

119 2597 515 2655 studiosissime
539 2598 788 2664 certavit,
819 2598 877 2652 in
918 2595 1074 2668 cujus
1099 2596 1266 2651 etiam
1307 2592 1596 2650 festivitate
1636 2594 1705 2649 de

115 2691 278 2763 hujus
305 2692 433 2748 vitm
459 2691 731 2763 ergastulo
753 2698 989 2761 ereptus,
1023 2687 1204 2745 eidem
1229 2688 1284 2743 in
1314 2687 1503 2743 celesti
1533 2688 1704 2759 patria

114 2784 356 2842 creditur
381 2784 697 2840 associatus.
725 2785 857 2838 Erat
879 2790 1062 2839 autem
1087 2780 1232 2837 ﬁlius
1246 2780 1464 2837 domnae.
1490 2779 1705 2851 Sophia:

112 2886 173 2935 et
202 2877 484 2934 Ludowici
513 2877 758 2942 comitis,
789 2891 914 2949 qua:
942 2883 1060 2933 erat
1084 2882 1377 2930 matertera
1407 2873 1705 2929 comitissee

109 2970 421 3041 Mathildis,
459 2986 583 3043 qua:
623 2970 688 3004 ⁵⁸⁵
716 2986 843 3025 cum
886 2968 1111 3025 domino
1141 2983 1241 3024 suo
1274 2965 1527 3023 Welfone
1564 2966 1704 3022 duce

108 3065 172 3121 in
202 3065 351 3122 Italia
375 3073 563 3121 contra
592 3064 931 3120 scismaticos
957 3064 1192 3118 multum
1231 3060 1518 3117 laboravit.
1547 3059 1698 3117 Obiit

104 3166 298 3216 autem
344 3157 634 3230 praedictus
668 3172 852 3214 comes
893 3157 950 3212 in
995 3155 1269 3228 praeterito
1314 3170 1481 3220 anno,
1515 3153 1573 3210 id
1619 3160 1704 3210 est

104 3252 411 3309 dominica:
440 3251 830 3307 incarnationis
863 3256 1019 3306 1091.
1054 3249 1239 3305 indict.
1274 3254 1338 3304 14
1370 3246 1464 3315 ⁵6⁷,
1497 3253 1549 3302 3.
1578 3246 1699 3302 Kal.

99 3346 229 3402 Jul.
270 3345 474 3402 scilicet
499 3345 571 3383 ⁵⁸⁸
604 3346 656 3401 in
692 3344 979 3401 festivitate
1002 3343 1175 3398 sancti
1204 3340 1371 3408 Petri,
1403 3349 1460 3396 et
1498 3340 1555 3395 in
1582 3356 1706 3395 cra—

96 3441 177 3496 sti
187 3455 347 3508 num,
374 3438 428 3495 id
451 3448 536 3495 est
558 3440 617 3493 in
635 3437 1008 3496 sollemnitate
1030 3436 1200 3491 sancti
1222 3434 1394 3498 Pauli,
1418 3434 1698 3505 sepelitur.

96 3533 299 3605 Hujus
323 3548 454 3606 ergo
475 3533 651 3588 ﬁlium
681 3548 745 3587 ex
770 3539 928 3601 nepte
943 3529 1162 3585 domnae
1189 3526 1505 3583 Adelheidae
1528 3542 1705 3582 susce-

92 3636 277 3700 ptum
298 3627 589 3683 Heinricus
612 3641 708 3682 rex
738 3640 866 3680 cum
895 3622 1006 3678 ﬁlio
1034 3637 1134 3678 suo
1162 3619 1489 3677 exheredare
1512 3634 1707 3691 propo-

88 3721 257 3786 suit,
302 3728 615 3791 terramque
662 3718 777 3789 ejus
819 3714 1090 3772 hostiliter
1139 3712 1467 3781 invadendo,
1508 3720 1561 3769 et
1601 3713 1706 3768 cir-

83 3828 469 3886 cumquaque
526 3810 888 3878 devastando,
940 3808 1109 3865 etiam
1170 3805 1572 3864 Fructuariensi
1629 3806 1707 3856 569

80 3906 460 3965 monasterio
488 3905 657 3961 multa
684 3904 830 3959 mala
858 3901 1042 3958 intulit
1069 3900 1158 3956 57°.
1185 3905 1247 3957 In
1275 3901 1527 3973 Bajoaria
1556 3915 1709 3955 vene-

80 3999 305 4061 rabilis
365 3996 777 4068 Salcburgensis
826 3996 1111 4067 episcopus
1165 3994 1368 4050 Diemo
1420 3992 1490 4044 ‘7!
1545 3996 1703 4048 Pata-

1815 471 1945 527 pum
2020 456 2250 510 nomine
2321 454 2705 522 Oudalricum,
2773 464 2977 511 sanctae
3026 447 3404 529 Augustensis

1813 549 2042 605 aeclesiae
2074 548 2457 620 praepositum,
2491 564 2733 619 eumque
2772 548 2827 603 in
2860 549 2978 619 ipso
3025 547 3115 604 die
3146 560 3403 622 penteco--~

1814 651 1923 698 stes
1973 658 2098 697 cum
2143 642 2395 712 episcopo
2454 642 2855 696 Constantiensi
2910 649 2965 696 et
3014 644 3404 699 Wormatiensi

1812 735 2151 791 sollemniter
2185 734 2562 790 consecravit:
2608 734 2818 805 hocque
2853 750 3110 807 magnam
3148 734 3402 791 ﬁduciam

1814 826 2280 893 deditcatholicis,
2311 835 2372 882 ut
2393 827 2448 881 in
2474 826 2735 882 ﬁdelitate
2764 828 2934 882 sancti
2972 828 3118 883 Petri
3148 829 3398 899 persiste-

1813 929 1955 988 rent,
1998 928 2051 975 et
2078 920 2516 975 scismaticorum
2547 920 2775 976 vesania:
2820 920 3144 976 indcfessius
3173 922 3403 977 obsiste-

1812 1021 1936 1070 rent
1963 1013 2053 1068 57’.
2093 1015 2157 1068 In
2184 1014 2430 1084 Ungaria
2457 1013 2542 1068 his
2570 1015 2914 1084 temporibus
2946 1016 3117 1069 multa
3162 1016 3403 1087 prodigia

1812 1107 2175 1180 contigerunt,
2202 1114 2262 1161 ut
2290 1105 2617 1162 audivimus.
2646 1109 2786 1161 Nam
2818 1107 3044 1178 quidam
3071 1124 3232 1163 mons
3262 1125 3320 1164 se
3348 1109 3404 1164 in

1813 1201 2130 1257 Danubium
2173 1200 2574 1272 prmcipitavit:
2611 1199 2755 1255 unde
2806 1200 3001 1256 fluvius
3050 1202 3137 1256 ille
3184 1202 3404 1257 alveum

1813 1310 1978 1351 suum
2014 1302 2234 1350 mutare
2259 1301 2506 1361 coactus,
2541 1292 2991 1364 circumjacentes
3030 1303 3202 1350 terras
3245 1296 3405 1366 longe

1813 1388 2023 1459 lateque
2057 1387 2303 1443 vastavit.
2343 1389 2483 1442 Item
2528 1387 2587 1441 in
2626 1385 2763 1441 sicca
2792 1394 2937 1442 terra
2977 1387 3127 1443 lacus
3172 1403 3407 1459 magnus

1810 1481 1939 1537 alibi
1959 1481 2202 1548 emersit,
2234 1489 2286 1537 et
2315 1480 2370 1535 in
2399 1480 2506 1534 alio
2531 1480 2648 1535 lacu
2673 1495 2827 1535 mons
2847 1480 3069 1551 quidam
3092 1480 3158 1536 de
3178 1490 3406 1552 repente

1811 1575 2085 1646 apparuit.
2111 1574 2337 1629 Fluvius
2358 1588 2575 1644 quoque
2601 1574 2826 1628 nomine
2841 1572 3081 1629 Thizaha
3109 1578 3289 1640 (1397)
3311 1590 3407 1646 per

1813 1668 2060 1724 triduum
2090 1667 2424 1738 sanguineus
2460 1666 2633 1722 ﬂuxit.
2670 1666 2777 1723 Sed
2819 1675 2876 1722 et
2911 1675 3072 1723 terrae
3110 1676 3295 1723 motus
3330 1668 3406 1723 ibi

1810 1760 2082 1817 inauditus
2112 1760 2291 1816 factus
2321 1768 2422 1827 est,
2472 1760 2548 1815 ita
2589 1768 2651 1815 ut
2694 1759 2948 1816 homines
2976 1760 3096 1832 ejus
3134 1760 3404 1832 impetum

1812 1853 2015 1911 stando
2076 1854 2345 1911 sustinere
2399 1868 2510 1908 non
2585 1862 2826 1924 possent.
2897 1854 3127 1910 Tonitru
3189 1870 3407 1927 quoque

1810 1947 2116 2003 maximum
2183 1955 2238 2003 et
2298 1962 2326 2002 a
2377 1946 2574 2002 seculis
2635 1946 2948 2003 inauditum
3004 1946 3264 2003 homines
3329 1946 3404 2003 ibi

1809 2041 2025 2108 terruit,
2070 2040 2219 2113 quod
2257 2056 2423 2112 supra
2464 2049 2668 2096 terram
2706 2040 2977 2107 transivit,
3010 2047 3064 2095 et
3107 2040 3209 2096 sub
3256 2048 3405 2098 terra

1808 2133 1991 2190 redire
2020 2134 2356 2190 sentiebatur
2387 2134 2578 2189 eadem
2606 2134 2708 2189 via.
2748 2135 2811 2188 In
2839 2134 3169 2190 Alemannia
3212 2133 3406 2191 Chono

1810 2242 1998 2283 comes
2084 2226 2152 2282 de
2222 2227 2631 2295 Wulvelingin,
2724 2226 3177 2283 strennuissimus
3245 2227 3406 2284 miles

1809 2319 1981 2375 sancti
2030 2319 2208 2387 Petri,
2256 2318 2407 2375 diem
2455 2319 2647 2374 clausit
2685 2327 2994 2375 extremum
3054 2319 3245 2376 Idibus
3292 2322 3406 2377 0c-

1811 2412 2009 2481 tobris,
2068 2420 2123 2468 et
2175 2412 2233 2466 in
2291 2411 2623 2467 monasterio
2684 2411 2834 2483 quod
2877 2412 2995 2483 ipse
3049 2428 3179 2468 cum
3236 2411 3407 2469 fratre

1813 2520 1915 2561 suo
1975 2504 2177 2559 comite
2227 2503 2475 2558 Luitolfo
2542 2504 2601 2557 in
2661 2505 2883 2576 proprio
2949 2504 3148 2561 allodio
3204 2504 3405 2562 funda-

1812 2605 2041 2663 verunt,
2089 2595 2392 2650 honoriﬁce
2440 2596 2732 2666 sepelitur;
2777 2596 3005 2667 ejusque
3051 2597 3194 2652 bona
3240 2597 3410 2655 frater

1811 2690 1929 2762 ejus
1969 2687 2113 2744 idem
2158 2686 2436 2743 Luitolfus
2485 2686 2815 2742 hereditario
2850 2689 2973 2759 jure
3005 2690 3275 2760 possedit,
3307 2692 3405 2746 etsi

1805 2782 1922 2854 jam
1946 2780 2156 2837 dudum
2197 2781 2429 2836 seculari
2454 2779 2665 2835 militiae
2688 2779 3182 2837 abrenunciaverit.
3217 2784 3299 2838 Ne
3333 2782 3405 2819 ⁸⁷³

1811 2874 1916 2930 hoc
1952 2875 2143 2947 utique
2176 2872 2303 2929 fecit
2342 2889 2403 2929 ea
2442 2872 2767 2940 intentione,
2800 2881 2862 2928 ut
2890 2872 2958 2929 ad
2984 2874 3229 2929 seculum
3258 2876 3403 2931 redi-

1812 2976 1922 3034 ret,
1972 2976 2056 3024 set
2098 2968 2276 3038 potius
2320 2966 2443 3022 ideo
2504 2974 2566 3021 ut
2614 2966 2941 3036 praedictum
3004 2969 3404 3024 monasterium

1810 3061 2017 3117 eisdem
2054 3061 2212 3117 bonis
2241 3061 2559 3115 melioraret
2594 3059 2681 3115 ⁵⁷⁸.
2713 3062 2777 3115 lu
2828 3059 2934 3115 hoc
2982 3076 3130 3117 anno
3160 3070 3406 3133 quatuor

1813 3154 2113 3226 presbiteri,
2146 3170 2257 3209 non
2300 3153 2446 3225 parvi
2490 3154 2727 3209 nominis
2776 3154 2918 3209 inter
2964 3170 3095 3211 suos
3138 3153 3209 3205 ⁸7⁵
3238 3163 3294 3210 et
3318 3171 3402 3211 re-

1814 3248 2050 3320 ligionis,
2083 3264 2148 3303 ex
2179 3248 2371 3304 Suevia
2400 3245 2472 3282 "5
2497 3247 2882 3303 Jerosolimam
2907 3248 2963 3303 in
2996 3248 3303 3306 orationem
3325 3248 3402 3299 ‘76

1816 3341 2047 3413 profecti
2077 3348 2233 3407 sunt;
2264 3340 2353 3411 qui
2385 3349 2510 3411 post
2535 3341 2739 3396 multas
2782 3341 3158 3398 tribulationes
3204 3350 3259 3397 et
3299 3358 3407 3398 an-

1816 3434 2025 3507 gustias
2055 3433 2112 3488 in
2152 3433 2273 3504 ipso
2322 3432 2540 3499 itinere,
2572 3448 2699 3488 cum
2730 3433 2987 3501 redirent,
3017 3435 3071 3489 in
3103 3433 3246 3490 bona
3275 3451 3406 3491 con-

1815 3524 2053 3582 fessione
2104 3526 2237 3581 satis
2282 3524 2514 3580 feliciter
2563 3525 2777 3593 obiere;
2814 3541 3052 3597 quorum
3102 3544 3263 3596 unus,
3314 3528 3405 3600 qui

1816 3628 2064 3676 sanctam
2092 3619 2322 3675 Mariam
2351 3618 2674 3690 quotidiano
2718 3617 2902 3673 ofﬁcio
2941 3619 3194 3691 singulari
3237 3620 3408 3677 devo-

1816 3713 1967 3769 tione
1994 3713 2241 3769 venerari
2262 3713 2566 3781 consuevit,
2590 3711 2661 3767 ad
2681 3712 2947 3769 ecclesiam
2965 3722 3169 3770 sanctae
3196 3716 3408 3783 Mariaa,

1815 3808 1871 3861 in
1896 3807 2017 3877 ipso
2046 3806 2183 3862 mari
2213 3822 2339 3861 cum
2384 3814 2714 3870 moreretur,
2744 3821 2844 3877 per
2884 3808 3067 3861 navim
3098 3810 3216 3863 Deo
3259 3809 3409 3864 ordi—

1816 3908 1982 3954 naute
2008 3898 2289 3969 deportari
2330 3899 2554 3966 meruit,
2600 3898 2786 3968 ibique
2815 3914 2845 3952 a
2891 3908 3088 3969 quarto
3125 3915 3407 3956 consacer-

1817 3990 1944 4047 dote
1984 4008 2105 4059 suo,
2140 3992 2232 4063 qui
2283 3993 2431 4048 solus
2460 4008 2524 4047 ex
2572 3992 2677 4048 illis
2722 4000 2960 4063 quatuor
2999 3992 3177 4049 adhuc
3217 4009 3408 4065 super-

1417 4126 1662 4181 VARI/E
1688 4124 2103 4181 LECTIONES.

181 4254 267 4290 ⁸⁸³
297 4254 350 4309 b.
382 4252 606 4333 nomine
636 4257 699 4333 2._
764 4249 830 4333 ξθδ
859 4266 978 4321 qum
1004 4255 1504 4333 seqy‘qiit'urysqz’iﬁ
1519 4250 1670 4333 Hunc
1703 4248 1883 4305 clerici
1912 4251 1970 4333 ίζι
2003 4249 2110 4329 loco
2138 4264 2267 4333 ριεο
2295 4253 2343 4302 1.

76 4328 172 4363 ³⁶⁶
212 4341 343 4396 qua:
367 4356 436 4365 —-
465 4323 729 4380 laboravit
749 4319 943 4378 desunt
966 4328 1020 4377 2.
1067 4319 1162 4355 ’5"
1187 4322 1362 4375 Xllll.
1437 4320 1505 4358 ⁵⁸⁸
1530 4321 1820 4375 scilicet—
1843 4320 1985 4373 mala
2018 4319 2212 4372 intulit
2231 4319 2424 4372 desunt
2453 4323 2510 4371 2.
2594 4319 2660 4350 ⁵⁶⁰
2692 4322 2749 4371 in
2783 4320 2888 4373 loco
2922 4335 3044 4373 raso
3083 4330 3130 4373 1.
3208 4320 3276 4353 57°
3300 4324 3410 4376 iam

76 4400 307 4463 pergit
356 4403 410 4451 1.
491 4394 556 4431 δτι
594 4399 651 4449 in
697 4396 803 4449 loco
852 4410 974 4449 raso
1014 4397 1072 4463 il.
1148 4393 1223 4442 ⁵7³
1247 4393 1427 4462 pergit
1473 4397 1522 4447 1.
1598 4390 1664 4425 ⁵⁷³
1693 4394 1771 4446 ita
1802 4397 1851 4446 1.
1929 4388 1995 4423 ‘7‘
2015 4391 2197 4460 pergit
2236 4394 2285 4444 1.
2361 4386 2427 4421 ⁵⁸⁷⁸
2452 4391 2534 4443 ita
2577 4388 2866 4458 distinguit
2922 4394 2973 4444 1.
3040 4389 3107 4423 ⁵⁷⁸
3151 4392 3206 4445 S.
3250 4408 3410 4463 pere-

73 4402 307 4474 pergit
356 4403 410 4451 1.
491 4402 651 4449 “71in
697 4402 803 4449 loco
852 4410 974 4449 raso
1023 4402 1072 4447 1.
1148 4402 1387 4462 "vsperge

73 4470 405 4543 grinantes
431 4466 869 4537 Hierosolymam
900 4462 1133 4536 profecti
1156 4472 1304 4521 sunt.
1333 4471 1387 4519 3.

2419 4246 2485 4281 ⁸⁸⁵
2518 4249 2679 4302 Hunc
2700 4277 2771 4287 —
2795 4248 3099 4304 associatus
3124 4249 3319 4304 desunt
3352 4255 3406 4305 2.

2594 4316 2660 4350 ⁵⁶⁹
2692 4322 2749 4371 in
2783 4320 2888 4373 loco
2922 4335 3044 4373 raso
3083 4330 3130 4373 1.
3208 4320 3276 4353 57°
3300 4324 3410 4376 iam

1650 4579 1883 4634 ΝΟΤᾸΞ.

182 4711 382 4774 (1396)
412 4709 558 4761 Inter
598 4705 759 4769 bona,
798 4718 921 4774 qum
962 4701 1253 4757 Adelheidi
1285 4717 1349 4757 ex
1379 4701 1705 4774 haereditate

74 4772 351 4853 paterna
375 4778 702 4853 obtigerant,
724 4772 1226 4853 quichenontilist.
1253 4772 1535 4853 genealog.
1563 4773 1637 4853 de.
1659 4772 1707 4826 la

68 4843 342 4907 Enaison
368 4848 433 4903 de
458 4843 651 4903 Savoie
679 4856 721 4902 t.
752 4849 844 4909 IV,
878 4862 931 4914 p.
968 4850 1112 4909 200.)
1156 4843 1407 4898 numerat
1434 4843 1707 4899 marchio-

68 4928 321 4978 natum
368 4919 435 4973 de
493 4921 656 4985 Susa,
727 4917 989 4972 ducatum
1040 4915 1473 4981 Taurinensem,
1510 4915 1709 4969 vallem

66 4997 497 5063 Agostanam,
547 4990 787 5059 aliasque
836 4995 1008 5042 terras
1036 4986 1176 5042 circa
1223 4987 1533 5053 Genevam,
1588 5000 1713 5057 quae

859 5082 1233 5153 Meginfredus
1255 5082 1501 5138 marchio

676 5298 889 5317 ψ*

1815 4701 1997 4757 omnia
2021 4699 2272 4775 defuncta
2290 4708 2479 4775 _matre
2520 4699 2589 4755 ad
2618 4698 2793 4754 ﬁlium
2821 4698 2941 4775 ejus
2962 4699 3413 4775 primogenitum

1817 4776 2042 4827 Petrum
2064 4770 2512 4835 devolvebantur,
2537 4780 2591 4825 et
2620 4787 2650 4824 a
2680 4779 2830 4841 patre
2854 4770 2926 4826 ad
2952 4772 3120 4828 ﬁliam
3144 4770 3411 4841 Kgnetem

1818 4842 1885 4897 de
1912 4841 2173 4897 Sabaudia
2217 4852 2444 4915 nuptam
2478 4840 2751 4915 Friderico
2782 4840 2851 4896 de
2891 4845 3080 4915 Monte
3120 4840 3411 4915 Bel'ligardi

1818 4928 1913 4968 seu
1944 4916 2070 4979 Bar,
2092 4921 2146 4985 et
2169 4913 2363 4985 comiti
2382 4911 2924 4985 Lucelemburgensi.
2956 4917 3086 4971 Uss.
3118 4945 3188 4957 —
3221 4911 3410 4985 Sequi-

1820 4992 1912 5042 tur
1935 4984 2160 5055 Agnetis
2190 4999 2254 5038 ex
2282 4982 2579 5038 Adelheide
2607 4982 2842 5040 stemma
2872 5003 2886 5039 :

1227 5353 3243 5399 W

2182 5403 2378 5457 Bertha
2776 5402 3072 5458 Adelheida

72 5211 502 5273 Herimannus
521 5211 704 5268 Alam.
851 5191 1151 5265 Adalheida
1251 5246 1255 5251 ρ
1294 5209 1428 5264 Otto
1446 5191 1732 5263 Sabaudia:
1759 5221 1944 5263 comes

61 5339 226 5397 dux
265 5338 481 5402 (Herm.
519 5354 570 5393 a.
606 5340 763 5403 1036)
868 5332 909 5394 'l‘
942 5337 1075 5390 1092

263 5405 309 5466 ‘l'
336 5411 492 5471 1038.
1236 5404 1431 5461 Petrus
1641 5402 1919 5460 Amadeus

1216 5503 1439 5519 ~.§.‘

2022 5473 2265 5529 Heinrici
2292 5476 2384 5530 1V.
2420 5491 2557 5533 uxor
2663 5473 2913 5533 Roudolﬁ
2938 5471 3095 5529 ducis
3120 5472 3210 5530 Al.

1236 5553 1419 5621 Agnes
1509 5546 1819 5605 Fridericus
1847 5561 2032 5603 comes

1394 5647 1532 5664 αν..-

182 5763 388 5831 (1397)
425 5760 630 5819 Tlieiss.

2029 5642 2543 5668 Μ
2792 5628 2946 5669 UXOI'.

2052 5689 2380 5747 Counradus
2408 5705 2504 5745 rex
