4052 6196
596 202 722 256 1411

1592 194 1684 246 AD
1725 184 1951 247 OPERA
1987 192 2044 247 S.
2085 190 2406 283 GREQORII
2442 193 2874 250 APPENDICES.
3722 201 3821 255 1412

592 332 729 392 erat,
756 321 1055 379 honoriﬁce
1081 318 1366 389 sepelitur,
1394 317 1621 389 ipseque
1660 316 1907 388 sepultor
1931 315 2049 387 eius
2073 331 2188 371 non
2216 321 2265 384 Α
2297 318 2469 375 multa
2499 318 2750 375 incendia
2775 295 2887 373 non
2905 317 3080 374 multo
3112 325 3231 390 post
3249 332 3347 390 per
3374 317 3519 374 illam
3540 327 3727 377 terram
3743 325 3824 381 late

594 419 769 475 multo
799 426 925 489 post
949 415 1020 465 '1'
1051 412 1240 469 itidem
1263 412 1333 461 ⁵7⁸
1362 411 1678 485 defungitur
1705 411 1803 465 ⁵7⁸.
1837 411 2077 479 Beatrix,
2104 427 2188 466 so-

594 530 687 571 ror
714 510 974 569 Friderici
1010 506 1347 563 marchionis
1398 511 1581 573 (1398)
1632 514 1686 561 et
1734 522 1872 561 uxor
1905 503 2183 577 quondam

594 604 877 663 Berthaldi
902 602 1054 659 ducis
1081 607 1286 669 (1399),
1317 601 1539 657 tandem
1565 616 1658 671 per
1691 599 2007 656 diuturnam
2030 599 2187 655 inﬁr-

591 701 838 757 mitatem
871 716 902 755 a
940 698 1181 753 Domino
1222 695 1654 752 misericorditer
1682 695 1945 767 castigata
1972 702 2028 750 et
2055 709 2185 749 exa-

590 793 795 849 minata
820 791 1133 848 felicissime
1156 790 1232 841 578
1254 790 1401 847 diem
1422 789 1620 845 clausit
1639 796 1946 843 extremum
1975 794 2027 842 7.
2061 787 2184 842 Kal.

589 868 941 955 Novembris,
968 895 1021 942 et
1051 887 1104 942 in
1132 886 1343 942 civitate
1375 887 1681 939 Leucorum
1702 882 1768 937 ab
1799 880 2051 953 episcopo
2082 880 2186 936 loci

591 981 893 1039 honoriﬁce
917 981 1199 1053 sepelitur.
1224 983 1485 1036 Domnus
1513 976 1863 1044 Oudalricus,
1892 976 1985 1048 qui
2014 974 2184 1030 abba-

588 1078 721 1133 tiam
750 1077 923 1134 sancti
959 1075 1103 1133 Galli
1132 1084 1185 1131 et
1212 1074 1618 1145 Aquileiensem
1649 1072 2027 1142 episcopatum
2070 1085 2185 1125 non

590 1171 849 1228 intrando
896 1186 993 1243 per
1020 1169 1226 1225 ostium
1258 1167 1512 1236 obtinuit,
1560 1182 1652 1238 per
1691 1163 1966 1236 quendam
1994 1179 2186 1220 mona-

592 1266 759 1322 chum
794 1266 877 1321 sui
911 1262 1235 1319 monasterii
1269 1267 1446 1328 (1400)
1484 1258 1871 1317 Gebehardum
1904 1260 2183 1315 Constan-

590 1361 825 1416 tiensem
854 1360 1171 1431 episcopum
1201 1357 1549 1428 supplantare
1578 1361 1811 1409 conatus
1854 1360 1955 1420 est,
1987 1352 2073 1407 cui
2105 1352 2186 1407 in-

593 1454 914 1509 vestituram
947 1450 1195 1523 ejusdem
1215 1449 1558 1521 episcopatus
1588 1464 1616 1502 a
1644 1447 1899 1502 Heinrico
1924 1446 2181 1517 impetra-

592 1547 683 1602 vit.
713 1549 809 1602 Set
844 1561 973 1600 cum
1009 1543 1247 1599 eundem
1283 1542 1758 1614 supplantatorem
1786 1550 1911 1595 ante
1942 1540 2181 1595 natalem

591 1639 817 1695 Domini
846 1638 1217 1694 inthronizare
1245 1636 1433 1703 vellet,
1465 1650 1497 1691 a
1547 1632 2062 1691 Constantiensibus
2090 1648 2180 1688 re-

2290 421 2603 482 grassatura
2635 412 2939 485 signiﬁcare
2976 428 3093 467 non
3138 410 3539 467 dubitabantur.
3594 417 3720 469 Nam
3744 416 3822 473 dux

2293 505 2474 562 Well’o
2502 515 2556 562 et
2586 522 2776 563 comes
2804 506 3093 563 Odalricus
3119 504 3185 538 "9
3212 505 3280 561 de
3311 506 3591 578 Brigantio
3620 512 3770 575 (1402‘,
3788 522 3827 568 et

2292 598 2380 654 alii
2420 616 2585 672 quam
2625 601 2805 673 plures
2853 599 3197 656 omnimodis
3232 616 3291 655 se
3335 600 3566 656 invicem
3612 602 3827 661 incendiis

2291 692 2572 750 devastare
2616 696 2855 768 aggressi
2885 703 3035 751 sunt.
3084 692 3387 767 Sigifredus
3431 695 3602 750 abbas
3644 696 3829 754 Scafhu-

2292 788 2463 844 sensis
2491 787 2561 845 de
2605 788 2934 845 Alemannia
2972 788 3166 844 cellam
3208 787 3547 844 Nobiliacum
3576 794 3737 855 (1403)
3763 791 3829 847 di-

2291 890 2439 938 ctam
2467 898 2497 937 a
2539 882 2810 939 Richardo
2848 882 3175 939 Massiliensi
3204 883 3403 939 abbate
3430 882 3748 955 impetravit,
3774 885 3831 942 lo-

2291 992 2524 1048 cumque
2562 977 2664 1033 sibi
2708 977 2928 1049 suisque
2970 976 3231 1034 fratribus
3270 976 3343 1033 ibi
3385 978 3726 1051 praeparavit,
3752 997 3832 1053 quo

2292 1069 2358 1126 ad
2388 1078 2605 1141 tempus
2632 1071 2883 1128 secedere
2914 1080 3113 1144 posset,
3143 1072 3189 1127 si
3220 1071 3363 1128 forte
3381 1071 3439 1127 in
3468 1088 3569 1129 suo
3598 1084 3834 1132 monaste-

2291 1164 2374 1220 rio
2390 1173 2615 1237 propter
2627 1166 3261 1223 excommunicationem
3282 1167 3572 1239 persistere
3587 1170 3832 1241 nequisset.

2292 1260 2431 1312 Nam
2462 1258 2550 1314 illa
2579 1267 2861 1315 veternosa
2912 1260 3405 1316 excommunicatio
3433 1276 3600 1332 quam
3629 1261 3724 1334 pie
3747 1278 3835 1319 me-

2292 1351 2481 1407 moriae
2498 1354 2800 1425 Gregorius
2826 1370 2958 1425 papa
2981 1370 3150 1425 super
3172 1354 3494 1410 Guibertum
3516 1363 3569 1410 et
3593 1355 3703 1426 ejus
3723 1372 3837 1411 com-

2290 1444 2455 1515 plices
2482 1445 2629 1512 fecit,
2654 1447 2770 1519 jam
2792 1448 2928 1504 adeo
2958 1448 3194 1520 majores
3216 1455 3377 1519 atque
3404 1448 3649 1505 minores
3674 1449 3725 1504 in
3745 1449 3837 1505 Ale-

2290 1540 2510 1595 mannia
2557 1541 2971 1610 contaminavit,
3014 1549 3075 1597 ut
3123 1542 3326 1613 quique
3364 1539 3607 1614 religiosi
3645 1558 3697 1599 se
3728 1544 3837 1599 inter

2294 1646 2390 1689 eos
2409 1635 2557 1689 salva
2574 1636 2843 1691 catholica
2862 1635 3254 1692 communione
3280 1636 3669 1708 perduraturos
3683 1637 3836 1708 despe-

589 1744 780 1808 ceptus
798 1749 913 1789 non
938 1742 1039 1803 est,
1073 1733 1247 1788 immo
1272 1747 1383 1787 non
1420 1730 1535 1786 sine
1569 1728 1896 1785 contumelia
1926 1725 2187 1799 repedare
2219 1697 2272 1763 Β
2300 1729 2561 1784 raverint.
2612 1729 2963 1786 Nobilissima
3004 1730 3276 1786 comitissa
3308 1730 3531 1802 Sophia,
3582 1730 3725 1787 vidua
3747 1732 3833 1787 Lu-

592 1828 913 1901 compulsus
942 1836 1043 1884 est.
1089 1829 1320 1899 Magnus
1353 1840 1572 1897 quoque
1603 1834 1766 1879 terra
1796 1831 1983 1879 motus
2012 1823 2071 1877 in
2101 1837 2191 1877 eo-
2291 1822 2496 1879 dowici
2526 1823 2764 1890 comitis,
2790 1831 2969 1879 mater
2999 1823 3100 1896 piae
3130 1824 3412 1880 memoria:
3440 1824 3696 1881 Beatricis
3714 1825 3836 1882 ducis

554 1966 555 1969 η
589 1924 713 1981 dem
751 1923 1065 1995 episcopatu
1096 1921 1244 1994 apud
1272 1920 1465 1977 cellam
1505 1920 1803 1976 Salvatoris
1832 1936 1897 1976 eo
1934 1928 2187 1991 tempore
2293 1925 2347 1973 et
2388 1916 2650 1973 Friderici
2696 1917 3056 1987 marchionis,
3102 1917 3157 1973 in
3202 1926 3482 1975 senectute
3530 1919 3695 1987 bona,
3736 1935 3833 1975 cum

589 2026 756 2075 noctu
783 2017 1045 2089 contigit;
1073 2015 1223 2072 unde
1248 2024 1304 2072 et
1329 2015 1517 2087 paucis
1546 2024 1679 2070 tunc
1703 2014 1966 2083 innotuit,
1989 2022 2187 2086 praeter
2286 2010 2401 2083 jam
2442 2011 2645 2068 multos
2669 2011 2907 2068 ﬁliorum
2936 2028 3168 2068 suorum
3194 2011 3338 2069 ﬁlios
3365 2011 3437 2049 ⁶⁸⁰
3470 2012 3693 2079 videret,
3718 2013 3833 2069 diem

589 2111 859 2184 quosdam
880 2096 1172 2184 religiosos
1203 2112 1346 2165 viros
1372 2110 1551 2177 (1401)
1596 2117 1650 2165 et
1693 2107 1939 2177 feminas,
1985 2108 2186 2179 quibus

589 2206 780 2262 eadem
809 2214 971 2261 nocte
1008 2204 1253 2260 nondum
1283 2219 1513 2258 somnus
1538 2203 1801 2273 obrepsit.
1836 2204 1997 2257 Hunc
2026 2210 2186 2259 terra

591 2308 809 2356 motum
869 2298 1115 2354 catholici
1160 2298 1312 2369 juxta
1368 2295 1710 2366 evangelium
1762 2295 1998 2350 divinam
2046 2295 2186 2351 iram

590 2392 918 2463 portendere
944 2407 1044 2462 pro
1078 2390 1386 2461 supradicta
1420 2387 1848 2459 praesumptione
1876 2404 1991 2445 non
2016 2388 2185 2446 dubi-

592 2495 798 2543 tarunt.

1248 2574 1516 2634 MXCIII.

659 2670 911 2729 Domnus
943 2687 1079 2744 papa
1108 2670 1367 2727 Urbanus
1402 2670 1747 2727 nativitatem
1781 2670 2003 2727 Domini
2031 2680 2183 2727 extra

588 2766 824 2819 Romam
851 2763 905 2817 in
930 2772 1073 2818 terra
1094 2761 1264 2817 sancti
1286 2761 1433 2817 Petri
1456 2760 1764 2829 celebravit,
1792 2776 1857 2816 eo
1877 2760 2024 2831 quod
2042 2776 2183 2817 non-

587 2857 719 2913 dum
749 2860 987 2913 Romam
1013 2857 1219 2927 absque
1246 2863 1459 2910 armata
1489 2870 1658 2910 manu
1682 2854 1883 2910 intrare
1918 2854 2179 2927 potuerit,

588 2950 944 3008 Guibertistis
992 2948 1214 3020 quidem
1279 2956 1331 3003 et
1394 2947 1880 3004 excommunicatis
1936 2948 2177 3005 multum

586 3046 762 3102 adhuc
787 3045 861 3102 ibi
884 3043 1318 3117 praevalentibus,
1348 3058 1451 3098 nec
1478 3042 1635 3099 facile
1660 3059 1717 3099 se
1745 3042 1951 3115 absque
1982 3042 2181 3100 violen-

2292 2105 2487 2161 clausit
2530 2114 2853 2161 extremum.
2903 2108 2965 2161 In
3024 2105 3410 2179 Longobardia
3468 2106 3834 2179 prudentissimi

2293 2198 2492 2255 milites
2508 2201 2687 2255 sancti
2706 2200 2873 2267 Petri,
2891 2199 3074 2256 Welfo
3100 2200 3211 2256 dux
3230 2208 3285 2256 et
3300 2216 3437 2257 uxor
3454 2200 3579 2272 ejus
3599 2200 3831 2267 Mathilda,

2283 2290 2404 2363 jam
2432 2292 2667 2349 triennio
2697 2303 2885 2349 contra
2913 2292 3255 2350 scismaticos
3283 2293 3509 2349 viriliter
3539 2294 3831 2359 dimicantes,

2292 2384 2518 2442 tandem
2535 2386 2769 2442 multum
2788 2394 2977 2442 contra
2998 2386 3168 2458 ipsos,
3186 2389 3305 2443 Deo
3327 2388 3651 2456 Opitulante,
3667 2386 3833 2443 confer

2290 2478 2387 2534 tati
2414 2488 2562 2536 sunt.
2610 2483 2751 2536 Nam
2794 2479 3158 2536 Chounradus
3205 2481 3349 2537 ﬁlius
3394 2483 3639 2538 Heinrici
3674 2483 3833 2553 regisa

2289 2581 2442 2644 patre
2466 2573 2738 2643 discessit,
2769 2582 2825 2630 et
2852 2573 3094 2631 Welfoni
3122 2574 3246 2631 duci
3270 2575 3607 2648 reliquisque
3633 2574 3835 2630 ﬁdelibus

2289 2668 2458 2724 sancti
2490 2668 2632 2725 Petri
2659 2676 2849 2724 contra
2878 2677 3091 2739 patrem
3121 2685 3249 2725 cum
3278 2670 3394 2725 suis
3418 2670 3642 2741 adjuvit.
3674 2669 3836 2725 Civita-

2289 2767 2370 2818 tes
2392 2778 2609 2834 quoque
2626 2762 2691 2818 de
2717 2762 3124 2835 Longobardia,
3148 2762 3553 2829 Mediolanum,
3585 2765 3835 2825 Cremona,

2288 2856 2495 2924 Lauda,
2528 2857 2825 2925 Placentia,
2845 2865 3033 2913 contra
3058 2857 3385 2913 Heinricum
3407 2857 3467 2912 in
3498 2858 3677 2929 viginti
3700 2872 3839 2913 annos

2297 2951 2738 3023 conjuraverunt,
2790 2952 2882 3022 qui
2929 2966 3120 3007 omnes
3167 2951 3424 3023 praedicto
3474 2951 3599 3008 duci
3647 2950 3840 3005 ﬁdeliter

2295 3044 2640 3101 adbeserunt.
2672 3044 2956 3101 Transitus
3000 3045 3169 3101 etiam
3197 3044 3420 3117 Alpium
3452 3044 3510 3100 in
3559 3044 3841 3116 Longobar-

586 3140 662 3196 tia
689 3139 813 3195 inde
839 3139 1030 3210 expelli
1062 3136 1525 3210 permittentibus.
1559 3138 1682 3207 Ipse
1720 3152 1850 3192 vero
1875 3136 2178 3193 Guibertus
2211 3119 2259 3186 (ἶ
2292 3140 2441 3195 diam
2492 3138 2717 3211 quidam
2746 3138 3108 3194 obtinuerunt
3144 3148 3207 3194 ut
3240 3138 3488 3195 fautores
3520 3139 3745 3194 Heinrici
3786 3136 3842 3192 ad

586 3250 651 3290 eo
679 3242 929 3305 tempore
956 3248 1084 3288 cum
1106 3232 1438 3303 imperatore
1457 3245 1558 3286 suo
1577 3230 1833 3286 Heinrico
1864 3230 2177 3302 Longobar—

586 3327 688 3385 diae
717 3327 1057 3395 morabatur,
1087 3334 1140 3381 et
1169 3323 1426 3398 quicquid
1465 3324 1644 3396 potuit
1672 3341 1799 3381 cum
1830 3324 1950 3397 ipso
1988 3334 2178 3382 contra

585 3420 783 3477 ducem
810 3419 1127 3477 Welfonem
1153 3426 1207 3475 et
1226 3419 1345 3491 ejus
1374 3434 1602 3473 uxorem
1635 3418 1983 3486 Mathildam,
2007 3419 2177 3475 sancti

584 3516 727 3571 Petri
754 3515 947 3583 ﬁliam,
982 3513 1414 3570 machinabatur.
1444 3512 1782 3569 Venerabilis
1812 3512 2174 3582 Wernherus,

584 3607 1045 3680 Merseburgensis
1074 3607 1301 3665 melesiae
1325 3607 1633 3679 episcopus,
1673 3617 1794 3677 post
1815 3606 2016 3663 multas
2040 3623 2175 3663 con-

585 3702 907 3759 ilictationes
957 3710 1150 3758 contra
1191 3701 1628 3758 scismaticorum
1669 3700 2174 3773 tergiversationes,

586 3794 805 3849 tandem
854 3795 907 3849 in
959 3794 1219 3851 ﬁdelitate
1264 3795 1437 3851 sancti
1486 3794 1630 3851 Petri
1675 3794 1821 3851 diem
1867 3803 2175 3852 extremum

586 3886 804 3951 clausit;
839 3887 929 3957 qui
959 3887 1106 3942 solus
1152 3896 1284 3943 tunc
1322 3890 1377 3942 in
1421 3888 1653 3943 Saxonia
1700 3889 1979 3945 catholicae
2018 3906 2173 3946 com-

586 3978 867 4035 munionis
911 3978 1195 4050 episcOpus
1242 3980 1524 4034 remansit.
1574 3980 1738 4036 Unde
1791 3990 1848 4036 et
1894 3982 2175 4038 catholicis

584 4089 845 4145 magnam
868 4072 1177 4139 tristiciam,
1210 4080 1262 4128 et
1286 4073 1771 4127 excommunicatis
1803 4090 2058 4146 magnam
2100 4076 2173 4131 le-

552 4169 769 4227 ,ticiam
800 4166 1054 4224 obeundo
1084 4167 1320 4238 reliquit.
1363 4166 1513 4223 Obiit
1554 4172 1739 4222 autem
1770 4168 1899 4223 satis
1942 4168 2170 4226 feliciter

586 4268 635 4317 3.
686 4262 814 4318 Idus
859 4261 1123 4317 Januarii.
1174 4262 1237 4315 In
1282 4261 1604 4316 Alemannia
1655 4277 1749 4333 per
1796 4262 2007 4319 divorsa
2054 4265 2172 4321 loca

585 4356 751 4413 multi
806 4356 961 4429 ignes
1015 4371 1111 4427 per
1156 4370 1323 4411 mrem
1379 4355 1539 4411 simul
1587 4354 1712 4411 ferri
1756 4357 2078 4414 videbantur
2119 4364 2170 4414 in

2288 3235 2468 3304 ipsum
2505 3248 2615 3288 non
2661 3241 2882 3304 possent
2931 3232 3213 3305 proﬁcisci.
3247 3235 3618 3305 Augustenses
3660 3231 3840 3302 episco-

2289 3342 2419 3399 pum
2448 3331 2631 3394 (1404)
2671 3342 2838 3398 quem
2881 3326 3170 3383 Heinricus
3210 3326 3317 3382 illis
3346 3326 3503 3382 dedit
3530 3325 3838 3398 expulerunt,

2286 3420 2499 3492 ipsique
2547 3419 2647 3476 sibi
2696 3420 3027 3477 catholicum
3066 3430 3342 3493 pastorem
3390 3424 3575 3487 (1405)
3617 3418 3842 3475 canonice

2287 3515 2587 3587 elegerunt,
2630 3515 2719 3587 qui
2750 3515 3173 3587 Eboregiensem
3202 3515 3529 3587 episcopum
3572 3515 3627 3570 in
3653 3511 3842 3569 castello

2287 3625 2395 3682 quo
2445 3610 2711 3665 transitus
2757 3609 2973 3681 Alpium
3002 3609 3310 3665 custoditur
3352 3611 3536 3679 (1406)
3567 3606 3842 3679 captivavit,

2283 3703 2430 3775 quod
2464 3704 2575 3776 ipse
2601 3703 2673 3759 illi
2704 3702 2879 3759 facere
2897 3702 3232 3759 deliberavit.
3259 3704 3525 3759 Metentis
3554 3702 3777 3758 ecclesia
3800 3705 3844 3752 et

2286 3797 2560 3853 Tullensis
2584 3805 2639 3853 et
2666 3796 3030 3853 Virdunensis
3067 3798 3133 3853 ab
3155 3797 3461 3854 obedientia
3491 3799 3563 3837 ⁵⁶ι
3593 3792 3840 3869 Eigilberti

2283 3890 2631 3947 Treverensis
2676 3891 3130 3947 excommunicati
3167 3890 3562 3959 discesserunt,
3610 3891 3752 3962 eique
3792 3900 3839 3941 se

2285 4000 2395 4039 non
2424 3984 2662 4055 amplius
2699 3983 3021 4040 obedituras
3048 3986 3394 4056 apertissime
3434 3985 3837 4046 mandaverunt;

2284 4094 2525 4150 quorum
2574 4077 2835 4133 Metensis
2872 4077 3112 4133 refutato
3172 4079 3421 4150 episcopo
3474 4080 3655 4149 (1407)
3702 4088 3835 4147 quem

2283 4172 2576 4227 Heinricus
2600 4172 2679 4227 eis
2705 4171 2834 4228 dare
2866 4172 3054 4240 voluit,
3101 4172 3199 4244 ipsi
3236 4173 3334 4228 sibi
3366 4174 3635 4229 canonice
3673 4171 3735 4206 ⁸⁵⁸
3760 4182 3834 4221 ca-

2284 4265 2547 4322 tholicum
2570 4275 2843 4337 pastorem
2878 4268 3061 4335 (1408)
3086 4266 3291 4338 elegere
3320 4266 3413 4335 ⁵⁸³,
3445 4280 3672 4338 eumque
3694 4281 3722 4318 τι
3750 4262 3839 4317 Ge-

2284 4359 2526 4416 behardo
2549 4361 2958 4417 Constantiensi
2989 4363 3265 4433 episcopo,
3296 4360 3437 4417 sedis
3461 4359 3764 4433 apostolicae
3781 4356 3843 4410 le-

582 4458 773 4507 octava
800 4448 1100 4522 epiphanim
1134 4448 1187 4504 in
1214 4462 1437 4505 summo
1468 4464 1648 4518 mane,
1678 4450 1769 4521 qui
1797 4453 1984 4524 utique
2019 4454 2173 4524 ignes
2202 4442 2255 4510 Β
2283 4465 2427 4529 gato,
2458 4454 2720 4510 catholice
2747 4462 2910 4527 atque
2940 4454 3195 4511 canonice
3244 4456 3561 4511 consecrari
3608 4453 3774 4510 fecere
3799 4456 3843 4503 6.

1872 4579 2123 4635 vanus
2167 4580 2575 4649 LECTIONES.

654 4698 729 4751 “77
758 4703 878 4771 post
904 4699 962 4756 iti
1000 4699 1191 4768 folium
1219 4697 1422 4754 excidit
1443 4703 1496 4753 2.
1574 4697 1648 4750 ⁸7⁸
1677 4702 1735 4755 in
1765 4700 1871 4757 loco
1895 4717 2024 4760 raso
2054 4710 2101 4761 1.

582 4772 656 4811 ⁵⁸³
684 4774 828 4829 deest
845 4777 897 4827 2.
972 4771 1043 4809 ⁵⁸³
1059 4774 1181 4842 jam
1198 4774 1383 4842 pergit
1408 4779 1454 4825 1.

2185 4705 2262 4757 579
2295 4708 2372 4761 ita
2424 4710 2470 4762 1.

2549 4702 2621 4742 ³⁸⁰
2648 4719 2692 4761 s.
2728 4702 2767 4760 f.
2807 4704 3001 4761 desunt
3026 4711 3078 4762 3.
3154 4703 3225 4745 εει
3265 4702 3468 4762 dientia
3510 4705 3595 4761 ita
3616 4702 3788 4776 pergit
3810 4707 3852 4759 1ο

2109 4866 2343 4924 NOTAE.

652 4982 835 5051 (1398)
859 4979 959 5034 Est
984 4976 1073 5033 hic
1102 4976 1227 5053 ipse
1260 4976 1584 5053 Fridericus,
1614 4974 1684 5053 de
1715 4991 1826 5053 quo
1853 4994 1980 5053 mox
2007 4996 2170 5053 supra

582 5048 792 5123 actum,
814 5064 1018 5123 comes
1050 5048 1439 5123 Mdncionis‘et
1465 5048 1899 5123 Montisbeliardi
1928 5054 1997 5107 ob
2029 5048 2169 5123 prae-

581 5122 782 5179 dictam
812 5121 1184 5178 haereditatem
1211 5120 1456 5177 marchio
1486 5120 1705 5191 dictus,
1726 5121 1885 5191 cujus
1918 5131 1973 5177 et
2010 5120 2168 5180 s'oro-

581 5194 657 5250 ris
704 5195 822 5267 ejus
866 5193 1133 5248 Beatricis
1179 5203 1414 5247 stemma
1456 5192 1597 5247 sistit
1625 5190 1994 5263 Schmpﬁinus
2024 5196 2166 5251 Hist.

578 5265 799 5320 Zarinz.
833 5264 968 5320 Bad.
1004 5274 1045 5319 t.
1075 5267 1122 5320 Ι.
1148 5279 1200 5320 n.
1236 5269 1329 5320 58.
1356 5278 1475 5320 sua.
1512 5265 1641 5319 Uss.

658 5282 799 5329 ring.
838 5279 968 5320 Bad.
1004 5279 1045 5319 t.
1075 5279 1122 5329 1,
1148 5279 1200 5329 p.
1236 5279 1329 5329 an,
1356 5279 1475 5329 sqq.
1520 5279 1641 5319 uss.

658 5282 799 5335 ring.
838 5278 968 5320 Bad.
1004 5278 1045 5319 t.
1075 5278 1122 5329 1,
1148 5279 1200 5333 p.
1236 5278 1329 5329 an,
1356 5278 1475 5334 sqq.
1520 5278 1641 5319 uss.

653 5342 839 5401 (1399)
870 5335 1035 5391 Primi
1062 5335 1166 5389 hoc
1194 5334 1421 5389 nomine
1443 5335 1809 5404 Zaringensis.
1841 5339 1971 5394 Uss.

653 5412 833 5473 (1400)
860 5406 1171 5463 Arnoldum
1198 5404 1449 5460 nominat
1470 5406 1828 5464 Burkhardus
1852 5412 1933 5465 De
1959 5410 2176 5467 casibus

582 5476 821 5533 monast.
854 5483 909 5535 S.
943 5473 1088 5535 Galli
1127 5493 1243 5543 cap.
1277 5482 1341 5543 7;
1380 5473 1453 5531 cf.
1481 5476 1792 5535 Chronicon
1817 5482 1888 5537 Pe
1910 5481 2175 5538 ershusa-

584 5566 719 5606 num
750 5548 787 5603 1.
823 5564 923 5613 111,
961 5567 1017 5604 n.
1049 5553 1138 5605 26.
1173 5550 1302 5605 Uss.

656 5618 838 5687 (1401)
872 5622 1122 5689 Quorum
1146 5635 1288 5675 unus
1319 5616 1621 5691 Bernoldus
1652 5618 1857 5691 fuerit?

654 5697 835 5759 (1402)
878 5691 1000 5747 Vid.
1036 5692 1313 5760 Disquisit.
1362 5690 1430 5746 ad
1477 5689 1684 5747 Chron.
1717 5690 2178 5752 Petershusanum

584 5779 638 5833 p.
687 5769 792 5818 292
818 5776 940 5834 sqq.
966 5759 1307 5832 (Patrologiw
1350 5767 1482 5818 tom.
1520 5759 1771 5831 CXLIII,
1801 5764 1856 5819 in
1891 5768 2177 5824 Hnnuan.

2280 4984 2662 5049 Conrnacr.)
2688 4989 2741 5037 et
2762 4982 2968 5039 Chron.
2994 4983 3028 5038 l.
3072 4996 3174 5049 nr,
3208 4999 3263 5037 n.
3305 4988 3389 5039 16.
3417 4981 3550 5040 Uss.

2352 5056 2531 5120 (1403)
2555 5055 2828 5110 Urstisius
2847 5055 2905 5109 in
2931 5063 3057 5109 nota
3087 5055 3277 5111 cellam
3303 5054 3447 5110 hanc
3466 5054 3621 5109 illam
3645 5056 3697 5110 S.
3727 5050 3854 5109 Fidis

2280 5124 2337 5179 in
2392 5123 2831 5197 Grafenhausem
2886 5126 3025 5197 juris
3088 5126 3250 5181 hodie
3312 5126 3708 5197 VSan-Blasiani
3756 5125 3851 5177 vico

2279 5196 2601 5271 suspicatur.
2645 5196 2767 5253 Vid.
2811 5196 3063 5254 Gerbert.
3090 5197 3234 5254 Hist.
3266 5196 3427 5254 Silva:
3453 5197 3622 5271 Nigr.
3649 5206 3694 5252 t.
3728 5198 3771 5263 1,
3808 5209 3853 5263 p-

2281 5272 2408 5322 264.
2441 5270 2573 5323 Uss.

2355 5339 2536 5408 (1404)
2565 5337 2911 5409 Sigefridum.

2355 5414 2533 5485 (1:105)
2556 5408 2934 5467 Eh’erhardum
2954 5430 2968 5481 ;
2990 5426 3049 5469 v.
3075 5418 3220 5470 Ann.
3241 5417 3471 5485 August.
3495 5426 3551 5468 a.
3591 5416 3749 5479 1094,
3770 5408 3844 5465 SS.

2283 5488 2324 5536 t.
2358 5483 2457 5546 Ill,
2492 5497 2544 5547 p.
2586 5486 2703 5536 124.

2359 5556 2540 5616 (I406)
2570 5552 2736 5607 Bard.

2358 5626 2537 5689 (1407)
2570 5623 2913 5681 Adalberone
2936 5672 2937 5675 η

2362 5699 2539 5761 (1408)
2570 5697 2916 5767 Popponem.
