4052 6196
320 218 451 271 1413

1218 212 1509 280 APPEND.
1550 219 1635 274 ll].
1675 249 1741 259 ——
1779 214 2196 276 MONUMENTA
2233 222 2693 277 GREGORIANA.

3468 225 3604 279 1414

312 339 433 394 Kal.
463 340 687 411 Aprilis,
737 342 795 396 in
830 340 1013 398 medio
1053 340 1482 413 quadragesima:
1524 342 1605 397 53".
1653 346 1909 401 Domnus
1933 351 1986 413 Λ
2015 344 2356 419 disciplinam
2389 345 2591 402 ibidem
2638 345 2887 400 instituit.
2932 344 3133 402 Eodem
3164 346 3327 403 etiam
3356 355 3603 419 tempore

311 448 447 505 papa
484 434 741 490 Urbanus
799 436 1105 507 generalem
1151 435 1406 492 sinodum
1450 443 1629 503 (1409)
1673 444 1897 494 centum

312 542 449 599 pene
474 527 855 599 episcoporum
880 528 937 583 in
968 528 1395 601 quadragesima
1419 546 1484 586 ex
1514 531 1737 586 diversis
1776 548 1897 602 pro-

312 620 504 675 vinciis
523 622 583 675 in
605 622 803 691 Apulia
834 624 1205 695 congregavit,
1236 632 1291 678 et
1309 624 1536 680 diversis
1558 625 1896 681 aeclesiardm

309 714 721 769 necessitatibus
748 714 977 771 sinodali
1014 718 1324 788 provisione
1369 727 1742 790 competenter
1769 735 1896 774 suc—

309 822 528 863 currere
548 808 757 864 curavit
777 808 867 863 5'5.
894 811 959 864 In
975 811 1364 882 Longobardia
1380 812 1898 869 Chuonradusﬁlius

308 901 550 957 Heinrici
581 902 717 974 regis
745 918 773 957 a
804 911 953 974 patre
974 904 1103 960 dolo
1128 906 1552 962 circumvenitur
1576 915 1630 962 et
1656 906 1896 977 captiva-

308 1004 430 1063 tur;
456 1003 540 1051 set
578 996 675 1051 Dei
715 995 1096 1054 misericordia
1129 999 1259 1055 inde
1287 1010 1529 1071 ereptus,
1560 1018 1589 1055 a
1632 1000 1895 1056 Mediola-

308 1089 461 1144 nensi
504 1089 909 1173 archiepiscopo
956 1096 1138 1159 (1410)
1186 1101 1241 1149 et
1286 1094 1507 1165 reliquis
1536 1094 1707 1149 sancti
1754 1094 1897 1151 Petri

305 1181 552 1239 ﬁdelibus
602 1183 657 1239 in
702 1200 888 1257 regem
934 1196 1253 1254 coronatur,
1309 1188 1584 1243 annitente
1647 1188 1898 1245 Welfone

305 1276 441 1334 duce
471 1279 659 1343 Italiae,
689 1289 745 1335 et
770 1279 1031 1337 Mathilda
1061 1281 1181 1353 ejus
1210 1280 1496 1337 karissima
1534 1282 1600 1315 ⁵⁸⁸
1642 1283 1893 1354 coniuge.

303 1372 398 1427 Set
424 1381 478 1427 et
519 1382 673 1444 pater
700 1372 945 1445 ejusdem
992 1374 1167 1444 ducis,
1212 1375 1399 1431 Welio
1449 1376 1558 1431 dux
1607 1376 1895 1448 Bajoariae,

304 1481 419 1521 non
447 1467 620 1522 multo
658 1476 781 1538 post
823 1467 893 1523 ad
939 1469 1175 1525 eundem
1203 1469 1415 1525 noviter
1444 1478 1771 1525 coronatum
1807 1487 1897 1525 re-

304 1574 430 1632 gem
471 1560 527 1615 in
573 1561 1016 1633 Longobardiam
1063 1564 1229 1632 venit,
1275 1565 1429 1635 eique
1468 1580 1595 1619 cum
1638 1564 1752 1619 ﬁlio
1795 1579 1896 1621 suo

302 1652 533 1709 ﬁdeliter
558 1638 816 1711 adh-erere
853 1657 1064 1729 sategit.
1092 1658 1388 1713 Heinricus
1417 1673 1542 1713 vero
1571 1666 1724 1729 pater
1753 1659 1897 1730 regis

2006 440 2149 495 idem
2196 441 2484 512 episcopus
2550 438 2810 510 pradicto
2878 437 3064 493 abbati
3121 439 3263 496 aliud
3314 449 3601 496 monaste-

2003 533 2146 588 rium
2201 538 2385 601 (1413)
2442 530 2551 589 non
2604 533 2764 605 longe
2835 532 3071 587 multum
3130 532 3255 588 inde
3312 538 3490 601 (1414)
3548 534 3604 589 in

2007 627 2275 683 honorem
2332 628 2505 683 sancti
2582 626 2809 699 Georgii
2873 626 3243 693 consecravit;
3292 642 3453 698 quem
3522 628 3601 684 lo-

2004 736 2130 777 cum
2186 730 2242 776 et
2297 737 2526 793 quaeque
2591 720 2658 776 ad
2728 720 2884 776 illum
2962 720 3306 791 pertinentia,
3376 720 3601 792 quidam

2003 814 2201 869 nobilis
2229 814 2400 870 homo
2430 814 2756 870 Chonradus
2802 815 2879 863 59°
2913 822 2966 868 et
3004 813 3197 869 fratres
3225 813 3340 885 ejus
3369 814 3437 869 ad
3469 815 3603 869 San-

2006 915 2156 963 ctum
2187 908 2430 962 Blasium
2460 909 2663 978 absque
2693 907 2842 963 omni
2883 907 3198 963 conditione
3241 907 3602 976 tradiderunt,

2008 1009 2064 1056 et
2092 1001 2415 1073 praedictum
2446 1002 2721 1069 abbatem,
2754 1011 2815 1056 ut
2842 1000 2942 1056 Dei
2970 1001 3257 1057 servicium
3309 1001 3365 1056 in
3408 1001 3602 1057 eodem

2006 1095 2125 1153 loco
2156 1097 2486 1161 institueret,
2506 1104 2865 1166 rogaverunt;
2898 1112 3137 1167 quorum
3167 1096 3306 1151 votis
3332 1094 3476 1151 idem
3503 1096 3603 1151 ab-

2007 1189 2104 1245 bas
2134 1205 2371 1246 annuere
2413 1205 2525 1245 non
2552 1190 2797 1244 cessavit.
2831 1191 2953 1244 Hoc
2990 1198 3237 1259 tempore
3282 1206 3419 1245 uxor
3452 1205 3599 1261 egre-

2006 1284 2304 1355 giicomitis
2324 1283 2606 1339 Adelberti
2622 1282 3290 1353 (1415),}10mineWeliga
3309 1284 3379 1333 59'
3400 1288 3601 1353 (1416),

2006 1380 2191 1449 magni
2220 1378 2373 1435 ducis
2401 1378 2670 1435 Gotifredi
2702 1383 2882 1448 (I417)
2932 1378 3061 1444 ﬁlia,
3099 1377 3231 1432 satis
3261 1378 3604 1435 laudabiliter

2007 1488 2133 1528 cum
2182 1472 2295 1528 viro
2346 1488 2446 1528 suo
2504 1473 2555 1527 in
2602 1473 2787 1528 seculo
2835 1480 3174 1539 conversata,
3208 1470 3355 1526 diem
3412 1471 3605 1527 clausit

2005 1575 2332 1635 extremum,
2410 1575 2465 1621 et
2517 1565 2661 1636 apud
2711 1565 3111 1638 Hyrsaugiense
3178 1566 3596 1634 monasterium,

2006 1660 2150 1731 quod
2200 1661 2313 1732 ipsa
2342 1659 2685 1732 potissimum
2718 1660 2952 1715 instituit
2982 1668 3037 1714 et
3064 1658 3290 1725 amavit,
3337 1658 3470 1714 satis
3499 1658 3602 1714 ho-

303 1746 357 1802 in
404 1748 677 1820 quandam
707 1750 1075 1807 munitionem
1106 1748 1170 1784 ⁵⁸⁷
1200 1768 1258 1808 se
1286 1752 1534 1818 contulit,
1580 1752 1762 1823 ibique
1798 1752 1893 1809 diu
1928 1725 1975 1786 B
2003 1754 2231 1809 noriﬁce
2259 1754 2515 1825 sepelitur
2559 1754 2651 1807 59’.
2697 1753 2925 1824 Signum
2962 1753 3019 1807 in
3062 1752 3176 1808 sole
3203 1751 3411 1808 factum
3440 1761 3523 1808 est
3550 1758 3600 1807 9.

301 1840 506 1913 absque
546 1843 695 1915 regia
753 1843 1018 1917 dignitate
1066 1854 1315 1901 moratus
1360 1846 1644 1917 nimioque
1704 1846 1892 1902 dolore

210 1984 215 1989 .
302 1934 532 1991 affectus
560 1953 618 1992 se
646 1937 849 2008 ipsum,
872 1946 934 1993 ut
953 1938 1125 2006 aiunt,
1148 1939 1317 1995 morti
1346 1940 1559 1995 tradere
1590 1940 1779 2007 voluit,
1812 1948 1897 1996 set

299 2043 330 2083 a
358 2029 468 2084 suis
496 2040 809 2100 praeventus
839 2031 910 2087 ad
938 2031 1199 2087 effectum
1233 2034 1513 2105 pervenire
1539 2049 1651 2088 non
1695 2033 1888 2103 potuit.

300 2124 361 2177 In
407 2124 730 2179 Alemannia
760 2124 869 2180 dux
901 2126 1224 2182 Bertbaldus
1256 2126 1657 2182 monasterium
1685 2142 1891 2182 novum

298 2216 356 2270 in
386 2216 657 2273 honorem
702 2219 880 2274 sancti
924 2220 1067 2273 Petri
1113 2219 1167 2273 in
1214 2219 1419 2289 prmdio
1468 2235 1568 2274 suo
1622 2219 1680 2273 in
1726 2219 1893 2290 Nigra

300 2309 440 2366 Silva
470 2328 500 2367 a
535 2311 907 2369 fundamentis
936 2314 1198 2382 extruxit,
1231 2313 1530 2385 multisque
1558 2312 1715 2369 bonis
1744 2312 1893 2369 dita-

300 2403 393 2459 vit.
435 2406 529 2461 Set
556 2413 611 2460 et
651 2406 837 2461 omnia
884 2406 1030 2462 bona
1073 2406 1297 2462 alterius
1356 2406 1697 2472 monasterii,
1748 2406 1894 2478 quod

300 2496 551 2568 ejusdem
580 2498 735 2555 ducis
765 2507 918 2569 pater
963 2499 1019 2553 in
1048 2499 1155 2554 alio
1184 2499 1308 2555 loco
1354 2504 1531 2565 (1411)
1580 2500 1891 2567 aediﬁcavit,

302 2589 405 2646 iste
432 2590 501 2646 ad
531 2590 679 2647 istud
709 2592 1003 2648 transtulit.
1032 2594 1155 2647 Hoc
1183 2607 1313 2662 ergo
1344 2593 1735 2648 monasterium
1776 2590 1894 2647 fra-

275 2691 382 2753 ,ter
408 2684 582 2755 ipsius
611 2685 764 2741 ducis
809 2684 1187 2755 Gebebardus,
1218 2685 1655 2743 Constantiensis
1681 2686 1896 2757 episco-

298 2794 399 2849 pus
443 2787 498 2834 et
543 2779 855 2851 apostolicae
885 2780 1032 2836 sedis
1062 2781 1290 2851 legatus,
1341 2795 1437 2835 sua
1487 2780 1897 2835 consecratione

302 2871 559 2941 initiavit,
608 2873 855 2945 alterque
887 2874 1253 2931 Gebebardus
1301 2873 1686 2944 Yrsaugiensis
1728 2872 1899 2927 abbas

299 2968 601 3037 regularem
646 2966 993 3039 disciplinam
1040 2967 1442 3024 monachorum
1482 2967 1684 3023 ibidem
1736 2966 1893 3022 insti-

299 3061 423 3115 tuit.
457 3063 588 3116 Haec
616 3070 806 3117 autem
849 3062 1190 3118 consecratio
1239 3062 1374 3117 facta
1403 3070 1485 3117 est
1526 3062 1582 3116 in
1626 3060 1889 3116 Kalendis

298 3150 555 3219 Augusti,
584 3166 714 3206 cum
742 3158 824 3206 est
851 3151 1013 3207 statio
1042 3152 1111 3208 ad
1133 3152 1341 3207 vincula
1361 3152 1535 3207 sancti
1563 3151 1734 3217 Petri,
1755 3167 1887 3222 quo-

299 3258 426 3297 rum
457 3240 525 3278 ⁵⁸⁸
567 3244 734 3300 etiam
778 3261 1039 3317 magnam
1082 3254 1295 3315 partem
1348 3243 1692 3301 venerandus
1719 3242 1889 3301 abbas

296 3333 606 3407 Sigel‘redus
662 3337 729 3393 de
756 3338 889 3394 cella
914 3339 1210 3394 Salvatoris
1238 3339 1415 3396 eidem
1463 3339 1584 3395 loco
1633 3338 1885 3404 contulit,

297 3437 352 3485 et
388 3429 586 3485 multas
620 3432 857 3487 aliorum
908 3440 1226 3487 sanctorum
1278 3432 1551 3505 reliquias.
1584 3435 1645 3487 In
1693 3431 1887 3488 eadem

299 3523 467 3580 etiam
497 3526 907 3581 consecratione
936 3525 1105 3581 abbas
1133 3526 1213 3580 illi
1246 3526 1365 3581 loco
1394 3526 1633 3597 eligitur,
1664 3528 1888 3598 ejusque

296 3615 637 3688 dispositioni
661 3627 716 3674 et
743 3618 997 3674 monachi
1028 3626 1083 3674 et
1110 3621 1381 3675 extructio
1410 3618 1514 3674 loci
1538 3635 1667 3675 cum
1704 3619 1884 3675 omni-

296 3708 402 3767 bus
437 3711 507 3768 ad
534 3712 689 3768 illum
718 3712 1112 3784 pertinentibus
1140 3712 1307 3768 libere
1335 3712 1719 3781 committitur,
1748 3714 1888 3784 ipse-

296 3820 405 3876 que
434 3806 588 3862 locus
609 3806 921 3877 apostolicae
950 3805 1063 3862 sedi
1086 3807 1391 3877 specialiter
1418 3806 1693 3879 subjacere
1722 3806 1887 3863 desti-

296 3906 459 3955 natur
484 3899 575 3954 ‘3”.
611 3903 749 3957 Item
778 3901 839 3955 in
868 3899 1193 3956 Alemannia
1220 3902 1594 3955 Hartmannus
1622 3916 1804 3957 comes
1835 3909 1890 3957 et

296 3984 463 4049 frater
505 3994 622 4066 ejus
668 3996 799 4050 Otto
844 4010 1052 4050 novum
1099 3993 1495 4051 monasterium
1549 3994 1606 4048 in
1666 3994 1885 4066 pr0prio

294 4086 517 4154 allodio,
542 4088 595 4142 in
630 4089 750 4145 loco
771 4088 864 4144 ubi
890 4087 1175 4143 Danubius
1205 4096 1259 4143 et
1283 4087 1438 4143 llaris
1456 4087 1654 4142 ﬂuvius
1680 4104 1884 4144 conve-

293 4181 455 4235 niunt
476 4184 683 4251 (1412),
712 4183 768 4237 in
796 4181 1065 4239 honorem
1095 4181 1265 4238 sancti
1298 4180 1523 4238 Martini
1564 4189 1886 4237 construxe-

293 4282 456 4341 runt;
486 4276 632 4348 quod
662 4276 796 4331 item
826 4276 1119 4348 praadictus
1145 4275 1575 4333 Constantiensis
1604 4275 1886 4346 episcopus

292 4368 351 4425 in
378 4384 565 4425 mense
592 4371 893 4442 Septembri
938 4387 1034 4427 sua
1063 4370 1476 4427 consecratione
1506 4368 1771 4437 iniciavit;
1803 4376 1886 4423 set

2003 1848 2125 1903 Kal.
2149 1848 2403 1904 Octobris
2425 1855 2550 1902 ante
2581 1846 2655 1896 ⁵9³
2683 1847 2995 1915 meridiem,
3024 1854 3086 1900 ut
3110 1846 3344 1901 circulus
3376 1845 3602 1916 quidam

2003 1941 2057 1996 in
2086 1942 2174 1997 illo
2199 1949 2503 2013 appareret,
2532 1949 2585 1996 et
2616 1941 2728 2012 ipse
2777 1940 2831 1996 in
2878 1956 3071 1996 sereno
3111 1941 3229 1996 celo
3273 1938 3599 1995 obscurissi-

2000 2050 2090 2090 me
2133 2035 2203 2084 ‘9”
2259 2036 2463 2091 luceret
2489 2035 2575 2089 ⁵9³.
2608 2035 2715 2091 Sed
2758 2034 2862 2090 hoc
2893 2034 3061 2106 magis
3108 2031 3333 2103 quidam
3374 2032 3601 2104 eclipsin

2001 2144 2165 2199 quam
2198 2128 2413 2199 signum
2447 2128 2611 2184 fuisse
2642 2136 2991 2199 putaverunt,
3023 2126 3293 2198 prmcipae
3321 2141 3448 2181 cum
3474 2126 3602 2182 luna

2000 2230 2144 2276 esset
2172 2221 2430 2275 vicesima
2461 2230 2648 2276 octave
2674 2238 2733 2275 ea
2763 2221 2867 2276 die.
2893 2222 3039 2275 Nam
3060 2219 3131 2269 ⁵9⁵
3152 2219 3403 2290 egregius
3425 2219 3601 2273 ealcu-

1996 2313 2138 2369 lator
2166 2313 2401 2370 domnus
2440 2316 2824 2369 Heremannus
2852 2313 2924 2362 ³9⁸
2957 2313 3124 2368 etiam
3148 2312 3204 2367 in
3232 2311 3494 2383 vigesima
3517 2326 3600 2367 se-

2002 2407 2173 2479 ptima
2200 2406 2323 2463 luna
2351 2407 2575 2477 eclipsin
2594 2406 2859 2462 accidisse
2887 2406 3079 2461 scribit
3109 2420 3255 2461 anno
3284 2404 3355 2455 ⁶9⁷
3383 2404 3601 2460 Domini

2008 2505 2145 2554 1033
2188 2499 2273 2553 ⁸9⁸.
2325 2500 2684 2557 Gebebardus
2725 2498 3159 2555 Constantiensis
3217 2499 3502 2571 episcopus
3547 2504 3602 2554 et

2002 2592 2313 2663 apostolicae
2338 2592 2478 2647 sedis
2504 2593 2731 2665 legatus,
2758 2590 3077 2649 Welfonem
3105 2592 3301 2647 ducem
3331 2592 3599 2662 Bajoariaa

2006 2699 2104 2755 per
2132 2700 2329 2740 manus
2372 2684 2427 2739 iu
2474 2685 2699 2740 militem
2748 2686 2977 2757 accepit,
3029 2685 3172 2739 sicut
3213 2692 3268 2739 et
3314 2685 3597 2755 proprium

2006 2776 2230 2833 fratrem
2274 2777 2593 2833 Bertaldum
2622 2778 2818 2833 ducem
2866 2777 3202 2832 Alamanniae
3237 2777 3355 2848 jam
3384 2776 3597 2833 dudum

2005 2868 2165 2938 fecit;
2200 2887 2327 2927 cum
2353 2871 2548 2943 quibus
2575 2879 2629 2927 et
2656 2872 2878 2942 reliquis
2901 2870 3243 2926 Alemannize
3268 2869 3599 2942 principibus

2002 2980 2267 3037 magnum
2304 2974 2635 3021 conventum
2677 2964 2821 3034 apud
2879 2966 3104 3021 Ulmam
3154 2963 3364 3018 habuit.
3397 2966 3461 3018 In
3490 2979 3597 3035 quo

2001 3067 2271 3115 conventu
2301 3058 2607 3114 ﬁrmissime
2645 3058 2933 3114 laudatum
2974 3065 3076 3127 est,
3110 3065 3171 3112 ut
3198 3057 3597 3114 Constantiensi

1998 3154 2259 3224 episcopo
2319 3152 2653 3208 omnimodis
2704 3152 3011 3208 secundum
3073 3160 3274 3207 statuta
3317 3168 3595 3207 canonum

1997 3246 2332 3315 obediretur,
2354 3255 2407 3302 et
2428 3254 2488 3301 ut
2510 3245 2663 3301 ducis
2695 3245 2987 3301 Bertbaldo
3008 3252 3063 3301 et
3090 3246 3387 3301 comitibus
3408 3261 3596 3301 secun-

1997 3340 2129 3395 dum
2157 3339 2333 3412 legem
2380 3340 2812 3394 Alemannorum
2853 3338 3334 3394 obsecundaretur.
3384 3337 3595 3394 Deinde

1995 3433 2364 3490 ﬁrmissimam
2410 3448 2595 3506 pacem
2624 3442 2740 3488 tam
2786 3432 2951 3489 duces
2978 3448 3149 3505 quam
3198 3432 3449 3501 comites,
3477 3441 3594 3488 tam

1997 3527 2234 3599 majores
2262 3543 2422 3599 quam
2454 3527 2721 3593 minores,
2756 3542 2815 3582 se
2864 3525 3247 3583 observaturos
3298 3542 3328 3581 a
3367 3532 3419 3582 7.
3464 3524 3589 3580 Kal.

1995 3622 2319 3678 Decembris
2347 3637 2519 3694 usque
2547 3622 2603 3676 in
2632 3621 2852 3693 pascha,
2884 3629 2940 3677 et
2958 3638 2987 3677 a
3007 3620 3226 3693 pascha,
3260 3621 3317 3675 in
3348 3620 3487 3676 duos
3507 3636 3595 3675 an-

1994 3731 2099 3770 nos
2121 3716 2442 3787 juraverunt
2486 3736 2498 3771 :
2540 3715 2795 3771 videlicet
2839 3715 3097 3771 omnibus
3149 3713 3435 3770 monachis
3482 3714 3633 3792 sive;

1996 3809 2271 3865 conversis
2311 3818 2365 3865 et
2406 3809 2617 3864 clericis
2673 3808 2949 3864 catholico
3011 3809 3264 3880 episcopo
3312 3807 3591 3879 subjectis,

1995 3904 2217 3959 aeclesiis
2254 3913 2307 3959 et
2334 3920 2525 3960 earum
2566 3904 2719 3960 atriis
2758 3912 2813 3959 et
2859 3903 2975 3959 doti
3005 3919 3219 3971 earum,
3264 3901 3591 3957 mercatori-

1996 3997 2121 4065 bus,
2151 4006 2204 4053 et
2247 3999 2501 4053 omnibus
2544 3998 2742 4055 eodem
2770 3998 3084 4069 iuramento
3115 3996 3383 4067 obligatis,
3432 4008 3588 4050 exce-

1996 4098 2088 4161 pto
2118 4091 2363 4147 Arnoldo
2386 4092 2634 4148 invasore
2674 4091 3108 4147 Constantiensis
3135 4090 3361 4145 aaclesiae
3392 4098 3448 4143 et
3472 4103 3591 4142 om-

1996 4184 2156 4240 nibus
2194 4185 2308 4256 ejus
2358 4183 2684 4241 fautoribus.
2720 4188 2877 4240 Hanc
2926 4199 3115 4255 pacem
3154 4181 3351 4252 singuli
3381 4179 3588 4251 princi-

1996 4291 2092 4347 pes
2132 4277 2225 4347 qui
2273 4285 2665 4344 convenerunt,
2716 4278 3113 4347 usquequisque
3159 4274 3233 4322 599
3276 4288 3370 4343 per
3406 4280 3589 4342 potes-

1994 4376 2165 4424 tatem
2195 4384 2371 4434 suam,
2404 4384 2794 4440 usquequaque
2846 4369 3050 4423 viritim
3084 4368 3273 4439 jurare
3316 4364 3588 4420 fecerunt.

292 4463 614 4521 venerabilis
655 4465 821 4522 abbas
848 4466 963 4523 Uto
1005 4466 1072 4523 de
1099 4466 1300 4522 Sancto
1352 4462 1528 4519 Blasio
1574 4464 1881 4535 regularem
1914 4449 2098 4563 DOHis
2127 4462 2469 4535 temporibus
2489 4478 2584 4518 rex
2606 4460 2884 4533 Hispaniae
2912 4459 3244 4528 Adefonsus,
3277 4458 3332 4513 in
3361 4457 3467 4514 ﬁde
3503 4473 3591 4513 ca-

1581 4607 1825 4663 VARIzE
1877 4607 2193 4664 LECTION
2202 4608 2292 4664 ES.

366 4742 437 4780 ⁸⁸⁵
464 4746 657 4799 iterum
678 4744 858 4814 pergit
900 4748 947 4797 1.
1058 4740 1124 4775 ⁵⁸³
1147 4742 1331 4814 pergit
1365 4748 1413 4797 1.
1525 4740 1592 4774 ⁵⁸⁸
1636 4741 1781 4814 deest
1826 4745 1879 4797 2.

296 4843 363 4854 -—
392 4813 755 4871 committitur
798 4816 992 4870 desunt
1024 4819 1075 4868 2.
1227 4813 1299 4861 ⁵⁸9
1342 4814 1519 4881 pergit
1551 4819 1598 4866 1.

296 4886 366 4937 ⁵9³
390 4891 571 4957 pergit
602 4892 649 4942 l.
798 4886 871 4937 ⁵9³
901 4894 1026 4941 ante
1053 4914 1129 4957 :—
1170 4884 1375 4938 luceret
1402 4884 1591 4957 iniloco
1627 4899 1747 4957 raso
1784 4889 1834 4938 1.

293 4957 366 5006 ⁸9⁸
394 4962 461 5015 Η.
494 4962 820 5016 Contractus
851 4966 901 5017 3.

1747 4813 1818 4861 59°
1850 4816 1931 4868 ita
1976 4819 2022 4867 1.

1982 4884 2057 4932 594
2097 4884 2237 4938 deest
2273 4889 2321 4937 2.

1050 4954 1119 5006 ⁸9⁷
1149 4971 1219 5011 an
1248 4957 1371 5010 hinc
1393 4956 1584 5022 folium
1606 4953 1722 5023 fere
1751 4959 1925 5010 totum
1952 4956 2189 5010 excisum
2216 4959 2292 5009 est
2320 4961 2368 5010 2.

2022 4739 2089 4778 ⁵⁸⁷
2132 4739 2491 4796 monitionem
2522 4751 2661 4793 corr.
2694 4734 3059 4793 munitionem
3106 4740 3155 4793 1.
3259 4734 3323 4769 ³⁵⁸⁸
3351 4749 3586 4808 quorum

2169 4812 2237 4861 "9l
2288 4811 2487 4882 Wilga
2521 4813 2636 4882 Uss.
2679 4814 2862 4864 contra
2899 4810 3135 4882 codicum
3183 4812 3574 4882 auctoritatem.

2470 4880 2539 4929 ⁸9⁵
2569 4882 2731 4936 Nam.
2778 4896 2828 4935 e.
2858 4896 2907 4936 c.
2962 4880 3014 4935 d.
3050 4881 3122 4934 Η.
3156 4883 3213 4933 in
3248 4880 3353 4935 loco
3382 4897 3501 4936 raso
3533 4886 3581 4935 1.

2515 4950 2585 5000 698
2607 4955 2788 5024 pergit
2819 4959 2869 5007 1.
2943 4952 3018 5001 599
3044 4953 3170 5024 vrq;
3203 4952 3345 5023 (litt;

1830 5080 2063 5137 ΝΟΤΔΕ.
2818 5103 2845 5109 κ

368 5213 544 5275 (1409)
572 5209 751 5281 'I‘rojaa
778 5207 979 5281 scilicet
996 5206 1058 5281 in?
1082 5205 1275 5278 Apulia
1298 5220 1336 5263 ν
1354 5206 1422 5281 _Id
1452 5205 1611 5281 Mart.
1640 5205 1883 5281 synodus

295 5279 565 5335 celebrata
619 5278 701 5336 est
731 5285 799 5335 75
828 5280 1094 5352 episcopis
1117 5278 1485 5349 praesentibus.
1530 5278 1707 5332 Mansi
1748 5280 1879 5343 XX,

369 5427 551 5489 (1410)
584 5422 865 5479 Anselmo.

366 5498 481 5561 (141
506 5488 546 5563 ι)
594 5494 885 5550 Weilheim
914 5492 1056 5548 infra
1105 5507 1285 5547 arcem
1312 5488 1491 5561 Teck;
1518 5488 1590 5548 cf.
1632 5489 1884 5547 Gerberti

297 5564 441 5619 Hist.
478 5568 659 5638 Nigra;
688 5567 814 5621 Silv.
850 5574 891 5621 t.
919 5567 1214 5638 1,ίρ.ψ290.Δ
1244 5567 1369 5638 Uss.

368 5635 570 5703 (1412)
592 5638 930 5704 Wiblingen,
962 5635 1017 5690 S’.
1054 5635 1217 5691 Blasii
1246 5635 1479 5700 colonia,
1518 5636 1581 5690 B.
1615 5636 1886 5691 Wernero

296 5707 641 5837 abigistgilglc
658 5724 787 5766 cum
810 5705 1073 5765 fratribus
1096 5708 1287 5763 misso.
1319 5705 1439 5762 Vid.
1473 5707 1725 5763 Gerbert.
1762 5705 1884 5769 l.c.,

299 5793 357 5837 ι).
502 5821 515 5836 .
604 5796 674 5837 ss.

299 5793 357 5849 p.
389 5785 515 5837 250.
546 5785 674 5838 Uss.

2062 5208 2245 5273 (1413)
2277 5201 2702 5261 Oschsenhusen
2731 5201 2861 5259 cella
2892 5208 3024 5260 tunc
3053 5204 3104 5260 S.
3132 5198 3325 5266 Blasii;
3357 5213 3417 5255 ν.
3445 5198 3580 5254 Ger-

1991 5278 2128 5333 bert.
2160 5278 2194 5331 l.
2222 5293 2292 5342 c.,
2327 5293 2377 5347 p.
2413 5280 2536 5329 294.
2570 5276 2697 5330 Uss.

2061 5350 2243 5418 (1414)
2265 5345 2348 5423 Sc}
2378 5363 2407 5417 8
2433 5346 2795 5423 Wiblingensi
2819 5345 3087 5423 camobio.
3126 5414 3160 5423 _
3201 5412 3213 5423 _
3376 5411 3386 5422 ε
3567 5411 3576 5423 _

2059 5412 2244 5485 (1415)
2293 5412 2409 5473 Hoc
2454 5412 2674 5473 nomine
2737 5421 2804 5473 Il.
2851 5417 3071 5473 comitis
3118 5412 3440 5485 Calwensis,
3488 5412 3581 5484 qui

1991 5484 2375 5563 Hirsaugiense
2422 5489 2823 5547 monasterium
2867 5492 3208 5544 restauravit.
3249 5484 3372 5542 Vid.
3424 5486 3457 5541 l.
3500 5496 3579 5553 c.,

1995 5577 2043 5632 p.
2076 5567 2201 5616 260.
2234 5565 2359 5617 Uss.

2065 5636 2245 5699 (1416)
2275 5633 2396 5689 Sive
2420 5631 2728 5691 Wiltrudis.

2069 5707 2249 5770 (1417)
2278 5705 2514 5761 Barbati.
