4052 6196
524 233 659 287 1415

1525 225 1616 281 AD
1657 226 1883 281 OPERA
1921 226 1976 281 S.
2018 224 2337 280 GREGORII
2370 224 2808 279 APPENDlCES.

3671 226 3791 280 1416

520 355 757 411 tholicus
806 364 861 410 et
924 356 981 408 in
1030 348 1439 406 conversatione
1482 349 1849 405 Cluniacensis
1896 350 2109 406 abbatis
2136 354 2189 416 Α
2219 349 2426 403 ultione
2457 348 2806 415 morabatur;
2836 345 2931 403 sed
2964 346 3257 403 Wibertini
3284 346 3481 401 turrim
3504 348 3791 403 Crescentii

519 448 945 505 obedientiarius
998 442 1285 515 sepissime
1313 450 1505 497 contra
1552 459 1793 515 paganos
1823 458 1921 514 pro
1962 442 2111 498 chri-

518 543 707 598 stianis
742 520 970 594 viriliter
1014 536 1316 603 dimicavit,
1358 536 1664 608 multasque
1711 537 1950 591 ecclesias
1991 535 2110 605 jam

519 634 735 691 dudum
759 632 979 703 penitus
1003 629 1314 686 devastatas
1344 630 1399 683 in
1432 630 1721 700 pristinum
1752 638 1960 685 statum
1991 645 2109 685 res-

518 726 771 782 tauravit.
822 729 941 796 Ipse
969 725 1135 779 etiam
1184 723 1424 779 Cluniaci
1458 723 1723 793 majorem
1767 723 2040 778 ecclesiam
2079 738 2107 777 a

516 818 895 875 fundamentis
924 817 1231 883 aediﬁcavit,
1263 817 1329 872 ad
1359 816 1513 888 cujus
1533 817 1761 872 aaelesize
1788 815 2107 872 aediﬁcatio-

517 929 644 969 nem
690 911 965 967 inﬁnitam
1012 911 1295 981 pecuniam
1352 910 1677 966 Cluniacum
1726 909 1946 976 direxit;
2015 908 2110 980 qui

516 1007 683 1063 etiam
706 1006 823 1078 jam
853 1005 1062 1061 dudum
1092 1020 1148 1059 se
1180 1003 1383 1058 ibidem
1434 1002 1767 1058 monachum
1800 1002 2030 1069 fecisset,
2064 1001 2107 1057 si

517 1099 756 1156 domnus
784 1098 953 1155 abbas
983 1102 1165 1163 (1418)
1204 1096 1273 1153 ad
1302 1104 1520 1167 tempus
1568 1113 1697 1151 cum
1749 1096 1849 1152 sub
1880 1096 2108 1150 seculari

516 1192 703 1249 habitu
731 1194 963 1248 retinere
993 1208 1107 1247 non
1127 1191 1297 1246 satius
1310 1189 1603 1261 judicaret.
1634 1192 1697 1244 In
1727 1187 2107 1261 Longobardia

517 1286 843 1343 venerabilis
889 1286 1221 1342 Anshclmus
1262 1283 1690 1339 Mediolanensis
1745 1282 2108 1354 archiepisco-

518 1395 641 1452 pus,
674 1380 732 1435 in
760 1395 924 1435 causa
955 1380 1126 1433 sancti
1162 1378 1301 1433 Petri
1323 1377 1782 1442 studiosissimus,
1816 1377 1907 1447 qui
1936 1392 2110 1446 nuper

516 1472 868 1529 Chonradum
933 1488 1123 1543 regem
1176 1470 1537 1538 incoronavit,
1583 1472 1717 1525 satis
1779 1469 2107 1525 laudabilem

513 1564 644 1622 fecit
692 1566 879 1634 ﬁnem,
927 1580 1299 1637 magnumque
1330 1579 1607 1618 merorem
1652 1563 1902 1620 ﬁdelibus
1931 1562 2104 1617 sancti

516 1660 663 1715 Petri
693 1658 1009 1729 dereliquit;
1044 1658 1129 1713 cui
1173 1656 1498 1713 venerabilis
1529 1655 1791 1712 Arnolqu
1828 1656 1894 1712 de
1944 1659 2105 1712 Porta

514 1761 768 1825 argentea
800 1753 861 1808 in
890 1752 1204 1823 episcopatu
1229 1752 1506 1807 successit.

1173 1849 1223 1900 Μ
1234 1846 1427 1901 XCIV.

587 1944 838 1997 Domnus
868 1954 1005 2012 papa
1048 1938 1308 1995 Urbanus
1353 1936 1591 1993 natalem
1640 1935 1865 1992 Domini
1910 1938 2106 1991 Romae

512 2032 836 2089 solemniter
864 2032 1176 2101 celebravit,
1205 2033 1454 2103 quamvis
1502 2032 1682 2103 plures
1710 2030 2007 2089 Wibertini
2052 2032 2108 2085 in

513 2126 649 2183 urbe
700 2126 880 2183 adhuc
927 2127 1206 2193 latuerint,
1252 2142 1391 2197 quos
1432 2126 1669 2181 domnus
1717 2140 1852 2194 papa
1898 2124 2103 2195 absque

513 2220 737 2275 militari
794 2236 964 2274 manu
994 2235 1107 2274 non
1154 2218 1311 2273 facile
1364 2218 1542 2289 potuit
1587 2217 1867 2287 expellere.
1912 2216 2105 2270 Maluit

514 2328 648 2384 ergo
688 2327 880 2368 eorum
935 2312 1196 2382 injuriam
1259 2310 1326 2366 ad
1377 2319 1595 2379 tempus
1638 2310 1889 2375 tolerare,
1935 2325 2101 2379 quam

512 2407 800 2460 Romanos
829 2404 975 2458 cives
1002 2411 1209 2457 armata
1257 2417 1426 2456 manu
1459 2401 1775 2472 inquietare.
1810 2400 2103 2456 Guibertus

510 2505 694 2552 autem
730 2496 1076 2551 heresiarcha
1107 2512 1238 2551 cum
1268 2496 1597 2566 imperatore
1626 2510 1725 2549 suo
1754 2494 1899 2565 apud
1926 2496 2101 2549 Vero-

510 2605 638 2645 nam
672 2605 738 2645 eo
766 2597 1015 2660 tempore
1044 2586 1169 2655 fuit,
1200 2603 1365 2658 seque
1394 2588 1627 2643 libenter
1657 2596 1919 2659 papatum
1952 2587 2104 2643 dese-

510 2698 629 2738 rere
654 2681 952 2748 simulavit,
983 2681 1030 2736 si
1077 2681 1185 2735 alio
1216 2681 1385 2737 modo
1422 2696 1522 2751 pax
1551 2682 1604 2736 in
1637 2682 1846 2737 aeclesia
1878 2696 2100 2751 recupe-

508 2775 617 2831 rari
654 2791 768 2829 non
805 2775 1062 2845 potuerit.
1108 2775 1266 2829 Uxor
1305 2773 1468 2845 hujus
1497 2774 1844 2846 imperatoris
1862 2775 1977 2845 jam
2007 2773 2102 2829 diu

510 2868 695 2923 multis
725 2866 930 2939 injuriis
976 2867 1240 2936 lacessita,
1278 2868 1578 2938 multisque
1608 2868 1786 2934 annis,
1836 2883 1905 2922 ne
1942 2867 2102 2923 aufu-

507 2969 680 3033 geret,
727 2960 1020 3028 custodita,
1048 2960 1275 3016 tandem
1309 2960 1377 3016 ad
1404 2959 1724 3016 Wclfonem
1754 2960 1951 3016 ducem
1992 2961 2101 3015 Ita-

508 3054 595 3111 lia:
639 3054 880 3127 aufugit;
910 3070 1035 3127 quae
1072 3053 1215 3126 apud
1275 3071 1404 3110 suos
1458 3060 1541 3110 tot
1584 3063 1639 3109 et
1687 3063 1838 3110 tanta
1876 3064 2099 3125 tamque

2218 442 2541 507 obtinentes,
2584 441 2761 497 adhuc
2804 440 3029 495 liberum
3073 438 3374 495 viatoribus
3402 441 3695 497 transitum
3735 442 3794 497 ad

2216 552 2410 607 papam
2434 551 2529 605 per
2558 542 2782 606 pontem
2816 533 3023 589 Tiberis
3047 532 3294 589 nondum
3319 535 3689 603 permiserunt
3714 534 3792 589 ⁸⁸³.

2215 631 2355 684 Nam
2385 629 2636 683 abbatem
2661 627 2934 698 quendam
2962 626 3029 682 de
3057 627 3185 681 cella
3224 628 3394 682 sancti
3418 628 3559 682 Petri
3594 628 3653 682 in
3687 629 3797 683 Ale-

2217 722 2436 777 mannia
2462 727 2662 789 (1421),
2699 738 2727 775 a
2765 718 3089 777 Gebehardo
3114 721 3512 775 Constantiensi
3550 722 3799 793 episcopo

2216 825 2269 871 et
2302 832 2333 871 a
2361 815 2530 871 fratre
2554 815 2671 887 ejus
2707 814 2844 869 duce
2868 812 3159 869 Bcrthaldo
3180 814 3247 869 ad
3283 830 3475 885 papam
3512 815 3799 882 directum,

2216 908 2347 965 dum
2388 926 2482 980 per
2522 909 2673 964 illum
2714 918 2937 978 pontem
2983 908 3214 962 transire
3244 907 3418 973 vellet,
3452 907 3509 962 in
3550 909 3802 979 captione

2215 1003 2577 1060 detinuerunt.
2610 1001 2794 1057 Well‘o
2827 1001 2933 1055 dux
2965 1002 3234 1072 Bajoarire
3285 1001 3671 1057 ﬁrmissimam
3720 1018 3799 1073 pa-

2216 1112 2338 1151 cem
2370 1112 2537 1167 quam
2559 1096 2767 1151 dudum
2811 1094 2877 1127 ⁶⁰²
2914 1110 3042 1149 cum
3088 1095 3447 1149 Alemannico
3490 1094 3636 1150 duce
3681 1098 3802 1151 Ber-

2216 1191 2400 1247 thaldo
2451 1197 2505 1246 et
2536 1189 2755 1260 reliquis
2790 1188 3132 1243 Alemanniae
3171 1185 3501 1258 principibus
3539 1188 3803 1254 iniciavit,

2216 1301 2387 1357 usque
2423 1282 2749 1353 Bajoariam,
2785 1282 2895 1336 imo
2942 1297 3117 1352 usque
3162 1280 3230 1335 ad
3272 1282 3567 1353 Ungariam
3614 1298 3805 1354 propa-

2216 1379 2381 1451 gavit.
2412 1377 2639 1434 Francia
2670 1392 2889 1448 quoque
2930 1376 3228 1431 Teutonica
3257 1384 3311 1430 et
3342 1376 3546 1431 Alsatia
3572 1377 3804 1432 eandem

2217 1488 2402 1545 pacem
2432 1472 2486 1526 in
2533 1472 2644 1527 suis
2688 1470 2931 1540 partibus
2978 1485 3034 1524 se
3078 1469 3456 1524 observaturas
3487 1470 3804 1541 juramento

2214 1566 2587 1621 decreverunt.
2623 1566 2742 1619 Hec
2783 1572 2967 1618 tamen
3003 1578 3102 1632 pax
3127 1562 3182 1617 in
3216 1562 3533 1618 Alemannia
3572 1564 3806 1619 maxime

2216 1658 2460 1724 invaluit,
2488 1674 2552 1713 eo
2591 1656 2738 1729 quod
2784 1656 3055 1727 principes
3094 1655 3209 1727 ejus
3234 1656 3459 1728 quisque
3488 1656 3544 1711 in
3569 1672 3679 1712 sua
3718 1673 3806 1729 po-

2138 1762 2185 1823 B
2214 1761 2406 1809 testate
2445 1751 2722 1823 justiciam
2766 1748 2944 1806 facere
2989 1765 3099 1804 non
3144 1751 3458 1815 cessaverit;
3491 1750 3649 1821 quod
3695 1752 3807 1806 reli-

2213 1862 2338 1920 qua:
2381 1845 2676 1917 provinciae
2716 1842 2967 1899 nondum
3009 1841 3186 1898 facere
3231 1842 3580 1899 decreverint.
3640 1847 3710 1899 Et
3744 1843 3804 1876 ⁵⁸³

2211 1940 2487 2011 praecipue
2517 1938 2628 1993 dux
2658 1936 2983 1992 Berthaldus
3006 1935 3074 1991 ad
3102 1934 3401 1991 faciendam
3425 1936 3713 2007 justiciam
3753 1938 3803 1992 in

2214 2034 2414 2090 ducatu
2445 2030 2785 2086 Alemannize
2824 2030 2958 2085 adeo
2988 2029 3209 2096 exarsit,
3236 2038 3298 2084 ut
3340 2029 3394 2083 in
3422 2030 3802 2085 observatione

2201 2126 2440 2198 justicize
2477 2141 2667 2181 omnes
2698 2123 3122 2195 praedecessores
3158 2138 3286 2177 suos
3323 2137 3461 2193 pene
3506 2123 3718 2187 vicerit,
3751 2132 3801 2177 et

2211 2218 2278 2274 de
2318 2219 2421 2274 hoc
2454 2218 2701 2274 omnium
2747 2232 2843 2271 ora
2873 2216 2961 2286 pio
3000 2231 3225 2271 rumore
3280 2217 3666 2285 compleverit.
3698 2218 3800 2270 Ma-

2212 2327 2375 2383 gnam
2419 2320 2604 2366 tamen
2658 2308 3036 2365 difﬁcultatem
3078 2308 3255 2364 adhuc
3296 2308 3350 2362 in
3396 2308 3500 2363 illis
3551 2309 3803 2378 partibus

2210 2412 2393 2461 sancta
2429 2412 2605 2459 mater
2649 2402 2857 2458 aeclesia
2900 2402 2953 2456 in
2996 2401 3326 2457 devitatione
3363 2402 3805 2457 excommunica-

2210 2506 2395 2553 torum
2441 2513 2689 2568 perpessa
2722 2504 2823 2559 est,
2864 2510 3002 2567 quos
3046 2496 3233 2566 utique
3280 2496 3369 2549 vix
3401 2495 3653 2551 devitarc
3685 2512 3801 2565 pos-

2210 2600 2312 2657 set,
2354 2591 2397 2646 si
2444 2607 2553 2645 non
2586 2590 2702 2661 jam
2755 2587 2969 2644 dudum
3012 2586 3245 2642 domnus
3284 2604 3422 2659 papa
3472 2590 3800 2643 sententiam

2208 2683 2787 2740 excommunicationis
2848 2679 3259 2753 quodammodo
3303 2697 3433 2736 cum
3499 2684 3800 2752 apostolica

2210 2778 2532 2833 auctoritate
2556 2782 2923 2847 temperasset.
2947 2777 3087 2830 Nam
3114 2774 3317 2829 multos
3340 2775 3453 2845 ipse
3484 2790 3647 2830 more
3671 2791 3805 2846 pra:-

2208 2870 2507 2927 decessoris
2543 2870 2628 2926 sui
2658 2869 2986 2924 venerabilis
3009 2883 3165 2939 papae
3194 2869 3447 2939 Gregorii
3481 2868 3551 2923 de
3581 2884 3804 2925 excom-

2210 2964 2577 3020 municatione
2624 2962 2869 3029 seclusit,
2923 2961 3171 3017 videlicet
3226 2960 3477 3026 viatores,
3540 2964 3802 3030 rusticos,

2208 3073 2393 3113 servos
2426 3066 2480 3113 et
2521 3056 2768 3121 ancillas,
2792 3070 2988 3111 uxores
3009 3062 3062 3110 et
3088 3054 3254 3122 ﬁlios,
3284 3070 3424 3126 quos
3458 3062 3650 3110 tamen
3679 3072 3802 3127 per-

510 3148 754 3215 inaudita
800 3148 943 3204 mala
972 3164 1033 3203 se
1084 3164 1301 3218 passam
1343 3156 1642 3219 conquesta
1676 3156 1778 3213 est,
1831 3156 1892 3202 ut
1927 3149 2093 3203 etiam
2126 3146 2169 3207 C
2207 3167 2356 3207 versa
2395 3151 2642 3213 voluntas
2688 3149 2886 3204 eodem
2942 3148 3157 3203 vinculo
3208 3149 3802 3204 excommunicationis

505 3241 652 3313 apud
696 3242 945 3297 inimicos
995 3240 1432 3297 misericordiam
1486 3256 1543 3296 se
1583 3241 1935 3297 inventuram
1984 3257 2097 3297 non

505 3334 811 3403 dubitaret;
842 3348 941 3389 nec
978 3334 1036 3388 in
1067 3333 1172 3389 hac
1201 3334 1391 3405 utique
1420 3350 1515 3405 spe
1538 3334 1759 3406 decepta
1810 3341 1912 3390 est.
1956 3337 2097 3390 Nam

505 3427 613 3484 dux
644 3435 697 3484 et
733 3444 872 3484 uxor
913 3428 1030 3501 ejus
1059 3427 1336 3483 Mathildis
1364 3436 1641 3499 gratanter
1688 3443 1809 3483 eam
1847 3443 2095 3499 suscepe-

505 3529 653 3588 runt,
686 3531 740 3577 et
760 3520 1055 3577 honoriﬁce
1076 3530 1489 3577 tractaverrunt.
1514 3520 1741 3576 Juditba
1780 3538 1915 3576 uxor
1940 3520 2099 3576 ducis

505 3612 775 3669 Well'onis
801 3615 1084 3687 Bajoariae,
1117 3614 1236 3686 jam
1286 3615 1378 3670 diu
1412 3615 1708 3683 inﬁrmata,
1748 3622 1800 3669 et
1834 3630 1896 3670 ea
1940 3615 2100 3669 casti-

505 3707 722 3778 gatione
742 3724 851 3762 non
880 3724 1070 3778 parum
1094 3710 1395 3777 meliorata,
1413 3708 1559 3763 diem
1580 3708 1769 3763 clausit
1788 3716 2095 3764 extremum

505 3804 560 3852 4,
590 3802 777 3854 Nonas
806 3802 1007 3867 Martii,
1050 3809 1105 3856 et
1132 3802 1276 3872 apud
1303 3802 1724 3869 monasterium,
1754 3801 1900 3872 quod
1929 3801 2095 3856 mari-

503 3898 593 3944 tus
620 3890 741 3960 ejus
791 3892 848 3945 in
876 3891 1143 3947 honorem
1172 3894 1341 3947 sancti
1380 3896 1601 3949 Martini
1652 3895 1833 3965 (l419]
1882 3895 1941 3949 in
1968 3909 2093 3965 pro-

504 3983 627 4054 prio
678 3982 877 4039 allodio
906 3986 1232 4051 construxit,
1262 4000 1291 4038 a
1330 3986 1653 4041 Gebehardo
1692 3987 2093 4042 Constantiensi

502 4076 759 4148 episcopo
781 4076 1077 4133 honoriﬁce
1114 4076 1404 4147 sepelitur;
1433 4077 1499 4133 ad
1525 4077 1676 4149 quod
1700 4079 2091 4134 monasterium

501 4169 732 4226 maritus
763 4170 880 4241 eius
914 4169 1026 4225 dux
1056 4170 1323 4241 capellam
1350 4169 1533 4242 (1420)
1578 4171 1749 4242 ipsius
1791 4171 2090 4239 tradididit,

501 4277 624 4334 quae
654 4264 707 4317 in
744 4279 878 4319 auro
921 4271 976 4319 et
1003 4272 1225 4335 argento
1255 4272 1309 4318 et
1348 4264 1760 4334 preciosissimis
1800 4280 2091 4336 paramen-

498 4355 569 4412 tis
594 4357 740 4413 mille
778 4357 946 4413 libras
988 4373 1129 4428 pene
1172 4358 1359 4427 valuit,
1396 4358 1647 4431 idemque
1693 4360 2091 4415 monasterium

504 4448 561 4504 in
589 4450 1025 4520 possessionibus
1069 4459 1287 4506 centum
1335 4467 1472 4522 pene
1502 4453 1706 4508 mansis
1754 4453 2083 4522 melioravit;

502 4541 689 4612 sicque
734 4544 1084 4599 melioratum
1121 4552 1178 4599 et
1213 4543 1282 4599 de
1325 4559 1424 4600 sua
1462 4552 1727 4615 potestate
1776 4547 2086 4617 emancipa-

494 4642 621 4688 tum
647 4644 831 4691 sancto
866 4639 1028 4692 Petro
1058 4636 1160 4692 sub
1180 4637 1303 4707 jure
1335 4637 1627 4693 tributario
1652 4638 2000 4703 contradidit,
2028 4646 2089 4694 ut

498 4727 813 4797 apostolicae
841 4728 958 4784 sedi
986 4729 1237 4801 deinceps
1281 4730 1646 4802 principaliter
1672 4731 1991 4804 subjaceret,
2032 4740 2087 4788 et

496 4818 600 4875 sub
650 4818 766 4891 ejus
790 4820 1129 4892 defensione,
1160 4831 1222 4878 ut
1265 4824 1364 4878 alia
1391 4824 1559 4880 libera
1606 4826 1935 4881 monasteria
1956 4826 2086 4897 jure

502 4921 763 4985 perpetuo
796 4914 1039 4984 polleret.
1073 4919 1329 4974 Domnus
1356 4933 1493 4989 papa
1528 4920 1739 4977 Romae.
1763 4934 1931 4990 prope
1958 4936 2087 4975 san-

503 5015 652 5063 ctam
682 5006 916 5063 Mariam
950 5024 1149 5065 novam
1176 5009 1243 5045 °°°
1264 5012 1323 5067 in
1354 5011 1589 5083 quadam
1620 5011 1937 5069 ﬁrmissima
1962 5029 2089 5069 mu-

2205 3259 2316 3299 non
2348 3243 2674 3299 astrinxerit.
2711 3242 3069 3299 Gebehardus
3107 3242 3543 3297 Constantiensis
3569 3242 3803 3297 aeclesiaz

2204 3338 2487 3408 episcopus
2514 3351 2771 3406 magnam
2796 3335 3053 3391 sinodum
3090 3336 3432 3391 Constantia:
3461 3335 3514 3389 in
3533 3334 3799 3405 epdoma-

2206 3430 2272 3486 da
2311 3428 2518 3502 majori
2544 3438 2670 3484 ante
2694 3428 2891 3500 pascha
2918 3444 3047 3484 cum
3076 3428 3364 3483 abbatibus
3397 3436 3455 3483 et
3476 3428 3686 3483 cleaicis
3713 3428 3794 3482 in-

2204 3523 2655 3590 numerabilibus,
2686 3532 2740 3578 et
2766 3538 2891 3578 cum
2923 3521 3195 3593 praedictis
3224 3521 3458 3577 ducibus
3485 3529 3539 3577 et
3573 3522 3800 3592 reliquis

2207 3617 2552 3673 Alemannite
2579 3615 2908 3687 principibus
2955 3616 3212 3671 canonice
3247 3614 3542 3670 celebravit
3590 3617 3795 3685 (April.

2204 3713 2356 3779 ina),
2399 3710 2581 3781 ibique
2613 3708 2787 3764 multa
2828 3723 2950 3779 quae
2988 3707 3305 3779 corrigenda
3341 3716 3497 3763 erant
3531 3709 3797 3763 correxit.

2204 3803 2284 3859 lbi
2321 3804 2480 3859 etiam
2520 3802 2968 3857 incontinentiam
2999 3800 3065 3835 ⁰⁰⁴
3094 3802 3532 3873 presbyterorum
3583 3809 3640 3856 et
3681 3801 3799 3856 vio-

2202 3896 2426 3952 lentiam
2450 3896 2879 3951 simoniacorum
2912 3896 3046 3950 adeo
3072 3894 3371 3965 prohibuit,
3413 3902 3477 3947 ut
3507 3894 3679 3949 etiam
3702 3910 3796 3965 po-

2202 3989 2391 4061 pulum
2419 3988 2487 4044 ab
2527 4004 2719 4044 eorum
2756 3986 2936 4043 ofﬁcio
2982 3988 3197 4059 penitus
3225 3988 3325 4043 sub
3376 3987 3563 4042 banno
3609 3987 3795 4058 prohi-

2202 4082 2427 4149 buisset,
2456 4082 2499 4137 si
2530 4081 2631 4153 ipsi
2678 4082 2735 4135 in
2780 4080 2871 4135 tali
2912 4080 3148 4136 facinore
3187 4079 3345 4152 positi
3376 4089 3569 4136 contra
3611 4080 3696 4136 fas
3737 4089 3792 4135 et

2193 4175 2283 4247 jus
2328 4175 2637 4230 ministrare
2685 4174 3175 4245 prazsumpsissent.
3237 4174 3434 4228 Statuit
3487 4173 3651 4229 etiam
3712 4172 3784 4227 ibi

2193 4267 2349 4341 juxta
2379 4275 2583 4323 statuta
2626 4276 2939 4323 sanctorum
2965 4275 3201 4338 patrum,
3226 4275 3290 4321 ut
3304 4267 3575 4338 jejunium
3605 4264 3787 4320 Martii

2200 4361 2256 4415 in
2284 4362 2456 4433 prima
2481 4359 2785 4432 epdomada
2810 4360 3261 4432 quadragesima,
3287 4368 3341 4415 et
3376 4358 3652 4431 jejunium
3687 4360 3793 4414 Ju-

2198 4454 2271 4509 nii
2292 4454 2346 4509 in
2360 4454 2659 4525 epdomada
2678 4461 3015 4525 pentecostes
3030 4469 3246 4524 semper
3264 4453 3632 4509 celebrentur.
3654 4455 3797 4509 Item

2196 4547 2386 4604 statuit
2422 4554 2484 4600 ut
2537 4555 2649 4602 tam
2696 4548 2750 4602 in
2797 4547 3101 4619 epdomada
3153 4555 3495 4617 pentecostes
3536 4563 3711 4617 quam
3742 4547 3797 4600 in

2195 4638 2498 4713 epdomada
2528 4640 2767 4711 paschali
2796 4650 2905 4696 tres
2932 4649 3143 4695 tantum
3172 4640 3289 4696 dies
3318 4639 3509 4696 festive
3550 4640 3801 4695 celebra.

2194 4742 2399 4790 rentur.
2428 4735 2571 4789 Nam
2610 4750 2782 4807 usque
2817 4734 2885 4789 ad
2925 4733 3057 4789 illud
3100 4742 3319 4805 tempus
3353 4734 3799 4789 Constantiensis

2194 4828 2536 4899 episcopatus
2582 4842 2799 4884 morem
2850 4826 3386 4900 comprovincialium
3430 4842 3543 4881 non
3583 4835 3675 4882 est
3721 4842 3802 4882 se-

2194 4929 2373 4988 cutus,
2426 4921 2674 4978 videlicet
2732 4922 2997 4993 integram
3054 4921 3416 4991 septimanam
3494 4921 3549 4974 in
3590 4924 3804 4991 pascha

2198 5018 2400 5082 (1422),
2435 5022 2489 5070 et
2515 5029 2688 5070 unum
2732 5015 2877 5071 diem
2908 5022 3121 5071 tantum
3150 5015 3203 5069 in
3246 5022 3556 5086 pentecoste
3602 5014 3803 5071 obser-

1796 5101 2047 5183 VARI/13.
2080 5129 2488 5186 LEC’I‘IONES.

575 5226 642 5264 °°°
667 5246 771 5285 eoa:
793 5229 991 5287 detrita
1016 5237 1067 5287 et
1095 5238 1400 5289 atramento
1428 5235 1628 5290 recenti
1663 5243 1974 5290 restaurata
2008 5243 2059 5292 1.

502 5300 575 5355 rit
601 5302 793 5357 desunt
820 5308 872 5357 2.
949 5302 1019 5341 σοι
1042 5304 1313 5360 ἰηῦηθηῐὶεῑ
1342 5314 1386 5363 1.

2160 5235 2225 5273 θοι
2248 5239 2434 5307 pergit
2460 5240 2515 5292 2.
2591 5234 2663 5273 ⁶⁰²
2686 5251 2742 5308 q.
2770 5234 2824 5293 d.
2858 5236 3052 5293 desunt
3081 5238 3131 5294 3.
3210 5233 3277 5270 ⁶⁰³
3296 5236 3368 5292 Et
3390 5264 3458 5276 ··-
3480 5235 3808 5309 οοωΡῘπι

2037 5379 2266 5435 NOTAE.
2366 5384 2385 5406 ‘

577 5474 758 5547 (1418)
784 5472 970 5542 Hugo,
1000 5475 1147 5547 quia
1178 5480 1316 5532 1108
1343 5474 1502 5532 obiit.

578 5543 763 5615 (1419)
790 5543 1223 5618 Weingartense.

575 5623 755 5684 (1420)
796 5615 1041 5674 Thecam
1064 5620 1158 5675 SS.
1192 5632 1359 5689 sangu

506 5688 688 5759 gitP.
740 5689 881 5743 Hes:
928 5690 1118 5744 Prodr.
1166 5688 1413 5745 Monum.
1458 5689 1693 5759 Guelph.
1740 5696 1831 5745 47.
1879 5692 1943 5746 In
1984 5694 2091 5747 Ne-

506 5758 634 5815 crol.
674 5759 976 5827 Weingart.
1006 5762 1184 5826 (Heus.
1210 5763 1365 5817 Mon.
1391 5758 1653 5832 Guelph.,
1691 5775 1746 5831 p.
1792 5766 1912 5828 136)
1934 5770 2089 5818 nota-

1365 5617 1473 5675 inis
1500 5618 1723 5673 Domini
1749 5618 1853 5685 [hic
1884 5619 2090 5675 intelli-

2196 5483 2289 5531 tur
2325 5490 2418 5548 tu.
2450 5479 2588 5533 Non.
2622 5477 2783 5532 Mart.
2822 5476 2915 5548 qui
2948 5475 3084 5533 forte
3117 5474 3223 5532 fuit
3254 5476 3368 5533 dies
3405 5474 3798 5548 depositionis.

2196 5546 2349 5603 Conf.
2380 5549 2631 5620 Origines
2658 5546 2988 5620 Guelphicas
3017 5556 3058 5620 t.
3099 5550 3171 5615 II,
3197 5564 3252 5619 p.
3283 5553 3408 5603 277.
3438 5546 3571 5604 Uss.

2270 5623 2453 5684 (1421)
2479 5618 2751 5689 Adalbero
2776 5618 2945 5674 fuisse
2969 5618 3211 5674 videtur.
3232 5622 3357 5675 Uss.

2269 5695 2452 5755 (1422)
2479 5692 2581 5745 Hic
2621 5690 2761 5747 ritus
2785 5690 3192 5762 antiquissimus
3224 5689 3500 5762 colligitur
3537 5706 3599 5747 ex
3619 5706 3799 5747 sem.

2190 5766 2303 5815 e59
2329 5763 2385 5817 S.
2418 5762 2734 5833 Augustini,
2773 5770 2829 5818 et
2860 5761 3119 5817 statuitur
3141 5776 3261 5817 can.
3292 5761 3372 5818 66’
3402 5762 3697 5819 Trullano.
3734 5763 3803 5816 Et
