3988 6188
541 282 677 334 1419

1541 276 1632 330 AD
1672 276 1894 331 oram
1931 275 1986 330 s.
2028 237 2816 328 euscoauamiieunlcss.
2868 336 2874 341 η

3703 270 3822 325 H20

537 381 857 460 clericorum
886 401 1253 457 communiter
1277 407 1329 456 et
1345 399 1667 472 regulariter
1688 398 1986 455 viventium
2007 412 2123 454 esse
2149 402 2205 466 Α
2230 396 2386 452 ritice
2431 395 2709 466 sepelitur.
2755 391 3097 450 Venerabilis
3135 391 3400 465 presbiter
3437 391 3816 458 Perhich

538 497 729 554 voluit.
755 498 815 551 In
843 495 923 533 ⁶ι⁰
942 495 1106 566 Nigra
1137 495 1287 563 silva,
1320 495 1378 549 in
1415 495 1535 550 loco
1558 495 1652 566 qui
1683 493 1749 550 de
1773 501 1964 549 sancto
1997 491 2118 548 Bla-

535 593 618 646 sio
649 589 1092 661 cognominatur,
1131 588 1530 644 monasterium
1561 589 1617 643 in
1655 588 1924 643 honorem
1975 585 2121 658 ejus-

535 683 665 739 dem
707 683 879 738 sancti
928 699 958 738 a
998 681 1380 739 fundamentis
1417 683 1562 753 cepit
1602 681 1860 738 aediﬁcari
1916 687 1946 738 3
1988 678 2120 734 Idus

459 787 461 792 '
534 776 889 848 Septembris.
920 779 1060 832 Nam
1095 780 1245 832 Deus
1273 775 1409 833 adeo
1440 776 1594 831 illum
1635 777 1817 831 locum
1843 774 2116 841 exultavit,

532 879 721 942 totque
758 871 886 927 illuc
913 871 981 927 ad
1007 870 1420 926 conversionem
1460 870 1641 925 venire
1677 867 1822 936 fecit,
1857 877 1917 922 ut
1941 882 2122 923 neces-

531 964 676 1020 sario
721 965 990 1036 ampliora
1033 964 1261 1020 aedilicia
1305 963 1597 1019 instituere
1640 962 1946 1019 debuerint.
1997 962 2120 1032 Ipsa

532 1074 751 1130 quoque
811 1058 899 1115 die
954 1059 1271 1130 inceptionis
1337 1051 1656 1130 hujusmodi
1716 1054 2119 1122 aadiﬁcationis,

532 1150 772 1208 domnus
803 1154 942 1219 Uto,
981 1151 1298 1206 venerabilis
1337 1150 1506 1206 abbas
1545 1149 1792 1221 ejusdem
1820 1149 1945 1213 loci,
1974 1149 2121 1220 prio-

532 1261 650 1302 rem
675 1262 859 1312 suum,
897 1245 1165 1301 domnum
1195 1247 1599 1300 Hartmannum
1637 1243 1813 1313 ([425)
1840 1243 1895 1298 in
1926 1243 2120 1298 Orien-

529 1340 635 1395 tale
671 1356 900 1410 regnum
933 1343 1141 1408 (I426),
1187 1338 1389 1394 scilicet
1437 1339 1492 1392 in
1536 1337 1820 1393 marcham
1869 1337 2118 1408 Ungaris

531 1432 974 1498 collimitancam,
999 1449 1125 1488 cum
1155 1432 1272 1487 aliis
1293 1430 1658 1487 confratribus
1679 1431 1795 1485 suis
1813 1430 2022 1495 direxit,
2049 1430 2118 1486 ad

530 1542 729 1582 novam
769 1525 1044 1581 abbatiam
1080 1526 1137 1580 in
1179 1511 1498 1596 episcopatu
1541 1523 1864 1591 Pataviensi,
1908 1523 1962 1577 in
1993 1524 2113 1579 loco

528 1621 633 1690 quia
653 1617 930 1675 Cotewich
962 1617 1179 1684 dicitur,
1208 1617 1626 1674 instituendam.
1674 1622 1807 1673 Erat
1836 1625 2024 1672 autem
2052 1617 2112 1672 in

513 1696 621 1768 Hillo
647 1712 766 1768 loco
781 1712 1076 1768 cenobium
1097 1712 1425 1770 clericorum
1445 1712 1771 1784 regulariter
1790 1711 2111 1777 viventium,

2229 489 2535 546 multarum
2561 486 3070 544 sanctimonialium
3092 487 3343 559 provisor
3361 485 3816 558 religiosissimis.

2231 583 2480 655 migravit
2515 580 2587 638 ad
2630 581 2936 638 Dominum
2983 587 3016 635 2
3053 581 3181 637 Kal.
3215 580 3500 648 Octobris,
3530 595 3823 652 magnum

2231 693 2335 750 que
2360 677 2422 712 ⁶¹¹
2457 691 2732 733 merorem
2760 675 2984 748 reliquit
3000 683 3113 730 tam
3139 676 3273 731 viris
3290 689 3461 747 quam
3492 673 3728 730 feminis
3747 674 3823 729 ευ.

2227 769 2335 828 Sed
2365 779 2418 826 et
2447 771 2541 826 alii
2593 769 3025 826 innumerabiles
3076 768 3367 841 presbiteri
3396 769 3460 823 in
3510 769 3827 823 Teutonicis

2229 865 2481 936 partibus
2506 865 2784 933 obierunt,
2811 864 2902 937 qui
2942 879 3070 920 suos
3098 862 3522 935 parrmchianos
3545 861 3607 917 in
3635 879 3828 935 magno

2229 959 2475 1029 periculo
2497 957 2745 1030 ejusdem
2766 958 3130 1014 mortalitatis
3146 957 3502 1013 dimiserunt.
3530 957 3686 1012 Nam
3703 957 3829 1011 adeo

2229 1053 2472 1108 maxima
2511 1052 2816 1108 mortalitas
2845 1067 3238 1124 usquequaque
3279 1050 3668 1124 grassabatur,
3699 1052 3827 1105 utin

2228 1162 2338 1202 una
2385 1145 2504 1202 villa
2553 1147 2676 1217 plus
2733 1161 2902 1218 quam
2940 1145 3089 1201 mille
3135 1145 3548 1218 quinquaginta
3580 1144 3831 1200 homines

2229 1239 2370 1296 infra
2399 1255 2494 1297 sex
2530 1240 2868 1311 epdomadas
2903 1239 3106 1296 mortui
3148 1248 3606 1295 numerarentur.
3656 1240 3752 1294 Set
3790 1249 3830 1294 et

2228 1334 2284 1390 in
2321 1351 2430 1391 una
2459 1334 2555 1390 die
2575 1341 2630 1389 et
2672 1334 2730 1389 in
2765 1350 2879 1389 una
2918 1334 3044 1389 villa
3095 1332 3218 1404 plus
3259 1349 3432 1405 quam
3464 1332 3830 1405 quadraginta

2225 1428 2421 1484 alicubi
2451 1428 2520 1462 ⁶¹³
2546 1427 2753 1484 mortui
2783 1435 2930 1484 sunt.
2963 1431 3088 1499 Ipsa
3119 1443 3340 1500 quoque
3363 1428 3656 1483 cimiteria
3683 1427 3830 1483 mele-

2225 1522 2434 1578 siarum
2477 1522 2614 1579 adeo
2655 1522 2953 1594 sepulturis
3001 1521 3230 1592 impleta
3259 1529 3416 1589 sunt,
3467 1530 3539 1576 ut
3583 1521 3830 1577 homines

2227 1615 2302 1671 ibi
2334 1622 2586 1672 mortuos
2615 1631 2745 1672 suos
2781 1615 3011 1687 sepelire
3054 1631 3168 1671 non
3219 1615 3530 1687 potuerint.
3575 1614 3750 1672 Unde
3783 1617 3827 1670 in

2229 1711 2474 1782 pluribus
2503 1712 2671 1781 locis,
2720 1711 2864 1768 facta
2896 1709 3212 1782 praegrandi
3239 1709 3387 1766 fossa
3419 1717 3582 1766 extra
3631 1710 3826 1766 cimiteo

527 1805 616 1878 qui
655 1814 840 1862 tamen
870 1804 974 1861 hoc
1004 1821 1034 1860 a
1063 1805 1272 1862 domno
1303 1823 1460 1878 papa,
1497 1814 1552 1861 et
1576 1821 1670 1877 per
1700 1821 1901 1877 papam
1931 1821 1961 1860 a
1990 1820 2115 1876 pros
2151 1780 2198 1842 Β
2229 1805 2395 1874 rium,
2449 1821 2644 1861 omnes
2694 1821 2826 1861 suos
2854 1813 3110 1861 mortuos
3152 1804 3210 1860 in
3251 1804 3403 1859 illam
3449 1804 3820 1876 conjecerunt

524 1900 645 1972 prio
663 1915 854 1956 eorum
873 1900 1125 1972 episcopo
1147 1900 1534 1971 impetrarunt,
1553 1907 1635 1968 ut,
1657 1899 1908 1970 deposito
1927 1899 2113 1954 habitu

524 1993 778 2060 clericali,
796 1993 991 2050 ﬁerent
1020 1993 1301 2049 monachi.
1325 1996 1665 2066 Quapropter
1690 1992 1928 2049 domnus
1949 1993 2114 2049 abbas

519 2087 586 2144 de
606 2089 806 2144 Sancto
832 2088 1013 2144 Blasio
1041 2104 1106 2143 ex
1134 2096 1408 2159 praecepto
1430 2087 1622 2143 domni
1655 2103 1808 2158 papa:
1830 2096 1883 2143 et
1913 2103 1977 2142 ex
2002 2088 2113 2158 epi-

522 2181 668 2253 scopi
717 2181 1084 2252 postulatione
1135 2182 1189 2236 in
1235 2181 1435 2236 eodem
1482 2180 1602 2236 loco
1653 2181 1927 2236 abbatiam
1959 2180 2111 2235 insti-

520 2283 670 2329 tuere
713 2273 1004 2345 disposuit,
1054 2273 1361 2344 fratresque
1405 2289 1534 2328 suos
1562 2273 1688 2328 illuc
1733 2275 1800 2329 ad
1847 2273 1951 2328 hoc
1990 2289 2114 2330 exe-

518 2366 804 2438 quendum
828 2367 1040 2422 direxit.
1081 2369 1464 2422 Heremannus
1479 2366 1695 2437 juvenis
1724 2367 1882 2422 bonae
1907 2367 2110 2424 indolis

519 2467 571 2514 et
599 2458 897 2514 advocatus
924 2459 1232 2531 Augiensis,
1271 2474 1366 2531 per
1394 2459 1612 2515 insidias
1631 2459 1739 2516 heu
1769 2463 1781 2514 !
1815 2460 2110 2516 crudeliter

515 2569 545 2608 a
575 2553 746 2608 servis
771 2552 1061 2624 Augiensis
1097 2553 1349 2621 Ecclesia,
1377 2553 1511 2609 dum
1539 2553 1606 2609 ad
1629 2555 1903 2610 azclesiam
1947 2571 2105 2611 causa

463 2715 465 2720 η
515 2645 706 2702 orandi
739 2645 904 2702 vellet
931 2645 1029 2713 ire,
1069 2647 1126 2700 in
1152 2645 1325 2702 fmsta
1356 2646 1662 2702 conciditur
1701 2654 1728 2702 7
1763 2648 1894 2703 Kal.
1939 2650 2105 2705 Octo-

511 2739 643 2808 bris,
691 2747 747 2798 et
784 2739 840 2795 in
900 2740 1240 2796 monasterio
1287 2740 1431 2812 apud
1473 2750 1726 2797 sanctum
1781 2742 2099 2814 Georgium,

509 2831 660 2904 quod
681 2834 798 2905 ejus
827 2841 980 2904 pater
1009 2833 1066 2889 in
1092 2833 1310 2906 proprio
1339 2834 1543 2892 allodio
1572 2836 1897 2904 construxit,
1925 2835 2099 2892 hono-

2223 1902 2359 1955 Haec
2388 1906 2575 1955 autem
2593 1899 2904 1955 mortalitas
2931 1914 3045 1955 non
3065 1899 3248 1954 solum
3277 1899 3652 1962 Teutonicos,
3683 1905 3823 1953 seut

2223 1993 2533 2061 Franciam,
2561 1993 2957 2066 Burgundiam,
2990 1993 3209 2048 Italiam
3239 2007 3655 2064 usquequaque
3686 2007 3824 2048 ven-

2220 2087 2342 2153 bat;
2373 2103 2499 2159 quae
2521 2095 2704 2142 tamen
2730 2087 3072 2158 sapientibus
3087 2102 3201 2142 non
3228 2086 3368 2142 adeo
3389 2084 3723 2142 detestanda
3759 2087 3823 2140 vi-

2219 2179 2468 2236 debatur.
2491 2183 2631 2236 Nam
2656 2181 2896 2236 maxima
2933 2178 3232 2236 multitudo
3270 2195 3404 2235 cum
3437 2179 3738 2251 penitentia
3767 2188 3814 2234 et

2218 2273 2564 2330 confessione
2593 2283 2647 2329 et
2672 2273 2941 2345 probabili
2983 2273 3092 2328 ﬁne
3117 2272 3516 2338 discesserunt,
3549 2288 3720 2344 quem
3747 2273 3820 2327 in-

2218 2367 2471 2422 ﬁrmitate
2483 2367 2688 2424 detenti
2703 2367 2772 2409 “4
2790 2367 2894 2422 sibi
2911 2374 3034 2438 post
3047 2367 3256 2439 aliquot
3276 2366 3400 2422 dies
3420 2376 3819 2437 proventuram

2216 2462 2589 2532 prmscierunt.
2616 2462 2840 2532 Quippe
2866 2476 3060 2517 omnes
3089 2477 3225 2532 pene
3251 2461 3468 2517 inﬁrmi
3499 2460 3574 2516 ad
3599 2462 3818 2517 cei-titu-

2213 2555 2400 2612 dincm
2430 2555 2611 2612 obitus
2640 2556 2726 2611 sui
2761 2571 2818 2611 se
2849 2563 3317 2627 praeparaverunt,
3350 2554 3511 2627 quod
3550 2555 3666 2611 alio
3694 2563 3820 2610 tem-

2214 2665 2344 2721 pore
2375 2649 2460 2704 vix
2485 2649 2650 2721 aliqui
2679 2649 2858 2706 sancti
2873 2647 2940 2682 ⁶¹³
2970 2648 3146 2706 facere
3169 2656 3492 2720 potuerunt.
3525 2651 3550 2703 Ι
3557 2650 3644 2721 psi
3669 2651 3820 2706 etiam

2209 2744 2530 2815 superstites
2557 2759 2588 2798 a
2621 2742 2958 2800 secularibus
2985 2743 3350 2808 vanitatibus,
3393 2742 3454 2799 id
3485 2750 3576 2798 est
3618 2757 3652 2797 a
3671 2743 3822 2815 jocis,

2209 2853 2239 2891 a
2287 2836 2532 2893 tabernis
2587 2844 2643 2893 et
2684 2837 2803 2893 aliis
2849 2835 3166 2909 hujusmodi
3211 2835 3513 2908 superﬂuis
3553 2835 3822 2892 abstinent

1794 2963 2043 3016 VARME
2099 2963 2410 3019 LECTION
2419 2963 2523 3018 ES.

579 3073 646 3110 ⁶¹⁰
685 3073 1024 3130 In—direxit
1069 3076 1264 3150 desunt
1311 3080 1360 3128 2.
1413 3075 1481 3150 δι)
1509 3092 1614 3150 ¹ιη.
1670 3091 1760 3150 m._
1801 3093 1846 3130 r.
1898 3085 1934 3131 t.
1967 3093 2017 3150 v.
2058 3092 2119 3150 qq.
2153 3078 2185 3133 l'.
2218 3081 2410 3135 desunt
2443 3086 2490 3135 2.
2530 3079 2617 3118 διτ
2649 3081 2830 3150 pergit
2902 3084 2948 3134 1.
2973 3077 3049 3116 ⁶ι³
3093 3080 3293 3134 inloco
3322 3087 3498 3136 raso!
3534 3080 3668 3136 alibi
3708 3083 3824 3138 Uss.

505 3152 690 3224 centra
725 3150 1100 3218 auctoritatem
1147 3149 1397 3202 codicum.
1455 3145 1524 3182 ⁶¹⁴
1553 3147 1792 3202 detentis
1827 3155 1874 3214 1,
1909 3155 1958 3203 2.
2000 3145 2099 3184 δεῖν
2129 3151 2216 3204 vix
2262 3151 2376 3207 sani
2439 3155 2559 3209 Uss.
2592 3145 2778 3208 contra
2814 3153 3192 3207 auctoritatem
3231 3151 3499 3207 codicum.
3548 3182 3624 3193 —
3663 3152 3825 3224 aliqui

507 3219 651 3275 deest
680 3225 732 3273 3.

2045 3294 2089 3348 N
2097 3293 2191 3349 OT
2194 3296 2274 3350 ᾹΞ.

503 3406 746 3483 denotet)
769 3406 1041 3483 decanum
1065 3403 1603 3483 Baitenbuchensem
1626 3405 1893 3483 Mauriani
1924 3408 2088 3472 (Hist.
2132 3417 2175 3479 ρ
2206 3408 2275 3483 ad
2316 3409 2648 3483 Gregorium
2671 3411 2797 3483 AVII
2840 3409 3116 3483 volumen,
3151 3406 3300 3480 quod
3331 3407 3406 3464 de
3433 3408 3726 3483 sacerdotii
3760 3417 3823 3465 et

506 3477 614 3532 litt.
659 3478 729 3552 de
768 3479 1002 3552 France,
1028 3487 1070 3532 t.
1119 3479 1224 3543 IX,
1268 3493 1324 3552 p.
1366 3483 1491 3543 28.3)
1540 3478 1795 3552 eumdem
1845 3487 2095 3552 statuunt
2147 3477 2168 3479 ί
2206 3477 2744 3551 ἰιιη›ρι·ἰὶ⁷‹1ἰδεοι·ᾶὶδ
2774 3477 3120 3552 ρτῖιξιιοῐεινίῐ.
3165 3477 3359 3536 Exstat
3389 3479 3549 3552 apud
3580 3484 3824 3536 Hancne

2209 3555 2393 3624 (Thes.
2427 3552 2720 3620 Anecdot.,
2758 3561 2798 3608 t.
2840 3557 2886 3624 ι,
2918 3569 2969 3624 p.
3003 3559 3127 3618 214)
3175 3571 3188 3607 :
3217 3560 3386 3623 agunt
3416 3553 3488 3608 de
3519 3552 3621 3607 illo
3650 3555 3814 3607 etiam

2207 3623 2474 3679 Mauriani
2503 3625 2665 3690 (Hist.
2686 3625 2790 3680 litt.
2823 3623 2892 3679 de
2907 3623 3140 3691 France,
3161 3631 3204 3678 t.
3229 3625 3379 3688 VlIl,
3408 3639 3466 3694 p.
3494 3628 3632 3691 252,
3653 3631 3816 3696 sqq.)

2207 3697 2328 3764 Ipsa
2357 3711 2482 3750 vero
2510 3696 2821 3765 Manegoldi
2845 3695 3114 3766 promissa
3135 3696 3425 3766 responsio
3448 3704 3651 3751 contra
3673 3695 3823 3751 hunc

2203 3768 2551 3832 Wenricum,
2595 3767 2995 3840 quam_Pezius
3025 3767 3702 3840 aliiqueautnunquam
3742 3767 3819 3821 fa-

2204 3845 2373 3904 ctam,
2407 3846 2501 3893 aut
2531 3837 2741 3910 saltem,
2763 3837 3109 3910 deperditam
3137 3837 3388 3910 arbitrati
3425 3837 3595 3905 sunt,
3629 3855 3702 3893 nu

2204 3917 2418 3980 reperta
2436 3917 2532 3980 gest
2560 3911 2614 3964 in
2644 3908 3000 3966 codice‘msc.
3033 3908 3384 3965 bibliotheca
3409 3924 3520 3964 ser.
3545 3908 3816 3965 man-hio-

2205 3979 2289 4034 nis
2341 3979 2626 4052 Badensis,
2673 3996 2797 4052 quae
2839 3981 3182 4038 Carolsruhaa
3213 3987 3317 4047 est,
3348 3980 3504 4037 unde
3535 3988 3814 4036 transnar-

2206 4059 2363 4125 ptum
2393 4050 2462 4106 ad
2484 4050 2879 4125 monasterium
2913 4053 3298 4125 Pollinganum
3337 4053 3599 4125 pervenit
3628 4059 3690 4106 78
3712 4067 3808 4107 ca-

2203 4118 2414 4197 pitibus
2447 4123 2931 4197 comprehensum,
2973 4118 3209 4197 quorum
3236 4118 3620 4197 fitulqseum
3639 4132 3802 4197 parte

2203 4193 2544 4264 przefationis
2569 4193 2627 4261 (Ι.
2657 4210 2731 4261 c.,
2764 4195 2848 4252 tit.
2894 4193 3021 4262 495)
3049 4196 3194 4251 sistit
3223 4193 3586 4251 Grandidier.
3618 4196 3802 4263 Opus-

2203 4267 2391 4320 culum
2462 4267 2740 4337 inscripsit
2797 4276 2988 4324 auctor
3039 4265 3398 4332 Gebehardo,
3451 4265 3670 4337 dubium
3724 4279 3806 4319 an

2203 4337 2603 4410 Constantiensi
2633 4335 2930 4410 episcopo,
2960 4337 3043 4394 vel
3088 4337 3496 4410 Salisburgensi
3525 4335 3812 4410 argbiepi-

2201 4423 2389 4478 scopo,
2414 4409 2529 4480 jam
2559 4425 2609 4464 a.
2657 4405 2792 4466 1—088
2822 4405 3109 4474 defuncto,
3156 4405 3532 4480 meminitque
3584 4408 3660 4463 ibi
3696 4405 3808 4463 (Ie-

2200 4481 2398 4552 structi
2414 4481 2500 4552 sui
2521 4481 2896 4552 monasterioli
2909 4480 3192 4552 quondam
3207 4480 3489 4552 praepositi
3510 4481 3818 4552 Harman-

2200 4550 2274 4616 ni,
2308 4551 2453 4623 quod
2487 4551 2808 4624 haud‘aliud
2833 4550 2950 4608 esse
2977 4550 3222 4624 arbitror
3242 4550 3415 4624 quam
3439 4551 3816 4624 [autenbach

2200 4637 2297 4676 seu
2329 4622 2733 4695 Lutembachfa
2780 4625 3111 4695 Manegoldo
3136 4623 3191 4678 in
3222 4622 3406 4695 patrio
3436 4639 3542 4678 suo
3581 4623 3820 4679 Alsatia:

939 4702 980 4767 :e
1028 4693 1352 4768 addictum,
1385 4696 1445 4768 u_t
1488 4696 1779 4768 propterea
1809 4703 2084 4745 carcerem
2197 4694 2500 4768 superioris
2525 4694 2728 4768 oppido
2755 4693 2898 4750 circa
2932 4693 3056 4768 ann.
3088 4693 3820 4768 107piforte_cenistmetum

506 4756 1197 4844 quequeausch‘ismaticis
1242 4759 1560 4844 pertulerit,
1596 4756 1851 4844 ejusdem
1898 4769 2084 4844 tamen
2113 4781 2163 4844 Ι)
2194 4756 2287 4844 eui
2310 4767 2507 4844 saltem
2535 4756 2812 4844 dotatum,
2842 4775 2896 4822 et
2920 4765 3059 4822 forte
3079 4766 3820 4844 aschismaticisjnpdium

504 4826 752 4895 repetitis
778 4826 1052 4908 mandatis
1089 4844 1154 4908 eo
1181 4826 1353 4900 usque
1388 4826 1672 4908 restitisse,
1709 4831 1887 4908 donec
1916 4832 1984 4908 ad
2022 4849 2083 4888 ea
2115 4826 2162 4844 ”
2200 4836 2509 4908 Manegoldi
2554 4826 2915 4908 destructum,
2965 4853 3028 4894 ac
3070 4845 3258 4908 postea
3289 4837 3343 4892 in
3396 4826 3823 4893 cadoniccmm

506 4895 1144 4991 exneeqe‘e-ndnalceqsuris
1191 4895 1851 4991 .ceiiipelleretur;;'qilod
1905 4904 2101 4991 utique
2198 4895 2538 4991 saecularium
2596 4907 2865 4991 hodieqee
2907 4895 3142 4991 insigne
3159 4909 3456 4991 collegium
3483 4918 3822 4991 commixta:

500 4965 633 5023 fecit
651 4965 1164 5041 ‘rRaitenbuchensis
1189 4971 1288 5026 iste
1321 4965 1582 5036 decanus,
1619 4965 1860 5041 utit'mox
1901 4965 2101 5036 etfali
2199 4985 2335 5033 tum.
2386 4979 2590 5034 Saltem
2642 4995 2700 5034 se
2727 4965 2983 5035 in‘bortis
3019 4965 3073 5035 in
3113 4965 3437 5036 Lutenbach
3467 4995 3607 5034 cum
3655 4981 3822 5034 Wol~

2193 5045 2404 5123 fhelmo
2446 5051 2763 5123 convenisse
2807 5059 3052 5123 testatur
3068 5050 3434 5123 Manegoldus
3449 5065 3606 5123 mox
3644 5051 3818 5106 initio

2195 5121 2280 5195 eui
2311 5129 2498 5195 contra
2531 5122 2787 5195 eumdem
2824 5122 3077 5195 opusculi
3105 5121 3272 5195 supra
3301 5121 3461 5177 citati
3492 5125 3636 5179 Uss.
3680 5123 3812 5178 Vni.

2194 5191 2503 5247 Bernoldus
2534 5191 2675 5248 infra
2703 5193 2771 5248 ad
2811 5191 2976 5249 finem
3006 5195 3154 5249 anni.

2263 5268 2447 5331 (I425)
2481 5269 2572 5338 pe
2603 5280 2743 5320 nova
2774 5263 2897 5338 hac
2937 5266 3152 5338 colonia
3188 5272 3245 5338 et
3286 5266 3657 5322 Hartmanno
3693 5268 3816 5338 ejus

2192 5331 2420 5407 ductore
2441 5335 2511 5391 cf.
2536 5336 2784 5391 Gerberti
2808 5336 2946 5391 Hist.
2977 5337 3160 5404 Nigrae
3181 5337 3342 5392 Silvae
3365 5346 3409 5391 t.
3431 5339 3477 5404 Ι,
3504 5353 3568 5407 p.
3598 5331 3747 5400 253:
3760 5348 3812 5392 et

2191 5405 2376 5480 Yitam
2406 5407 2754 5480 S.Altmanni
2777 5409 3016 5480 episcopi
3042 5408 3382 5464 Pataviensis
3403 5417 3461 5463 et
3485 5405 3809 5464 fundatus

2191 5477 2556 5533 Gottvicensis
2593 5480 2717 5533 Pez.
2748 5477 2944 5550 Sc’ript.
2965 5477 3176 5535 ‘Austr.
3223 5487 3266 5534 t.
3318 5481 3363 5546 l,
3396 5495 3452 5550 p.
3506 5487 3636 5535 115.
3671 5483 3804 5538 Uss.

2190 5550 2567 5623 Hartmannus
2597 5550 2666 5623 ab
2695 5551 2992 5623 Altmanno
3022 5551 3276 5623 episcopo
3307 5552 3463 5622 prior
3486 5553 3684 5606 Sancti
3719 5551 3798 5606 Xi-

2189 5620 2328 5673 colai
2361 5621 2700 5676 Pataviensis
2730 5620 3070 5678 constitutus
3090 5620 3239 5678 anno
3289 5620 3432 5677 {076
3463 5636 3494 5675 a
3531 5623 3804 5678 militilus

2190 5691 2437 5768 [Ieini'ici
2495 5695 2569 5747 IV
2613 5695 2804 5768 pulsus
2846 5703 3110 5768 sanctum
3136 5694 3393 5750 Blasium
3432 5694 3794 5768 migraverat.

2189 5761 2274 5819 Cf.
2307 5761 2672 5819 Ussermanni
2700 5772 2813 5820 not.
2844 5769 2897 5831 9,
2927 5766 2997 5822 ad
3017 5765 3068 5820 h.
3097 5765 3131 5821 Ι.

2260 5837 2442 5900 (1426)
2473 5834 2802 5905 Osterriche,
2831 5835 3195 5895 Oesterreich.

507 3565 632 3604 cum
665 3549 1002 3604 Marbacensi
1049 3547 1361 3675 praeposito.
1413 3549 1674 3618 Quamvis
1728 3557 1910 3604 autem
1956 3551 2095 3606 circa

507 3620 592 3674 illa
619 3628 866 3675 temnora
889 3621 1137 3675 Mancgol
1183 3636 1248 3675 us
1273 3620 1498 3675 quidam
1534 3621 1774 3675 decanus
1796 3621 1853 3675 in
1875 3621 2093 3675 Raiten-

503 3620 592 3691 illa
619 3628 866 3691 tempora
889 3620 1248 3691 Manegoldus
1273 3620 1498 3691 quidam
1534 3621 1774 3676 decanus
1796 3621 1853 3676 in
1875 3621 2093 3677 Raiten-

505 3690 649 3773 buch
681 3690 966 3760 exstiterit,
990 3690 1085 3773 qui
1105 3690 1311 3773 librum
1339 3700 1531 3773 caliga
1562 3692 1812 3773 _Gr_egorii
1839 3694 1938 3773 V_II
1961 3693 2097 3773 iace—

506 3769 716 3834 ratores
745 3762 1076 3834 composuit,
1105 3773 1168 3819 ut
1194 3771 1426 3818 testatur
1449 3762 1740 3819 Gerhohus
1769 3779 1836 3818 ex
1865 3763 2095 3819 Raiten-

506 3831 768 3907 bpchensi
833 3831 1101 3889 canonico
1158 3836 1484 3905 praepositus
1544 3834 2094 3907 Reicherspergensis

453 3919 463 3927 ν
507 3901 653 3977 ilfez:
698 3902 732 3955 Ι.
771 3918 822 3957 c.
864 3919 936 3972 p.,
969 3919 1042 3977 ιι2
1083 3921 1135 3974 p.
1159 3901 1334 3977 3191:);
1373 3921 1500 3960 eum
1530 3914 1713 3960 tamen
1743 3901 2092 3977 praepositum

507 3972 925 4046 Marbacensem
964 3972 1159 4046 egisse,
1189 3975 1352 4046 nobis
1390 3992 1456 4046 ne
1496 3991 1619 4030 vero
1652 3972 1876 4046 quidem
1916 3977 2094 4032 simile

505 4043 740 4099 videtur.
773 4044 879 4099 Hic
907 4045 1053 4098 enim
1084 4059 1146 4098 ex
1172 4045 1468 4100 Bertholdo
1489 4062 1538 4100 a.
1575 4043 1709 4101 109⁷4
1741 4047 2093 4103 Marbacense

507 4115 798 4186 collegium
834 4115 1090 4182 instituit,
1130 4116 1287 4241 (Ἢυε
1325 4132 1470 4172 anno
1520 4122 1654 4172 1096
1694 4118 1927 4174 Turonis
1956 4135 2092 4190 prte-

507 4187 717 4241 nositus
763 4187 1117 4241 constitutus.
1197 4201 1409 4241 'omum
1469 4188 1641 4241 redux
1686 4191 2092 4241 reconciliandis

507 4187 717 4258 positus
763 4187 1117 4254 constitutus,
1181 4187 1409 4242 domum
1469 4188 1641 4242 redux
1686 4187 2094 4258 reconciliandis

505 4257 869 4330 Schismaticis
892 4258 962 4330 in
987 4258 1196 4312 Alsatia
1237 4259 1396 4330 unice
1439 4268 1734 4330 occupatus
1769 4257 1892 4325 fuit,
1925 4261 1995 4317 ob
2038 4262 2091 4318 id

506 4330 674 4401 etiam
706 4329 774 4384 ab
796 4329 1058 4401 Heinrico
1079 4345 1206 4401 rege
1244 4329 1338 4385 diu
1371 4330 1430 4385 in
1458 4329 1705 4401 captione
1731 4330 2007 4398 detentus,
2031 4341 2093 4387 ut

505 4400 708 4484 ibidem
744 4400 813 4456 ad
841 4405 1071 4484 a._.1098
1103 4400 1316 4484 legitur.
1340 4404 1452 4484 Aut
1490 4400 1581 4484 qui
1615 4403 1670 4457 in
1693 4402 1916 4484 dissitis
1953 4405 2092 4460 adeo

506 4470 644 4546 lecis
685 4472 985 4546 monastica
1029 4470 1238 4546 munia,
1277 4474 1332 4526 in
1379 4470 2090 4546 Alsa'tiaquidempraepo-

507 4543 621 4616 siti,
669 4543 857 4599 decani
909 4559 1065 4616 vero_
1097 4544 1156 4597 in
1205 4543 1449 4616 Bavaria,
1509 4543 1663 4616 obire
1718 4543 1896 4616 potuit
1951 4543 2091 4603 unus

506 4611 764 4685 idemque
786 4613 1174 4687 Manegoldus?
1199 4617 1312 4671 Nec
1333 4611 1498 4670 etiam
1514 4611 1768 4671 credibile
1788 4624 1892 4682 est,
1910 4617 2090 4673 virum

507 4699 661 4754 papae
698 4685 980 4759 tantopere
1028 4685 1332 4759 addictum,
1385 4696 1445 4742 ut
1491 4696 1779 4759 propterea
1809 4703 2084 4745 carcerem

501 5046 621 5116 tera
659 5037 871 5116 Urbani
906 5040 1223 5116 Iiepistola
1252 5043 1505 5098 vidimus.
1539 5037 1850 5116 Utrumque
1889 5047 2090 5114 pariter

501 5110 914 5192 ManegoldumA
927 5109 1209 5192 distinguit
1240 5116 1430 5192 lfezius
1471 5113 1645 5192 (Eraf.
1681 5109 2085 5192 adit.__l_l"_1:hes.

502 5180 861 5257 Anecdgtvp.
889 5180 978 5252 30)
1002 5197 1064 5236 ex
1086 5180 1222 5237 libro
1248 5180 1559 5257 ltlanegoldi
1590 5195 1779 5243 contra
1811 5186 2087 5244 Wolfhel-

499 5266 654 5307 mum
669 5253 1075 5322 Coloniensem,
1095 5267 1254 5322 quem
1269 5253 1434 5311 edidit
1449 5258 1780 5314 Muratorius
1797 5261 2082 5322 (Anecdot.

499 5329 540 5396 t.
572 5325 668 5396 iV,
695 5341 746 5395 p.
790 5329 930 5391 163),
960 5325 1017 5378 in
1041 5340 1150 5396 quo
1177 5340 1294 5395 cap.
1330 5332 1395 5380 24
1418 5330 1753 5384 mentionem
1773 5328 1904 5384 facit
1941 5333 2086 5387 Wir-

496 5394 597 5470 rici
618 5394 956 5470 Trevirensjs
973 5394 1258 5470 magistri,
1273 5399 1363 5467 qui
1385 5399 1486 5452 sub
1517 5417 1743 5470 persona
1773 5400 2082 5457 Virduuen-

495 5464 572 5540 sis
609 5469 845 5540 episcopi
882 5466 1010 5540 fecit
1045 5464 1334 5540 epistolam
1368 5464 1710 5540 contumeliis
1749 5483 1953 5530 sancta;
1988 5490 2082 5530 ec-

492 5537 669 5613 elesiaa
697 5537 1138 5613 redundantem,
1176 5540 1266 5613 cui
1307 5539 1541 5613 velocius
1578 5543 1905 5613 respondere
1946 5545 2080 5600 deli-

490 5605 660 5685 heret.
697 5610 966 5685 W_irricus
1005 5611 1105 5685 iste
1126 5610 1269 5666 haud
1300 5612 1442 5666 alius
1469 5605 1730 5685 estquam
1755 5617 2080 5673 Wenericus

487 5678 713 5759 clericus
755 5681 1106 5759 ’I_‘revirensis,
1154 5691 1344 5759 postea
1378 5678 1736 5759 Vercell'ensis
1774 5688 2077 5758 episcopus,

487 5750 590 5829 qui
611 5756 749 5832 teste
777 5750 1369 5832 Thrithemio__(Anpal_.
1400 5754 1682 5832 _H_ir_sa_ug.,
1713 5750 1838 5832 t._f,
1873 5775 1925 5829 p.
1952 5750 2078 5832 253)

487 5825 708 5888 scripsit
739 5835 804 5876 ex
838 5836 1067 5892 persona
1096 5825 1414 5882 Theoderici
1449 5825 1810 5886 Virdu'nensis
1835 5825 2076 5903 episcopi
