4052 6196
271 314 396 367 1421

1176 316 1460 371 ΑΡΡΕΝΟ.
1503 319 1589 371 Ill.
1630 345 1698 357 —
1734 318 2150 374 MONUMENTA
2187 311 2644 373 GREGORIANA.

3526 103 3552 120 Ι

3421 323 3555 378 1422

264 435 612 504 studuerunt,
642 443 696 493 et
733 436 804 494 ad
833 437 1230 495 confessionem
1256 447 1313 495 et
1351 439 1705 511 penitentiam
1734 457 1860 498 cur-
1889 448 1944 511 Α
1970 441 2298 516 reliquisque
2341 439 2589 498 ﬁdelibus
2607 437 2778 497 sancti
2807 439 2954 496 Petri
2977 439 3207 498 ﬁrmiter
3225 404 3556 515 conjunctae

262 544 406 600 rere,
435 546 599 602 seque
626 531 1002 589 sacerdotibus
1043 533 1431 590 commendem
1477 551 1590 590 non
1617 551 1858 592 cessave-

265 631 410 678 runt.
457 624 618 680 Unde
699 624 938 682 maxima
974 627 1268 684 multitudo
1314 628 1500 685 eadem
1531 630 1858 687 mortalitate

1963 543 2139 594 totum
2161 538 2331 594 robur
2372 535 2585 608 paterni
2607 534 2876 591 exercitus
2904 534 2965 589 in
2991 535 3376 608 Longobardia
3405 538 3553 595 obti-

1965 631 2104 688 nuit.
2134 629 2337 698 Welfo,
2369 629 2516 686 ﬁlius
2538 628 2810 687 Welfonis
2837 627 2998 685 ducis
3031 627 3322 702 Bajoariaa,
3351 645 3384 687 a
3422 647 3555 690 con-

263 716 396 771 satis
420 716 777 787 probabiliter
797 719 1003 775 obiere.
1036 722 1096 775 In
1118 721 1415 777 Galliarum
1449 722 1666 779 civitate
1692 740 1855 794 quam
1955 723 2114 795 jugio
2143 723 2364 781 domnae
2390 723 2456 760 ⁶¹ι
2486 721 2769 778 Mathildis
2796 721 2865 755 ⁸η
2891 737 2950 778 se
2977 722 3195 794 penitus
3225 737 3422 794 seques
3452 731 3555 781 tra-

266 809 556 865 Ostionem
587 817 763 877 (1427)
791 813 1081 884 vulgariter
1109 814 1319 882 dicunt,
1347 827 1736 889 congregatum
1775 827 1858 875 est

265 905 513 974 generale
544 905 838 960 concilium
857 922 888 961 a
925 909 1231 964 venerando
1259 910 1458 982 Ugone
1488 915 1668 977 (1428)
1711 914 1855 984 Lug-

266 996 494 1052 dunensi
549 998 950 1071 archiepiscopo
1000 1009 1055 1056 et
1108 1002 1251 1058 sedis
1293 1004 1607 1074 apostolica:
1655 1005 1852 1078 legato,

265 1105 392 1146 cum
436 1091 878 1164 archiepiscopis,
909 1095 1173 1168 episcopis
1197 1104 1252 1151 et
1280 1097 1569 1154 abbatibus
1614 1098 1854 1155 diversa-

263 1199 386 1240 rum
409 1186 833 1257 provinciarum,
882 1194 944 1242 17
971 1189 1096 1244 Kal.
1126 1190 1466 1247 Novembris.
1495 1195 1557 1248 In
1588 1209 1700 1264 quo
1725 1210 1855 1250 con-

263 1279 390 1335 cilio
418 1288 674 1338 renovata
709 1290 790 1338 est
811 1284 1305 1341 excommunicatio
1335 1285 1390 1340 in
1419 1285 1740 1343 Heinricum
1767 1303 1853 1344 re-

262 1387 390 1444 gem
419 1382 474 1430 et
500 1375 814 1432 Wibertum
845 1377 990 1434 sedis
1009 1379 1322 1450 apostolica:
1352 1380 1688 1450 iuvasorem,
1722 1382 1855 1438 etin

264 1485 458 1527 omnes
481 1487 672 1528 eorum
696 1473 1018 1545 complices;
1039 1474 1169 1530 item
1196 1491 1291 1532 rex
1307 1476 1611 1533 Galliarum
1641 1478 1856 1552 Philip-

263 1579 363 1636 pus
391 1567 901 1624 excommunicatus
924 1577 1027 1635 est,
1055 1583 1119 1624 eo
1147 1569 1293 1640 quod
1322 1569 1531 1626 vivente
1559 1588 1725 1628 uxore
1753 1589 1852 1630 sua

263 1659 492 1714 alteram
523 1659 988 1731 superinduxerit;
1023 1661 1153 1718 item
1183 1664 1522 1721 'Simoniaca
1552 1666 1761 1724 heresis
1802 1677 1856 1724 et

263 1752 660 1809 incontinentia
721 1755 1066 1811 sacerdotum
1147 1758 1249 1813 sub
1285 1760 1856 1818 excommunicatione

1962 817 2062 884 vit,
2115 831 2359 874 asserens
2407 817 2561 873 illam
2609 833 2642 873 a
2691 832 2750 874 se
2777 816 3010 872 omnino
3055 816 3368 874 immunem
3422 834 3551 891 per-

1962 909 2259 978 mansisse;
2289 910 2436 982 quod
2476 911 2595 981 ipsa
2623 909 2990 967 libentissime
3014 910 3074 966 in
3097 919 3428 982 perpetuum
3462 927 3549 968 re-

1962 1004 2207 1073 ticuerit,
2245 1004 2290 1060 si
2318 1019 2433 1060 non
2473 1003 2587 1076 ipse
2632 1004 2780 1075 prior
2809 1004 2940 1060 illud
2969 1003 3100 1060 satis
3125 1004 3192 1039 ⁶¹³
3238 1005 3550 1062 inconside-

1962 1105 2076 1154 rate
2105 1097 2172 1132 ⁸³³
2211 1098 2582 1171 puplicaverit.
2613 1097 2777 1154 Unde
2818 1105 2974 1170 pater
3006 1098 3174 1170 ipsius
3217 1100 3277 1154 in
3324 1102 3551 1172 Lango-

1963 1189 2212 1248 bardiam
2245 1192 2416 1248 nimis
2443 1190 2510 1225 ⁶²⁴
2540 1192 2683 1248 irato
2711 1191 2899 1247 animo
2946 1191 3214 1263 pervenit,
3246 1201 3303 1250 et
3351 1192 3554 1250 frustra

1963 1285 2054 1341 diu
2072 1285 2423 1358 multumque
2446 1301 2544 1358 pro
2586 1284 2902 1357 hujusmodi
2941 1286 3384 1344 reconciliatione
3406 1286 3554 1344 labo-

1963 1379 2122 1436 ravit.
2160 1381 2349 1452 Ipsum
2399 1379 2565 1435 etiam
2607 1377 2933 1435 Heinricum
2979 1378 3080 1436 sibi
3111 1380 3168 1435 in
3215 1379 3552 1452 adjutorium

1963 1474 2154 1530 ascivit
2180 1482 2372 1530 contra
2397 1472 2665 1530 domnam
2698 1472 3042 1543 Mathildam,
3080 1481 3144 1529 ut
3187 1473 3359 1546 ipsam
3406 1474 3553 1532 bona

1961 1583 2056 1624 sua
2093 1567 2202 1625 ﬁlio
2241 1568 2359 1640 ejus
2407 1567 2536 1624 dare
2588 1567 2956 1640 compelleret,
3012 1568 3264 1639 quamvis
3308 1567 3552 1625 nondum

1960 1661 2114 1718 illum
2139 1663 2195 1717 in
2239 1661 2471 1718 maritali
2517 1678 2683 1733 opere
2727 1670 3081 1735 cognosceret
3129 1661 3236 1731 “’5;
3281 1661 3429 1720 unde
3459 1661 3552 1719 diu

1963 1755 2162 1812 frustra
2181 1755 2491 1812 laboratum
2509 1765 2609 1812 est.
2647 1759 2900 1812 Domnus
2927 1770 3083 1828 papa;
3117 1756 3227 1812 Deo
3260 1764 3314 1812 et
3364 1763 3555 1812 sancto

263 1846 523 1903 damnata
552 1857 668 1916 est;
694 1849 826 1905 item
852 1851 1142 1906 monachis
1173 1851 1518 1909 interdictum
1551 1865 1632 1910 est
1674 1857 1728 1911 in
1760 1872 1850 1912 eo.
1887 1845 1933 1906 B
1971 1853 2128 1906 Petro
2152 1859 2525 1922 prosperante,
2551 1848 2665 1921 jam
2687 1855 2827 1923 pene
2850 1850 3050 1922 ubique
3073 1848 3374 1921 praevaluit,
3414 1858 3471 1906 et
3499 1848 3556 1906 in

263 1940 388 1996 dem
446 1943 676 1998 concilio
706 1960 775 1999 ne
805 1944 1246 2015 parroechialium
1290 1948 1636 2004 sacerdotum
1677 1949 1856 2006 ofﬁcia

262 2035 321 2090 in
371 2037 684 2107 parroechiis
739 2047 1028 2109 usurpent.
1059 2042 1214 2108 Haec,
1256 2041 1514 2113 inquam,
1559 2043 1747 2099 omnia
1787 2044 1859 2100 ibi

266 2137 390 2183 sunt
429 2132 753 2200 constituta,
806 2141 858 2187 et
916 2134 1217 2204 apostolica
1269 2135 1538 2207 legatione
1619 2137 1854 2194 ﬁrmata.

267 2221 589 2279 Adelbertus
615 2241 800 2281 comes
825 2227 890 2282 de
920 2227 1078 2282 Calva
1099 2227 1189 2297 θίθ,
1220 2227 1432 2298 juvenis
1456 2229 1617 2286 bona:
1640 2230 1856 2299 indolis,

269 2315 404 2369 obiit
454 2323 483 2369 3
528 2321 670 2372 Non.
719 2321 1042 2375 Decembris
1091 2320 1181 2376 “7.
1233 2324 1296 2376 In
1347 2322 1552 2378 Alsatia
1604 2325 1860 2397 magister

270 2409 628 2479 Manegoldus
657 2409 727 2465 de
744 2411 1077 2468 Liutenbach
1107 2413 1428 2470 mirabiliter
1445 2417 1860 2472 ecclesiasticam

269 2501 620 2571 religionem,
643 2503 758 2574 jam
788 2504 998 2559 dudum
1019 2505 1074 2558 in
1106 2505 1215 2560 illis
1238 2507 1486 2576 partibus
1516 2511 1742 2565 omnino
1774 2527 1861 2566 ex-

269 2594 519 2662 tinctam,
579 2600 696 2652 Deo
746 2597 1066 2668 miserante,
1105 2599 1430 2654 reaccendit.
1477 2604 1617 2656 Nam
1663 2602 1862 2657 invale-

269 2696 457 2746 scente
508 2689 652 2760 apud
707 2691 832 2747 illos
875 2693 1132 2748 diuturna
1163 2693 1500 2750 mortalitate
1530 2694 1618 2763 “3,
1669 2713 1866 2752 onmes

270 2798 404 2854 pene
430 2783 666 2854 majores
696 2793 751 2839 et
777 2785 1046 2841 militares
1076 2787 1221 2842 illius
1253 2787 1550 2857 provinciae
1581 2790 1649 2846 ad
1681 2790 1863 2862 ipsum

270 2876 583 2932 catervatim
613 2893 939 2947 convenere,
977 2880 1120 2935 etde
1161 2884 1734 2940 excommunicatione
1773 2901 1866 2956 per

270 2978 600 3042 potestatem
631 2972 734 3043 ipsi
765 2989 795 3027 a
824 2972 1032 3029 domno
1082 2991 1219 3046 papa
1250 2991 1570 3032 concessam
1607 2978 1864 3048 absoluti,

271 3066 435 3121 etiam
449 3064 517 3122 de
537 3064 761 3138 reliquis
786 3082 982 3123 eorum
1017 3069 1269 3138 peccatis,
1291 3080 1509 3142 accepta
1539 3072 1864 3143 penitentia,

270 3174 365 3231 per
388 3175 515 3215 eum
543 3159 752 3215 absolvi
781 3176 892 3216 non
923 3172 1291 3218 cessaverunt.
1324 3165 1395 3218 Hi
1435 3181 1632 3220 omnes
1655 3165 1864 3225 domno

1965 1943 2145 2000 media
2175 1943 2564 2016 Longobardia
2600 1945 2655 1999 in
2683 1943 2902 2000 civitate
2939 1943 3272 2011 Placentina,
3306 1943 3449 1998 inter
3470 1942 3555 2015 ip-

1965 2051 2055 2092 sos
2079 2037 2440 2104 scismaticos,
2472 2046 2525 2094 et
2549 2045 2738 2094 contra
2765 2038 2913 2110 ipsos
2937 2037 3250 2110 generalem
3297 2036 3555 2094 sinodum

1967 2135 2149 2197 (1429)
2180 2131 2423 2188 condixit
2468 2134 2650 2200 (Mart.
2683 2137 2766 2199 1);
2817 2129 3070 2204 adquam
3109 2133 3392 2204 episcopos
3446 2136 3556 2187 Ita-

1969 2226 2080 2293 liae,
2133 2225 2490 2297 Burgundize,
2523 2227 2801 2293 Franciae,
2845 2225 3220 2293 Alemanniaz,
3261 2226 3556 2298 Bajoarise,

1968 2319 2305 2390 aliarumque
2332 2318 2739 2389 provinciarum
2769 2320 3031 2375 canonica
3072 2327 3126 2376 et
3146 2320 3438 2392 apostolica
3469 2336 3561 2375 au-

1968 2413 2218 2468 ctoritate
2262 2412 2448 2468 missis
2477 2411 2646 2468 literis
2676 2413 3020 2468 convocavit.

2039 2509 2202 2561 Facta
2243 2513 2324 2560 est
2349 2515 2536 2560 autem
2587 2505 2706 2561 hac
2737 2505 2967 2562 sinodus
2995 2505 3134 2563 circa
3159 2506 3400 2564 mediam
3430 2523 3561 2580 qua-

1971 2597 2336 2669 dragesimam
2368 2598 2686 2665 Placentiae,
2713 2599 2779 2653 ad
2794 2615 2960 2670 quam
2985 2600 3247 2656 sinodum.
3270 2601 3564 2658 multitudo

1973 2699 2084 2746 tam
2111 2690 2520 2746 innumerabilis
2557 2690 2844 2759 confluxit,
2884 2700 2946 2747 ut
2966 2708 3312 2764 nequaquam
3343 2695 3402 2748 in
3435 2709 3562 2764 qua-

1973 2785 2103 2840 libet.
2124 2784 2335 2840 ecclesia
2358 2783 2508 2840 illius
2532 2783 2637 2840 loci
2664 2792 2847 2854 posset
2875 2785 3289 2856 comprehendi.
3320 2786 3483 2843 Unde
3512 2795 3567 2841 et.

1973 2879 2212 2935 domnus
2237 2894 2374 2951 papa
2406 2886 2556 2933 extra
2587 2877 2780 2934 urbem
2807 2878 2864 2934 in
2893 2894 3090 2950 campo
3121 2879 3270 2934 illam
3293 2879 3567 2934 celebrare

1973 2975 2289 3044 compulsus
2341 2980 2455 3041 est;
2495 2987 2598 3028 nec
2645 2972 2751 3028 hoc
2799 2981 2985 3028 tamen
3014 2973 3224 3044 absque
3263 2973 3565 3044 probabilis

1974 3066 2204 3138 exempli
2250 3067 2596 3122 auctoritate.
2663 3069 2806 3122 Nam
2849 3067 2963 3137 ipse
3015 3066 3225 3138 primus
3288 3065 3568 3138 legislator

1973 3163 2192 3232 Moyses
2256 3160 2522 3232 populum
2580 3159 2681 3214 Dei
2740 3158 2794 3214 in
2853 3159 3248 3232 campestribus
3308 3159 3572 3233 legalibus

267 3225 422 3325 papae
493 3253 719 3310 Urbano
818 3253 1080 3327 deinceps
1161 3256 1386 3313 obedire
1473 3258 1859 3330 decreverunt;
1900 3225 1944 3292 Ο
1974 3225 2394 3326 Ρτεέοθριίέῡὲο
2411 3253 2644 3326 jubente
2667 3252 2923 3324 instituit,
2942 3225 2996 3310 et
3014 3253 3131 3326 ipse
3155 3254 3433 3311 Dominus
3455 3269 3571 3311 non

267 3347 414 3403 unde
461 3354 516 3403 et
563 3346 742 3404 ofﬁcia
793 3350 1238 3406 Simoniacorum
1294 3359 1348 3407 et
1397 3351 1862 3411 incontinentium

268 3441 698 3513 presbiterorum
747 3443 962 3515 penitus
1017 3445 1259 3516 recipere
1322 3446 1634 3503 noluerunt.
1684 3449 1862 3521 Hujus

267 3543 456 3593 autem
525 3536 849 3594 obedientiaz
912 3537 1154 3594 domnus
1223 3540 1578 3612 Manegoldus
1631 3543 1870 3600 maxima

268 3645 430 3685 causa
453 3628 593 3698 fuit;
616 3629 765 3687 unde
794 3639 848 3687 et
873 3647 1134 3704 magnam
1160 3631 1422 3689 invidiam
1448 3634 1552 3690 sibi
1582 3636 1726 3708 apud
1752 3653 1872 3708 per-

268 3722 410 3780 ﬁdos
439 3725 694 3780 excitavit
719 3740 889 3798 quam
933 3734 1119 3782 tamen
1147 3742 1246 3798 pro
1295 3728 1528 3785 minimo
1569 3731 1862 3802 reputavit,

267 3817 399 3889 quia
431 3833 528 3890 pro
577 3822 693 3876 Deo
723 3820 1004 3876 contemni
1042 3819 1211 3876 etiam
1257 3821 1713 3894 gloriosissimum
1750 3841 1869 3884 esse

269 3927 384 3967 non
426 3911 710 3969 dubitavit.

948 4009 1182 4066 MXCV.

341 4100 597 4157 Domnus
613 4116 752 4174 papa
774 4101 1054 4171 Urbanus,
1065 4103 1186 4175 jam
1210 4102 1420 4161 dudum
1449 4104 1516 4161 de
1540 4107 1718 4163 Roma
1739 4123 1865 4182 pro-

268 4193 469 4262 fectus,
499 4194 839 4251 nativitatem
882 4197 1113 4252 Domini
1145 4196 1204 4252 in
1249 4198 1447 4254 Tuscia
1473 4200 1864 4272 gloriosissime

273 4287 595 4357 celebravit;
627 4289 683 4345 in
711 4306 817 4362 qua
844 4291 1120 4362 provincia
1147 4291 1375 4348 Pisanus
1413 4294 1716 4367 episcopus,
1758 4311 1863 4352 no-

272 4382 426 4438 mine
449 4382 817 4455 Dagobcrtus,
848 4384 896 4440 ei
924 4385 1330 4442 studiosissime
1381 4386 1629 4460 servivit,
1697 4405 1863 4461 quem

265 4475 382 4546 ipse
425 4477 542 4548 jam
572 4476 782 4534 dudum
811 4477 1260 4552 archiepiscopali
1292 4481 1448 4553 pallio
1494 4491 1546 4539 et
1592 4491 1863 4556 potestate

271 4569 627 4636 sublimavit,
683 4570 831 4642 quod
862 4581 1093 4630 eatenus
1135 4575 1346 4631 Pisanze
1391 4575 1536 4632 sedis
1569 4578 1859 4649 episcopus

264 4661 466 4720 habere
493 4664 561 4699 ⁶¹⁹
582 4680 694 4721 non
720 4664 787 4698 ⁶¹⁹
816 4668 1099 4723 consuevit
1126 4667 1212 4722 δι’.
1260 4669 1552 4726 Heinricus
1574 4680 1758 4728 autem
1791 4671 1862 4706 ⁶²⁰

261 4771 361 4815 rex
404 4757 580 4815 dictus
610 4759 680 4793 ⁶²⁰
700 4775 764 4816 eo
802 4767 1045 4832 tempore
1085 4761 1139 4816 in
1180 4761 1567 4835 Longobardia
1596 4765 1854 4822 moraba-

264 4859 376 4920 tur,
407 4868 544 4923 pene
575 4855 725 4908 omni
762 4855 908 4926 regia
939 4855 1212 4927 dignitate,
1230 4856 1498 4928 privatus.
1538 4859 1679 4914 Nam
1711 4859 1856 4916 ﬁlius

262 4945 378 5016 ejus
413 4946 739 5004 Chonradus
755 4949 874 5020 jam
898 4948 1110 5006 dudum
1138 4951 1193 5006 in
1236 4967 1424 5026 regem
1447 4961 1766 5020 coronatus,
1796 4967 1854 5010 se

261 5038 333 5093 ab
365 5039 456 5096 illo
488 5041 705 5113 penitus
743 5043 1034 5115 separavit,
1090 5053 1145 5101 et
1202 5045 1424 5104 domnae
1476 5046 1540 5080 ⁶²¹
1590 5046 1852 5103 Mathildi

1530 5183 1778 5239 νΑΒιΑε

331 5297 413 5370 ml
431 5299 654 5358 caleuua
684 5306 738 5358 2.

256 5373 332 5406 ⁰²⁰
361 5374 503 5429 deest
531 5379 585 5429 2.
663 5373 728 5409 ⁸²ι
764 5376 908 5430 deest
937 5379 988 5431 2.
1027 5373 1044 5375 ἡ
1067 5377 1133 5409 ⁶²²
1160 5377 1418 5434 mathidis
1443 5387 1490 5434 1.

257 5459 394 5517 rege
425 5450 476 5500 2.
557 5443 952 5518 6"'spurciisl.
1029 5448 1095 5482 ⁶²⁶
1124 5452 1182 5504 in
1210 5449 1316 5504 loco
1337 5454 1539 5508 rasol.
1606 5487 1609 5490 ν

1970 3351 2028 3405 in
2056 3348 2311 3405 domibus
2335 3347 2486 3405 setin
2510 3356 2701 3404 monte
2731 3357 2787 3405 et
2815 3347 2870 3404 in
2900 3349 3300 3422 campestribus
3329 3349 3573 3422 discipu-

1972 3443 2052 3499 los
2078 3459 2208 3499 suos
2238 3441 2560 3515 evangelicis
2602 3442 2816 3499 statutis
2855 3442 3176 3500 informavit
3200 3445 3403 3509 (1430).
3435 3443 3572 3500 Mis—

1982 3553 2070 3594 sas
2091 3553 2311 3610 quoque
2337 3552 2731 3609 nonnunquam
2767 3544 2920 3593 extra
2956 3537 3230 3594 aaclesiam
3268 3537 3406 3594 satis
3444 3553 3571 3610 pro-

1977 3631 2244 3700 babiliter,
2268 3631 2591 3689 necessitate
2626 3629 2844 3703 quidem
2895 3640 3142 3704 cogente,
3215 3631 3570 3700 celebramus,

1975 3726 2225 3799 quamvis
2247 3727 2484 3783 ecclesias
2518 3741 2709 3782 earum
2734 3725 3092 3783 celebrationi
3141 3725 3446 3798 specialiter
3479 3725 3572 3783 de-

1974 3830 2192 3893 putatas
2227 3836 2338 3877 non
2368 3820 2703 3893 ignoremus.
2734 3822 2801 3875 In
2840 3819 2944 3876 hac
2980 3819 3172 3877 sinodo
3202 3818 3462 3877 Praxedis
3490 3835 3574 3876 re-

1972 3916 2118 3989 gina,
2165 3915 2285 3988 jam
2339 3914 2550 3971 dudum
2603 3930 2634 3970 a
2663 3913 2925 3970 Heinrico
2973 3914 3039 3948 ⁸³⁸
3086 3923 3358 3987 separata,
3408 3929 3572 3987 super

1972 4011 2237 4067 maritum
2278 4025 2441 4066 suum
2461 4008 2668 4065 domno
2694 4007 2995 4081 apostolico
3033 4015 3090 4064 et
3131 4015 3335 4065 sanctae
3365 4007 3564 4064 sinodo

1971 4113 2274 4178 conquesta
2325 4111 2406 4162 est
2451 4102 2521 4160 de
2570 4101 2831 4159 inauditis
2887 4101 3327 4159 fornicationum
3355 4102 3569 4173 spurci-

1971 4198 2068 4255 ciis
2107 4197 2173 4232 ⁶²⁷
2221 4213 2354 4269 quas
2380 4196 2529 4268 apud
2553 4196 2816 4252 maritum
2847 4211 3003 4268 passa
3034 4203 3146 4265 est;
3188 4194 3341 4267 cuius
3383 4194 3569 4266 queri-

1969 4292 2216 4350 moniam
2258 4291 2498 4347 domnus
2543 4304 2680 4361 papa
2709 4303 2837 4344 cum
2867 4296 3055 4345 sancta
3093 4287 3285 4345 sinodo
3303 4287 3433 4344 satis
3470 4289 3568 4344 mi-

1969 4384 2319 4444 sericorditer
2355 4382 2610 4454 suscepit,
2661 4397 2726 4438 eo
2751 4381 2903 4455 quod
2940 4383 3114 4453 ipsam
3141 4390 3326 4438 tantas
3350 4382 3565 4452 spurci-

1968 4483 2084 4539 cias
2111 4496 2225 4537 non
2260 4487 2377 4536 tam
2406 4475 2769 4544 commisisse,
2809 4491 2978 4548 quam
3019 4475 3243 4531 invitam
3283 4475 3565 4547 pertulisse

1966 4591 2065 4648 pro
2112 4581 2261 4631 certo
2303 4572 2635 4645 cognoverit.
2672 4570 2836 4629 Unde
2884 4577 2940 4625 et
2989 4569 3057 4626 de
3100 4567 3420 4640 penitentia,‘
3467 4585 3562 4642 pro

1967 4667 2282 4743 hujusmodi
2325 4665 2572 4739 ‘ﬁagiciis
2645 4663 2994 4737 injungenda,
3045 4663 3195 4718 illam
3271 4663 3566 4720 clementer

1964 4762 2375 4833 absolvit,.qute
2408 4768 2463 4815 et
2501 4766 2785 4830 peccatum
2844 4773 3004 4813 suum
3046 4764 3239 4828 sponte
3267 4765 3320 4814 et
3347 4758 3562 4831 publice

1962 4856 2211 4914 conﬁteri
2265 4870 2379 4910 non
2407 4852 2645 4910 erubuit.
2685 4850 2773 4907 Ad
2813 4848 2955 4907 hanc
2987 4849 3242 4908 sinodum
3283 4851 3564 4925 Philippus

1961 4967 2059 5008 rex
2102 4946 2408 5007 Galliarum
2453 4946 2783 5020 legationem
2816 4960 2975 5001 suam
3007 4944 3246 5016 'direxit,
3280 4961 3449 5019 seque
3494 4945 3562 5002 ad

1962 5045 2110 5101 illam
2139 5042 2302 5100 itiner
2329 5039 2401 5079 ⁵³⁸
2429 5040 2718 5111 incepisse,
2749 5038 2846 5097 sed
2885 5039 3143 5112 legitimis
3172 5040 3346 5098 soniis
3382 5039 3568 5106 (1431)

1847 5181 2164 5238 LECTION
2171 5179 2279 5236 ES.

827 5298 893 5336 δι’
912 5303 1127 5375 reliqua
1179 5307 1311 5361 anni
1350 5306 1543 5363 desunt
1606 5313 1658 5363 2.
1737 5304 1803 5340 ⁶¹⁸
1845 5306 2264 5364 immortalitate
2310 5315 2450 5358 corr.
2505 5298 2834 5360 mortalitate
2861 5304 2907 5358 1.

827 5381 908 5430 est
937 5379 988 5431 2.
1067 5377 1133 5409 ⁶²²
1160 5377 1418 5434 mathidis
1443 5387 1490 5434 1.
1568 5379 1634 5413 ⁸³³
1676 5381 1734 5434 in
1779 5380 1886 5435 IoCo
1925 5394 2046 5435 raso
2089 5387 2138 5435 1.
2218 5374 2286 5410 ⁶²⁸
2312 5378 2374 5430 in
2414 5375 2520 5430 loco
2551 5386 2672 5431 raso
2705 5380 2756 5431 1.
2831 5374 2896 5409 ⁸³⁵

3015 5300 3085 5338 δι’
3126 5303 3187 5355 in
3218 5300 3329 5355 loco
3360 5312 3482 5356 raso
3504 5299 3555 5355 l.

2218 5374 2286 5410 θ’*
2312 5378 2374 5430 in
2414 5375 2520 5430 loco
2551 5386 2672 5431 raso
2705 5380 2756 5431 1.
2831 5374 2896 5409 ⁸³⁵
2919 5380 3203 5430 cnosceret
3241 5377 3296 5427 1.
3369 5369 3436 5405 ⁸³⁸
3482 5372 3556 5428 Η.

1798 5553 2033 5614 NOTAE.

333 5677 520 5741 (I427)
570 5680 782 5734 Autun.

332 5748 515 5814 (1428)
566 5748 648 5827 Qf.
680 5749 896 5827 litteras
931 5750 1184 5827 Eugenis
1224 5752 1462 5827 archiep.
1493 5753 1747 5827 Lugdun.
1784 5753 1852 5811 de

253 5820 649 5890 congregando
678 5821 772 5876 illo
802 5820 1064 5889 concilio,
1087 5824 1275 5882 Mansi
1308 5820 1446 5892 XX,
1477 5820 1601 5882 799:

333 5893 519 5956 (1429)
572 5892 750 5947 Mansi
776 5894 913 5958 XX,
945 5898 1067 5949 804.
1282 5911 1284 5913 '

2030 5684 2209 5748 (1430)
2272 5677 2413 5737 Haec
2481 5676 2736 5751 exempla
2780 5688 2847 5731 ex
2905 5668 3228 5743 praefatione
3273 5671 3543 5730 Actorum

1963 5754 2381 5829 sumptasunt.
2609 5821 2640 5829 _
2752 5816 2857 5829 η’,
2952 5815 2990 5829 Α

2038 5817 2217 5893 (12131)
2245 5828 2288 5881 Ι.
2321 5839 2370 5882 e.
2405 5839 2580 5881 more.
2609 5821 2722 5877 Lex
2749 5817 2920 5876 Salica
2949 5817 3036 5872 tit.
3087 5823 3132 5873 1.
