4052 6196
620 276 795 348 112a,

1626 280 1715 333 AD
1753 278 1977 333 opem
2015 274 2069 329 s.
2111 268 2431 327 GREGORII
2472 252 2902 323 APPENDICES.
3673 262 3760 317 1121

616 432 675 474 se
712 412 1039 487 impeditum
1075 407 1245 464 fuisse
1281 394 1581 462 mandavit
1616 407 1816 470 (1432).
1852 398 2017 457 Unde
2046 397 2202 454 indu-
2236 399 2287 461 Α
2314 403 2422 449 tur.
2458 397 2598 448 Item
2626 390 2680 445 in
2706 387 3033 446 Guibertum
3058 379 3436 448 heresiarchen,
3471 379 3594 438 sedis
3621 393 3767 454 aposto-

618 509 839 567 tiassibi
852 518 1021 576 usque
1058 502 1115 557 in
1130 502 1488 556 Pentecosten
1522 496 1668 570 apud
1700 496 1966 553 domnum
1989 506 2209 565 papam,

617 601 810 660 sinodo
888 596 1253 653 intercedente
1330 592 1661 663 impetravit.
1719 593 1974 645 Domnus
2027 592 2207 641 autem

618 698 782 766 Hugo
799 691 865 725 ⁶²⁹
876 687 1257 762 Lugdunensis
1279 685 1717 756 archiepiscopus
1755 682 1822 739 ad
1835 679 2085 737 eamdem
2102 679 2211 733 sin-

620 788 792 846 odum
852 792 1101 851 vocatus,
1176 780 1246 837 ab
1290 778 1470 836 ofﬁcio
1506 775 1890 849 suspenditur,
1953 788 2019 829 eo
2063 770 2211 845 quod

620 883 733 953 ipse
760 895 876 935 non
899 877 1131 943 venerit,
1164 890 1266 930 nec
1308 874 1549 944 legatum
1593 886 1719 927 cum
1756 868 2019 924 canonica
2050 880 2211 921 excu-

620 976 838 1032 satione
860 974 986 1028 illuc
1001 986 1099 1043 pro
1114 985 1173 1025 se
1199 967 1473 1023 direxerit.
1506 968 1645 1020 Item
1688 963 1886 1036 legatio
1942 962 2211 1016 Constan-

620 1065 973 1141 tinopolitani
1033 1067 1213 1137 (1433)
1267 1060 1613 1133 imperatoris
1663 1057 1735 1113 ad
1778 1057 1916 1111 hanc
1954 1053 2213 1110 sinodum

623 1162 885 1237 pervenit,
903 1159 1001 1233 qui
1046 1157 1310 1213 domuum
1336 1170 1527 1226 papam
1571 1165 1871 1222 omnesque
1910 1146 2107 1204 Christi
2150 1145 2212 1199 fi-

626 1258 776 1315 deles
825 1253 1139 1326 suppliciter
1186 1247 1527 1321 imploravit,
1578 1253 1638 1301 ut
1676 1242 1899 1316 aliquod
1952 1240 2215 1297 auxilium

625 1350 725 1407 sibi
751 1355 942 1405 contra
978 1359 1217 1418 paganos
1263 1358 1360 1415 pro
1393 1338 1705 1396 defensione
1750 1344 1950 1393 saneta:
1988 1333 2217 1390 ecclesiae

628 1440 967 1506 conferrent,
997 1451 1159 1509 quam
1188 1433 1379 1506 pagani
1404 1433 1518 1504 jam
1563 1445 1700 1503 pene
1731 1430 1787 1484 in
1825 1428 1931 1483 illis
1977 1424 2218 1497 partibus

629 1536 962 1598 deleverant,
988 1530 1077 1603 qui
1092 1537 1276 1601 partes
1301 1528 1417 1583 illas
1437 1540 1609 1597 usque
1634 1523 1701 1579 ad
1726 1537 1918 1578 muros
1947 1522 2217 1576 Constan-

631 1627 1003 1699 tinopolitanae
1030 1623 1267 1679 civitatis
1296 1620 1662 1677 obtinuerant.
1700 1616 1785 1671 Ad
1816 1615 1921 1670 hoc
1947 1629 2078 1685 ergo
2119 1629 2218 1667 au-

631 1722 818 1779 xilium
845 1720 1083 1776 domnus
1102 1731 1238 1789 papa
1261 1717 1474 1770 multos
1498 1711 1773 1777 incitavit,
1801 1717 1864 1764 ut
1879 1710 2040 1763 etiam
2068 1707 2219 1777 jure-

2316 489 2432 545 licae
2488 487 2816 548 invasorem,
2871 487 2926 535 et
2968 477 3025 532 in
3079 489 3265 531 omnes
3293 473 3405 545 ejus
3437 474 3765 547 complieessen-

2316 582 2485 638 tentia
2512 575 2879 636 anathematis
2917 569 3138 627 sinodali
3161 567 3353 639 judicio
3396 548 3767 624 cum‘ardeatibns

2317 673 2554 732 candelis
2580 672 2779 727 iterum
2798 666 3169 740 promulagata
3199 670 3295 718 est.
3320 662 3378 716 In
3408 660 3496 717 hac
3519 660 3671 717 sinodo
3684 676 3768 732 qua-

2317 779 2443 825 tuor
2467 767 2577 823 fere
2604 764 2754 820 milia
2780 762 3108 817 clericorum
3131 765 3184 812 et
3206 756 3320 827 plus
3349 754 3684 825 quamtriginta
3704 754 3772 809 mi-

2321 866 2385 919 lia
2418 862 2680 917 laicorum
2722 856 2887 913 fuisse
2916 852 3283 925 perhibentur.
3314 853 3369 904 In
3401 848 3491 904 hac
3524 847 3675 904 sinodo
3696 863 3774 903 eon-

2319 958 2572 1014 stitutum
2606 960 2689 1008 est
2738 958 2799 1005 ut
2840 965 2939 1019 pro
2980 946 3254 1009 crismate,
3294 952 3344 998 et
3384 941 3629 1013 baptismo,
3654 950 3695 996 et
3726 956 3778 995 se

2322 1053 2536 1125 pultura
2565 1048 2731 1104 nichil
2764 1060 3007 1118 unquam
3034 1042 3276 1113 exigatur
3300 1042 3487 1106 (1437).
3527 1040 3635 1093 Item
3669 1044 3711 1091 ut
3729 1037 3777 1107 je

2316 1148 2470 1220 junia
2524 1151 2759 1217 quatuor
2805 1149 3122 1210 temporum
3161 1135 3262 1191 hoc
3296 1131 3473 1189 ordine
3516 1130 3778 1196 celebrentur,

2323 1241 2526 1298 scilicet
2570 1238 2813 1311 primum
2859 1235 2914 1288 in
2966 1231 3143 1305 prima
3210 1226 3491 1301 epdomada
3529 1223 3779 1298 quadragesi-

2323 1352 2449 1402 mae,
2479 1330 2782 1390 secundum
2832 1329 2887 1384 in
2929 1324 3231 1399 epdomada
3265 1325 3591 1384 Pentecostes,
3620 1319 3780 1375 tercium

2325 1446 2452 1487 vero
2512 1434 2767 1500 quartum
2832 1423 2888 1477 in
2944 1417 3253 1492 Septembri
3282 1425 3333 1472 et
3385 1413 3629 1471 Decembri
3673 1412 3781 1467 solito

2326 1540 2481 1581 more
2551 1521 2684 1576 ﬁant
2755 1522 2954 1584 (1438).
3012 1512 3155 1569 IIuic
3202 1510 3388 1569 sinodo
3469 1506 3783 1565 reverentissimi

2329 1618 2597 1675 antistites
2646 1610 3027 1670 interfuerunt,
3061 1607 3131 1663 de
3166 1603 3403 1677 Baojaria
3446 1602 3628 1675 quidem
3651 1600 3782 1655 Diemo

2329 1708 2733 1781 Salcburgensis
2825 1704 2892 1738 ⁸³⁰
2974 1700 3421 1772 archiepiscopus,
3489 1704 3536 1752 et
3619 1690 3784 1750 Oudalri-

624 1814 860 1890 jurando
884 1812 1269 1886 promitterent
1309 1824 1367 1865 se
1416 1808 1542 1863 illuc
1563 1810 1681 1863 Deo
1718 1811 1993 1860 annuente
2027 1801 2216 1865 ituros,
2254 1775 2302 1835 Β
2332 1823 2426 1864 cus
2456 1803 2788 1861 pataviensis
2851 1800 3158 1871 episcopus,
3223 1795 3331 1865 ejus
3384 1790 3705 1864 suffraganeus,
3740 1785 3783 1841 de

629 1918 685 1967 et
704 1910 886 1967 eidem
917 1904 1236 1977 imperatori
1266 1908 1457 1958 contra
1506 1914 1747 1972 paganos
1784 1912 1884 1969 pro
1914 1910 2072 1966 posse
2116 1908 2217 1949 suo

632 2002 1010 2061 ﬁdelissimum
1034 1996 1369 2071 adjutorium
1406 1995 1721 2050 collaturos.
1766 1992 1899 2046 Haec
1923 1996 2105 2045 autem
2132 1987 2221 2040 in-

631 2106 717 2153 ter
768 2097 872 2152 alia
929 2095 984 2149 in
1036 2094 1124 2148 illa
1175 2092 1370 2147 sinodo
1411 2088 1705 2145 constituta
1764 2092 1891 2140 sunt
1942 2083 2007 2138 ad
2069 2079 2255 2151 peni-1

633 2190 861 2247 tentiam
910 2188 1058 2243 nullo
1106 2185 1267 2241 modo
1324 2183 1694 2252 reciperentur
1724 2179 1815 2248 qui
1862 2176 2220 2240 concubinas,

634 2284 717 2341 vel
767 2282 962 2339 odium
1003 2296 1067 2336 ex
1097 2277 1266 2334 corde
1313 2280 1515 2343 (1434),
1545 2273 1629 2328 vel
1667 2271 1953 2343 quodlibet
1994 2266 2223 2323 mortale

634 2384 923 2448 peccatum
955 2358 1232 2429 dimittere
1267 2368 1496 2423 nollent.
1538 2370 1677 2421 Item
1708 2372 1768 2419 ut
1795 2363 1978 2418 nullus
2019 2360 2221 2432 presbi-

636 2477 721 2525 ter
757 2468 973 2538 aliquos
1008 2465 1077 2520 ad
1117 2460 1472 2536 penitentiam
1517 2458 1799 2528 reciperet,
1836 2456 1941 2511 nisi
1979 2454 2065 2509 cui
2098 2468 2221 2525 pro-

638 2562 792 2634 prius
833 2560 1119 2631 episcopus
1151 2555 1296 2610 hanc
1333 2568 1520 2610 curam
1551 2550 1938 2607 commisisset.
1982 2551 2122 2603 Item
2163 2555 2223 2603 ut

632 2654 965 2727 quibuslibet
986 2652 1092 2706 rite
1118 2648 1189 2705 ad
1217 2645 1624 2703 confessionem
1665 2642 2009 2699 venientibus
2034 2640 2224 2697 eucha-

633 2749 847 2805 ristiam
901 2761 1014 2801 non
1057 2744 1408 2814 denegemus,
1450 2756 1588 2812 quos
1627 2738 1744 2794 solo
1801 2752 2051 2808 corpore,
2113 2750 2223 2790 non

635 2849 837 2907 mente,
870 2839 1014 2895 inter
1058 2835 1570 2893 excommunicatos
1612 2847 1857 2899 manere,
1900 2846 1999 2885 nec
2042 2837 2225 2883 tamen

632 2950 825 2992 eorum
868 2930 1221 2989 sacramentis
1262 2928 1669 2985 communicare
1711 2924 2112 2997 cognoscimus.
2164 2925 2225 2977 In

638 3028 740 3086 hac
776 3043 996 3100 quoque
1043 3023 1240 3082 sinodo
1284 3022 1489 3077 heresis
1528 3019 1968 3075 Simoniacorum
2011 3016 2225 3087 penitus

634 3122 893 3179 damnata
915 3127 1022 3185 est,
1051 3127 1114 3173 ut
1136 3114 1399 3190 quicquid
1424 3114 1503 3169 vel
1536 3114 1592 3167 in
1620 3112 1787 3168 sacris
1826 3109 2112 3166 ordinibus
2139 3109 2217 3163 vel

633 3217 687 3272 in
714 3212 1074 3272 aclesiasticis
1121 3210 1281 3266 rebus
1309 3207 1439 3263 data
1470 3206 1550 3262 vel
1582 3204 1848 3277 promissa
1873 3203 2102 3274 pecunia
2127 3200 2224 3257 ad-

633 3305 1217 3382 quisitumSimoniace
1252 3303 1546 3371 videretur,
1578 3317 1676 3374 pro
1706 3301 1860 3356 irrito
1905 3299 2222 3366 haberetur,

632 3403 912 3473 nullasque
942 3401 1083 3455 vires
1114 3403 1295 3466 (1435)
1322 3395 1574 3452 habuisse
1601 3395 1680 3450 vel
1713 3394 1915 3450 habere
1949 3392 2219 3463 judicare-

634 3503 752 3553 tur.
790 3496 893 3551 His
921 3503 1111 3550 tamen
1146 3493 1237 3564 qui
1275 3507 1388 3547 non
1430 3489 1739 3545 Simoniace
1767 3496 1822 3543 et
1860 3487 2164 3542 nescienter
2193 3500 2223 3539 a

640 3587 964 3646 Simoniacis
1008 3585 1247 3643 ordinati
1282 3592 1430 3653 sunt,
1455 3582 1831 3638 misericordia
1872 3582 1929 3635 in
1959 3578 2224 3636 servando

634 3683 825 3740 ordine
852 3698 1108 3740 concessa
1133 3689 1245 3748 est;
1275 3680 1367 3751 qui
1394 3694 1520 3734 vero
1551 3676 1781 3733 scienter
1806 3675 1875 3731 ab
1904 3674 2225 3746 hujusmogp

637 3776 867 3832 ordinati
895 3785 1041 3839 sunt,
1072 3790 1197 3830 cum
1226 3774 1339 3829 suis
1376 3771 1782 3828 ordinatoribus
1822 3767 2227 3839 inrecuperabi-

638 3867 758 3922 liter
786 3866 1026 3922 damnati
1063 3874 1193 3922 sunt
1227 3871 1428 3933 (1436).
1464 3868 1603 3920 Item
1641 3862 1847 3920 heresis
1888 3861 2228 3918 Nicholaita-

638 3976 786 4029 rum,
817 3958 867 4014 id
900 3968 982 4015 est
1010 3957 1500 4025 incontinentium,
1535 3956 2018 4021 subdiaconorum,
2045 3954 2229 4009 diaco-

639 4069 843 4113 norum
871 4062 928 4108 et
970 4050 1243 4124 praecipue
1288 4049 1673 4116 sacerdotum,
1718 4048 2221 4105 inretractabiliter

637 4147 893 4205 damnata
908 4153 1013 4213 est,
1039 4152 1100 4199 ut
1127 4143 1383 4214 deinceps
1407 4141 1473 4198 de
1507 4140 1686 4197 ofﬁcio
1718 4157 1776 4197 se
1806 4156 1921 4197 non
1949 4140 2225 4195 intromit-

639 4249 776 4309 tant,
815 4239 908 4312 qui
937 4239 990 4294 in
1018 4238 1111 4293 illa
1144 4236 1322 4293 heresi
1354 4251 1575 4291 manere
1603 4251 1712 4291 non
1753 4234 2086 4301 formidant;
2130 4250 2228 4290 nec

640 4334 876 4407 populus
911 4347 1101 4390 eorum
1122 4329 1301 4387 ofﬁcia
1324 4329 1603 4386 ullomodo
1632 4330 1882 4402 recipiat,
1924 4329 1967 4385 si
2004 4329 2103 4401 ipsi
2139 4329 2229 4384 Ni-

639 4427 885 4483 cholaitae
931 4434 1124 4481 contra
1171 4424 1289 4481 haec
1328 4423 1609 4479 interdicta
1660 4424 1962 4479 ministrare
2002 4438 2227 4493 praesu-

2334 1901 2652 1960 Alemaunia
2693 1913 2818 1953 vero
2849 1891 3208 1951 Gebehardus
3247 1886 3630 1946 Constantiensis
3650 1882 3784 1955 episco~

2331 2014 2457 2070 pus;
2499 1994 2589 2067 qui
2619 2002 2672 2047 et
2710 1989 3020 2045 Arnoldum
3054 1985 3499 2042 Mediolanensem
3522 1977 3783 2049 archiepisco-

2331 2108 2457 2163 pum
2478 2090 2572 2145 diu
2589 2086 2809 2159 quidem
2833 2083 3066 2139 electum
3094 2086 3294 2146 (1439),
3324 2086 3399 2134 set
3430 2073 3634 2131 nondum
3666 2083 3785 2125 tonse

2332 2194 2566 2249 erutum,
2604 2180 2796 2237 eodem
2822 2188 3065 2248 tempore
3100 2191 3167 2230 ex
3195 2171 3521 2229 concessione
3540 2163 3783 2233 domuipapa:

2334 2277 2621 2334 Mediolani
2663 2286 3061 2329 consecravere.
3127 2272 3247 2339 Ipse
3274 2279 3478 2338 quoque
3503 2262 3687 2317 domnus
3701 2268 3787 2326 papa

2331 2371 2689 2430 Oudalricum
2718 2366 3054 2438 Augiensem
3082 2362 3336 2418 abbatem
3360 2374 3419 2415 eo
3442 2366 3642 2427 tempore
3666 2362 3789 2405 conse-

2332 2467 2522 2531 cravit,
2554 2465 2645 2535 qui
2674 2462 2855 2518 itidem
2882 2458 3165 2531 praedictm
3194 2454 3377 2510 sinodo
3414 2448 3644 2511 interfuit;
3672 2442 3731 2499 cui
3756 2439 3788 2494 in

2329 2558 2617 2632 praesentia
2645 2554 3075 2613 Constantiensis
3102 2548 3345 2623 episcopi
3375 2560 3570 2601 onmem
3589 2540 3787 2611 episcopa-

2330 2627 2434 2711 lem
2462 2660 2812 2725 postestatem
2839 2648 2902 2683 ⁸³⁸
2934 2648 2989 2702 in
3012 2646 3224 2701 elerum
3255 2652 3307 2698 et
3336 2640 3567 2713 populum
3594 2627 3794 2701 Angiensis

2334 2719 2527 2804 insula:
2566 2744 2859 2807 interdixit,
2895 2756 3057 2813 quam
3103 2738 3317 2794 dudum
3371 2719 3793 2790 Constantiensiepi-

2332 2858 2499 2914 scopo
2514 2837 2785 2895 concessit
2811 2840 3012 2903 (1440).
3046 2832 3236 2889 Ahbas
3258 2840 3430 2886 tamen
3455 2826 3529 2881 ille
3563 2836 3647 2877 non
3680 2813 3797 2872 mullo

2333 2909 2455 3008 post
2479 2935 2545 2991 de
2582 2934 2670 2988 illa
2712 2937 2981 3004 potestate
3000 2944 3057 2983 se
3087 2925 3417 2989 intromisit;
3455 2917 3573 2974 unde
3604 2909 3800 3008 quarime

2334 3032 2419 3085 uia
2482 3031 2623 3085 facta
2658 3027 2725 3082 ab
2779 3026 3057 3096 episcopo,
3108 3021 3348 3077 domnus
3384 3031 3503 3087 papa
3530 3010 3653 3067 illum
3680 2998 3801 3059 missis

2332 3124 2500 3180 literis
2529 3123 2594 3177 ab
2629 3116 2948 3192 hujusmodi
2989 3113 3410 3187 praesumptione
3442 3110 3606 3162 iterum
3648 3107 3799 3162 compc-

2331 3217 2489 3273 scuit.
2537 3212 2856 3269 Chonradus
2900 3226 2993 3266 rex
3030 3208 3181 3263 ﬁlius
3235 3202 3464 3263 Ileinrici
3506 3198 3663 3255 domno
3696 3198 3803 3259 ρδρω

2332 3310 2561 3368 Urbano
2614 3308 2945 3362 Cremonam
2984 3301 3226 3357 venienti
3292 3297 3495 3354 obviam
3536 3280 3800 3362 progreditur:

2337 3405 2495 3476 eique
2558 3400 2808 3456 stratoris
2860 3397 3104 3454 ofﬁcium
3145 3392 3391 3451 exhibuit
3428 3396 3456 3444 4
3501 3384 3604 3441 ldus
3645 3371 3800 3476 aprili?-

2336 3462 2539 3552 Deinde
2553 3494 2622 3529 ⁶³²
2652 3493 2781 3550 fecit
2808 3492 2857 3548 ei
2888 3490 3217 3547 ﬁdelitatem
3253 3488 3537 3559 iuramento
3558 3476 3613 3532 de
3632 3470 3729 3536 vita:
3759 3462 3804 3518 de

2336 3589 2616 3657 membris,
2659 3596 2713 3643 et
2760 3586 2828 3643 de
2857 3592 3059 3657 papatu
3103 3586 3389 3639 Romano.
3438 3578 3646 3631 Domnus
3675 3567 3803 3657 autem

2336 3701 2469 3757 papa
2520 3685 2575 3739 in
2620 3682 2794 3737 ﬁlium
2850 3687 3056 3735 sanctae
3106 3680 3377 3733 Romanae
3435 3663 3623 3727 aeclesiat
3653 3654 3804 3757 re???"

2334 3778 2512 3847 illum,
2569 3778 2729 3848 eique
2757 3772 3046 3830 consilium
3095 3779 3155 3825 et
3190 3764 3511 3841 adjutorium
3542 3755 3597 3813 ad
3628 3746 3806 3848 obtinen-

2337 3872 2475 3928 dum
2521 3885 2749 3943 regnum
2800 3876 2857 3923 ct
2912 3878 3182 3920 coronam
3247 3858 3459 3932 imperii
3506 3837 3806 3943 adquirendam

2336 3981 2524 4021 coram
2570 3963 2770 4035 populo
2820 3959 3144 4015 ﬁrmissime
3191 3951 3459 4027 promisit,
3515 3943 3633 4001 salva
3658 3928 3806 4032 quiflem

2330 4058 2549 4131 justicia
2577 4056 2719 4111 illius
2750 4052 3000 4119 ecclesiae,
3018 4059 3073 4106 et
3102 4048 3328 4105 statutis
3354 4034 3629 4117 apostolicis
3638 4024 3806 4131 milia:

2338 4107 2549 4131 ,νυ-ν-
2941 4107 2946 4108 γ
2984 4107 2999 4119 ι
3388 4107 3400 4117 .

2338 4152 2404 4208 de
2430 4148 2761 4207 investituris
2791 4147 2844 4202 in
2881 4145 2946 4180 ⁸³³
2988 4143 3365 4216 Spiritualibus
3399 4136 3461 4171 ⁸³³
3501 4132 3556 4166 ⁵³⁵
3586 4107 3804 4216 ofﬁciis”

2337 4261 2367 4301 a
2398 4245 2469 4283 ⁵³³
2518 4244 2654 4299 laico
2711 4240 2776 4276 ⁸³³
2817 4256 2931 4296 non
2982 4237 3049 4272 ⁵³³
3080 4233 3411 4308 usurpandis
3442 4228 3520 4283 ⁸³³.
3568 4213 3703 4277 Welfo
3730 4206 3806 4263 du!

2338 4339 2603 4410 Bajoariae
2648 4351 2774 4393 cum
2809 4349 2911 4389 suo
2975 4329 3237 4387 Welfohe
3306 4324 3518 4383 tandem
3550 4317 3619 4410 de‘

2338 4430 2528 4487 bardia
2560 4431 2614 4485 in
2634 4426 3020 4485 Alemanniam
3040 4424 3226 4491 rediit,
3246 4421 3573 4487 multumque
3594 4406 3648 4464 de
3661 4399 3814 4457 restim-

641 4529 813 4576 mant.
864 4523 1005 4575 Item
1040 4519 1246 4574 heresis
1284 4517 1691 4589 Beringariana,
1740 4516 1849 4587 iam
1888 4514 1956 4571 ab
2001 4515 2229 4586 antiquo
2262 4515 2308 4577 D
2341 4524 2490 4579 tione
2523 4521 2735 4577 Henrici
2768 4521 2825 4575 in
2862 4533 3114 4591 regnum,
3158 4513 3412 4589 quamvis
3459 4508 3520 4565 de
3558 4491 3813 4591 anathemate

640 4612 918 4685 sepissime
958 4611 1417 4668 anathematizata
1441 4652 1457 4678 ,
1486 4611 1683 4666 iterum
1724 4609 1982 4666 damnata
2027 4618 2137 4675 est,
2176 4616 2230 4664 et

641 4704 907 4761 sententia
928 4705 1214 4762 catholicae
1238 4703 1364 4759 ﬁdei
1386 4714 1581 4760 contra
1607 4690 1860 4759 eamdem
1881 4703 2095 4759 ﬁrmata
2115 4711 2227 4772 est;

641 4796 892 4854 videlicet
917 4798 1064 4869 quod
1100 4798 1252 4870 panis
1276 4810 1330 4854 et
1360 4798 1575 4863 vinum,
1604 4813 1733 4853 cum
1763 4797 1821 4852 in
1845 4796 2003 4852 altari
2030 4812 2216 4853 conse-

639 4899 883 4957 crantur,
908 4906 1020 4947 non
1043 4892 1224 4947 solum
1253 4890 1480 4963 figurate
1506 4889 1603 4948 sed
1620 4891 1784 4947 etiam
1812 4906 1937 4947 vere
1964 4900 2017 4947 et
2043 4907 2223 4949 esseu-

641 4978 846 5036 tialiter
874 4979 931 5034 in
961 4994 1159 5051 corpus
1195 4987 1248 5035 et
1285 4981 1607 5053 sanguinem
1648 4979 1872 5037 Domini
1912 4990 2227 5039 convertan-

2338 4615 2591 4673 nondum
2638 4614 2949 4670 absolutum
2989 4611 3077 4678 ⁸³⁵,
3131 4626 3259 4666 cum
3301 4601 3563 4680 princibus
3599 4578 3818 4680 regni‘frl'f

2338 4717 2451 4766 stra
2490 4707 2770 4764 laboravit.
2813 4709 2952 4762 Nam
2984 4711 3038 4759 et
3066 4670 3319 4759 fautores
3353 4690 3576 4755 Heinriei
3607 4696 3694 4741 non
3717 4670 3819 4731 facile

2333 4802 2450 4875 ejus
2488 4800 2837 4874 persuasione
2877 4796 3265 4863 crediderunt;
3310 4785 3563 4850 Catholici
3592 4784 3739 4836 autem
3759 4780 3819 4875 ex:

2332 4894 2886 4953 communicationem
2906 4900 2959 4947 et
2979 4887 3275 4964 periurium
3305 4890 3567 4943 incurrere
3584 4863 3821 4964 ῐὶῐιὶιιθῐιξθξπ

2332 4986 2380 5041 si
2422 4986 2728 5057 reciperent
2772 4982 3109 5050 Ilcinricum,
3142 4994 3308 5052 quem
3346 4974 3444 5033 sub
3488 4959 3825 5026 excommunica'

1931 5083 2179 5137 VARLE
2224 5084 2535 5140 LECTION
2546 5086 2644 5140 ES.

710 5168 903 5251 “ﬁngo
935 5173 1019 5251 1'.“
1062 5165 1130 5203 ⁸³ο
1156 5167 1564 5251 salbb_urgensis
1585 5184 1728 5226 corr.
1755 5168 2151 5240 salcburgensis
2201 5177 2244 5226 1.
2321 5169 2387 5204 “1
2445 5171 2607 5227 deest.
2643 5176 2694 5224 2.
2774 5170 2838 5203 ⁶³²
2867 5167 3079 5225 Denule
3112 5172 3157 5222 1.
3236 5166 3305 5202 ⁸³³
3328 5161 3513 5219 addita
3539 5150 3692 5209 eadem
3716 5144 3825 5194 mall"

2156 5313 2391 5371 NOT/E.

645 5248 690 5295 1.
770 5238 1106 5312 5‘"spzilibus
1155 5244 1206 5295 1.
1238 5290 1247 5298 .
1284 5239 1349 5273 εδδ
1377 5238 1456 5294 ita
1476 5246 1523 5295 1.

709 5398 886 5470 (1432)
917 5398 1043 5474 yid.
1076 5397 1261 5474 Ivonis
1285 5398 1635 5474 Carnotensis
1670 5399 1897 5473 epistola
1927 5404 1995 5457 46
2023 5400 2089 5459 ad
2121 5418 2222 5474 pa-

637 5483 766 5540 pam
796 5470 939 5541 apud
958 5471 1259 5541 Baronium
1284 5469 1333 5523 h.
1366 5486 1418 5525 a.
1446 5472 1576 5526 Uss.

709 5540 897 5606 (1433)
930 5540 1281 5613 Imperatoris
1314 5540 1510 5597 Alexii.

708 5616 893 5678 (1434)
924 5613 1097 5667 Mansi
1127 5613 1261 5679 XX,
1293 5618 1415 5670 814.

707 5685 893 5765 (1435)
943 5683 1224 5765 Quidquid
1262 5713 1327 5723 —-
1372 5685 1531 5765 vires,
1557 5688 1685 5765 sunt
1710 5684 1873 5741 verba
1916 5704 1945 5744 e
1984 5687 2158 5761 capite
2196 5694 2226 5743 2

632 5760 1184 5823 sumpta;sequentia
1213 5770 1243 5823 e
1273 5772 1395 5823 cap.
1430 5762 1461 5811 3
1486 5764 1540 5811 et
1566 5764 1617 5811 4.

709 5772 1184 5823 mpta;sequentla
1213 5772 1243 5817 θ
1273 5772 1337 5811 ca
1381 5796 1395 5812 .
1430 5772 1461 5811 3
1486 5772 1540 5811 ει
1566 5772 1617 5811 4.

709 5826 889 5890 (1436)
915 5818 1281 5881 Conformitbr
1327 5772 1427 5881 illis
1456 5843 1579 5897 qua:
1615 5828 1920 5885 Bernoldus
1962 5829 2029 5887 ad
2052 5832 2230 5888 Gebe-

2334 5400 2570 5458 hardum
2615 5400 2904 5457 Constant.
2964 5396 3286 5471 episcopum
3318 5362 3826 5471 _ad_.haucﬂs§g‘lgg:

2335 5436 2570 5458 ιιαιυυω
2615 5436 2904 5457 usuum...
2964 5436 3286 5471 υγιουυιιμ...
3335 5436 3405 5447 ...-
3451 5436 3545 5442 --εν
3655 5436 3668 5447 .

2332 5474 2536 5529 iturum
2590 5472 2757 5544 ipsius
2805 5477 3001 5542 rogatu
3043 5464 3375 5542 perscripsit.
3411 5456 3528 5516 Vid.
3586 5436 3826 5522 opusculum

2336 5547 2479 5601 XIII.
2504 5546 2635 5601 Uss.

2410 5620 2592 5682 (1437)
2623 5616 2755 5686 Cap.
2804 5619 2891 5669 13.

2414 5692 2593 5753 (1438)
2631 5683 2810 5742 Verba
2836 5683 3023 5753 capitis
3057 5688 3138 5738 14.

2415 5763 2598 5825 (1439)
2629 5757 2749 5813 Vid.
2780 5758 2836 5811 in
2855 5754 2960 5813 ﬁde
2980 5754 3111 5811 anni
3136 5754 3288 5807 1093.

2418 5829 2738 5897 (1440)Vide
2767 5844 2929 5901 supra
2961 5826 3027 5883 ad
3053 5840 3173 5881 ann.
3234 5824 3391 5875 1089.
