4052 6196
311 296 447 351 1425

1212 294 1499 351 APPEND.
1542 298 1627 353 ΙΙΙ.
1672 328 1738 336 -
1775 296 2191 354 MONUMENTA
2229 298 2682 354 GREGORIANA.

3458 303 3597 357 1426

301 422 456 477 tione
484 421 853 477 communiter
871 420 1274 491 abjuraverunt.
1293 417 1618 478 Chonradus
1645 437 1739 477 rex
1766 437 1893 478 cum
1919 425 1973 489 Α
1997 437 2159 493 super
2199 430 2254 479 et
2297 423 2607 496 Philippum
2657 438 2841 495 regem
2881 424 3181 481 Galliarum
3211 426 3592 483 excommuni-

302 514 453 585 regio
495 523 763 586 apparatu
807 513 858 568 in
913 513 1171 591 Tusciam
1222 513 1370 569 Pisas
1412 514 1670 584 perrexit,
1713 515 1894 586 ibique

301 622 563 678 sponsam
608 622 787 673 suam,
846 606 1012 661 ﬁliam
1072 608 1297 678 Rogerii
1343 606 1497 663 ducis
1555 606 1625 663 de
1689 607 1892 676 Sicilia,

301 698 481 756 adhuc
523 698 818 755 admodum
866 698 1167 771 parvulam,
1208 715 1337 755 eum
1382 700 1622 757 inaudita
1666 702 1893 772 pecunia

297 793 401 849 sibi
443 792 685 848 oblatam
722 793 952 864 accepit.
998 795 1249 849 Domnus
1272 809 1430 866 papa,
1471 794 1636 850 rebus
1665 794 1721 849 in
1744 796 1888 851 Lon-

298 885 558 959 gobardia
599 886 738 942 bene
774 886 1071 957 dispositis,
1114 887 1169 942 in
1204 887 1407 944 Gallias
1449 888 1667 944 marino
1702 888 1893 945 itinere

296 982 443 1053 cepit
468 979 761 1048 divertere,
803 988 857 1035 et
879 980 946 1036 ad
986 982 1247 1036 Sanctam
1290 981 1521 1037 Mariam
1559 981 1627 1038 ad
1662 982 1891 1038 Pedium

296 1076 349 1130 in
374 1074 757 1146 Assumptione
780 1074 951 1146 ipsius
981 1075 1153 1143 (Aug.
1187 1079 1279 1143 15)
1322 1076 1587 1146 pervenit,
1614 1076 1893 1132 sinodum-

294 1184 402 1241 que
438 1168 504 1224 ad
544 1176 791 1223 montem
816 1168 1038 1223 Clarum
1071 1169 1125 1223 in
1162 1177 1414 1224 octavam
1456 1170 1629 1225 sancti
1672 1170 1890 1226 Martini

294 1261 590 1332 apostolica
610 1260 692 1299 536
734 1262 1055 1317 auctoritate
1090 1261 1169 1300 ⁶³⁶
1196 1262 1464 1331 condixit,
1513 1262 1581 1319 ad
1611 1279 1776 1335 quam
1806 1263 1887 1319 di-

292 1370 573 1410 versarum
616 1355 1016 1426 provinciarum
1047 1356 1332 1427 episcopos
1379 1356 1561 1411 missis
1599 1357 1765 1413 literis
1796 1373 1889 1413 ca-

292 1448 493 1503 nonica
543 1449 830 1503 vocatione
888 1449 1152 1503 invitavit.
1215 1448 1507 1517 Liutolfus,
1562 1451 1890 1506 sanctissimi

294 1542 495 1597 Leonis
525 1556 679 1613 papae
704 1542 835 1596 noni
866 1541 1011 1597 ﬁlius
1050 1545 1254 1609 (1441)
1289 1551 1596 1614 sanctaque
1617 1544 1891 1601 Tullensis

292 1635 517 1692 aaclesiae
540 1634 793 1703 decanus,
826 1636 1228 1691 monasterium
1250 1637 1603 1707 clericorum,
1627 1637 1772 1708 quod
1806 1653 1892 1692 ea-

290 1729 545 1784 nonicam
570 1730 805 1785 Romani
836 1731 1243 1801 cognominant,
1270 1746 1437 1801 prope
1457 1730 1689 1786 eandem
1710 1731 1885 1786 civita-

289 1831 403 1877 tem
442 1824 772 1890 construxit,
841 1823 898 1877 in
941 1839 1052 1895 quo
1095 1823 1317 1879 clericos
1363 1823 1669 1879 secundum
1718 1826 1888 1880 sancti

290 1916 583 1987 Augustini
634 1918 882 1987 regulam
947 1917 1129 1973 vivere
1170 1916 1448 1987 professos
1506 1918 1886 1989 congregavit;

287 2010 482 2081 quibus
509 2018 565 2065 et
590 2010 949 2081 praepositum
977 2009 1223 2081 ejusdem
1244 2009 1597 2081 professionis
1627 2010 1885 2080 praefecit,

286 2118 449 2175 quem
478 2104 761 2174 episcopus
790 2103 893 2159 loci
943 2103 1108 2159 etiam
1148 2103 1202 2157 in
1243 2102 1495 2160 abbatem
1541 2103 1714 2160 cidem
1753 2121 1884 2160 con-

288 2196 589 2267 gregationi
631 2196 969 2252 sollemniter
1015 2197 1367 2253 consecravit.
1418 2199 1514 2252 Est
1562 2198 1708 2253 enim
1754 2214 1883 2254 con—

288 2287 520 2343 suetudo
563 2287 618 2341 in
660 2288 760 2343 illis
798 2289 1059 2359 partibus,
1107 2298 1167 2346 ut
1196 2290 1473 2360 praepositi
1503 2292 1882 2363 congregatio-

288 2395 424 2435 num
452 2379 763 2451 hujusmodi
811 2379 1035 2435 abbates
1079 2383 1439 2438 nominentur
1487 2391 1543 2439 et
1583 2385 1637 2438 in
1665 2385 1887 2439 abbates

287 2481 697 2541 consecrentur,
740 2472 847 2527 hoc
890 2481 1105 2527 tantum
1163 2483 1414 2545 excepto,
1472 2476 1620 2546 quod
1665 2476 1888 2531 baculos

286 2582 397 2621 non
436 2574 677 2637 portant.
720 2568 974 2621 Domnus
1002 2582 1220 2638 quoque
1248 2583 1387 2638 papa
1420 2568 1681 2624 Urbanus
1712 2568 1884 2623 eidem

287 2659 409 2715 loco
458 2659 801 2733 privilegium
846 2659 995 2723 fecit,
1037 2658 1091 2713 in
1138 2675 1246 2730 quo
1290 2661 1603 2716 ﬁrmissime
1643 2662 1888 2717 decrevit

285 2762 345 2811 ut
372 2754 553 2809 clerici
584 2754 726 2809 illius
755 2754 858 2809 loci
891 2754 1134 2826 regulam
1164 2756 1340 2809 sancti
1366 2754 1663 2826 Augustini
1692 2754 1744 2809 in
1773 2770 1886 2825 per-

287 2856 512 2919 petuum
542 2848 873 2915 custodiant,
908 2857 963 2903 et
1007 2848 1260 2919 deinceps
1299 2848 1605 2904 libertatem
1654 2849 1882 2921 eligendi

286 2941 494 2997 abbatis
523 2956 741 3012 semper
768 2928 1079 2997 obtineant.
1098 2944 1190 2997 Est
1217 2950 1404 2997 autem
1438 2941 1573 2998 illud
1606 2951 1882 2998 monaste-

286 3035 432 3090 rium
480 3036 535 3090 in
592 3035 859 3091 honorem
903 3036 1075 3091 sancti
1114 3037 1317 3091 Leonis
1372 3052 1529 3106 papae
1580 3036 1886 3107 specialiter

1998 517 2161 585 cavit,
2211 533 2276 573 eo
2325 516 2492 588 quod,
2525 517 2749 588 propria
2780 533 2953 573 uxore
2991 517 3239 585 dimissa,
3284 519 3469 576 militis
3509 520 3593 576 sui

2000 625 2229 666 uxorem
2267 610 2374 666 sibi
2404 610 2458 665 in
2487 610 2807 683 conjugium
2851 612 3092 667 sociavit.
3125 611 3205 667 lbi
3230 613 3397 667 etiam
3426 613 3591 669 aliam

1998 701 2256 758 sinodum
2316 704 2375 757 in
2435 704 2665 760 terciam
2711 705 3097 776 subsequentis
3159 704 3591 777 quadragesima:

1999 795 2361 868 epdomadam
2389 799 2626 853 Turonis
2654 798 3033 855 celebrandam
3060 798 3431 857 denunciavit.

2675 894 2927 948 MXCVI.

2069 987 2327 1039 Domnus
2346 999 2485 1056 papa
2505 984 2739 1041 Arelatis
2760 987 2938 1056 (1443)
2959 985 3103 1042 diem
3123 988 3433 1043 Dominicze
3456 988 3595 1043 nati-

1999 1077 2180 1133 vitatis
2208 1092 2335 1133 cum
2361 1077 2700 1134 diversarum
2744 1080 3149 1149 provinciarum
3180 1080 3449 1153 episcopis
3476 1080 3589 1153 glo-

1998 1171 2293 1227 riosissime
2321 1171 2627 1228 celebravit.
2667 1174 2731 1228 In
2760 1172 2842 1228 his
2890 1173 3024 1229 locis
3071 1191 3136 1230 ex
3181 1184 3337 1246 parte
3364 1176 3589 1232 scisma-

1996 1265 2235 1320 ticorum
2264 1266 2687 1338 Viceburgensis
2715 1266 3004 1339 episcOpus
3034 1272 3243 1335 (1444)
3273 1267 3344 1324 ad
3370 1276 3595 1340 aposto-

1999 1357 2160 1414 licum
2190 1359 2460 1430 pervenit,
2510 1359 2735 1431 ejusque
2778 1360 3215 1416 misericordiam
3266 1369 3597 1417 consecutus

1999 1460 2114 1517 est;
2158 1452 2233 1507 ita
2271 1459 2480 1524 tamen,
2510 1460 2570 1508 ut
2594 1452 2784 1508 eadem
2828 1453 3200 1509 misericordia
3226 1469 3255 1508 a
3284 1453 3474 1526 legatis
3499 1469 3592 1525 pa-

2000 1560 2082 1615 pae
2126 1545 2183 1599 in
2230 1545 2546 1601 Teutonicis
2594 1546 2841 1616 partibus
2888 1546 3070 1602 eidem
3113 1547 3484 1618 perﬁceretur.
3529 1548 3594 1601 In

1995 1639 2163 1693 tercia
2191 1638 2495 1710 epdomada
2525 1639 2955 1711 quadragesimae
2984 1643 3177 1705 (Mart.
3227 1646 3290 1695 17
3312 1645 3330 1707 )
3360 1639 3595 1695 domnus

2003 1748 2136 1803 papa
2158 1732 2412 1787 sinodum
2428 1732 2747 1803 celebravit(
2769 1739 2950 1801 1445),
2975 1749 3104 1789 cum
3126 1733 3467 1789 diversarum
3488 1732 3596 1803 epi—

1926 1793 1973 1856 Β
2002 1825 2183 1896 sc0pis
2227 1825 2633 1897 provinciarum
2674 1826 2728 1880 in
2759 1826 2980 1882 civitate
3008 1825 3337 1891 Turonensi,
3368 1824 3464 1880 ubi
3493 1825 3595 1880 ite-

1999 1934 2120 1973 rum
2151 1934 2379 1973 suorum
2408 1919 2813 1990 praeteritorum
2846 1928 3049 1975 statuta
3096 1919 3455 1975 conciliorum
3504 1933 3593 1989 ge-

1996 2012 2195 2067 neralis
2225 2011 2403 2067 sinodi
2451 2013 2765 2069 assensione
2810 2013 3113 2081 roboravit;
3159 2020 3213 2068 et
3260 2028 3374 2068 non
3417 2011 3595 2067 multo

1996 2114 2119 2176 post
2148 2106 2467 2177 episcOpum
2505 2106 2991 2179 Strazburgensem
3024 2110 3250 2175 (1446),
3281 2105 3350 2162 de
3378 2120 3594 2161 excom-

1997 2198 2370 2254 municatione
2416 2199 2847 2271 resipiscentem,
2908 2200 3112 2271 recepit
3144 2200 3199 2255 in
3245 2199 3596 2256 communio-

1996 2306 2144 2359 nem,
2173 2291 2243 2347 ita
2289 2299 2498 2360 tamen,
2539 2301 2601 2348 ut
2643 2291 2713 2347 de
2750 2293 2914 2348 illatis
2942 2292 3266 2348 criminibus
3294 2308 3352 2349 se
3391 2307 3594 2364 expur-

1994 2392 2164 2455 garet.
2193 2385 2296 2439 His
2321 2385 2663 2456 temporibus
2688 2386 2926 2441 maxima
2948 2385 3242 2441 multitudo
3266 2384 3338 2441 de
3360 2385 3513 2441 Italia
3543 2392 3598 2440 et

1996 2477 2145 2533 omni
2192 2478 2363 2533 Gallia
2409 2486 2466 2533 et
2508 2478 2796 2533 Germania
2838 2476 3230 2534 Jerosolimam
3274 2487 3467 2534 contra
3498 2494 3594 2548 pa-

1994 2585 2187 2641 ganos,
2235 2578 2298 2623 ut
2345 2569 2642 2625 liberarent
2700 2571 3055 2638 Christianos,
3103 2570 3184 2627 ire
3220 2572 3377 2641 cepit.
3425 2571 3593 2643 Cujus

1995 2661 2353 2732 expeditionis
2408 2661 2649 2717 domnus
2690 2678 2827 2733 papa
2896 2664 3168 2718 maximus
3213 2672 3407 2719 auctor
3465 2663 3586 2721 fuit.

1994 2759 2135 2812 Nam
2165 2762 2215 2809 et
2240 2755 2296 2808 in
2322 2754 2613 2825 praeteritis
2641 2754 2710 2788 6”
2729 2755 2936 2810 sinodis
2966 2755 3368 2812 studiosissime
3400 2771 3591 2813 omnes

1992 2848 2060 2905 de
2091 2848 2191 2904 hac
2231 2847 2573 2920 expeditione
2618 2848 2954 2919 praemonuit
3000 2847 3095 2917 διδ,
3139 2864 3371 2920 eamque
3421 2849 3496 2905 eis
3538 2850 3591 2905 in

1991 2941 2376 2999 remissionem
2397 2950 2745 3013 peccatorum
2772 2941 3083 2999 faciendam
3102 2942 3417 2997 ﬁrmissime
3435 2956 3588 2999 com-

1991 3036 2291 3092 mendavit.
2337 3038 2547 3092 Omnes
2575 3050 2797 3107 quoque
2839 3036 2933 3108 qui
2964 3036 3033 3092 ad
3062 3035 3166 3091 hoc
3194 3035 3297 3092 iter
3323 3051 3381 3091 se
3418 3035 3585 3093 devo-

283 3136 679 3194 constructum,
719 3138 774 3184 et
815 3130 1023 3185 ecclesia
1068 3130 1125 3183 in
1173 3129 1417 3200 ejusdem
1464 3129 1743 3200 apostolici
1783 3130 1880 3184 ho-
1920 3155 1963 3217 ρ
1998 3138 2213 3195 verunt,
2245 3129 2401 3201 signo
2426 3129 2607 3185 crucis
2636 3145 2694 3185 se
2736 3129 2883 3200 ipsos
2913 3130 2971 3184 in
3014 3128 3255 3185 vestibus
3281 3137 3477 3186 notare
3509 3128 3585 3185 fe-

282 3238 475 3278 norem
518 3222 831 3279 solemniter
878 3222 1145 3278 dedicata.
1182 3225 1383 3278 Datum
1414 3230 1496 3277 est
1524 3222 1629 3277 hoc
1669 3222 1880 3293 privile-

283 3317 437 3387 gium
478 3317 533 3371 in
575 3315 955 3388 Longobardia
1006 3316 1301 3371 venerabili
1348 3316 1583 3371 Liutulfo
1613 3334 1643 3371 a
1672 3316 1878 3371 domno

284 3426 419 3480 papa
449 3425 592 3465 anno
614 3409 914 3465 Dominicze
940 3408 1019 3458 537
1048 3410 1449 3465 Incarnationis
1478 3409 1547 3447 ⁸⁸⁷
1575 3414 1723 3465 1095.
1753 3411 1876 3465 Liu-

282 3501 451 3558 tolfus
496 3502 800 3558 ditissimus
860 3501 1104 3557 marcbio
1148 3502 1214 3557 de
1262 3502 1523 3557 Orientali
1587 3518 1782 3575 regno,
1822 3502 1876 3558 in

281 3611 443 3652 causa
486 3597 655 3651 sancti
686 3596 827 3651 Petri
876 3595 1227 3651 ﬁdelissimus
1272 3604 1458 3651 contra
1484 3595 1557 3633 ⁸³³
1604 3597 1874 3652 scismati-

279 3706 393 3755 cos,
417 3689 560 3746 diem
581 3689 774 3744 clausit
793 3697 1134 3755 extremum;
1159 3689 1225 3744 de
1247 3688 1322 3738 6³9
1348 3690 1503 3761 cujus
1531 3690 1683 3745 obitu
1708 3706 1878 3761 quan-

280 3791 401 3839 tum
442 3782 704 3839 Catholici
733 3782 1048 3849 doluerunt,
1092 3790 1307 3839 tantum
1352 3782 1642 3839 adversarii
1673 3792 1876 3839 sancta:

282 3876 507 3933 ecclesiae
551 3875 714 3948 gavisi
756 3885 905 3931 sunt.
939 3876 1233 3932 Heinricus
1260 3877 1425 3932 etiam
1462 3877 1737 3933 Palatinus
1780 3893 1872 3932 co-

282 3986 420 4038 mes,
451 3970 684 4025 multum
713 3978 769 4024 et
815 3970 927 4039 ipse
955 3969 1131 4036 dives,
1170 3977 1254 4025 set
1299 3971 1367 4003 “0
1405 3970 1716 4041 apostolicae
1756 3970 1872 4027 sedi

280 4081 392 4120 non
435 4063 571 4120 adeo
614 4063 891 4129 obediens,
937 4063 1082 4118 viam
1112 4064 1378 4120 universae
1419 4072 1579 4119 terra;
1626 4064 1870 4136 arripuit,

277 4157 609 4228 diviciasque
638 4157 706 4192 δὴ
756 4156 956 4211 multas
986 4172 1015 4212 a
1068 4157 1257 4212 multis
1304 4157 1407 4213 sibi
1446 4145 1711 4213 inutiliter
1738 4156 1871 4212 diri-

283 4250 513 4321 piendas
547 4250 852 4321 dereliquit.
906 4253 971 4311 1n
1017 4250 1205 4306 Galliis
1247 4249 1313 4305 ad
1360 4251 1579 4306 Clarum
1624 4258 1870 4306 montem

280 4342 547 4413 generalis
585 4344 813 4399 sinodus
842 4347 1043 4413 (1442)
1092 4358 1122 4398 ε
1164 4343 1371 4399 domno
1422 4360 1560 4415 papa
1593 4344 1646 4398 in
1678 4351 1869 4399 octava

280 4436 453 4490 sancti
489 4436 711 4491 Martini
742 4445 1067 4507 congregata
1096 4446 1177 4492 est
1205 4440 1366 4505 (Nov.
1405 4444 1465 4491 18
1483 4441 1523 4505 ),
1550 4438 1606 4491 in
1630 4452 1734 4509 qua
1763 4445 1869 4492 tre-

1994 3224 2090 3289 cit,
2130 3223 2274 3294 quod
2319 3223 2487 3278 etiam
2536 3223 2751 3295 signum
2802 3222 3133 3294 quibusdam
3182 3224 3236 3277 in
3269 3223 3385 3295 ipsa
3422 3238 3587 3280 carne

1988 3324 2237 3371 notatum
2264 3315 2532 3387 apparuit.
2574 3315 2737 3372 Unde
2762 3324 2817 3371 et
2843 3332 2874 3371 a
2904 3315 3330 3388 quampluribus
3360 3316 3462 3372 Dei
3493 3331 3586 3372 or-

1987 3409 2266 3466 dinatione
2308 3418 2361 3464 et
2390 3409 2744 3481 inspiratione
2774 3410 2953 3480 ipsum
2982 3410 3082 3466 iter
3111 3409 3386 3481 inceptum
3420 3408 3585 3466 fuisse

1986 3502 2326 3559 credebatur.
2349 3502 2598 3558 Nimium
2620 3511 2803 3558 tamen
2823 3503 3147 3573 simpliciter
3168 3502 3585 3559 innumerabilis

1987 3596 2282 3652 multitudo
2322 3596 2669 3668 popularium
2736 3594 2869 3651 illud
2909 3596 3015 3651 iter
3072 3596 3440 3666 arripuerunt,
3489 3596 3583 3667 qui

1984 3690 2302 3745 nullomodo
2333 3706 2392 3745 se
2423 3689 2493 3745 ad
2524 3690 2631 3744 tale
2662 3689 2959 3760 periculum
2982 3704 3287 3761 praeparare
3310 3698 3585 3745 noverunt

1986 3783 2066 3839 vel
2115 3791 2428 3854 potuerunt.
2474 3782 2637 3839 Unde
2681 3791 2737 3839 et
2777 3797 2971 3839 eorum
3014 3798 3126 3838 non
3173 3798 3339 3853 parva
3367 3796 3492 3854 pars
3527 3781 3580 3836 in

1982 3877 2234 3948 Ungaria
2262 3876 2539 3945 occubuit,
2562 3892 2685 3949 quae
2712 3884 2916 3932 terram
2940 3878 3289 3949 Ungarorum
3320 3875 3451 3931 satis
3475 3875 3576 3931 im-

1984 3969 2285 4042 prudenter
2341 3970 2628 4026 devastare
2692 3970 3059 4042 praesumpsit.
3109 3970 3402 4041 Reliquam
3450 3985 3577 4025 vero

1977 4063 2400 4135 subsequentem
2448 4063 2861 4120 multitudinem
2907 4079 3003 4120 rex
3064 4063 3325 4135 Ungariae
3371 4071 3573 4118 terram

1980 4157 2129 4211 illam
2180 4157 2383 4212 intrare
2411 4172 2523 4211 non
2568 4157 2844 4227 permisit;
2884 4156 3042 4228 cujus
3081 4156 3246 4211 etiam
3276 4170 3387 4209 non
3415 4169 3576 4225 parva

1978 4264 2105 4320 pars
2129 4247 2196 4303 ad
2217 4248 2502 4303 introitum
2527 4249 2774 4321 Ungariae
2802 4248 3080 4303 occubuit.
3104 4251 3227 4303 Non
3257 4253 3373 4301 erat
3393 4253 3577 4313 autem

1984 4340 2186 4395 mirum
2217 4339 2367 4411 quod
2402 4339 2746 4411 propositum
2798 4340 2903 4394 iter
2946 4340 3017 4395 ad
3060 4339 3571 4395 Ierosolimam'ex-

1989 4434 2135 4506 plere
2163 4448 2272 4488 non
2298 4440 2613 4504 potuerunt,
2643 4432 2773 4506 quia
2802 4448 2913 4488 non
2940 4432 3036 4488 tali
3064 4432 3371 4487 humilitate
3393 4440 3450 4488 et
3474 4430 3571 4487 de—

281 4527 464 4583 decim
511 4529 905 4600 archiepiscopi
949 4544 1076 4583 cum
1122 4545 1315 4585 eorum
1366 4529 1727 4601 suffraganeis
1758 4529 1873 4586 fue—
1907 4530 1954 4591 D
1988 4528 2227 4597 votione,
2273 4535 2335 4583 ut
2362 4526 2642 4595 deberent,
2668 4525 2806 4582 illud
2834 4526 2936 4581 iter
2963 4525 3143 4583 adorsi
3174 4534 3321 4581 sunt.
3346 4528 3488 4582 Nam
3518 4534 3573 4580 et

281 4630 429 4690 runt,
457 4630 509 4677 et
528 4622 779 4678 ducentae
800 4622 1039 4694 quinque
1065 4623 1359 4692 pastorales
1382 4624 1542 4695 virgae
1570 4632 1873 4682 numerata:

281 4723 429 4770 sunt.
461 4717 523 4770 In
552 4715 652 4770 hac
679 4714 876 4771 sinodo
896 4714 1134 4771 domnus
1154 4731 1289 4785 papa
1310 4715 1501 4771 eadem
1524 4724 1725 4772 statuta
1751 4734 1873 4788 quae

280 4809 414 4863 etin
464 4808 736 4879 praeterita
785 4806 978 4862 sinodo
1022 4807 1337 4863 Placentina
1390 4809 1757 4874 conﬁrmavit;
1790 4810 1871 4863 in-

1980 4623 2163 4695 plures
2203 4628 2476 4692 apostatas
2521 4620 2577 4676 in
2638 4619 2901 4676 comitatu
2946 4635 3045 4677 suo
3106 4617 3435 4683 habuerunt,
3478 4621 3570 4692 qui

1980 4716 2197 4786 abjecto
2241 4714 2519 4785 religionis
2561 4712 2751 4769 habitu
2793 4729 2918 4769 cum
2949 4713 3056 4769 illis
3098 4712 3330 4768 militare
3370 4729 3567 4785 propo-

1981 4816 2231 4864 suerunt.
2278 4805 2382 4863 Sed
2428 4814 2485 4863 et
2529 4806 2954 4862 innumerabiles
2984 4806 3217 4863 feminas
3243 4824 3434 4863 secum
3477 4807 3568 4861 ha-

1576 4954 1826 5007 VARIzE
1864 4952 2279 5008 LECTIONES.

354 5082 435 5120 6³⁸
458 5086 517 5137 in
550 5085 661 5138 loco
706 5099 831 5139 raso
859 5091 883 5139 1
903 5125 915 5139 .

998 5084 1071 5135 6⁸7
1100 5087 1290 5141 inloco
1320 5102 1441 5141 raso
1474 5090 1518 5140 1.
1594 5085 1667 5122 6³⁸
1701 5101 1751 5142 c.
1783 5102 1828 5142 s.
1873 5087 2065 5141 desunt
2104 5092 2157 5140 2.
2236 5084 2311 5121 539
2343 5084 2412 5141 de
2449 5113 2517 5124 —-
2544 5084 2713 5155 gavisi
2736 5092 2867 5139 sunt
2888 5087 3081 5142 desunt
3119 5093 3171 5141 2.
3251 5086 3330 5128 64°
3355 5099 3400 5139 s.
3427 5098 3477 5139 a.
3506 5098 3570 5149 s.,

281 5170 340 5213 n.
370 5170 420 5213 a.
454 5170 505 5211 ο.
530 5155 723 5211 desunt
752 5160 801 5210 2.
876 5155 945 5192 6“
977 5156 1032 5211 d.
1061 5172 1134 5211 m.
1163 5172 1209 5210 a.
1235 5172 1313 5212 m.
1335 5173 1377 5212 s.
1404 5157 1435 5211 i.
1462 5155 1519 5211 d.
1551 5157 1607 5213 d.
1634 5159 1829 5213 desunt
1857 5163 1908 5213 2.
1986 5157 2065 5201 ⁸4³
2090 5156 2242 5230 ptitis
2272 5164 2318 5212 1.
2392 5154 2472 5201 64³
2493 5154 2769 5227 promovit
2794 5160 2844 5211 3.

1820 5289 2045 5344 ΝΟΤιΕ.

357 5409 555 5491 (1441)
585 5409 917 5491 Spiritualis,
946 5410 1228 5491 subnillius
1254 5410 1434 5491 adhuc
1458 5411 1731 5491 Tullensis
1760 5412 1873 5491 epi-

280 5481 432 5550 scopi
473 5496 605 5536 cura
650 5481 707 5535 in
737 5481 975 5536 claustro
1019 5481 1160 5536 illius
1188 5482 1445 5537 Ecclesiae
1474 5482 1760 5539 educatus.
1794 5481 1877 5538 De

280 5550 482 5605 celebri
528 5550 631 5606 hac
672 5552 729 5607 S.
768 5551 970 5608 Leonis
1012 5551 1226 5608 abbatia
1274 5552 1384 5608 vid.
1434 5553 1613 5608 Gallia
1655 5554 1871 5620 Christ,

280 5628 321 5676 t.
350 5623 508 5688 XIII,
551 5637 603 5693 p.
649 5628 807 5687 1104,
853 5622 949 5693 ubi
976 5623 1144 5678 etiam
1194 5624 1337 5678 inter
1378 5624 1735 5680 instrumenta
1773 5625 1874 5680 col.

282 5697 389 5747 472
448 5692 655 5749 Lutolﬁ
702 5693 888 5749 cbarta
931 5692 1267 5749 fundationis
1313 5693 1567 5761 habetur,
1629 5696 1753 5751 data
1810 5710 1877 5750 vr

282 5762 416 5818 ldus
446 5764 674 5820 Octobr.
708 5781 759 5819 a.
797 5769 950 5820 1091.
982 5766 1112 5822 Uss.

359 5838 569 5901 (1442)
612 5834 734 5890 Vid.
765 5833 929 5905 hujus
953 5835 1168 5891 concilii
1197 5839 1355 5903 Acta,
1386 5837 1626 5892 Mansit.
1660 5838 1797 5905 XX,
1824 5852 1876 5908 p.

1983 5414 2418 5549 διῗίῌῇᾼοιδ
2445 5482 2660 5539 concilii
2688 5481 3099 5537 Lemovicensis
3136 5494 3334 5551 papam
3372 5484 3576 5539 Lemo-

1984 5554 2101 5682 ζέξὲ
2134 5553 2398 5680 εὲὲεῖωιιίδ
2455 5552 2656 5611 Christi
2723 5552 3029 5609 celebrasse
3072 5560 3351 5610 testantur.
3398 5555 3579 5611 Mansi

2106 5666 2123 5694 ,
2157 5666 2276 5680 υ-..

2059 5701 2077 5762 (
2098 5702 2267 5764 1444)
2298 5696 2625 5752 Einhardus.

2059 5772 2261 5834 (1445)
2295 5782 2387 5822 xu
2424 5767 2548 5821 Kal.
2579 5766 2752 5837 April.
2783 5765 2965 5821 Mansi
2992 5774 3025 5820 t.
3056 5768 3189 5836 XX,
3223 5784 3274 5839 p.
3307 5772 3431 5823 927.

2054 5843 2263 5905 (1446)
2307 5840 2586 5895 Ottonem.
