4052 6196
488 300 513 309 ”
547 297 684 353 1427

1549 294 1640 349 ΑΙ)
1677 294 1901 351 OPERA
1939 295 1994 353 S.
2035 294 2355 353 GREGORII
2388 294 2820 354 APPENDICES.

3692 310 3711 358 ί
3721 305 3808 360 428

541 423 670 481 bere
693 439 805 481 non
833 422 1155 487 timuerunt,
1196 432 1319 490 quae
1352 418 1664 476 naturalem
1693 419 1941 478 habitum
1982 422 2038 477 in
2063 422 2139 478 vi-
2165 430 2217 491 Α
2247 421 2493 489 lebravit,
2527 422 2730 493 quippe
2760 428 2877 476 tota
2904 419 3042 476 urbe
3068 422 3324 479 Romana
3356 440 3489 495 pene
3518 425 3623 481 sibi
3652 428 3816 500 subju-

541 516 702 573 rilem
764 514 968 573 nefarie
1028 520 1402 581 mutaverunt,
1452 528 1580 568 cum
1640 514 1841 585 quibus
1887 515 2132 572 fornicati

544 617 698 677 sunt;
726 609 782 664 in
810 623 921 680 quo
939 610 1124 664 Deum
1148 605 1489 673 mirabiliter,
1518 607 1658 663 sicut
1684 615 1738 664 et
1768 609 2135 667 lsraheliticus

542 702 773 775 populus
818 701 1120 774 quondam,
1167 699 1534 757 offenderunt.
1576 701 1738 759 Unde
1780 712 1904 774 post
1932 704 2136 760 multos

541 796 777 865 labores,
817 796 1057 867 pericula
1095 803 1150 852 et
1176 804 1383 852 mortes
1407 794 1655 863 tandem,
1682 812 1809 852 cum
1835 797 2133 870 Ungariam

543 904 659 946 non
688 890 1139 962 permitterentur
1174 890 1403 959 intrare,
1432 889 1661 946 domum
1692 890 1757 923 6“
1802 892 1979 946 inacte
2007 907 2134 948 cum

543 983 611 1021 5“
641 998 843 1056 magna
872 983 937 1016 “5
965 982 1194 1040 tristicia
1222 982 1291 1021 ⁶⁴⁸
1340 992 1599 1055 ceperunt
1639 983 1706 1019 ⁵³⁸⁵
1736 983 2000 1056 repedare
2043 985 2130 1040 5‘5.

543 1077 824 1150 Philippus
863 1094 958 1135 rex
1000 1078 1321 1146 Galliarum,
1346 1076 1673 1150 jamdudum
1718 1094 1817 1149 pro
1865 1076 2134 1135 adulterio

540 1172 1071 1239 excommunicatus,
1102 1171 1323 1228 tandem
1352 1171 1558 1228 domno
1585 1186 1758 1243 papae,
1788 1172 1923 1227 dum
1955 1172 2134 1228 adhuc

540 1266 599 1322 in
640 1266 831 1324 Galliis
869 1274 1198 1334 moraretur,
1228 1266 1363 1321 satis
1390 1265 1671 1321 humiliter
1710 1265 1778 1321 ad
1809 1266 2135 1323 satisfactio-

537 1374 671 1416 nem
690 1359 855 1428 venit,
876 1369 949 1427 et,
980 1359 1226 1431 ahjurata
1247 1358 1515 1427 adultera,
1546 1359 1601 1415 in
1622 1360 1853 1432 gratiam
1882 1368 2133 1432 receptus

541 1462 647 1523 est,
686 1468 853 1525 seque
901 1454 957 1509 in
1000 1453 1288 1509 servicium
1329 1452 1534 1509 domno
1574 1462 1729 1525 papa:
1769 1456 1903 1510 satis
1944 1470 2131 1526 prom-

541 1556 700 1618 ptum
727 1547 989 1604 exhibuit.
1021 1550 1275 1603 Domnus
1316 1562 1475 1619 papa,
1507 1548 1643 1604 bene
1671 1548 1947 1620 dispositis
1974 1549 2134 1605 rebus

540 1640 602 1697 in
639 1641 833 1707 Gallia,
865 1649 989 1713 post
1026 1640 1523 1697 reconciliationem
1552 1641 1697 1713 regis
1739 1642 2031 1698 Galliarum
2078 1652 2135 1700 et

536 1743 665 1808 post
685 1737 859 1792 multa
882 1734 1107 1792 concilia
1126 1735 1346 1791 tandem
1367 1736 1423 1791 in
1442 1737 1881 1808 Longobardiam
1901 1736 1982 1782 διεδ
2004 1754 2127 1794 cum

540 1844 740 1902 magno
765 1828 1045 1901 triumpho
1065 1838 1121 1885 et
1139 1828 1309 1901 gloria
1333 1830 1633 1901 repedavit,
1650 1839 1704 1886 et
1727 1831 2131 1887 Exaltationem

540 1933 744 1982 sanctae
763 1925 941 1981 crucis
964 1923 1114 1997 apud
1136 1924 1467 1981 Mortarium
1484 1931 1501 1991 (
1520 1930 1690 1993 1447)
1716 1941 1881 1997 prope
1908 1927 2130 1997 Papiam

538 2018 875 2076 sollemniter
901 2020 1217 2086 celebravit,
1248 2020 1567 2091 multosque
1595 2019 1880 2092 episcopos
1910 2029 1966 2075 et
1991 2021 2133 2091 prin-

535 2114 684 2184 cipes
698 2114 750 2169 in
774 2129 874 2170 suo
894 2114 1155 2169 comitatu
1184 2113 1390 2168 habuit.
1413 2112 1714 2185 Sigifredus
1732 2113 1833 2185 piae
1853 2114 2133 2170 memoriae

534 2206 914 2263 Scafhusensis
940 2207 1130 2274 abbas,
1162 2207 1244 2261 vir
1286 2206 1358 2257 5‘7
1388 2221 1608 2279 magna:
1633 2208 1933 2277 prudentia:
1958 2217 2012 2263 et
2037 2207 2131 2263 ad-

533 2298 798 2359 mirabilis
825 2299 1239 2365 benevolentiaa,
1286 2305 1318 2354 5
1354 2300 1476 2355 Kal.
1524 2299 1851 2355 Novembris
1897 2300 1965 2355 ad
2019 2305 2129 2356 Do-

538 2394 749 2448 minum
771 2392 1045 2463 migravit,
1075 2391 1440 2462 omnibusque
1463 2392 1533 2429 ⁸³⁸
1558 2390 1812 2448 ﬁdelibus
1839 2401 1954 2448 tam
1980 2393 2132 2450 laicis

532 2500 701 2557 quam
745 2484 1113 2556 spiritualibus
1158 2499 1422 2555 magnum
1470 2500 1743 2541 merorem
1790 2485 1845 2541 in
1889 2503 1987 2541 sua
2016 2485 2129 2543 dis-

534 2578 779 2634 cessione
803 2576 1056 2649 reliquit;
1100 2577 1186 2632 cui
1229 2577 1554 2633 venerabilis
1593 2579 1907 2636 Gerhardus
1944 2580 1997 2635 in
2039 2596 2129 2637 or-

535 2672 663 2729 dine
681 2671 946 2729 successit
970 2671 1029 2727 in
1052 2676 1084 2726 4
1106 2674 1251 2727 Non.
1279 2671 1609 2727 Novembris
1636 2672 1725 2728 “3.
1752 2674 2132 2730 Weriuharius

536 2782 720 2823 comes
766 2770 974 2833 (1448)
1003 2764 1139 2822 obiit
1182 2765 1373 2823 aldus
1420 2767 1768 2823 Novembris.
1817 2768 2131 2827 Luitfredus

534 2868 739 2917 sanctae
787 2858 1185 2916 recordationis
1228 2860 1396 2917 abbas
1452 2860 1523 2915 de
1567 2862 1906 2917 monasterio
1960 2865 2131 2919 sancti

536 2954 777 3023 Martini,
801 2953 918 3025 jam
946 2952 1011 2987 “9
1040 2969 1180 3025 pene
1219 2954 1443 3026 triginta
1486 2955 1646 3010 annis
1674 2955 1882 3011 mundo
1912 2957 2127 3012 cruciﬁ-

532 3063 634 3104 xus
661 3056 716 3104 et
756 3049 855 3104 soli
894 3050 1011 3104 Deo
1050 3048 1224 3114 vivus,
1258 3048 1314 3103 in
1362 3056 1638 3104 senectute
1666 3048 1827 3117 bona,
1884 3050 2129 3106 videlicet

536 3142 730 3212 plenus
772 3142 993 3199 dierum
1036 3141 1130 3214 6“,
1157 3141 1302 3198 diem
1351 3142 1547 3199 clausit
1570 3151 1880 3199 extremum
1919 3149 1952 3197 2
1996 3144 2121 3200 Kal.

536 3236 803 3292 Januarii.

604 3372 727 3427 Hoc
755 3370 828 3407 65°
854 3387 997 3425 anno
1027 3371 1083 3426 in
1108 3369 1434 3442 quibusdam
1464 3372 1779 3428 civitatibus
1807 3372 1968 3428 Judei
2009 3388 2127 3427 ma-

531 3457 637 3515 gna
677 3445 807 3499 cede
854 3442 1110 3515 trucidati
1153 3450 1282 3496 sunt
1324 3442 1391 3515 ab
1437 3442 1523 3497 his
1564 3443 2131 3515 quiillierosolimam

570 3513 833 3586 etierunt;
867 3514 942 3570 ita
966 3513 1091 3570 dico
1115 3555 1128 3579 ,
1152 3522 1216 3569 ut
1242 3513 1389 3584 apud
1411 3513 1630 3585 Spirain
1660 3514 1927 3584 fugientes
1950 3517 2007 3571 in
2036 3532 2129 3586 pa-

553 3585 729 3658 acium
754 3586 893 3657 regis
919 3595 981 3658 et,
1000 3586 1260 3657 episcopi,
1287 3585 1451 3658 etiam
1472 3586 1823 3658 repugnando
1851 3588 1936 3641 vix
1960 3603 2019 3643 se
2037 3585 2131 3643 de-

535 3656 839 3728 fenderent,
886 3656 1083 3714 eodem
1112 3656 1367 3728 episcOpo
1398 3656 1646 3712 Johanne
1677 3658 1783 3712 illis
1812 3659 2128 3714 auxiliante.

537 3726 642 3801 Qui
672 3729 837 3783 etiam
866 3732 1069 3799 postea‘
1100 3726 1169 3783 ob
1198 3726 1311 3783 hoc
1333 3727 1411 3783 ira
1449 3739 1783 3801 commotus,
1815 3738 1869 3785 et
1906 3731 2132 3801 pecunia

535 3796 842 3869 Judeorum
869 3796 884 3799 “
914 3801 1242 3868 conductus,
1300 3799 1566 3869 quosdam
1630 3796 1779 3856 fecit
1819 3796 2133 3857 obtruncari

536 3866 1071 3944 Christianpsaltem
1130 3866 1294 3944 apud
1316 3866 1703 3944 'Wormaciam
1740 3871 1898 3928 Judei
1946 3889 2131 3944 perse-

537 3945 766 4019 quentes
788 3936 1062 4019 fugiendo
1100 3936 1465 4019 Christianos,
1500 3943 1567 3997 ad
1588 3943 1924 4019 episcopum
1939 3936 2129 4019 prope-

535 4008 749 4065 rabant.
781 4008 885 4078 Qui
914 4026 1038 4086 cum
1070 4026 1186 4065 non
1215 4011 1373 4086 aliter
1394 4012 1496 4086 illis
1524 4008 1796 4086 salutem;
1824 4015 1925 4068 nisi
1939 4008 2133 4086 'bapti-

537 4089 810 4154 zarentur,
840 4080 1200 4154 promitteret,
1225 4080 1755 4154 indu‘ciasrcolloquii
1778 4080 2129 4154 rogaverunt.

536 4154 610 4224 Et
636 4152 834 4209 eadem
860 4152 995 4209 hora
1017 4153 1258 4223 episcopi
1285 4152 1593 4224 cubiculum
1618 4152 1902 4224 intrantes,
1930 4160 2133 4214 nostris

537 4223 684 4280 foras
727 4225 1139 4296 expectantibus
1178 4222 1313 4296 quid
1342 4226 1654 4296 responsuri
1683 4222 2132 4293 essent,'diaholo

538 4303 593 4351 et
632 4295 850 4368 propria
890 4295 1095 4353 duricia
1141 4294 1516 4369 persuadente,
1560 4312 1618 4353 se
1663 4298 1807 4371 ipsos
1847 4299 2133 4358 interfece-

536 4375 685 4422 runt.

1195 4457 1475 4513 MXCVII.

604 4572 852 4629 Domnus
880 4587 1016 4644 papa
1044 4571 1267 4627 tandem
1306 4572 1373 4629 ad
1402 4573 1756 4644 apostolicam
1787 4575 1973 4631 sedem
2003 4592 2129 4632 cum

534 4679 734 4737 magna
764 4665 935 4736 gloria
963 4674 1017 4721 et
1045 4663 1289 4737 tripudio
1337 4682 1609 4735 reversus,
1641 4668 1978 4726 nativitatem
2022 4674 2132 4727 Do-

538 4758 671 4814 mini
706 4760 903 4815 Bomaa
932 4774 1058 4815 cum
1084 4759 1195 4817 suis
1232 4759 1591 4818 cardinalibus
1618 4762 2007 4837 gloriosissime
2046 4782 2133 4822 ce-

2242 524 2388 587 gata,
2421 524 2619 587 praater
2646 515 2844 570 turrim
2885 516 3207 583 Crescentii,
3232 517 3288 572 in
3317 534 3429 591 qua
3461 519 3640 577 adhuc
3662 521 3814 577 latita-

2242 610 2377 666 bant
2414 609 2731 664 Wibertini.
2770 612 2917 664 Azzo
2948 609 3199 665 marchio
3230 610 3296 667 de
3323 614 3718 685 Longobardia,
3744 632 3817 686 pa-

2244 712 2326 760 ter
2374 702 2644 760 Well'onis
2685 702 2837 758 ducis
2882 701 2952 757 de
3009 702 3075 740 ⁶⁵ι
3127 704 3453 777 Bajowaria,
3491 707 3611 779 jam
3668 711 3820 780 major

2242 798 2578 865 centenario,
2612 805 2670 852 ut
2711 797 2884 863 aiunt,
2915 796 3058 853 viam
3091 799 3357 855 universae.
3402 808 3568 857 terra:
3595 802 3821 873 arripuit,

2241 907 2603 964 magnamque
2632 906 2865 947 werram
2908 891 3022 947 suis
3051 892 3175 947 ﬁliis
3203 892 3271 949 de
3298 893 3464 951 rebus
3488 895 3605 951 suis
3642 894 3821 952 dereli-

2242 986 2373 1058 quit.
2402 989 2543 1043 Nam
2572 984 2755 1043 Welfo
2783 986 2893 1040 dux
2923 986 3109 1042 omnia
3138 987 3307 1058 patris
3337 989 3421 1044 sui
3453 988 3624 1057 bona,
3654 998 3822 1062 utpote

2244 1082 2407 1137 matri
2442 1096 2556 1137 suae
2583 1078 2805 1147 donata,
2839 1079 3085 1136 obtinere
3121 1082 3329 1150 voluit;
3362 1091 3445 1138 set
3470 1082 3674 1139 fratres
3699 1083 3821 1155 ejus,

2242 1173 2311 1229 de
2350 1174 2452 1229 alia
2499 1182 2673 1229 matre
2703 1174 2985 1245 procreati,
3016 1175 3312 1231 noluerunt
3340 1192 3400 1232 se
3428 1177 3647 1247 penitus
3680 1178 3823 1234 exhe-

2240 1268 2453 1336 redari;
2483 1266 2630 1323 unde
2671 1276 2725 1323 et
2762 1267 2970 1324 aditum
2998 1270 3047 1323 ei
3076 1269 3130 1324 in
3161 1270 3615 1342 Longobardiam
3658 1272 3821 1343 prohi-

2240 1361 2495 1431 buerunt,
2529 1377 2659 1417 cum
2690 1362 2795 1418 iret
2821 1361 2890 1419 ad
2917 1361 3325 1433 possidendum.
3372 1367 3601 1421 Domna
3629 1365 3826 1421 Mathil-

2242 1456 2325 1511 dis
2380 1455 2590 1527 egregia
2637 1455 2711 1493 δδι
2758 1454 2869 1511 dux
2915 1464 2969 1511 et
3018 1456 3434 1521 marchionissa,
3482 1457 3823 1514 devotissima

2239 1550 2412 1605 sancti
2446 1550 2589 1605 Petri
2621 1550 2748 1615 filia,
2781 1565 3041 1621 magnum
3070 1549 3178 1606 sibi
3205 1566 3405 1606 nomen
3434 1551 3639 1623 ubique
3666 1568 3730 1607 eo
3762 1552 3823 1589 ⁸⁵³

2241 1652 2488 1715 tempore
2514 1643 2585 1680 6⁵³
2613 1644 2914 1716 acquisivit.
2946 1646 3091 1700 Nam
3121 1643 3237 1716 ipsa
3265 1661 3398 1716 pene
3426 1646 3546 1701 sola
3577 1662 3704 1701 cum
3730 1646 3827 1702 suis

2239 1747 2427 1795 contra
2476 1739 2794 1795 Heinricum
2846 1747 2901 1795 et
2947 1738 3350 1795 heresiarcham
3399 1739 3480 1786 554
3528 1742 3823 1797 Wibertum

2240 1833 2647 1905 complicesque
2692 1848 2884 1889 eorum
2925 1833 3040 1904 jam
3073 1834 3359 1905 septennio
3410 1834 3822 1905 prudentissime

2241 1928 2518 1998 pugnavit,
2546 1927 2878 1997 tandemque
2908 1926 3234 1983 Heinricum
3262 1926 3331 1963 6⁵⁵
3359 1926 3428 1983 de
3458 1928 3823 2001 Longobardia

2239 2022 2371 2077 satis
2399 2021 2629 2076 viriliter
2648 2020 2860 2091 fugavit
2881 2040 2895 2089 ;
2918 2030 2973 2077 et
3004 2022 3117 2093 ipsa
3137 2021 3233 2089 6⁵6,
3262 2023 3598 2094 recuperatis
3616 2024 3725 2078 suis
3745 2022 3823 2078 bo-

2240 2115 2346 2183 nis,
2376 2118 2494 2171 Deo
2524 2122 2579 2170 et
2608 2123 2797 2171 sancto
2823 2117 2985 2171 Petro
3016 2116 3213 2188 gratias
3246 2115 3451 2173 referre
3478 2132 3599 2172 non
3626 2115 3822 2172 destitit.

2240 2210 2531 2265 Heinricus
2560 2225 2688 2265 vero
2735 2226 2861 2267 cum
2891 2210 3076 2281 paucis
3105 2210 3467 2281 Ratisponam
3499 2210 3557 2265 in
3586 2211 3824 2266 Penteco-

2240 2310 2362 2358 sten
2392 2302 2605 2358 devenit
2639 2306 2787 2368 (Mai
2814 2306 2933 2370 24),
2962 2312 3017 2359 et
3056 2304 3259 2361 ibidem
3288 2312 3463 2360 totam
3494 2312 3746 2361 aestatem
3783 2314 3824 2359 et

2240 2396 2380 2452 circa
2407 2403 2647 2453 castrum
2693 2397 3009 2453 Nurinberc.
3044 2397 3115 2448 657
3158 2398 3288 2453 satis
3333 2398 3541 2469 private
3572 2406 3823 2461 moratus,

2239 2490 2466 2546 tandem
2494 2493 2788 2547 Nemetum
2818 2491 3095 2562 migravit,
3145 2490 3335 2546 itidem
3364 2490 3443 2546 ibi
3471 2492 3608 2548 satis
3647 2492 3827 2563 private

2240 2583 2332 2640 diu
2352 2592 2665 2641 moraturus
2688 2584 2784 2638 6⁵⁸.
2808 2585 3035 2641 Interim
3057 2585 3162 2641 dux
3186 2583 3373 2641 Welfo
3397 2585 3679 2657 Bajoariae
3702 2588 3828 2641 Lon-

2240 2678 2561 2749 gobardiam
2604 2679 2879 2749 profectus
2917 2686 2997 2734 est
3035 2679 3102 2735 ad
3136 2679 3521 2751 possidendam
3566 2678 3826 2735 heredita—

2238 2780 2352 2828 tem
2400 2773 2567 2844 patris
2594 2772 2676 2828 sui
2718 2772 2954 2828 Azzonis
2983 2773 3337 2840 marchionis,
3382 2775 3478 2844 qui
3527 2788 3709 2846 nuper
3748 2773 3828 2829 de-

2240 2864 2459 2922 functus
2508 2875 2625 2932 est;
2669 2875 2753 2922 set
2798 2865 2895 2921 ﬁlii
2945 2866 3191 2938 ejusdem
3245 2867 3584 2923 marchionis
3636 2868 3705 2924 de
3742 2867 3829 2923 alia

2239 2959 2467 3032 conjuge
2498 2959 2988 3031 (1449)preedicto
3013 2960 3138 3016 duci
3168 2961 3299 3017 totis
3329 2960 3540 3016 viribus
3569 2963 3830 3017 restitere.

2237 3052 2401 3110 Unde
2446 3052 2592 3109 idem
2635 3040 2743 3110 dle
2790 3052 3127 3124 adiutorium
3173 3055 3414 3110 Heinrici
3453 3053 3614 3111 ducis
3645 3057 3834 3111 Caren-

2236 3146 2347 3200 tani
2392 3153 2449 3201 et
2486 3145 2671 3201 fratris
2712 3146 2827 3218 ejus
2870 3148 3234 3218 Aquileiensis
3267 3148 3595 3219 patriarcha:
3626 3158 3836 3204 coactus

2234 3240 2514 3308 asciscere,
2560 3238 2761 3295 fratres
2788 3256 2917 3297 suos
2948 3240 3219 3297 hostiliter
3243 3242 3469 3307 invasit;
3515 3243 3707 3313 sicque
3736 3243 3832 3297 he-

2237 3334 2528 3390 reditatem
2572 3334 2738 3403 patris
2763 3334 2833 3390 de
2863 3336 3117 3390 manibus
3147 3351 3338 3391 eorum
3368 3352 3435 3392 ex
3462 3351 3650 3408 magna
3680 3345 3830 3407 parte

2237 3426 2339 3483 sibi
2367 3426 2668 3483 vendicavit
2694 3426 2765 3464 6⁸³
2798 3432 3023 3496 (1450).
3055 3428 3382 3487 Oudalricus
3411 3445 3600 3486 comes
3629 3436 3829 3498 (1451)

2240 3521 2693 3592 praeclarissimus
2760 3522 2866 3589 55°,
2931 3522 2983 3576 in
3025 3538 3187 3579 causa
3235 3524 3409 3578 sancti
3463 3526 3609 3579 Petri
3655 3533 3835 3579 contra

2238 3614 2621 3671 schismatieos
2666 3625 3034 3687 propugnator
3078 3616 3527 3683 ferventissimus,
3575 3617 3709 3674 heu!
3750 3632 3831 3672 sa-

2238 3709 2308 3764 tis
2337 3709 2630 3765 immatura
2675 3717 2878 3777 morte,
2912 3719 2997 3766 set
3023 3726 3149 3767 cum
3197 3710 3340 3767 bona
3380 3711 3725 3767 confessione
3760 3711 3832 3748 δδθ

2239 3801 2387 3858 diem
2433 3804 2631 3858 clausit
2654 3812 2997 3873 extremum,
3042 3813 3098 3860 et
3140 3804 3285 3875 apud
3331 3804 3701 3876 Brigantium,
3746 3805 3829 3861 ubi

2239 3896 2355 3967 ipse
2383 3896 2748 3952 monasticam
2768 3897 2936 3952 vitam
2968 3898 3227 3966 instituit,
3254 3896 3553 3956 honoriﬁce
3577 3900 3831 3971 sepelitur

2238 3993 2273 4044 6
2302 3989 2428 4046 Kal.
2462 3990 2531 4028 ⁶⁶ι
2560 3991 2890 4047 Novembris
2923 3991 3019 4048 σε’.

2875 4103 3163 4159 MXCVIII
3175 4146 3187 4159 .

2311 4206 2566 4259 Domnus
2597 4220 2734 4275 papa
2754 4207 2948 4261 Roma:
2978 4207 3313 4262 nativitatem
3348 4208 3573 4264 Domini
3604 4208 3821 4263 celebra-

2238 4297 2337 4364 vit,
2363 4298 2771 4369 maximamque
2798 4314 2986 4369 pacem
3018 4300 3073 4354 in
3106 4300 3219 4371 ipsa
3249 4301 3381 4357 urbe
3406 4312 3460 4357 et
3487 4303 3544 4357 in
3572 4302 3683 4374 ejus
3708 4301 3825 4355 ﬁni-

2240 4391 2341 4447 bus
2368 4391 2680 4449 ﬁrmissime
2709 4395 3039 4466 composuit,
3071 4394 3387 4467 ibidemque
3418 4397 3689 4466 pascalem
3718 4395 3819 4450 sol.

2238 4485 2577 4543 lemnitatem
2599 4490 2790 4555 (Mart.
2822 4493 2919 4555 28)
2952 4505 3079 4544 cum
3106 4505 3298 4560 magna
3328 4490 3497 4561 gloria
3532 4490 3725 4545 itidem
3748 4505 3830 4544 ce-

2238 4578 2483 4634 lebravit.
2513 4579 2617 4637 Sed
2647 4580 2864 4637 emulus
2892 4581 3007 4653 ejus
3036 4582 3333 4638 Guibertus
3361 4583 3415 4637 in
3443 4583 3695 4654 partibus
3722 4584 3825 4637 Ra.

2240 4687 2432 4729 vennae
2456 4689 2519 4729 eo
2544 4684 2789 4747 tempore
2810 4675 3143 4743 demoratus,
3172 4675 3446 4748 quandam
3470 4677 3829 4732 munitionem

2243 4767 2500 4838 perdidit,
2547 4768 2603 4823 in
2649 4786 2759 4841 qua
2805 4770 2919 4841 ipse
2955 4784 3109 4841 spem
3155 4785 3307 4825 suam
3347 4771 3589 4826 maxime
3619 4770 3828 4837 habuit,

1821 4862 2068 4919 VARIAE
2106 4867 2413 4924 LECTION
2426 4868 2532 4922 ES.

608 4954 677 5039 5"}
716 4955 948 5039 demum
994 4971 1134 5039 corr.
1167 4959 1349 5039 eadem
1377 4975 1543 5039 manu
1568 4958 1876 5039 domum}.
1916 4963 2144 5039 demum
2167 4972 2217 5039 2_.
2262 4963 2367 5039 ﬁ?
2395 4968 2457 5020 in
2497 4967 2604 5021 loco
2644 4972 2845 5039 raso}.
2922 4966 2999 5003 διδ
3022 4966 3401 5039 logobardiam
3436 4974 3480 5022 1.
3558 4969 3630 5007 6³⁷
3658 4986 3712 5023 v.
3760 4986 3830 5024 in.

535 5043 584 5108 p_.
611 5035 733 5108 era.
768 5026 819 5080 b.
842 5026 1037 5108 desunt
1072 5034 1125 5082 2.
1202 5028 1773 5108 momnibusquefr
1800 5036 1941 5088 Non.
1974 5036 2303 5091 Novembris
2332 5037 2525 5108 desunt
2554 5042 2606 5090 2.
2683 5036 2747 5070 “9
2763 5037 2880 5108 jam
2901 5026 3290 5108 usquevplenus
3320 5038 3533 5093 dierum
3556 5042 3758 5095 desunt
3783 5047 3829 5095 2.

536 5099 604 5134 ⁶⁶ο
628 5100 758 5178 ῌριιΔ
773 5128 840 5138 --
861 5096 1327 5178 interfeceruntjn
1347 5096 1601 5178 inargute-
1623 5102 1818 5158 addita
1840 5108 2118 5178 scriptura
2138 5109 2328 5177 paullo
2346 5106 2579 5177 longiori
2597 5096 3033 5178 quam'Bernolr‘lt'
3044 5128 3060 5174 ;
3081 5096 3176 5178 aui
3195 5116 3245 5164 et
3269 5110 3705 5166 Hierosolimam
3728 5129 3828 5165 non

533 5172 723 5253 scribit
743 5176 791 5224 1.
813 5170 1011 5253 adsunt
1045 5176 1168 5253 2.3..
1246 5171 1307 5253 ⁶¹ξι
1333 5170 1489 5253 de‘Bg
1508 5175 1700 5253 desunt
1718 5180 1804 5253 2_.__
1848 5174 1921 5253 ξ⁵²
1942 5170 1987 5230 e.
2010 5177 2061 5232 d.
2082 5170 2230 5253 etjm.
2256 5178 2309 5253 d.
2330 5194 2377 5234 s.
2397 5170 2461 5235 ΡΪ
2477 5178 2517 5234 f.
2533 5170 2726 5253 desunt
2744 5185 2799 5234 2.
2876 5178 2943 5213 ⁸⁵⁵³
2961 5183 3018 5235 in
3039 5170 3325 5253 locofaso;
3348 5186 3511 5236 antea
3523 5181 3581 5253 id
3604 5190 3832 5253 tempus

532 5244 791 5325 εσνιἩξξιῖη
814 5243 992 5311 fuisse
1014 5243 1232 5325 ῖξίάϐριιν
1264 5250 1318 5325 ιι
1350 5243 1419 5286 ⁸⁵4
1447 5245 1590 5325 deest
1615 5252 1687 5325 ξι,
1719 5246 1806 5325 ff
1827 5246 2043 5325 (ἱρέες-2.
2078 5319 2090 5325 _
2119 5248 2185 5281 ⁸⁵⁸
2210 5252 2231 5302 ί
2255 5250 2309 5303 in
2334 5266 2375 5304 r.
2400 5256 2461 5325 2.
2536 5250 2729 5304 “mea:
2757 5253 2960 5305 inserta
2992 5258 3041 5307 1.
3118 5250 3183 5286 ⁸⁸⁸
3207 5260 3456 5307 moratus
3478 5257 3530 5307 2.
3554 5243 3829 5325 ⁶³⁹ρει³9ἱι

536 5322 586 5371 1.
636 5312 726 5347 ί⁶⁸⁰
749 5315 895 5369 in—
916 5312 1257 5370 confessione
1281 5314 1475 5370 desunt
1504 5323 1552 5371 2.
1628 5316 1689 5351 ⁰⁶¹
1719 5319 1814 5374 VI.
1849 5321 1921 5373 Κ.
1950 5322 2019 5374 Ν.
2047 5319 2247 5374 desunt
2272 5325 2321 5375 2.
2396 5322 2464 5357 ⁸⁸³
2492 5325 2673 5391 pergit
2704 5332 2751 5376 1.

2063 5418 2294 5473 ΝΟΤίΕ.

601 5504 812 5565 (1447)
836 5501 1095 5565 Mortare,
1128 5502 1196 5555 ab
1229 5502 1508 5558 occidente
1542 5505 1732 5574 Papiae.
1765 5507 1888 5561 Uss.

598 5574 803 5647 (_1448)
830 5574 1128 5647 Wernerus
1154 5575 1203 5647 l_l
1224 5588 1409 5647 comes
1447 5574 1513 5628 de
1533 5576 1843 5645 Habsburg,
1863 5576 1952 5647 qui
1974 5577 2125 5632 Liut-

526 5640 731 5696 fridum
763 5656 792 5695 e
821 5645 875 5697 S.
911 5642 1090 5697 Blasio
1121 5644 1187 5698 ad
1220 5646 1479 5699 Murense
1506 5640 1904 5701 monasterium
1935 5663 2118 5704 evoca-

528 5711 616 5787 vit.
646 5709 772 5766 Vid.
809 5712 1212 5787 Qerhertilist.
1247 5716 1427 5785 Nigrae
1456 5715 1604 5772 silvae
1632 5723 1669 5769 t.
1700 5717 1744 5781 l,
1773 5732 1821 5787 p.
1852 5723 1973 5774 246.

598 5785 800 5849 (1449)
825 5783 1127 5839 Garsende.

597 5856 799 5916 (1450)
828 5852 951 5908 Vid.
1000 5855 1249 5924 Origines
1276 5857 1451 5912 Guelf.
1490 5864 1529 5911 t.
1564 5858 1632 5925 Il,
1679 5873 1729 5930 p.
1762 5864 1866 5914 280
1893 5867 1952 5915 et
1991 5867 2113 5915 298.

2309 5508 2512 5579 (1451)
2544 5512 2624 5563 De
2652 5508 2970 5581 Brigantino
2994 5516 3049 5567 et
3077 5511 3320 5566 Curieusi
3350 5511 3457 5566 hoc
3486 5512 3697 5567 comite
3709 5513 3823 5581 jam

2309 5529 2512 5579 (ΗΜ)
2544 5529 2624 5563 U8
2654 5529 2970 5581 rsrtganuno
2994 5529 3049 5567 el
3077 5529 3320 5566 ωηθηςι
3350 5529 3457 5566 noc
3486 5529 3697 5567 comite
3739 5529 3821 5566 am

2234 5595 2393 5655 supra
2424 5594 2549 5655 ann.
2569 5586 2744 5655 -1093,
2777 5590 2981 5649 actum,
3012 5583 3105 5653 qui
3134 5583 3369 5655 Augiam
3400 5583 3672 5655 majorem
3698 5529 3821 5638 ﬁgun-

2231 5651 2399 5718 davit,
2442 5650 2537 5723 ubi
2566 5650 2677 5722 ipse
2717 5667 2871 5723 aeque
2900 5668 2964 5707 ac
3004 5650 3203 5707 Bertha
3231 5650 3394 5719 uxor,
3431 5650 3654 5709 Budolﬁ
3683 5654 3819 5710 anti-

2225 5723 2445 5794 caesaris
2471 5722 2600 5788 filia,
2632 5722 2945 5794 sepulcrum
2969 5724 3116 5779 nacti
3154 5733 3300 5779 sunt.
3329 5725 3461 5779 Vid.
3489 5726 3734 5780 Gerbert
3759 5725 3820 5778 de

2225 5792 2470 5866 Budolfo
2499 5792 2826 5866 anticaesare.
2871 5796 3067 5866 Mortis
3105 5796 3220 5866 ejus
3248 5796 3689 5852 circumstantias
3734 5811 3813 5849 re-

2224 5863 2333 5919 fert
2363 5863 2677 5921 Chronicon
2703 5864 3016 5921 Petershus.
3048 5863 3175 5922 Uss.
