4052 6196
296 265 433 320 1429

1195 262 1488 324 ΑΡΡΕΝΙ).
1528 269 1614 324 Ill.
1654 296 1726 309 —
1763 269 2183 326 MONUMENTA
2221 268 2679 325 GREGORIANA.

3453 274 3588 331 1430

292 388 540 446 videlicet
567 390 848 447 castellum
893 392 1119 448 nomine
1146 393 1446 464 Argentum
1482 395 1698 463 (1452),
1744 395 1892 466 quod
1921 401 1974 463 Α
2001 395 2106 451 Sed
2147 395 2779 466 Constantinopolitanus
2802 410 2897 451 rex
2941 394 3072 452 huic
3097 394 3444 467 dispositioni
3477 399 3583 454 im-

288 482 438 539 Pado
481 484 751 552 imminet,
807 493 861 541 et
903 502 1096 543 omnes
1145 502 1238 557 per
1280 486 1493 544 Padum
1539 496 1885 546 transeuntes

290 575 615 649 distringere
663 586 856 649 potest.
898 580 1218 637 Gerhardus
1247 580 1313 616 ⁶⁶³
1351 582 1665 638 venerabilis
1716 583 1884 638 abbas

288 670 684 742 Scapbusensis
732 674 803 719 ⁸⁸4
837 690 934 745 pro
981 674 1286 731 humilitate
1317 676 1497 733 locum
1562 694 1753 744 suum,
1793 695 1883 735 an-

292 773 496 821 nuente
518 765 721 823 domno
763 783 923 839 papa,
954 768 1183 837 dimisit,
1217 777 1270 825 et
1295 770 1365 825 ab
1408 772 1525 842 ipso
1568 773 1877 827 concessio-

287 874 440 930 nem,
467 868 525 916 ut
555 861 693 917 alius
714 861 918 918 eisdem
950 863 1071 919 loco
1091 863 1259 920 abbas
1285 864 1677 935 praeﬁceretur,
1711 867 1881 939 impe-

291 953 469 1010 travit.
513 954 621 1011 Sed
668 971 863 1027 magna
915 956 1194 1012 calamitas
1238 956 1390 1013 illum
1438 960 1624 1015 locum
1668 968 1881 1030 pastore

288 1046 819 1124 destitutumstatim
851 1049 1139 1106 subsecuta
1169 1059 1273 1119 est,
1326 1052 1401 1107 ita
1442 1061 1502 1108 ut
1530 1068 1596 1108 ex
1624 1052 1882 1111 fratribus

292 1142 449 1198 multi
486 1142 640 1200 illum
668 1143 1003 1211 desererent,
1035 1153 1090 1201 et
1116 1146 1405 1203 saeculares
1433 1146 1576 1202 bona
1602 1147 1707 1203 loci
1738 1149 1881 1204 illius

286 1234 389 1291 sibi
433 1237 692 1310 sacrilege
744 1237 1114 1295 vendicarent.
1161 1239 1325 1296 Unde
1372 1248 1429 1296 et
1473 1241 1638 1296 abbas
1684 1242 1880 1298 ibidem

285 1328 529 1386 ordinari
553 1331 645 1387 diu
673 1347 786 1388 non
815 1333 1009 1404 potuit,
1058 1339 1221 1404 juxta
1251 1334 1398 1406 quod
1455 1334 1692 1391 domnus
1746 1352 1880 1408 papa

284 1421 400 1479 ﬁeri
444 1424 728 1495 disposuit.
772 1426 1085 1483 Advocatus
1131 1426 1297 1484 etiam
1344 1428 1510 1500 ipsius
1557 1429 1661 1485 loci
1692 1445 1880 1486 comes

285 1516 614 1575 Adelbertus
656 1520 1021 1577 munitionem
1071 1522 1348 1593 quandam
1398 1523 1470 1578 ibi
1502 1539 1671 1595 prope
1700 1524 1881 1580 ﬁrma-

284 1611 380 1679 vit,
426 1620 482 1668 et
508 1613 650 1670 bona
677 1614 906 1672 abbatiae
944 1615 1048 1672 sibi
1096 1616 1349 1689 sacrilege
1382 1617 1708 1673 vendicavit.
1742 1619 1880 1687 Qua-

281 1715 504 1777 propter
531 1708 785 1764 monachi
838 1726 969 1765 cum
1002 1710 1260 1766 crucibus
1295 1720 1348 1766 et
1376 1712 1621 1783 reliquiis
1646 1722 1700 1767 et
1744 1714 1877 1767 leta-

1995 490 2308 560 pedimento
2335 489 2453 556 fuit,
2497 490 2591 560 qui
2621 504 2678 544 se
2718 490 3056 545 omnimodis
3085 507 3117 545 a
3146 499 3458 546 nostrorum
3488 492 3585 548 ad-

1985 584 2192 654 jutorio
2235 584 2527 639 subtraxit.
2555 586 2699 638 Nam
2724 584 2973 639 civitates
3004 585 3119 639 illas
3147 602 3280 657 quas
3313 586 3487 641 nostri
3520 585 3591 642 de

1992 678 2245 733 manibus
2288 693 2627 748 paganorum
2658 677 2993 748 eripuerunt,
3027 678 3113 732 ille
3142 680 3356 748 penitus
3404 680 3589 735 incen-

1990 770 2081 827 dio
2130 770 2405 827 devastare
2454 772 2534 826 vel
2562 770 2785 842 paganis
2832 770 3058 826 reddere
3104 787 3215 826 non
3258 773 3449 829 timuit
3487 773 3583 839 “7°,

1992 864 2199 938 iterque
2225 865 2728 921 Jerosolimitanum
2761 880 2857 935 per
2875 880 3034 920 suam
3058 872 3381 935 potestatem
3406 867 3583 922 omni-

1991 959 2092 1015 bus
2148 960 2445 1031 peregrinis
2474 960 2707 1015 omnino
2737 958 2805 1009 ⁶7¹
2853 958 3146 1029 prohibuit.
3183 960 3305 1013 Hoc
3327 975 3469 1014 anno
3500 960 3580 1015 fa-

1989 1061 2141 1109 ctum
2178 1062 2260 1109 est
2294 1052 2545 1109 mirabile
2590 1053 2811 1123 signum
2854 1053 2909 1108 in
2939 1052 3056 1109 celo
3083 1056 3115 1107 5
3146 1051 3273 1107 Kal.
3307 1052 3577 1121 Octobris,

1990 1156 2051 1203 ut
2081 1156 2193 1202 tota
2236 1163 2371 1218 pene
2413 1148 2499 1203 illa
2530 1155 2691 1201 nocte
2721 1163 2917 1219 magna
2965 1162 3087 1218 pars
3130 1145 3233 1201 celi
3279 1148 3577 1217 sanguinea

1991 1250 2303 1313 appareret;
2359 1258 2460 1296 nec
2488 1241 2657 1296 rubor
2698 1241 2789 1296 ille
2821 1241 2877 1296 in
2906 1256 3015 1295 uno
3046 1248 3262 1296 tantum
3293 1240 3412 1295 loco
3459 1256 3579 1311 per-

1990 1336 2214 1403 mansit,
2242 1343 2322 1391 set
2350 1350 2543 1390 omnes
2570 1343 2748 1406 partes
2776 1334 2877 1390 celi
2908 1342 3112 1405 prreter
3140 1332 3431 1389 meridiem
3458 1349 3579 1404 per-

1990 1429 2217 1501 vagavit,
2260 1428 2528 1499 multique
2552 1428 2704 1499 quasi
2730 1428 2861 1485 solis
2887 1427 3029 1485 radii
3060 1426 3131 1483 de
3158 1426 3354 1485 eodem
3384 1426 3583 1483 rubore

1992 1522 2314 1579 videbantur
2353 1521 2667 1594 procedere.

2626 1666 2894 1720 MXCIX.

280 1799 391 1856 niis
428 1802 741 1873 suppliciter
786 1803 854 1860 ad
895 1802 1127 1859 eandem
1180 1805 1545 1861 munitionem
1596 1821 1874 1876 processe-
1903 1785 1951 1847 Β
2056 1806 2307 1859 Domnus
2333 1820 2467 1876 papa
2487 1803 2827 1860 nativitatem
2853 1803 3290 1859 DominiRomae
3309 1820 3578 1861 cumma-

282 1898 440 1963 runt’;
471 1903 556 1951 set
592 1911 622 1949 a
653 1896 923 1953 militibus
953 1898 1171 1955 comitis
1202 1898 1403 1970 partim
1454 1898 1639 1965 occisi,
1672 1900 1874 1970 partim

281 1987 565 2057 vulnerati,
598 1998 685 2046 set
716 2006 911 2047 omnes
953 1992 1099 2049 male
1140 1993 1378 2061 tractati,
1427 1992 1657 2049 domum
1699 1993 1873 2049 redire

281 2080 362 2136 vel
416 2082 680 2153 reportari
724 2085 991 2155 compulsi
1060 2095 1218 2151 sunt;
1282 2086 1483 2157 quippe
1530 2087 1779 2142 crucibus
1821 2097 1875 2143 et

278 2174 518 2246 reliquiis
546 2176 911 2247 particulatim
938 2177 1197 2250 disruptis
1226 2187 1278 2233 et
1304 2194 1399 2249 per
1444 2195 1706 2249 campum
1732 2180 1868 2235 heu!

282 2268 664 2325 miserabiliter
707 2271 999 2342 dissipatis.
1034 2272 1180 2327 Hinc
1210 2272 1299 2326 ille
1342 2288 1529 2327 comes
1569 2281 1684 2327 tam
1713 2273 1871 2327 cleri-

282 2359 363 2415 cis
404 2375 567 2431 quam
604 2362 757 2417 laicis
786 2364 1022 2419 multum
1070 2374 1189 2419 erat
1236 2363 1641 2420 abominabilis.
1674 2367 1766 2422 Set
1819 2374 1873 2421 et

282 2452 387 2524 ipsi
420 2454 669 2509 monachi
710 2454 914 2525 judicio
943 2458 1046 2512 Dei
1088 2456 1191 2512 hoc
1223 2460 1588 2527 promeruisse
1621 2475 1649 2513 a
1681 2475 1871 2529 quam-

282 2546 530 2616 plurimis
577 2548 980 2619 judicabantur,
1012 2565 1075 2605 eo
1105 2550 1251 2622 quod
1288 2551 1540 2607 abbatem
1569 2568 1731 2608 suum
1764 2568 1870 2608 non

281 2640 422 2696 bene
469 2643 843 2711 tractaverint,
872 2659 1107 2714 eumque
1135 2660 1163 2699 a
1195 2660 1253 2699 se
1298 2646 1502 2717 absque
1540 2647 1870 2717 competenti

275 2735 487 2790 ratione
526 2751 638 2790 non
678 2745 794 2792 tam
840 2737 1156 2793 dimiserint
1184 2754 1352 2809 quam
1381 2740 1705 2809 expulerint.
1756 2740 1871 2793 Ma-

282 2828 551 2901 negoldus
616 2829 681 2862 ⁶⁶⁵
737 2832 1061 2888 venerabilis
1112 2832 1436 2904 praepositus
1482 2834 1869 2889 cauonicorum

282 2922 447 2993 apud.
476 2923 816 2979 Marchbach
841 2925 1154 2997 degentium
1184 2943 1216 2981 a
1246 2926 1503 2981 Ileinrico
1535 2942 1660 2997 rege
1690 2927 1783 2982 diu
1813 2928 1866 2983 in

278 3018 525 3089 captione
553 3018 807 3075 detentus
855 3028 937 3075 est
964 3020 1053 3087 ⁸⁸⁸,
1082 3036 1147 3076 eo
1176 3018 1326 3092 quod
1366 3020 1688 3075 scismaticis
1733 3037 1866 3076 con-

280 3118 361 3165 tra
411 3112 814 3169 ecclesiasticam
867 3114 1251 3169 auctoritatem
1332 3114 1553 3169 obedire
1602 3114 1863 3181 noluerit;

278 3204 423 3259 unde
454 3214 507 3261 et
532 3212 647 3261 tota
676 3206 886 3262 ecclesia
918 3206 963 3261 ei
1010 3208 1174 3277 longe
1206 3208 1422 3277 lateque
1449 3205 1733 3263 condoluit
1776 3208 1863 3262 6⁸³.

280 3297 619 3355 Gotefredus
645 3299 756 3355 dux
783 3316 954 3371 nepos
980 3301 1165 3371 magni
1192 3299 1343 3355 ducis
1370 3299 1681 3367 Gotefredi,
1716 3305 1871 3357 Rou-

276 3390 463 3446 bertus
492 3392 636 3447 ﬁlius
656 3391 958 3448 Baldowini
976 3392 1217 3460 comitis,
1240 3393 1630 3448 Behemuudus
1646 3394 1710 3426 ⁶⁶τ
1731 3394 1872 3450 [ilius

274 3486 539 3542 Rouberti
588 3485 742 3542 ducis
785 3485 1045 3542 Calabriae
1088 3493 1252 3558 atque
1300 3486 1521 3553 Siciliae,
1554 3487 1873 3544 Rimundus

275 3594 463 3635 comes
493 3579 559 3635 de
588 3582 785 3637 Sancto
816 3579 1034 3651 Egidio,
1092 3580 1226 3635 item
1262 3582 1393 3635 Otto
1431 3582 1871 3653 Strazburgeusis

276 3672 566 3744 episcopus
635 3683 689 3729 et
766 3689 951 3730 comes
1018 3675 1402 3730 Hartmannus
1476 3674 1544 3729 de
1620 3675 1871 3730 Aleman-

274 3767 366 3821 nia
395 3772 594 3833 (1453),
626 3767 681 3823 hi
720 3768 947 3838 inquam
978 3783 1170 3823 omnes
1217 3776 1271 3823 et
1320 3767 1406 3821 alii
1459 3782 1625 3838 quam
1666 3768 1867 3838 plures,

276 3875 402 3916 cum
423 3860 811 3917 innumerabili
839 3860 1198 3917 multitudine
1218 3861 1341 3933 jum
1364 3860 1573 3917 dudum
1609 3862 1871 3917 Jerosoli-

275 3969 427 4009 mam
455 3955 682 4010 tendere
709 3964 993 4025 ceperunt,
1026 3962 1083 4010 et
1120 3955 1287 4010 Nicea
1327 3955 1543 4010 civitate
1563 3965 1725 4025 atque
1756 3962 1870 4012 An-

272 4040 485 4103 tiochia
513 4048 740 4120 aliisque
770 4048 1084 4104 civitatibus
1117 4048 1185 4103 de
1212 4056 1481 4118 potestate
1532 4064 1869 4119 paganorum

277 4141 497 4212 ereptis,
549 4151 606 4198 et
652 4142 922 4213 praecipue
964 4141 1273 4213 patriarcha
1323 4141 1775 4197 Jerosolimituno
1813 4143 1870 4197 in

272 4235 455 4291 locum
473 4250 635 4291 suum
660 4236 936 4303 restituto,
969 4252 1146 4308 usque
1186 4252 1353 4307 prope
1385 4236 1452 4270 ⁸⁸⁸
1479 4235 1866 4290 Jerosolimam

274 4345 405 4384 cum
454 4328 646 4384 multis
708 4329 910 4399 pmliis
987 4337 1148 4401 atque
1199 4330 1437 4385 victoriis
1486 4339 1864 4399 pervenerunt.

272 4421 439 4478 Unde
465 4421 705 4477 domnus
736 4438 872 4493 papa
902 4421 972 4478 ad
1001 4423 1232 4479 eandem
1278 4421 1685 4479 multitudinem
1713 4438 1866 4477 suam

1986 1913 2091 1969 gna
2116 1913 2243 1968 pace
2267 1897 2589 1965 celebravit;
2620 1913 2752 1953 nam
2781 1906 2836 1954 et
2863 1897 3151 1953 castellum
3178 1898 3359 1953 Sancti
3390 1900 3578 1971 Angeli

1986 2006 2115 2047 cum
2143 1991 2260 2046 aliis
2289 1991 2688 2047 munitionibus
2730 1993 2788 2046 in
2841 2007 2937 2046 sua
2996 1999 3261 2062 potestate
3330 1990 3578 2059 detinuit,

1986 2100 2284 2156 omnesque
2313 2086 2523 2141 emulos
2550 2101 2680 2141 suos
2724 2085 2777 2140 in
2800 2084 3018 2140 civitate
3052 2100 3177 2140 cum
3207 2084 3311 2140 Dei
3359 2084 3575 2157 adjuto-

1984 2179 2067 2233 rio
2111 2179 2239 2234 satis
2268 2180 2494 2235 viriliter
2519 2188 2613 2235 aut
2643 2179 2873 2250 placavit
2912 2187 3005 2235 aut
3042 2179 3091 2234 vi
3132 2178 3448 2248 perdomuit
3475 2178 3574 2247 ⁸⁸ης

1984 2271 2241 2327 sinodum
2270 2288 2486 2345 quoque
2515 2290 2676 2329 suam
2705 2274 2758 2328 in
2790 2273 2952 2328 tercia
2983 2271 3287 2343 epdomada
3334 2271 3421 2341 ⁸⁷³,
3471 2275 3582 2328 Ro-

1985 2381 2089 2422 mae
2136 2365 2521 2422 celebrandam
2552 2376 2675 2437 post
2706 2366 2923 2438 pascha,
2965 2366 3143 2421 missis
3171 2366 3341 2421 literis
3370 2381 3577 2438 usque-

1983 2474 2199 2528 quaque
2265 2459 2635 2515 denunciavit.
2676 2463 2892 2531 Rapoto
2951 2461 3233 2516 Palatinus
3274 2476 3461 2516 comes
3509 2460 3577 2516 de

1983 2551 2249 2621 Baioaria,
2276 2552 2746 2619 pertinacissimus
2776 2552 2959 2607 fautor
2980 2554 3153 2609 immo
3178 2562 3342 2624 caput
3360 2556 3571 2623 georum
3636 2574 3645 2585 ί

1982 2643 2071 2714 qui
2101 2643 2411 2711 apostolicae
2440 2643 2551 2697 sedi
2577 2653 2631 2697 et
2658 2644 2941 2699 catholica:
2966 2646 3161 2698 unitati
3194 2646 3457 2701 hactenus
3477 2647 3571 2703 ad-

1982 2736 2180 2791 versati
2229 2745 2379 2802 sunt,
2412 2734 2557 2790 diem
2584 2736 2781 2789 clausit
2801 2746 3125 2792 extremum.
3164 2740 3304 2791 Item
3335 2738 3577 2794 Chonra-

1980 2830 2081 2885 dus
2140 2830 2502 2901 Trajectensis
2568 2846 2681 2884 non
2745 2828 3031 2900 episcopus
3080 2829 3173 2885 sed
3230 2830 3575 2888 scismaticus

1980 2925 2215 2993 turpiter
2258 2940 2288 2979 a
2337 2924 2573 2994 quodam
2610 2923 2821 2978 occisus
2850 2923 3081 2988 interiit,
3130 2939 3293 2995 quem
3337 2924 3452 2995 ipse
3476 2924 3575 2982 de-

1980 3017 2214 3088 przedari
2248 3018 2499 3088 praecepit
2550 3015 2636 3072 ⁸⁷⁵.
2670 3020 2865 3073 Romae.
2900 3017 3141 3072 domnus
3188 3035 3321 3089 papa
3348 3034 3573 3090 genera-

1978 3113 2085 3167 lem
2129 3111 2386 3167 sinodum
2424 3112 2600 3179 (1455)
2646 3114 2744 3167 1.50
2774 3112 3159 3182 episcoporum
3191 3121 3248 3168 et
3274 3112 3565 3182 abbatum,

1982 3215 2039 3263 et
2067 3207 2391 3261 clericorum
2435 3205 2919 3260 innumerabilium
2964 3206 3022 3260 in
3068 3207 3234 3262 tercia
3264 3206 3573 3277 epdomada

1984 3310 2107 3371 post
2150 3299 2347 3371 pascha
2380 3301 2536 3368 (Apr.
2570 3302 2659 3367 30)
2691 3299 2936 3370 collegit;
2988 3300 3043 3353 in
3072 3315 3177 3369 qua
3219 3300 3409 3356 sinodo
3438 3316 3571 3357 con-

1984 3395 2217 3449 ﬁrmatis
2246 3409 2476 3448 suorum
2524 3401 2931 3448 antecessorum
2989 3393 3206 3448 statutis
3246 3393 3413 3449 etiam
3449 3409 3571 3450 sen-

1979 3489 2204 3544 tentiam
2259 3486 2615 3542 anatliematis
2682 3501 2846 3556 super
2908 3485 3240 3542 Guibertum
3301 3486 3568 3543 heresiar-

1978 3581 2138 3637 cham
2165 3590 2217 3637 et
2239 3596 2430 3637 omnes
2452 3581 2569 3651 ejus
2598 3580 2895 3650 complices
2925 3580 3160 3635 iteravit.
3199 3580 3401 3636 Statuit
3429 3597 3565 3653 quo-

1979 3692 2085 3746 que
2128 3674 2201 3729 ibi
2247 3690 2315 3729 ne
2343 3673 2751 3728 communicare
2791 3681 3186 3743 przesumerent
3236 3674 3330 3744 qui
3360 3690 3566 3731 concu-

1978 3768 2133 3823 binas
2162 3767 2444 3832 haberent,
2476 3766 2578 3821 nisi
2622 3766 2769 3838 prius
2802 3782 2893 3821 eas
2918 3766 3142 3821 omnino
3196 3766 3563 3825 dimitterent.

1978 3865 2059 3917 De
2083 3860 2523 3915 Jerosolimitano
2566 3859 2757 3914 itinere
2788 3860 3029 3914 multum
3054 3860 3284 3930 rogavit,
3317 3870 3377 3916 ut
3400 3862 3561 3929 irent,

1978 3964 2033 4013 et
2070 3955 2329 4010 fratribus
2369 3954 2482 4009 suis
2512 3952 2892 4008 laborantibus
2943 3962 3324 4008 succurrerent
3380 3953 3463 4008 ⁸⁷⁸.
3500 3958 3563 4010 In

1978 4049 2302 4105 Alemannia
2336 4046 2557 4104 tandem
2611 4055 2736 4118 post
2774 4047 2945 4102 multa
3000 4047 3239 4116 pericula
3291 4046 3460 4101 abbas
3506 4046 3562 4100 in

1976 4142 2381 4213 Schaphusensi
2445 4140 2777 4195 monasterio
2829 4138 3110 4194 ordinatus
3172 4146 3254 4193 est
3334 4139 3562 4193 nomine

1976 4236 2328 4301 Adelbertus;
2359 4235 2449 4303 qui
2479 4234 2545 4288 de
2574 4232 2772 4302 prioris
2810 4232 3019 4287 abbatis
3061 4231 3209 4301 quasi
3240 4231 3559 4301 expulsione

1978 4328 2276 4384 infamatus
2324 4327 2397 4380 ita
2428 4341 2485 4380 se
2519 4323 2727 4395 judicio
2758 4325 2983 4379 ecclesiae
3030 4326 3372 4395 expurgavit,
3402 4332 3461 4378 ut
3490 4324 3559 4379 ab

1976 4422 2230 4494 episcopo
2260 4435 2356 4492 per
2380 4417 2750 4473 obedientiam
2775 4432 2939 4487 quam
2968 4416 3173 4486 regulae.
3201 4416 3445 4471 debuerit
3484 4417 3562 4472 in-

270 4515 602 4587 legationem
630 4514 850 4583 direxit,
878 4516 1126 4571 videlicet
1172 4516 1540 4572 venerabilem
1586 4516 1859 4571 Theober-
1891 4535 1941 4597 D
1974 4522 2302 4586 terrogatus,
2335 4529 2393 4568 se
2422 4512 2771 4566 innocentem
2796 4510 2862 4564 de
2890 4509 2981 4565 illo
3032 4509 3262 4563 crimine
3280 4508 3560 4580 proﬁtere-

267 4618 385 4664 tum
428 4610 609 4675 (1454)
647 4609 855 4664 Pisanae
882 4609 1107 4664 zeclesiae
1153 4610 1643 4681 archiepiscopum,
1681 4611 1773 4682 qui
1802 4618 1857 4665 et

268 4703 375 4758 illis
402 4703 457 4757 in
486 4702 745 4758 omnibus
788 4702 1079 4773 apostolica
1125 4703 1241 4758 vice
1290 4703 1505 4775 adesset
1529 4712 1583 4757 et
1619 4704 1858 4759 ecclesias

268 4796 321 4851 in
364 4794 498 4851 locis
531 4794 675 4851 unde
720 4796 907 4867 pagani
954 4796 1162 4867 expulsi
1209 4804 1339 4853 sunt
1386 4796 1719 4851 instauraret
1774 4796 1859 4851 δδθ.

1964 4623 2071 4670 tur.
2088 4609 2384 4666 Ordinatus
2408 4614 2489 4661 est
2503 4613 2688 4661 autem
2706 4620 2736 4659 a
2751 4602 3041 4658 venerabili
3068 4601 3392 4658 Gebehardo
3417 4605 3556 4660 Cou-

1968 4702 2253 4761 stantiensi
2278 4701 2533 4769 episcopo
2550 4706 2601 4753 et
2615 4697 2757 4752 sedis
2774 4696 3089 4767 apostolicae
3103 4696 3279 4767 legato
3302 4696 3357 4751 in
3369 4698 3561 4752 nativi-

1972 4806 2083 4851 tate
2105 4792 2556 4849 sanctiJohannis
2576 4790 2837 4861 Baptista:
2859 4788 2944 4842 0"“.
2964 4788 3250 4846 Liutoldus
3269 4789 3428 4846 bonae
3446 4806 3557 4846 me-

1552 4941 1795 4995 VARl/E
1844 4940 2025 4997 LECT
2028 4942 2146 4996 ΙΟΝ
2154 4940 2255 4995 ES.

344 5070 409 5103 ⁸⁸³
433 5070 745 5126 Gerbardus
783 5100 853 5110 —
879 5070 1164 5129 condoluit
1204 5074 1288 5127 hic
1329 5073 1550 5136 desunt;
1591 5086 1821 5139 quorum
1850 5072 1955 5125 loco
1975 5072 2034 5124 in
2076 5072 2180 5138 ﬁne
2212 5069 2344 5123 aiun'
2380 5065 2699 5139 Gerhardus
2746 5096 2805 5105 —
2838 5064 3166 5139 impetravit
3192 5069 3255 5139 et
3283 5061 3560 5139 _Manegol-

272 5140 467 5214 dus—
497 5142 1058 5214 detentusmiduntur
1091 5150 1141 5197 2.
1221 5144 1285 5176 ⁸⁸³
1328 5146 1383 5199 8.
1426 5142 1517 5214 qui
1566 5142 1828 5196 successit
1878 5141 2134 5214 Sigifrido
2176 5157 2206 5211 p

2212 5156 2270 5195 ro
2296 5145 2346 5193 2.
2427 5138 2491 5171 ⁸⁸⁵
2539 5140 2615 5193 Μ.
2655 5131 2955 5192 canonicus
2981 5136 3047 5191 de
3090 5131 3425 5189 Marchbach
3450 5131 3482 5185 a
3506 5148 3555 5187 r.

275 5210 364 5266 ⁸⁸3.
402 5222 591 5282 captus
621 5221 675 5268 et
718 5212 805 5269 diu
834 5215 891 5268 in
937 5214 1186 5284 captione
1216 5215 1282 5269 ab
1320 5202 1517 5268 eodem
1582 5214 1830 5267 detentus
1868 5202 1968 5267 2.υ
1998 5212 2063 5244 ⁸⁸⁸
2097 5202 2189 5267 θεῖ’
2214 5242 2285 5284 7
2334 5209 2617 5265 condoluit
2664 5211 2951 5284 desunt}.
2993 5205 3057 5284 “1’
3113 5202 3446 5284 hci-mundus
3484 5209 3554 5284 _2.

275 5284 344 5336 Η.
394 5285 589 5339 inloco
642 5300 763 5339 raso
794 5292 844 5339 1.

270 5359 397 5409 sunt
437 5362 489 5411 2.
602 5354 669 5389 ⁸⁷⁸
703 5359 887 5427 pergit
931 5364 979 5411 1.
1012 5354 1029 5355 ί
1095 5355 1158 5390 ⁸⁷⁵
1173 5360 1356 5426 pergit
1390 5354 1445 5412 ιζ
1490 5355 1554 5389 ⁸⁷⁸
1582 5359 1761 5427 pergit
1808 5366 1852 5410 1.

922 5282 1195 5355 “’Pemit
1240 5292 1287 5340 1.
1323 5285 1389 5318 ⁶⁷⁰
1431 5287 1609 5355 pergit
1666 5290 1712 5340 ιο
1759 5284 1819 5317 ⁶⁷¹
1877 5286 2021 5339 deest
2067 5289 2127 5337 2ο
2202 5282 2267 5315 ⁸⁷³
2314 5284 2493 5352 Ρθνθίί
2538 5288 2590 5339 ¹·

2667 5280 2733 5315 ⁸⁷³
2787 5276 3090 5337 ebdomada
3125 5274 3338 5343 reliqua
3376 5276 3557 5329 excisa

1767 5491 1811 5544 Ν
1821 5490 1915 5545 OT
1919 5492 2002 5544 2E.

345 5617 525 5686 (1452)
576 5618 841 5687 Argenta,
889 5616 1037 5670 vicus
1092 5615 1155 5668 in
1192 5613 1339 5687 Pado
1385 5613 1452 5670 de
1518 5616 1792 5681 Primaro,
1840 5630 1869 5668 a

272 5686 881 5757 septentrione’lmolae
908 5694 960 5741 et
986 5686 1279 5757 Faventiae.

344 5755 530 5823 (1453)
554 5760 753 5813 Comes
781 5757 850 5813 de
876 5757 1199 5829 Kirchberg,
1229 5755 1490 5829 fundator
1516 5757 1861 5829 Wiblingeno

273 5828 347 5882 sis
375 5830 687 5885 monasterii
713 5830 768 5884 in
797 5828 1008 5886 Suevia.
1051 5827 1171 5883 Vidi
1206 5827 1346 5883 Hist.
1372 5827 1532 5883 Silva
1561 5828 1709 5899 Nigr.
1744 5837 1788 5883 t.
1811 5831 1859 5897 l,

1982 5630 2035 5685 p.
2070 5616 2194 5679 251,
2221 5628 2305 5737 εξ.
2360 5615 2491 5689 Uss.

2043 5684 2228 5737 (1454i
2294 5698 2426 5737 unra
2452 5699 2491 5737 Cl

2043 5673 2228 5755 (145:1)
2254 5673 2426 5754 Supra
2452 5682 2555 5738 eol.
2589 5688 2611 5734 1
2615 5685 2717 5755 5121
2740 5673 3115 5755 rDagobertus
3140 5682 3384 5755 vocatur.

2043 5746 2223 5827 (1455)
2260 5746 2500 5811 Mansit.
2525 5754 2658 5817 XX,
2690 5754 2785 5803 961
2820 5746 2991 5819 pridie
3016 5746 3137 5802 Kal.
3175 5746 3306 5799 Mai.
