4052 6196
532 274 657 329 1431

1531 266 1620 319 AD
1660 265 1886 329 OPERA
1926 264 1980 318 S.
2020 261 2342 335 GREGORll
2378 261 2816 318 APPENDICES.

3674 268 3795 323 H32

527 398 721 454 moriae
740 410 943 459 comes,
954 394 1071 463 jam
1085 376 1175 445 diu
1193 404 1336 460 aeger
1362 388 1607 459 pedibus,
1630 390 1722 445 sed
1744 391 1796 444 in
1815 406 1976 445 causa
1994 405 2118 445 san-
2146 394 2199 456 Α
2228 388 2426 444 tonicis
2448 388 2694 459 partibus
2720 386 3045 459 apostolica:
3068 388 3210 444 vices
3224 387 3654 454 commendavit,
3680 407 3799 462 quas

532 491 602 547 cti
617 490 761 546 Petri
782 496 974 543 contra
1001 483 1434 540 scismaticorum
1456 485 1775 554 pravitatem
1806 499 2118 555 propugna-

531 595 619 640 tor
640 581 960 647 indefessus,
990 578 1212 634 tandem
1233 593 1295 632 ex
1318 577 1549 631 seculari
1567 578 1830 648 dignitate
1856 578 1913 632 in
1933 592 2124 632 mona-

528 678 744 734 chicam
773 674 839 708 ⁸⁷⁷
871 674 1192 745 religionem
1214 680 1635 739 transmutatus,
1656 671 1893 727 feliciter
1917 672 2120 742 migra-

535 772 610 825 vit
656 769 727 825 ad
774 768 1073 824 Dominum
1120 770 1180 821 15
1208 766 1333 821 Kal.
1368 765 1703 835 Septembris
1752 774 1807 820 et
1846 766 1902 819 in
1933 780 2123 820 mona-

534 864 704 921 sterio
723 862 921 933 (1456),
951 860 1099 934 quod
1120 862 1232 931 ipse
1259 859 1318 914 in
1344 858 1561 930 proprio
1584 859 1784 914 allodio
1803 859 1869 915 de
1895 858 2127 929 propriis

536 957 695 1013 bonis
718 955 983 1023 fundavit,
1019 962 1074 1009 et
1101 954 1155 1008 in
1185 969 1293 1023 quo
1314 968 1371 1008 se
1394 953 1572 1023 ipsum
1605 953 1947 1008 monachum
1974 952 2120 1019 fecit,

535 1051 838 1107 honorifice
876 1049 1156 1120 sepelitur.
1186 1051 1381 1102 Romae
1409 1046 1735 1101 venerabilis
1764 1047 1900 1117 papa
1942 1045 2121 1101 Urba-

536 1161 663 1211 nus,
692 1143 853 1214 hujus
882 1141 1125 1197 nominis
1144 1140 1438 1203 secundus,
1470 1149 1764 1211 postquam
1798 1140 1981 1195 sedem
2010 1142 2121 1195 Ro-

536 1254 756 1293 manam
792 1244 847 1292 11
894 1251 1065 1290 annos
1088 1243 1142 1289 et
1164 1240 1195 1288 5
1220 1249 1435 1288 menses
1454 1234 1794 1304 gubernavit,
1832 1242 1956 1304 post
1979 1233 2125 1287 mul-

534 1340 621 1386 tas
647 1330 1026 1385 tribulationes
1052 1327 1271 1382 tandem
1297 1332 1330 1379 4
1364 1327 1489 1381 Kal.
1526 1327 1757 1397 Augusti
1782 1314 1849 1380 de
1880 1326 1979 1380 hac
2008 1326 2127 1380 luce

536 1423 819 1493 migravit;
846 1429 968 1492 post
996 1419 1391 1490 cujusobitum
1423 1418 1663 1473 domnus
1699 1418 1993 1483 Paschalis,
2035 1418 2125 1487 qui

536 1524 591 1571 et
618 1514 1004 1586 Reginherius,
1036 1512 1089 1567 in
1134 1512 1327 1567 ordine
1366 1516 1516 1565 163us
1542 1527 1678 1582 papa
1713 1510 2023 1578 ordinatur,
2072 1519 2128 1566 et

536 1609 641 1664 hoc
667 1624 731 1663 ex
755 1607 940 1662 divina
972 1606 1296 1660 revelatione
1334 1604 1539 1659 factum
1568 1605 1774 1674 ubique
1804 1604 2125 1677 divulgaba-

534 1711 646 1758 tur.
668 1701 965 1757 Ordinatus
1002 1708 1084 1754 est
1123 1706 1307 1753 autem
1333 1698 1676 1752 sollemniter
1704 1714 1736 1753 a
1764 1698 1910 1753 clero
1940 1708 1993 1753 et
2024 1715 2121 1769 po-

2230 491 2285 539 et
2314 483 2382 538 ab
2423 491 2763 537 antecessore
2788 482 2905 554 ejus
2924 482 3039 554 jam
3069 482 3259 538 multis
3296 484 3456 537 annis
3470 483 3721 540 obtinuit.
3746 486 3799 539 In

2230 577 2555 632 Alemannia
2572 576 2897 632 venerabilis
2908 576 3076 631 abbas
3088 575 3454 648 Manegoldus
3465 576 3531 632 de
3544 587 3805 635 monaste-

2230 670 2310 725 rio
2342 671 2523 724 Sancti
2553 670 2781 741 Georgii
2811 674 2991 736 (1457)
3025 687 3057 725 a
3085 670 3365 725 monacho
3393 686 3495 725 suo
3532 671 3593 726 in
3624 671 3805 727 eodem

2231 762 2351 819 loco
2388 762 2525 817 heu!
2558 764 2945 819 miserabiliter
2972 762 3265 832 occiditur,
3294 772 3351 820 et
3376 763 3475 818 sibi
3499 763 3727 835 quidem
3762 766 3809 820 in

2231 864 2554 927 perpetuam
2598 859 2850 925 salutem,
2905 865 2989 912 set
3010 856 3287 912 monacho
3338 857 3406 914 ad
3448 858 3809 915 certissimam

2230 949 2659 1007 damnationem.
2707 950 2933 1007 Occisus
2977 960 3059 1007 est
3093 958 3276 1005 autem
3328 956 3393 1007 15
3437 951 3568 1007 Kal.
3610 953 3810 1018 Martii,

2230 1044 2327 1099 ubi
2365 1060 2429 1100 eo
2456 1060 2601 1099 anno
2629 1043 2734 1100 fuit
2770 1053 2932 1116 caput
2950 1044 3145 1117 jejunii
3173 1043 3265 1105 “.9.
3292 1044 3615 1115 Supervixit
3643 1054 3814 1100 tamen

2232 1155 2405 1209 usque
2444 1140 2499 1193 in
2528 1138 2836 1206 sabbatum,
2876 1154 3001 1194 cum
3047 1154 3246 1211 magna
3308 1138 3605 1195 devotione
3663 1155 3813 1194 suum

2234 1233 2572 1303 amplectens
2601 1232 2933 1288 martirium.
2984 1234 3125 1289 Nam
3175 1237 3241 1287 12
3268 1232 3405 1288 Kal.
3458 1232 3655 1288 Martii
3681 1230 3814 1287 diem

2234 1326 2430 1381 clausit
2470 1334 2801 1382 extremum.
2833 1328 2959 1381 Jam
3012 1327 3261 1381 multum
3298 1340 3435 1397 pene
3476 1325 3683 1397 ubique
3702 1341 3813 1381 sen-

2234 1422 2400 1475 tentia
2429 1421 3011 1477 excommunicationis
3048 1421 3194 1493 cepit
3216 1428 3515 1492 tepescere,
3551 1428 3621 1475 ut
3656 1420 3815 1475 etiam

2236 1514 2458 1584 quidam
2497 1514 2755 1586 religiosi,
2782 1515 2875 1586 qui
2926 1530 3101 1587 usque
3151 1514 3222 1570 ad
3266 1513 3373 1570 hoc
3401 1522 3630 1585 tempus
3652 1513 3708 1568 in
3732 1514 3809 1569 illa

2235 1624 2397 1664 causa
2441 1616 2599 1663 erant
2635 1607 3043 1677 ferventissimi,
3073 1624 3103 1663 a
3130 1607 3425 1663 Catholicis
3454 1606 3809 1673 discederent,

2235 1710 2289 1756 et
2316 1702 2462 1757 inter
2489 1702 2997 1758 excommunicatos
3025 1702 3336 1773 promoveri
3376 1716 3489 1756 non
3539 1701 3811 1757 timerent

534 1796 664 1867 pulo
689 1802 812 1866 post
830 1792 1137 1848 discessum
1167 1792 1253 1846 sui
1296 1790 1718 1861 praedecessoris
1737 1791 1822 1847 die
1846 1798 1927 1847 16.
1955 1792 2119 1847 Adel-
2156 1769 2204 1831 B
2236 1799 2329 1852 Set
2367 1806 2552 1852 sancta
2595 1796 2807 1852 ecclesia
2839 1797 2897 1850 in
2941 1769 3087 1853 sedis
3130 1795 3446 1867 apostolicae
3502 1794 3813 1850 obedientia

534 1889 722 1943 bertus
759 1904 945 1943 comes
970 1888 1074 1958 piae
1099 1885 1518 1951 recordationis,
1552 1886 1606 1939 in
1646 1884 1909 1941 fidelitate
1956 1887 2124 1941 sancti

442 1980 459 1987 ’
533 1981 674 2037 Petri
699 1990 888 2036 contra
918 1980 1258 2035 scismaticos
1292 1979 1409 2049 jam
1437 1994 1503 2033 ex
1544 1979 1769 2050 antiquo
1799 1978 2125 2035 studiosissi~

476 2090 477 2095 ‘
531 2091 679 2141 mus,
705 2083 760 2130 et
776 2075 1000 2130 demum
1031 2090 1095 2129 ex
1115 2075 1317 2128 comite
1342 2073 1644 2128 monachus
1670 2073 1867 2141 factus,
1899 2074 2127 2130 feliciter

532 2170 681 2225 diem
708 2168 907 2224 clausit
950 2176 1259 2223 extremum
1293 2175 1353 2222 10
1381 2168 1505 2221 Kal.
1530 2167 1799 2235 Octobris,
1830 2176 1886 2223 et
1910 2168 1965 2223 in
2002 2184 2123 2225 mo-

531 2262 767 2318 nasterio
794 2262 941 2332 quod
980 2263 1093 2331 ipse
1136 2260 1203 2314 de
1251 2261 1483 2330 propriis
1510 2261 1671 2314 bonis
1700 2263 2025 2329 construxit,
2072 2270 2127 2317 et

533 2357 594 2410 in
617 2370 727 2426 quo
755 2353 1134 2409 monachicum
1161 2352 1233 2389 ⁸⁷⁸
1260 2352 1510 2407 habitum
1534 2354 1801 2423 suscepit,
1826 2354 2125 2410 honoriﬁce

534 2447 813 2517 sepelitur,
846 2445 1051 2500 scilicet
1080 2445 1402 2515 Hirsaugiae,
1433 2444 1753 2516 praesidente
1777 2445 1983 2502 domno
2014 2449 2124 2504 Gc-

534 2537 785 2594 behardo
805 2538 1016 2593 abbate.

1248 2634 1371 2690 MC.

606 2728 862 2779 Domnus
876 2724 1151 2780 Paschalis
1166 2740 1301 2795 papa
1322 2725 1671 2782 nativitatem
1692 2726 1913 2781 Domini
1929 2729 2126 2785 Romae

534 2835 661 2875 cum
692 2835 889 2892 magna
918 2836 1051 2891 pace
1080 2820 1391 2889 celebravit,
1432 2829 1486 2875 et
1529 2838 1621 2891 per
1648 2820 1854 2877 litteras
1883 2838 2008 2878 suas
2033 2839 2123 2879 ve-

534 2911 763 2969 nerabili
792 2912 1121 2969 Gebehardo
1164 2914 1569 2983 Constantiensi
1595 2914 1851 2985 episcopo
1895 2915 1947 2969 in
1975 2919 2124 2972 Teu-

2230 1891 2371 1945 circa
2417 1890 2915 1946 excommunicatos
2947 1887 3346 1945 nichilominus
3406 1888 3677 1959 perstitit,
3704 1902 3811 1960 qua:

2232 1991 2357 2054 post
2402 1984 2731 2054 apostasiam
2756 1983 2914 2039 Judaa
2943 1983 3185 2055 reliquos
3209 1982 3489 2053 apostolos
3516 1982 3696 2037 etiam
3733 1982 3811 2036 fir-

2236 2078 2380 2133 mius
2422 2094 2551 2133 cum
2601 2078 2841 2133 Domino
2873 2077 3171 2148 perstitisse
3195 2077 3473 2147 cognovit.
3504 2074 3813 2132 Gerhardus

2234 2170 2555 2226 venerabilis
2580 2170 2766 2238 abbas,
2796 2171 2888 2241 qui
2919 2170 3131 2227 dudum
3171 2169 3615 2241 Scaphusensem
3660 2167 3808 2224 abba-

2237 2265 2372 2319 tiam
2398 2279 2495 2335 pro
2519 2269 2639 2319 Deo
2660 2264 2885 2330 dimisit,
2903 2273 2956 2319 et
2982 2264 3089 2319 hoc
3117 2278 3249 2319 cum
3279 2263 3615 2318 auctoritate
3639 2262 3816 2319 domui

2234 2356 2443 2412 Urbani
2494 2372 2669 2427 papae,
2700 2357 3087 2413 Jerosolimam
3138 2371 3266 2411 cum
3295 2357 3538 2411 exercitu
3565 2355 3815 2411 Christia-

2234 2466 2435 2506 norum
2465 2450 2634 2521 petiit,
2663 2451 2754 2522 qui
2790 2450 2857 2483 ⁶⁸⁰
2882 2459 3006 2521 post
3052 2450 3255 2505 multos
3284 2449 3501 2504 labores
3544 2450 3816 2505 civitatem

2234 2544 2609 2611 obtinuerunt,
2634 2554 2688 2599 et
2716 2543 2977 2614 praedicto
3015 2543 3201 2599 abbati
3225 2541 3581 2614 sepulchrum
3614 2543 3816 2597 Domini

2234 2637 2657 2694 custodiendum
2726 2637 3140 2693 commiserunt.
3198 2638 3331 2692 Otto
3383 2636 3819 2709 Strazburgensis

2237 2731 2599 2798 scismaticus,
2629 2729 2699 2786 de
2728 2730 3178 2786 Jerosolimitano
3220 2729 3415 2785 itinere
3441 2744 3723 2794 reversus,
3752 2738 3827 2784 set

2235 2824 2304 2880 de
2354 2824 2629 2892 scismate,
2680 2831 2744 2879 ut
2790 2823 3085 2896 putabatur
3123 2838 3236 2880 non
3282 2822 3639 2891 emendatus,
3686 2822 3821 2878 diem

2235 2918 2431 2974 clausit
2470 2926 2779 2973 extremum
2798 2918 3009 2989 (1458).

1781 3016 2028 3069 VARI/IS
2083 3018 2395 3073 LECTION
2406 3018 2506 3071 ES.

606 3100 647 3132 δ’
676 3100 1020 3174 monachiam
1052 3106 1103 3155 1.
1138 3100 1205 3135 ⁸⁷⁸
1240 3171 1250 3174 _
1281 3102 1470 3174 Omnia
1499 3102 1623 3156 inde
1649 3118 1684 3155 α
1712 3104 1887 3157 Roma
1909 3120 2076 3174 usque
2096 3104 2419 3161 Gebehardo
2445 3104 2642 3160 abbate
2667 3107 3211 3161 am'amentorecenti
3239 3105 3468 3159 inducta
3485 3111 3618 3159 sunt
3646 3113 3692 3159 1.
3764 3104 3824 3136 επ

536 3180 779 3243 coeptum
800 3172 1068 3243 jejunium
1102 3178 1153 3227 3.
1233 3171 1304 3231 ⁶ι⁰
1326 3174 1510 3243 qui—
1536 3174 1938 3230 commiserunt
1972 3171 2030 3230 in
2065 3178 2171 3231 loco
2195 3192 2316 3231 raso
2348 3183 2397 3231 1.

2028 3276 2261 3331 ΝΟΤᾸΞ.

638 3362 796 3429 1456)
838 3359 1142 3416 Zwifalten.

630 3436 786 3505 1457)
816 3432 1057 3500 lsnensi;
1098 3431 1179 3505 cf.
1200 3432 1517 3505 gChronicon
1548 3437 1770 3489 lsnense
1813 3433 1958 3505 apud
1988 3436 2128 3491 Hess

544 3502 743 3557 Prodr.
785 3505 1041 3575 Monum.
1077 3504 1313 3573 Guelph.
1339 3521 1391 3575 p.
1424 3510 1547 3559 275.
1583 3507 1712 3560 Uss.

610 3576 792 3641 (1458)
824 3574 930 3628 Alii
971 3574 1461 3644 poenitentem’m.
1493 3578 1636 3631 Non.
1686 3576 2141 3646 Augustijobiisse

2161 3366 2207 3429 C
2232 3362 2499 3419 scribunt.
2520 3366 2651 3418 Erat
2670 3361 2837 3418 frater
2856 3362 3126 3419 Friderici
3143 3360 3666 3418 Hohenstauffensis
3679 3362 3826 3419 ducis

2244 3434 2609 3489 Alemanniw.
2634 3439 2810 3506 Atque
2834 3434 2922 3489 hic
2958 3434 3123 3506 ﬁnem
3152 3432 3429 3506 scribendi
3452 3432 3586 3488 fecit
3613 3434 3824 3490 Bernol-

2248 3506 2351 3562 dus
2381 3506 2457 3575 in}
2486 3521 2675 3561 mense
2706 3504 2974 3575 Augusto,
3003 3505 3151 3559 brevi
3181 3504 3345 3559 etiam
3375 3513 3568 3575 postea
3604 3506 3824 3571 vivendi,

2252 3577 2338 3632 die
2367 3583 2453 3631 16.
2494 3580 2643 3647 Sept.
2692 3593 2754 3632 ex
2784 3576 2940 3631 fastis
2970 3576 3192 3632 nostris.
3231 3576 3362 3631 Uss.

702 3830 875 3907 (Quae
913 3841 1238 3912 sequuntur
1271 3853 1346 3893 ex
1381 3836 1772 3915 Tengnagelz'i
1818 3839 2180 3898 Collectione
2209 3842 2547 3915 repetimus,
2602 3836 2771 3918 apud
2804 3837 3076 3909 Gretzer,
3114 3839 3265 3917 Opp.
3314 3845 3454 3897 tam.
3499 3838 3633 3912 VI.)

1410 4115 2057 4231 SYNODUS
2157 4118 2975 4235 MOGUNTINA

905 4295 996 4378 IN
1053 4294 1333 4379 CAUSA
1392 4296 1711 4381 CAROLI
1771 4298 2489 4384 CONSTANTIENSIS
2546 4299 2938 4385 EPISCOPI
2995 4299 3473 4393 SIMONLACI.

1700 4602 2679 4716 SIGEFRIDO

1586 4767 2193 4830 ARCHIEPISCOPO
2266 4767 2719 4831 MOGUNTINO

663 4887 798 4947 Una
841 4905 983 4949 cum
1029 4907 1135 4949 sex
1166 4890 1447 4969 ejusdem
1488 4890 1778 4973 Sigefridi
1837 4892 2136 4973 epistolis,
2195 4909 2460 4972 quarum
2526 4897 2795 4973 quatuor
2833 4895 2979 4973 sunt
3016 4891 3093 4949 ad
3167 4887 3587 4949 Alexandrum
3636 4890 3716 4963 ll,

1417 4972 1780 5048 pontiﬁcem
1830 4972 1991 5035 max.
2063 4976 2213 5034 Duae
2270 4976 2349 5033 ad
2404 4972 2769 5049 Gregorium
2826 4972 2949 5031 VII.

700 5068 1090 5129 Accesserant
1150 5070 1298 5129 clerz‘
1332 5071 1661 5149 populique
1713 5076 2045 5149 Moguntini
2100 5074 2183 5131 ad
2237 5070 2610 5149 Sigefrz‘dum
2665 5070 2895 5143 litterae,
2945 5069 3154 5146 quibus
3196 5086 3335 5129 cum
3383 5067 3681 5128 Cluniaco

1764 5152 1847 5211 ad
1889 5170 2061 5211 suam
2102 5152 2294 5212 sedem
2342 5160 2640 5212 revocant.

1022 5264 1243 5327 Omnia
1308 5283 1474 5327 nunc
1524 5267 1800 5345 primum
1856 5285 1928 5329 ex
1970 5267 2227 5327 vetustis
2259 5265 2642 5327 membranis
2696 5264 2933 5343 publici
2965 5264 3125 5343 juris
3164 5265 3346 5326 facta.

1905 5516 2456 5606 LECTORI.

614 5660 690 5710 De
708 5656 1000 5734 Sigefrido
1036 5674 1130 5713 seu
1169 5658 1425 5734 Sigifrido
1460 5676 1555 5715 seu
1584 5660 1783 5734 Sifrido
1813 5663 2037 5734 ejusque
2072 5661 2235 5719 rebus
2258 5661 2444 5734 gestis,
2480 5660 2595 5734 lege
2618 5662 2918 5734 Serarium,
2963 5660 3057 5715 lib.
3112 5675 3151 5714 v
3195 5662 3410 5734 Rerum
3446 5658 3659 5734 biogun

3662 5657 3829 5713 tiam-

538 5729 788 5804 rum._De
832 5728 1066 5804 synodo,
1098 5728 1262 5799 quam
1282 5733 1621 5804 evulgamus,
1650 5733 1721 5787 ita
1740 5728 2031 5789 Ber'toldus
2071 5749 2170 5789 seu
2193 5728 2491 5788 Bernaldus
2516 5728 2573 5787 in
2602 5731 2876 5787 Chronico
2912 5747 3058 5786 anno
3091 5737 3221 5786 1071
3261 5751 3274 5787 :
3309 5728 3688 5804 Carolus—qui
3711 5731 3829 5804 Cotl-

535 5801 876 5853 stantiensem
898 5802 1253 5868 episcopatum
1298 5801 1593 5859 Simoniace
1637 5808 1946 5874 acquisivit,
1970 5806 2171 5873 quique
2196 5804 2477 5860 thesauros
2524 5804 2758 5873 ejusdem
2786 5804 3051 5869 Ecclesia,
3082 5808 3266 5872 utpote
3306 5803 3595 5871 sacrilegus
3615 5802 3743 5868 fur.
3770 5802 3824 5851 ἐκ
