4052 6196
309 334 442 391 1433

1211 302 1498 387 ΑΡΡΕΝι).
1540 333 1626 388 Ill.
1665 362 1736 373 —
1772 333 2185 389 MONUMENTA
2226 324 2723 392 easnomANA.‘

3458 342 3593 397 1434

303 474 576 536 suosusus
604 459 881 530 dispersit,
912 458 1096 536 habito
1126 458 1693 536 concilioMoguntia,
1727 474 1794 536 ea:
1818 464 2084 536 praecepto
2128 476 2289 536 papa
2312 460 2645 536 Alexandri,
2667 463 2963 532 pradictus
3009 466 3240 522 Simonis
3269 467 3588 536 discipulus,

302 533 542 588 nondum
568 536 903 607 consecratus
934 531 1472 607 _deponitur,rqu§ppc
1494 544 1612 607 cum
1646 546 1681 583 α
1706 531 1906 607 clericis
1948 530 2444 607 Constantiensibus
2474 530 2685 607 ibidem?
2699 541 3000 603 accusatus,
3030 538 3231 607 objecta
3255 530 3447 605 nega-5e
3483 554 3588 593 non

297 609 521 675 posset,
549 606 635 657 cui
652 604 903 675 successit
922 604 1309 675 in‘episcopatu
1326 601 1486 675 pilio.
1514 602 1597 654 De
1625 600 1815 675 eadem
1838 600 2042 675 synodo
2067 602 2349 675 Marianas
2378 613 2431 658 et
2468 604 2812 659 Lambertus.

373 670 604 730 Vivebat
632 681 762 729 tunc
791 673 847 727 in
878 672 1028 726 curia
1051 680 1106 727 et
1135 671 1373 743 Ecclesia
1403 673 1653 725 Romana
1680 670 2085 743 Hildebrandus
2115 673 2533 730 archidiaconus
2566 684 2621 730 et
2647 675 3169 743 archicancellarius,

3210 688 3396 747 postea
3443 680 3582 735 Gre-

301 744 489 817 gorius
526 746 621 799 VII
653 745 709 817 in
731 743 1047 817 pontiﬁcatu
1077 742 1398 817 appellatus,
1438 742 1740 817 acerrimus
1774 742 2252 817 schismaticorum
2284 754 2341 800 et
2370 746 2831 812 ineontinentium
2870 742 3403 805 clericorum-hostis
3428 759 3482 804 et
3508 752 3586 803 iu-

297 811 566 883 sectator;
593 811 748 886 cujus
776 815 996 871 monitu
1024 811 1335 869 Alexander
1364 811 1631 886 pontifex,
1648 814 1908 886 quamvis

296 888 521 960 gitiosos
554 884 953 960 inflammatus,
984 886 1160 960 multa
1191 885 1404 960 agebat,
1450 892 1506 940 et
1549 884 1728 960 incliti
1778 885 1910 940 mali

1932 814 1984 938 lli

1986 829 2045 893 se
2074 815 2237 893 etiam
2273 831 2370 893 sua
2410 826 2607 893 sponte
2634 819 2763 873 satis
2788 819 3048 893 adversus
3094 820 3383 893 sacrilegos
3410 830 3467 876 et
3492 823 3584 877 fla-

1982 886 2105 963 bras
2135 886 2384 963 stirpitus
2418 886 2617 963 elidere
2660 891 2944 963 tentabat,
2977 886 3362 963 exagitatus'et
3404 894 3519 963 ipse
3551 910 3580 949 a

295 955 677 1024 schismaticis,
708 958 957 1028 opposito
996 955 1534 1027 Cadaloo'antipapa,
1564 955 1703 1010 sicut
1729 964 1914 1027 postea
1946 955 2253 1029 Gregorius
2272 960 2373 1012 VII
2405 974 2434 1013 a
2466 960 2783 1015 Guihertina
2823 961 3058 1017 factione
3081 955 3314 1019 vexatus
3334 955 3441 1018 est:

562 1218 924 1281 SYNODUS
977 1217 1438 1278 MOGUNTINA
1489 1217 1568 1278 IN
1623 1216 1879 1277 CAUSA
1929 1216 2205 1277 CAROLI
2256 1218 2903 1282 CONSTANTIENSIS
2958 1224 3324 1284 EPISCOPI.

369 1492 684 1559 Imperante
710 1502 873 1559 super
915 1488 1102 1543 omnia
1130 1487 1462 1544 aternaliter
1502 1501 1697 1559 regum
1736 1488 1887 1557 Rege
1914 1491 1967 1554 Α
1997 1486 2103 1543 hoc
2131 1490 2448 1559 apostolicae
2478 1492 2878 1548 benedictionis
2915 1501 3322 1548 sacramentum
3349 1508 3460 1548 non
3488 1492 3587 1547 de-

302 1581 539 1638 Domino
586 1590 779 1639 nostro
822 1582 955 1637 Jesn
998 1580 1238 1648 Christo,
1283 1590 1339 1637 et
1385 1580 1489 1636 sub
1533 1596 1600 1637 eo
1631 1586 1892 1651 regnante

298 1675 671 1747 temporaliter
700 1675 1050 1731 serenissimo
1076 1674 1333 1731 Heinrico
1371 1689 1498 1745 rege
1527 1674 1687 1744 hujus
1713 1674 1892 1729 nomi-

297 1770 386 1825 nis
412 1778 635 1841 quarto,
663 1768 957 1825 venerabili
982 1783 1199 1840 quoque
1229 1767 1519 1839 Sigefrido,
1551 1768 1894 1839 Moguntina

299 1862 553 1919 Ecclesia
574 1863 804 1934 primate
828 1871 885 1917 et
898 1861 1211 1932 apostolica
1229 1861 1375 1917 sedis
1396 1861 1592 1933 legato,
1610 1862 1894 1933 aurigante

300 1972 525 2012 currum
545 1956 636 2012 Dei
660 1971 802 2012 anno
817 1956 937 2028 jam
951 1971 1066 2023 χιι,
1086 1957 1180 2026 qui
1204 1963 1339 2011 tunc
1358 1954 1689 2021 volvebatur,
1719 1971 1894 2010 annus

300 2051 573 2106 lncarnati
628 2050 791 2106 Verbi
852 2054 1015 2118 1071,
1064 2058 1255 2105 octava
1307 2048 1613 2105 indictione
1659 2049 1892 2105 Romani

299 2159 518 2214 census,
557 2144 833 2200 celebrata
866 2152 947 2199 est
985 2152 1171 2200 sancta
1202 2141 1447 2215 synodus
1479 2142 1624 2214 apud
1666 2144 1896 2213 Mogun-

301 2237 438 2293 tiam
481 2238 836 2309 metropolim
883 2237 1178 2293 Orientalis
1224 2237 1493 2305 Francia,
1536 2237 1890 2308 principalem

302 2345 432 2385 vero
460 2330 731 2400 pontiﬁcii
750 2330 938 2386 sedem
962 2331 1135 2386 totius
1154 2329 1474 2386 Germania
1493 2336 1548 2384 et
1563 2330 1756 2385 Gallia
1778 2330 1893 2385 Cis-

302 2422 518 2492 alpina,
549 2422 636 2477 cui
677 2422 935 2493 praesedit
963 2422 1107 2477 idem
1150 2422 1528 2477 memorabilis
1569 2421 1889 2493 Sigefridus,

301 2514 671 2572 assidentibus
702 2525 759 2571 et
786 2514 1213 2587 cooperantibus
1240 2513 1346 2569 sibi
1374 2514 1780 2569 venerabilibus
1808 2530 1894 2569 ar-

301 2608 666 2681 chiepiscopis
702 2606 1026 2665 Gehehardo
1062 2606 1353 2661 Juvavensi
1385 2614 1437 2661 et
1475 2608 1662 2662 Utone
1689 2609 1893 2661 Treve-

302 2702 449 2759 rensi
493 2722 505 2757 :
546 2701 958 2757 considentibus
989 2716 1119 2756 vero
1156 2708 1212 2755 et
1239 2699 1703 2755 collaborantibus
1741 2714 1892 2755 reve-

302 2796 490 2853 rendis
516 2797 789 2868 episcOpis
812 2796 1156 2852 Adelberone
1188 2794 1635 2866 Wirzburgensi,
1669 2794 1892 2850 Gunde-

303 2889 473 2947 charo
521 2859 848 2958 ﬁistetensi,
895 2888 1267 2944 Embrichone
1314 2859 1684 2958 Augustensi,
1735 2888 1894 2943 Heri-
1928 2859 1977 2921 B

302 2998 515 3041 manno
526 2986 601 3040 Ba
608 2982 926 3056 behergensi
936 3023 951 3049 ,
962 2981 1304 3038 Werenhero
1320 2981 1898 3052 Argentinensi,Hein-

305 3078 421 3134 rico
438 3078 704 3149 Spirensi,
716 3080 982 3133 Bennone
999 3076 1396 3147 Osinburgensi
1418 3075 1587 3145 [Osna
1598 3074 1898 3145 burgensi],

303 3170 656 3229 Ermenfrido
686 3170 1001 3238 Sedunensi,
1035 3169 1327 3224 Heriberto
1353 3167 1648 3223 Mutinensi
1683 3186 1694 3222 :
1726 3169 1898 3223 consi-

311 3264 564 3322 dentibus
600 3280 728 3321 vero
775 3272 830 3320 et
868 3262 1240 3319 annitentibus
1278 3261 1640 3318 sanctissimis
1680 3260 1893 3317 abbati-

304 3359 438 3427 bus,
484 3374 585 3415 nec
632 3341 747 3415 non
801 3357 1126 3413 inferiorum
1171 3356 1432 3412 ordinum
1477 3355 1897 3426 quamplurimis

305 3469 523 3526 magna
541 3452 883 3510 auctoritatis
907 3460 961 3507 et
980 3450 1260 3522 sapientia
1279 3449 1426 3505 viris.
1452 3448 1692 3505 Aderant
1712 3458 1895 3505 autem

305 3548 475 3605 etiam
502 3547 663 3619 legati
690 3546 1031 3618 reliquorum
1062 3543 1313 3612 fratrum,
1356 3542 1608 3599 videlicet
1634 3542 1896 3615 suffraga-

311 3655 546 3698 neorum
568 3638 815 3712 ejusdem
843 3637 1251 3708 metropolitani
1280 3636 1533 3692 antistitis
1562 3635 1816 3707 epistolas
1840 3644 1897 3691 et

308 3733 566 3791 mandata
588 3731 847 3800 ferentes,
876 3732 1075 3802 quibus
1094 3732 1331 3786 excusati
1362 3729 1713 3798 haberentur,
1744 3730 1894 3801 quod

304 3829 522 3886 invitati
544 3828 780 3885 concilio
802 3830 1061 3883 interesse
1084 3842 1197 3883 non
1216 3833 1459 3898 possent,
1487 3825 1650 3881 certis
1670 3824 1897 3896 quibus—

302 3923 432 3981 dam
474 3920 900 3994 impedientibus
935 3919 1143 3987 causis,
1190 3920 1278 3975 alii
1321 3919 1577 3991 quidem,
1617 3934 1897 3990 corporea

302 4016 641 4074 inﬁrmitatis
664 4023 892 4087 urgente
920 4013 1200 4082 molestia,
1226 4012 1342 4081 alii,
1370 4013 1430 4067 in
1458 4011 1785 4083 quibusdam
1815 4028 1900 4067 re-

303 4110 399 4182 gni
426 4109 660 4181 negotiis
685 4108 851 4182 regia
869 4107 1136 4180 jussionis
1154 4106 1432 4163 detinente
1470 4106 1731 4175 potentia.
1763 4106 1891 4173 Qui,

302 4203 441 4262 dum
476 4203 739 4260 canonice
766 4209 896 4258 sunt
919 4200 1184 4266 excusati,
1218 4200 1319 4271 ipsi
1364 4199 1526 4270 legati
1556 4198 1890 4270 competenti

305 4298 427 4354 loco
469 4305 525 4353 et
563 4296 753 4353 ordine
794 4309 985 4352 eorum
1027 4292 1331 4366 funguntur
1367 4292 1738 4364 unusquisque
1779 4292 1892 4347 vice

304 4390 564 4447 antistitis
602 4390 705 4448 sui.

376 4486 510 4542 Hac
536 4483 774 4555 denique
810 4490 1000 4538 sancta
1028 4479 1271 4553 synodus
1313 4494 1439 4535 cum
1470 4486 1689 4551 propter
1719 4479 1893 4535 multa

304 4577 595 4650 pastoralis
637 4591 788 4634 cura
828 4575 1054 4647 negotia
1096 4575 1383 4644 pluresque
1429 4588 1651 4641 causas,
1695 4572 1893 4645 quibus

294 4671 445 4743 juste
475 4668 783 4727 adhibenda
812 4676 928 4724 erat
967 4666 1345 4724 ecclesiastica
1372 4666 1728 4722 correctionis
1765 4681 1891 4722 cen-

302 4778 462 4833 sura,
507 4771 628 4821 tum
675 4763 912 4818 maxime
958 4760 1164 4817 indicta
1204 4767 1262 4815 et
1298 4758 1483 4814 habita
1527 4766 1630 4824 est,
1674 4768 1894 4830 propter

302 4856 564 4914 Carolum
591 4854 909 4929 quemdam,
938 4854 1034 4927 qui
1054 4850 1493 4911 Constantiensis
1522 4850 1776 4907 Ecclesia
1804 4853 1893 4908 de-

290 4951 548 5023 signatus
572 4957 692 5006 erat
716 4949 1026 5021 episcopus,
1060 4945 1183 5014 sed,
1220 4953 1282 5002 ut
1322 4952 1449 5017 post
1478 4945 1558 5001 rei
1583 4945 1761 5001 exitus
1787 4944 1891 5001 do-

302 5042 441 5111 cuit,
469 5058 580 5098 non
605 5041 735 5098 satis
757 5040 1019 5097 canonice
1058 5039 1262 5095 electus
1286 5046 1342 5094 et
1372 5046 1661 5109 provectus
1688 5041 1888 5104 (1459).

303 5135 431 5205 Hic,
461 5144 526 5193 ut
550 5135 796 5193 solemne
822 5141 936 5200 est,
966 5139 1185 5204 accepta
1221 5147 1253 5187 a
1282 5145 1406 5204 rege
1433 5129 1760 5203 pontiﬁcalis
1793 5146 1889 5186 an-

300 5226 415 5282 nuli
471 5234 529 5283 et
580 5226 865 5298 pastoralis
917 5223 1110 5283 ferula
1154 5224 1505 5291 investitura,
1553 5230 1610 5280 et
1657 5222 1716 5278 in
1763 5222 1892 5280 sede

301 5320 567 5392 episcopii
594 5329 863 5392 receptus,
893 5319 1055 5393 regia
1081 5319 1367 5391 potestatis
1386 5318 1618 5392 jubente
1642 5334 1888 5387 censura,

300 5414 614 5485 postulabat
639 5430 671 5472 a
697 5415 929 5486 primate
958 5414 1328 5485 Moguntiensi
1349 5413 1596 5486 ejusdem
1625 5415 1891 5470 Constan-

298 5509 489 5566 tiensis
518 5510 775 5567 Ecclesia
801 5525 861 5566 se
898 5509 1278 5581 episcopatum
1301 5510 1635 5566 consecrari.
1666 5508 1771 5566 Sed
1800 5525 1890 5565 ve-

2002 1581 2152 1648 here,
2203 1599 2303 1639 nec
2333 1587 2595 1641 canonice
2641 1601 2797 1658 posse
2826 1586 2882 1640 in
2929 1602 2993 1641 eo
3040 1587 3158 1642 sine
3187 1586 3588 1641 examinatione

2001 1675 2284 1743 celebrari,
2316 1694 2415 1748 pro
2455 1695 2521 1734 eo
2562 1680 2709 1751 quod
2737 1680 2985 1734 ﬁdelium
3015 1681 3373 1751 graviumque
3408 1695 3591 1750 perso-

2000 1786 2198 1825 narum
2235 1772 2497 1828 relatione
2525 1773 2791 1842 didicerit,
2839 1774 3090 1844 quinimo
3124 1782 3177 1828 et
3212 1773 3357 1828 fama
3388 1789 3589 1845 usque.

2000 1880 2217 1936 quaque
2264 1866 2562 1936 vulgaverit
2603 1867 2750 1937 quod
2791 1882 2901 1922 non
2952 1883 3045 1938 per
3100 1867 3299 1922 ostium
3348 1868 3401 1921 in
3453 1866 3590 1923 ovile

2001 1958 2187 2013 ovium
2220 1962 2391 2023 (Joan.
2438 1966 2501 2027 x)
2532 1960 2693 2016 vellet
2720 1961 2939 2027 intrare,
2970 1962 3063 2016 sed
3094 1977 3191 2032 per
3218 1960 3476 2016 furtivam
3512 1961 3591 2015 Si-

2000 2053 2249 2107 moniace
2278 2053 2572 2124 impietatis
2613 2056 2817 2109 scalam
2852 2054 3068 2110 aliunde
3112 2055 3375 2109 niteretur
3403 2069 3591 2108 ascen-

1998 2144 2145 2213 dere,
2177 2162 2236 2201 se
2266 2163 2485 2218 quoque
2514 2148 2639 2203 talis
2670 2148 2929 2203 introitus
2967 2149 3082 2218 ejus
3122 2148 3267 2203 nolle
3299 2148 3587 2202 ostiarium

1999 2235 2139 2305 ﬁeri,
2165 2240 2255 2293 cui
2285 2239 2539 2294 Christus
2568 2241 2703 2310 ipse,
2732 2241 2823 2312 qui
2854 2242 3061 2296 ostium
3092 2249 3175 2295 est
3198 2242 3408 2306 (Ibid),
3440 2240 3591 2294 vide-
3692 2284 3695 2285 ν

2000 2338 2089 2385 tur
2126 2331 2321 2386 obniti.
2355 2331 2495 2402 Quin
2551 2334 2725 2403 ipsam
2756 2334 3056 2404 impietatis
3084 2334 3288 2388 scalam
3320 2334 3377 2387 in
3414 2331 3591 2404 lapide

1999 2422 2318 2479 offensionis
2349 2432 2404 2479 et
2436 2434 2586 2495 petra
2640 2426 2881 2481 scandali
2930 2429 2979 2492 (Ι
3022 2430 3168 2481 Petr.
3228 2430 3321 2491 Ir),
3353 2442 3409 2480 se
3455 2426 3591 2480 velle

1999 2524 2283 2570 conterere
2303 2557 2318 2583 ,
2350 2518 2636 2587 ipsumque
2677 2535 2705 2572 a
2738 2520 3066 2575 marcenaria
3105 2519 3385 2573 Dominici
3412 2519 3594 2588 gregis

2002 2609 2358 2678 occupatione
2388 2611 2547 2679 longe
2574 2612 2840 2682 longeque
2869 2613 3150 2682 repellere.
3181 2612 3277 2665 Ille
3310 2620 3501 2666 contra
3536 2627 3593 2666 se

2003 2700 2161 2772 hujus
2207 2701 2451 2756 criminis
2497 2710 2551 2758 et
2594 2702 2865 2758 haretica
2922 2703 3223 2773 impietatis
3276 2705 3587 2759 immunem

2005 2795 2190 2849 multis
2217 2797 2557 2866 argumentis
2602 2811 2843 2850 asserere
2885 2795 3181 2864 nitebatur,
3225 2811 3411 2866 seque,
3452 2798 3498 2851 si
3542 2797 3590 2851 ei

2005 2887 2160 2957 copia
2191 2897 2519 2961 tempusque
2558 2888 2739 2957 detur,
2790 2889 2949 2961 hujus
2989 2888 3226 2945 infamia
3253 2896 3445 2943 notam
3475 2906 3505 2944 a
3535 2905 3592 2944 se

2004 2982 2308 3053 propellere
2360 2982 2492 3037 velle
2536 2990 2786 3049 testatur,
2841 2981 3077 3055 indeque
3133 2983 3267 3054 petit
3316 2982 3592 3054 synodalis

2003 3076 2215 3131 concilii
2241 3074 2601 3144 audientiam,
2632 3075 2683 3130 in
2713 3092 2817 3147 qua
2843 3092 3005 3147 super
3030 3076 3132 3130 hac
3170 3092 3229 3130 re
3266 3091 3428 3131 suam
3459 3092 3589 3147 pro-

2003 3168 2132 3225 bare
2177 3168 2343 3240 possit
2395 3169 2798 3237 innocentiam,
2854 3168 3039 3241 ibique
3089 3170 3590 3237 consecrationem,

2004 3278 2173 3333 quam
2219 3264 2463 3335 petebat,
2506 3273 2599 3319 aut
2626 3264 2887 3320 canonice
2928 3264 3028 3320 sibi
3058 3264 3177 3320 dari
3207 3273 3302 3320 aut
3330 3265 3590 3320 canonice

2002 3358 2205 3428 negari.
2976 3418 2977 3421 η

2075 3451 2371 3507 Mittuntur
2391 3453 2601 3508 interea
2620 3453 2689 3508 ad
2715 3453 3078 3509 venerabilem
3103 3452 3590 3523 metropolitanum

2002 3545 2210 3601 crebra
2233 3544 2300 3601 de
2330 3546 2529 3616 palatio
2570 3547 2887 3617 legationes,
2931 3548 3109 3601 mistis
3140 3548 3388 3618 precibus
3415 3547 3592 3603 minas

2003 3645 2059 3693 et
2100 3638 2389 3709 imperiosa
2426 3640 2493 3696 de
2544 3640 2643 3695 hac
2672 3642 3086 3696 consecratione
3115 3640 3374 3696 mandata
3404 3638 3592 3696 feren-

2001 3740 2103 3788 tes.
2135 3733 2434 3789 Mittuntur
2461 3741 2515 3788 et
2544 3734 2733 3790 litterae
2762 3751 2791 3789 a
2816 3734 3048 3805 prasule
3076 3735 3392 3806 apostolica
3420 3734 3587 3799 sedis,

2003 3826 2331 3882 mandantes
2358 3843 2427 3883 ne
2456 3828 2566 3883 ullo
2597 3828 2766 3884 modo
2805 3836 3155 3884 consecretur
3182 3828 3302 3883 sine
3330 3828 3591 3882 scrutinio

2002 3921 2284 3976 canonica
2323 3922 2682 3992 purgationis.
2724 3926 2793 3976 Et.
2832 3921 2985 3993 quod
3024 3937 3117 3977 rex
3145 3929 3412 3992 potestate
3433 3920 3590 3992 jube-

2004 4013 2099 4069 hat
2135 4016 2422 4070 Romanus
2448 4014 2690 4086 pontifex
2732 4015 3057 4071 auctoritate
3100 4014 3446 4086 prohibebat.
3478 4019 3589 4069 Ac—

2003 4106 2207 4162 cedunt
2233 4116 2291 4164 et
2320 4108 2570 4164 canonici
2609 4108 3039 4164 Constantiensis
3063 4108 3322 4162 Ecclesia
3350 4121 3412 4159 ex
3439 4120 3592 4159 com-

2005 4201 2158 4255 muni
2186 4201 2358 4256 totius
2384 4201 2511 4256 cleri
2539 4211 2593 4255 et
2623 4202 2805 4272 populi
2838 4202 3125 4272 legatione,
3157 4198 3490 4253 unanimiter
3510 4212 3591 4252 as-

2002 4302 2247 4349 serentes
2286 4294 2543 4349 Carolum
2590 4294 2735 4347 nulla
2770 4294 2979 4347 ratione
3024 4292 3330 4349 consecrari
3370 4290 3591 4353 debere,

2002 4387 2145 4457 quia,
2178 4402 2242 4441 ex
2278 4401 2387 4456 quo
2409 4402 2538 4441 eum
2569 4385 2719 4439 inviti
2749 4394 2802 4439 et
2830 4386 2933 4439 sub
2962 4384 3282 4439 conditione
3311 4384 3591 4455 elegerunt

2002 4488 2058 4536 et
2081 4484 2418 4552 receperunt,
2450 4479 2658 4535 nullam
2688 4478 2763 4535 eis
2794 4478 3080 4549 pastoralis
3110 4476 3270 4531 ofﬁcii
3297 4476 3593 4546 impendis-

2002 4583 2088 4630 set
2111 4590 2299 4630 curam
2323 4593 2337 4641 ;
2378 4573 2510 4646 quin
2535 4572 2713 4644 potius
2740 4572 3039 4645 tyrannica
3066 4569 3455 4626 dominationis
3478 4586 3591 4625 non

2004 4678 2240 4724 cessaret
2268 4683 2429 4738 super
2456 4682 2549 4723 COS
2579 4681 2825 4722 exercere
2854 4680 3201 4737 prassuram,
3232 4678 3333 4719 nec
3361 4680 3590 4719 manum

2003 4760 2360 4818 continuisset
2401 4776 2431 4815 a
2472 4761 2640 4816 sacris
2679 4775 2780 4815 nec
2809 4760 3136 4831 pepercisset
3172 4758 3228 4813 in
3270 4756 3591 4829 diripiendis

2007 4855 2262 4911 Ecclesia
2288 4853 2576 4921 thesauris,
2618 4862 2672 4909 et
2707 4851 3295 4924 quodcunque'rapaci
3334 4851 3588 4907 violentia

2006 4948 2298 5004 corradere
2342 4947 2637 5019 potuisset,
2688 4946 2792 5001 hoc
2845 4953 3024 5001 totum
3068 4945 3330 5000 ministris
3372 4942 3588 5014 Magni,

2006 5042 2120 5097 imo
2158 5040 2300 5113 Magi
2329 5041 2471 5096 illius
2500 5039 2763 5103 Simonis,
2793 5039 2845 5095 id
2877 5047 2977 5107 est,
3009 5040 3122 5095 suis
3148 5037 3450 5094 fautoribus
3477 5035 3588 5090 dis-

2006 5134 2316 5202 tribuisset,
2358 5143 2418 5189 ut
2464 5149 2701 5205 quorum
2731 5133 2926 5189 adnisu
2968 5132 3327 5189 adulterinam
3357 5128 3590 5183 meruis-

2004 5237 2087 5285 set
2116 5228 2457 5295 electionem,
2482 5242 2675 5282 eorum
2709 5227 2881 5282 venali
2908 5223 3270 5283 mercimonio
3297 5236 3593 5291 conseque-

2001 5331 2155 5378 retur
2183 5322 2518 5377 merccnaria
2560 5336 2660 5392 pro
2688 5320 3096 5379 consecratione
3133 5314 3590 5381 exsecrationem,

2000 5431 2099 5487 pro
2123 5415 2507 5471 benedictione
2534 5415 2994 5471 maledictionem.

2071 5513 2149 5565 At
2191 5509 2655 5580 metropolitanus
2701 5509 2927 5565 antistes
2977 5505 3115 5559 inter
3141 5501 3303 5573 hujus
3350 5502 3590 5571 [harum]

296 5602 559 5659 nerabilis
604 5598 935 5675 Sigefridus,
980 5602 1298 5659 columbino
1350 5603 1511 5658 oculo
1558 5603 1885 5673 serpentium
1914 5599 1967 5663 D
1998 5602 2331 5676 legationum
2352 5605 2658 5672 varietates,
2688 5602 2837 5657 velut
2854 5601 2999 5653 inter
3018 5597 3186 5652 duros
3202 5605 3589 5669 tempestatum

298 5696 606 5766 prudentia
653 5712 880 5753 omnem
918 5710 1228 5768 pracavens
1272 5696 1635 5767 impietatem,
1678 5697 1891 5753 dicebat

376 5816 559 5887 (I459)
574 5815 905 5873 Bertholdus
921 5818 979 5870 in
995 5815 1265 5872 Chronico
1287 5832 1436 5871 anno
1455 5822 1593 5873 1069
1610 5838 1621 5874 ε
1641 5819 1892 5875 Constan-

306 5890 405 5942 tia:
435 5891 707 5958 episcopus
726 5889 1018 5944 Romuldus
1038 5888 1199 5957 obiit;
1229 5890 1318 5943 cui
1342 5890 1559 5946 Carolus
1582 5907 1683 5959 per
1706 5894 1886 5950 Simo-

2001 5698 2269 5765 turbines,
2300 5697 2561 5754 laudabili
2589 5692 2899 5751 constantia
2945 5692 2997 5744 in
3027 5691 3209 5761 seipse
3249 5690 3390 5747 ﬁxus
3420 5690 3593 5745 haret

1998 5823 2210 5876 m‘acam
2236 5820 2464 5877 haeresin
2490 5822 2547 5874 in
2579 5818 2939 5885 episcopatum
2963 5814 3226 5868 successit.

2254 6082 2291 6099 κ
