4052 6196
536 304 675 368 4435

1534 312 1624 365 AD
1664 310 1891 366 OPERA
1930 310 1987 365 S.
2026 309 2341 385 GREGORII
2379 310 2816 366 APPENDICES.

3676 318 3697 370 1
3710 314 3793 370 436

534 438 857 505 immobilis,
879 446 932 493 et
956 451 1224 507 nusquam
1250 435 1438 491 favore
1459 436 1540 492 vel
1571 437 1765 508 gratia,
1798 444 2007 491 terrore
2036 436 2118 491 vel
2151 442 2203 503 Α
2231 436 2347 507 ejus
2372 434 2550 491 adhuc
2569 450 2759 491 cereus
2787 442 2841 491 et
2868 433 3119 491 indocilis
3145 433 3482 491 formaretur
3506 434 3576 492 ad
3603 437 3792 507 similia,

456 524 473 536 ”
530 526 764 587 munere
785 530 1081 585 inflectitur
1106 546 1133 583 a
1158 538 1301 585 statu
1316 529 1596 585 canonica:
1610 529 1968 585 rectitudinis.
1990 529 2125 584 Mul-

538 627 604 680 tis
632 627 817 695 itaque
855 623 1060 678 nuntiis
1092 623 1215 678 hinc
1240 622 1364 678 inde
1396 624 1573 679 missis
1604 632 1657 679 et
1688 623 1952 692 remissis,
1984 622 2126 678 mul-

535 718 603 772 tis
641 733 862 789 quoque
904 716 1098 773 diebus
1131 718 1261 772 huic
1289 717 1581 773 audientiae
1616 718 1907 789 delegatis,
1947 725 2001 772 et
2028 733 2123 773 co-

530 812 775 883 gnitores
803 812 1247 884 [cognitionibus]
1294 827 1475 867 causae
1524 812 1784 883 principis
1825 819 2125 882 occupaute

532 914 803 978 praecepto
832 921 945 961 non
964 906 1220 978 impletis,
1251 921 1377 961 cum
1403 905 1644 961 Ecclesia
1670 905 2124 971 Constantiensis,

534 1015 633 1056 suo
678 998 893 1056 viduata
927 1007 1172 1071 pastore,
1205 999 1320 1070 jam
1367 998 1480 1055 fere
1534 998 1750 1053 biennio
1804 997 2125 1054 sacerdotali

536 1101 748 1149 careret
791 1093 1196 1160 benedictione,
1238 1093 1495 1161 tandem,
1526 1092 1877 1147 miseratione
1924 1090 2124 1164 divina,

534 1188 785 1258 potestati
812 1186 1249 1259 prmponderavit
1276 1186 1593 1252 auctoritas,
1625 1194 1679 1241 et
1707 1185 1909 1241 Christi
1946 1201 2124 1240 sacer-

533 1280 754 1336 dotibus
775 1281 961 1337 divina
989 1280 1252 1351 aspiravit
1275 1280 1545 1335 voluntas.
1569 1278 1734 1335 Unde
1762 1284 1957 1335 eorum
1980 1294 2127 1333 com-

535 1376 692 1430 muni
735 1390 960 1430 assensu
1006 1373 1280 1445 synodalis
1311 1373 1522 1429 concilii
1568 1381 1717 1428 certa
1771 1372 2126 1444 legitimaque

533 1467 650 1523 dies
694 1467 1071 1534 denuntiatur,
1102 1475 1156 1522 et
1192 1467 1642 1538 coepiscoporum
1692 1466 2019 1522 unanimitas
2060 1466 2126 1522 ad

536 1561 821 1617 concilium
844 1561 1141 1630 invitatur;
1174 1577 1408 1632 quorum
1448 1561 1556 1629 alii,
1590 1568 1651 1615 ut
1674 1560 1979 1631 oportebat,
2013 1561 2126 1615 sine

537 1654 795 1711 dilatione
843 1653 1171 1723 adfuerunt;
1219 1655 1313 1710 alii
1364 1671 1510 1722 vero,
1564 1655 1657 1726 qui
1688 1663 1832 1709 certa
1861 1654 1929 1710 de
1962 1669 2127 1709 causa

534 1748 724 1805 adesse
756 1765 866 1804 non
909 1758 1182 1819 poterant,
1236 1749 1501 1803 canonice
1544 1748 1784 1803 excusati
1837 1732 2127 1819 subparem

535 1843 880 1914 praesentiam
906 1842 1103 1898 vicaria
1139 1843 1405 1914 legatione
1436 1844 1841 1913 suppleverunt.

608 1937 794 1993 Primo
838 1936 1005 2009 igitur
1051 1937 1265 1993 concilii
1300 1936 1420 2005 die,
1470 1953 1632 2009 quem
1680 1945 1886 1992 sanctze
1935 1937 2128 1992 Mariae

536 2030 798 2086 dormitio
837 2040 971 2087 tunc
999 2030 1423 2087 celeberrimum
1464 2030 1779 2097 exhibebat,
1813 2046 1943 2085 cum
1967 2030 2126 2101 spiri-

536 2124 700 2180 tualis
740 2126 906 2181 curiae
935 2133 1235 2192 senatores,
1268 2125 1647 2196 patrocinante
1677 2124 1883 2195 Spiritu
1912 2132 2126 2191 sancto,

536 2217 674 2274 intra
700 2219 909 2290 regiam
942 2219 1165 2289 Maioris
1192 2219 1467 2284 Ecclesiae,
1495 2226 1615 2272 ante
1644 2218 1912 2273 cancellos
1941 2217 2130 2273 altaris

539 2312 956 2383 protomartyris
1003 2311 1288 2382 Stephani,
1345 2310 1495 2383 quod
1551 2312 1605 2365 in
1651 2310 1898 2365 orientali
1944 2309 2130 2365 abside

540 2404 853 2459 confectum
880 2412 984 2470 est,
1005 2403 1391 2459 convenissent
1410 2405 1465 2457 in
1496 2419 1694 2471 unum,
1723 2404 1924 2474 primo,
1945 2412 2007 2458 ut
2034 2419 2132 2474 par

539 2504 672 2565 erat,
706 2505 908 2551 sanctae
934 2504 989 2551 et
1023 2495 1317 2552 individuee
1345 2496 1597 2551 Trinitati
1632 2495 1843 2552 debitas
1885 2495 2132 2552 referunt

539 2590 835 2661 gratiarum
861 2589 1123 2656 actiones,
1156 2597 1211 2644 et
1239 2605 1336 2659 pro
1376 2588 1636 2645 incolumi
1666 2591 1838 2645 totius
1870 2591 2133 2647 Ecclesiae

541 2691 684 2739 statu
704 2683 977 2754 supplices
996 2687 1112 2737 Deo
1137 2681 1379 2738 offerunt
1401 2699 1615 2754 preces;
1647 2682 1845 2738 deinde
1866 2693 1990 2755 post
2014 2700 2134 2739 mu-

544 2785 694 2832 tuam
737 2775 973 2831 fratrum
1002 2777 1407 2841 salutationem,
1449 2785 1504 2832 et
1530 2776 1774 2833 debitam
1802 2778 2011 2834 sedium
2050 2792 2136 2833 re-

538 2872 932 2941 cognitionem,
958 2872 1114 2943 juxta
1148 2871 1520 2928 authentieam
1554 2879 1796 2942 paternae
1825 2870 2135 2929 traditionis

539 2966 841 3038 synodum,
886 2964 1183 3022 conferunt
1219 2964 1288 3021 ad
1329 2964 1558 3020 invicem
1583 2964 1654 3021 de
1683 2966 1911 3021 veritate
1940 2966 2133 3022 catho-

538 3060 657 3116 lica:
684 3059 829 3125 ﬁdei,
867 3058 1192 3115 damnantes
1220 3060 1503 3115 Simonem
1542 3068 1597 3114 et
1625 3075 1816 3116 omnes
1842 3058 2132 3117 haeresiar-

538 3151 670 3208 chas
690 3168 817 3208 cum
837 3152 1190 3223 dogmatibus
1216 3152 1332 3208 suis
1357 3160 1411 3207 et
1437 3152 1768 3223 sequacibus
1796 3154 1927 3222 suis,
1962 3169 2130 3225 pauca

540 3262 638 3317 pro
662 3256 914 3317 tempore
944 3254 1182 3301 tractant
1210 3246 1279 3302 de
1311 3247 1571 3318 qualitate
1606 3246 1855 3303 instantis
1885 3249 2125 3319 negotii;

539 3356 601 3395 ac
620 3340 697 3395 sic
717 3339 965 3407 demum,
994 3348 1216 3411 propter
1239 3340 1559 3396 celebranda
1578 3348 1747 3396 tantae
1767 3341 2132 3399 solemnitatis

538 3434 742 3502 ofﬁcia,
794 3435 1015 3489 solvunt
1043 3433 1360 3502 concilium,
1409 3434 1650 3491 crastino
1697 3434 1967 3513 maturius
2012 3435 2132 3493 red-

541 3528 670 3585 ituri
696 3529 750 3583 in
770 3527 1027 3599 idipsum.

612 3625 837 3679 Postera
866 3638 993 3678 vero
1021 3621 1132 3689 die,
1164 3629 1313 3677 certa
1342 3622 1555 3679 concilii
1586 3622 1743 3691 hora,
1772 3639 1901 3679 cum
1931 3624 2131 3680 iterum

539 3716 816 3785 apostolici
845 3715 1157 3771 sacerdotes
1186 3716 1243 3771 in
1272 3732 1445 3772 unum
1473 3717 1873 3784 convenissent,
1905 3726 1961 3773 et
1999 3733 2133 3789 prae-

543 3808 723 3862 missis
774 3812 892 3863 Deo
923 3809 1170 3865 laudibus
1220 3818 1276 3864 et
1325 3810 1592 3880 precibus,
1639 3818 1693 3866 et
1736 3811 1961 3867 salutari
2009 3812 2134 3868 sede

541 3899 914 3955 consedissent
949 3905 1155 3970 (I460),
1202 3902 1349 3973 quod
1394 3904 1594 3975 cuique
1634 3905 1901 3960 sacerdoti
1934 3906 1990 3960 in
2037 3921 2135 3962 sua

543 3992 771 4049 ὀίωοθεὶ
816 3994 962 4048 venit
991 3994 1043 4047 in
1072 3994 1324 4061 dubium,
1373 3997 1680 4051 rationabili
1711 3998 1998 4067 disciplina
2036 3998 2135 4055 de-

542 4086 746 4143 ducunt
776 4085 845 4142 ad
874 4086 1147 4157 medium,
1175 4095 1247 4155 et,
1276 4096 1439 4158 prout
1462 4103 1548 4143 res
1580 4090 1903 4159 postulabat,
1935 4108 2135 4148 unum-

540 4181 800 4256 quodque
828 4189 1121 4239 tractatum
1151 4190 1245 4239 aut
1278 4183 1631 4240 terminatum
1660 4191 1741 4240 est
1770 4184 2018 4258 synodali
2052 4187 2153 4259 ju-,

543 4278 708 4335 dicio.

612 4372 750 4429 Illud
774 4388 902 4429 vero
929 4373 1080 4445 quod
1108 4374 1349 4431 maxime
1372 4375 1426 4429 in
1454 4391 1616 4431 causa
1638 4374 1760 4445 fuit,
1790 4376 1856 4433 de
1875 4378 2139 4434 Constan-

546 4467 701 4521 tiensi
720 4467 993 4539 apposito,
1028 4467 1168 4524 inter
1191 4466 1392 4524 fratres
1420 4469 1659 4525 studiose
1690 4471 2013 4537 ventilatur;
2038 4471 2137 4527 sed

544 4560 934 4617 interveniente
962 4560 1219 4633 principis
1240 4562 1520 4630 mandato,
1552 4564 1606 4618 in
1635 4573 1955 4635 sequentem
1987 4564 2135 4620 diem

546 4655 998 4723 procrastinatur,
1030 4656 1318 4727 agentibus
1354 4657 1704 4713 internuntiis
1731 4667 1793 4713 ut
1830 4657 2136 4715 sacerdotes

546 4746 768 4801 Domini
796 4763 827 4803 a
870 4750 1194 4806 constantiae
1222 4766 1335 4807 sum
1364 4751 1542 4823 rigore
1564 4750 1635 4807 ad
1664 4752 1869 4823 regiam
1894 4768 1951 4807 se
1978 4753 2131 4808 infle-

544 4847 756 4896 cterent
781 4841 1151 4911 voluntatem;
1197 4844 1314 4900 aliis
1344 4844 1672 4901 instantibus
1721 4854 1781 4900 ut
1821 4846 2133 4918 designatus

546 4935 632 4991 ille
653 4934 798 4989 male
823 4945 1146 5006 usurpatum
1160 4947 1352 5009 sponte
1376 4938 1676 4995 dimitteret
1694 4939 1979 4995 honorem.
2003 4943 2136 4996 Ter-

544 5030 618 5083 tia
656 5043 786 5085 vero
814 5028 917 5099 die,
952 5030 1149 5087 Christi
1178 5032 1505 5097 sacerdotes,
1553 5034 1714 5104 hujus
1743 5034 1944 5105 negotii
1975 5035 2135 5105 longa

545 5122 953 5194 exspectatione
997 5125 1266 5196 suspensi,
1306 5134 1361 5183 et
1399 5126 1569 5183 libera
1600 5126 1841 5199 quadam
1884 5127 2135 5199 indigna-

544 5217 710 5285 tione,
742 5218 852 5274 imo
880 5219 996 5274 zelo
1016 5219 1240 5290 justitiaa
1263 5221 1499 5289 accensi,
1530 5220 1855 5277 sacerdotali
1884 5230 2138 5278 constan-

548 5310 619 5366 tia
650 5312 950 5385 principem
975 5328 1139 5369 suum
1168 5313 1392 5382 adeunt,
1435 5330 1673 5387 eumque
1713 5317 1785 5371 de
1806 5315 1989 5389 salute
2018 5317 2137 5372 ani-

553 5419 656 5459 mae
680 5419 814 5473 sua),
849 5406 917 5461 de
945 5422 1075 5477 pace
1098 5407 1494 5476 Ecclesiarum,
1520 5408 1697 5481 deque
1720 5418 1867 5466 statu
1893 5411 2008 5482 regi
2037 5414 2141 5479 [re-

550 5497 660 5570 gni]
705 5499 977 5569 spirituali
1017 5499 1303 5572 disciplina
1350 5504 1723 5573 conveniunt,
1771 5514 2140 5576 proponentes

550 5591 598 5646 ei
625 5590 696 5646 de
718 5592 1013 5662 Scripturis
1051 5602 1107 5649 et
1133 5596 1300 5667 gestis
1321 5596 1537 5653 Veteris
1561 5612 1624 5652 ac
1645 5598 1784 5655 Novi
1806 5600 2142 5656 Testamenti
2190 5600 2195 5617 ⁵

553 5700 792 5756 congrua
836 5686 1099 5744 doctrinm
1125 5690 1382 5747 salutaris
1410 5691 1659 5763 exempla
1701 5692 1901 5763 quibus
1928 5694 2143 5750 animus

628 5876 809 5937 (1460)
839 5874 963 5929 Vid.
996 5874 1101 5930 loc.
1140 5878 1325 5933 mend.

2163 4616 2219 4684 D

2233 530 2471 586 dicentes
2514 538 2569 584 et
2607 529 2871 585 docentes
2920 529 3121 585 solium
3172 527 3323 601 regni
3353 528 3472 601 ejus
3512 530 3798 588 nullatenus

2234 640 2389 696 posse
2426 624 2671 692 stabiliri,
2708 624 2807 680 nisi
2834 623 3081 680 ﬁrmetur
3106 623 3316 703 justitia
3356 632 3413 679 et
3438 624 3800 684 observatione

2234 720 2619 775 mandatorum
2650 721 2770 776 Dei.

2304 816 2562 870 Summus
2613 823 2799 870 autem
2850 815 2940 870 ille
2992 813 3350 870 dominorum
3398 816 3681 881 Dominus,
3724 820 3803 888 qui

2233 909 2381 964 omni
2408 908 2702 979 potentatui
2734 908 3074 975 dominatur,
3104 908 3197 964 ita
3218 908 3538 981 temperavit
3568 911 3806 966 animum

2235 1003 2509 1075 principis,
2534 1003 2607 1058 ita
2636 1004 2915 1073 mitigavit
2937 1018 3064 1058 eum
3094 1001 3160 1058 ad
3194 1003 3357 1058 verba
3389 1012 3598 1059 sancta:
3632 1005 3809 1061 exhor-

2233 1097 2453 1152 tationis
2484 1105 2545 1152 ut
2572 1097 2718 1152 nulla
2762 1096 2990 1169 juvenili
3034 1105 3344 1153 moveretur
3385 1096 3701 1165 acerbitate,
3744 1108 3808 1165 et,

2234 1191 2380 1262 quod
2427 1192 2483 1247 in
2513 1190 2872 1263 potestatibus
2917 1189 3136 1248 difﬁcile
3165 1199 3272 1258 est,
3322 1190 3470 1247 nulla
3512 1191 3809 1248 sacerdotes

2236 1286 2490 1341 insolenti
2521 1284 2739 1342 laederet
2757 1285 3136 1357 responsione;
3168 1285 3411 1341 multum
3436 1294 3627 1341 tamen
3654 1301 3709 1341 se
3729 1302 3809 1341 ex-

2234 1396 2453 1448 cusans,
2486 1381 2543 1435 in
2580 1380 2684 1436 hoc
2714 1395 2829 1436 suae
2853 1381 3137 1451 potestatis
3165 1380 3310 1435 dono
3339 1380 3546 1435 nullam
3592 1396 3653 1436 se
3676 1396 3809 1437 exer-

2234 1476 2408 1529 cuisse
2430 1474 2799 1540 venalitatem,
2827 1473 3033 1529 nullam
3073 1489 3235 1545 super
3261 1473 3363 1529 hac
3390 1489 3450 1529 re
3476 1489 3610 1530 cum
3635 1474 3810 1530 eodem

2237 1570 2430 1623 Carolo
2474 1585 2532 1624 se
2574 1570 2841 1641 pepigisse
2882 1568 3325 1624 conventionem.
3359 1570 3415 1625 Si
3461 1567 3595 1641 quid
3645 1576 3811 1624 autem

2239 1679 2367 1719 cum
2395 1662 2707 1719 domesticis
2748 1671 2803 1718 et
2843 1661 3201 1717 familiaribus
3245 1663 3381 1729 suis,
3413 1670 3645 1734 propter
3671 1678 3812 1735 opem

2241 1757 2663 1825 intercessionis,
2697 1758 2816 1827 ipso
2852 1757 3156 1828 ignorante,
3193 1757 3482 1829 pepigerit,
3528 1773 3694 1812 suum
3719 1772 3813 1813 non

2163 1848 2211 1911 B
2242 1867 2357 1907 esse
2381 1866 2654 1920 accusare,
2673 1852 2754 1907 vel
2775 1866 3055 1907 excusare.
3077 1852 3328 1922 Hocipse
3351 1849 3569 1906 viderit.
3606 1854 3689 1907 De
3704 1851 3814 1907 dex-

2237 1956 2349 2002 tera
2376 1934 2503 2002 vero
2533 1962 2651 2014 sua,
2677 1961 2843 2018 quam
2872 1946 2946 2001 illi
2978 1955 3198 2017 propter
3228 1946 3513 2017 antiquam
3541 1947 3599 2000 in
3621 1960 3815 2017 praepo-

2238 2040 2414 2096 situra
2460 2039 2891 2096 benevolentiam
2923 2041 3110 2111 gratia:
3157 2056 3269 2097 suae
3297 2039 3510 2096 donum
3562 2039 3812 2111 porrexit,

2239 2150 2459 2190 omnem
2512 2134 2753 2191 avaritia
2780 2135 2957 2191 labem
3005 2135 3141 2191 dixit
3189 2150 3247 2190 se
3283 2142 3562 2204 excutere,
3604 2132 3811 2205 etquod

2236 2229 2349 2300 ipse
2376 2229 2692 2300 simpliciter
2730 2228 2859 2284 fecit
2886 2230 2930 2283 si
2966 2228 3053 2284 ille
3089 2244 3300 2285 veneno
3330 2229 3564 2300 alicujus
3608 2228 3812 2284 malitia

2239 2322 2563 2392 corruperit,
2589 2337 2646 2377 se
2682 2322 2754 2378 ob
2782 2321 2839 2377 id
2869 2322 3066 2379 divina
3097 2324 3331 2394 justitiae
3351 2322 3500 2378 nolle
3529 2324 3813 2379 contraire.

2303 2417 2422 2470 Hac
2459 2423 2643 2472 autem
2676 2416 2875 2472 salubri
2906 2416 3366 2473 sermocinatione
3407 2432 3537 2472 cum
3580 2415 3817 2473 sacerdo-

2240 2509 2388 2565 tibus
2413 2509 2619 2577 habita,
2643 2526 2769 2565 cum
2796 2511 2876 2566 eis
2896 2511 3043 2566 venit
3062 2511 3120 2566 in
3134 2511 3454 2567 concilium.
3476 2514 3550 2567 Et
3578 2511 3677 2567 ille
3693 2511 3819 2567 Con-

2238 2603 2553 2659 stantiensis
2579 2603 2895 2675 designatus
2935 2605 3325 2659 intromittitur
3368 2604 3435 2659 ad
3470 2604 3816 2660 audiendum.

2240 2696 2456 2753 Adsunt
2503 2696 2663 2753 etiam
2713 2714 2811 2769 pro
2858 2697 3071 2754 foribus
3117 2698 3565 2754 Constantienses
3621 2699 3820 2763 clerici,

2242 2792 2582 2862 postulantes
2622 2806 2719 2863 per
2760 2792 2971 2863 legatos
3001 2800 3063 2848 ut
3106 2801 3162 2848 et
3206 2793 3307 2864 ipsi
3336 2800 3690 2848 mererentur
3735 2792 3819 2847 ad-

2242 2883 2407 2939 mitti.
2439 2887 2593 2939 Tunc
2635 2899 2764 2940 vero
2795 2885 3004 2940 videres
3030 2884 3309 2941 laetissima
3339 2894 3538 2942 sancta:
3578 2885 3823 2941 Ecclesia

2242 2977 2435 3049 gaudia
2462 2986 2516 3033 et
2545 2993 2669 3033 vera
2690 2978 2882 3034 mundi
2914 2979 3231 3034 convenisse
3256 2980 3569 3047 luminaria,
3606 2977 3817 3051 quando

2240 3072 2695 3145 circumfulgebat
2738 3073 2936 3128 nobilis
2974 3089 3176 3129 corona
3222 3090 3503 3129 sacrorum
3550 3074 3823 3140 ordinum,

2242 3167 2378 3222 vivis
2420 3176 2692 3238 gemmata
2738 3166 3003 3237 lapidibus
3041 3166 3241 3222 Christi
3281 3166 3662 3234 sacerdotum,
3694 3166 3827 3221 velut

2240 3260 2542 3333 fulgoribus
2566 3260 2884 3316 micantium
2904 3269 3200 3316 astrorum.
3219 3263 3376 3316 Tunc
3397 3260 3517 3317 οωιί
3538 3258 3828 3315 narrabant

2241 3354 2474 3427 gloriam
2488 3353 2669 3420 Dei,et
2682 3354 2912 3409 verbum
2925 3338 3208 3411 eructabat
3218 3352 3335 3410 dies
3349 3353 3616 3421 diei(Psal.
3626 3356 3821 3413 xvm),

2240 3447 2461 3520 quando
2498 3447 2753 3504 sacerdos
2794 3447 3068 3504 sacerdoti
3110 3448 3440 3504 sententiam
3474 3447 3704 3519 justitia:
3742 3460 3827 3499 ex-

2242 3542 2514 3613 ponebat,
2544 3550 2599 3597 et
2626 3552 2877 3597 sanctam
2908 3542 3204 3598 Ecclesiam
3238 3542 3490 3597 salutaris
3519 3556 3714 3596 eorum
3741 3538 3831 3593 do-

2243 3637 2413 3691 ctrina
2425 3636 2747 3693 instruebat.
2765 3638 2923 3691 Tunc
2934 3652 3055 3691 vasa
3068 3635 3353 3691 electionis
3368 3634 3829 3706 superefﬁuebant

2243 3730 2585 3786 ambrosium
2610 3731 2878 3801 liquorem
2904 3730 3077 3785 sancti
3104 3729 3363 3801 Spiritus,
3399 3736 3455 3784 et
3489 3728 3628 3799 justi
3672 3726 3833 3797 fulge-

2244 3824 2378 3880 bant
2405 3825 2546 3880 sicut
2581 3824 2843 3896 splendor
2884 3823 3217 3879 ﬁrmamenti
3256 3828 3421 3890 (Dan.
3468 3824 3589 3888 xu)
3618 3818 3829 3893 quando

2244 3918 2555 3974 sacerdotes
2608 3918 2834 3973 Domini
2877 3918 3039 3973 verba
3083 3917 3399 3988 sapientiae,
3453 3916 3606 3971 velut
3660 3914 3824 3969 nubes

2245 4011 2520 4083 pluebant,
2552 4020 2609 4067 et
2636 4010 2801 4067 corda
2829 4010 3165 4066 audientium
3195 4009 3345 4066 velut
3384 4016 3596 4065 terram
3648 4006 3823 4063 fructi-

2246 4104 2415 4160 feram
2444 4104 2511 4160 ad
2536 4104 2959 4177 germinandum
2990 4103 3371 4160 infundebant.

2315 4199 2418 4253 His
2443 4214 2569 4269 ergo
2603 4197 2675 4254 ita
2700 4198 2978 4269 dispositis
3004 4205 3062 4253 et
3088 4196 3261 4270 digito
3286 4196 3389 4252 Dei
3414 4195 3706 4252 ordinante
3726 4190 3824 4246 dis-

2244 4292 2448 4359 tinctis,
2477 4292 2694 4364 utrique
2726 4291 3113 4361 admittuntur,
3141 4288 3441 4362 praedictus
3481 4288 3683 4345 scilicet
3718 4285 3827 4342 Ca-

2245 4386 2417 4453 rolus,
2440 4394 2494 4441 et
2524 4385 2577 4440 bi
2609 4385 2699 4457 qui
2730 4384 3171 4441 accusationibu
3195 4382 3490 4455 pulsabant
3515 4394 3831 4454 personam.

2246 4480 2428 4533 Prima
2455 4479 2670 4535 actione
2698 4478 2966 4550 regularis
2984 4478 3238 4549 praelatus
3264 4474 3712 4534 Constantiensis
3736 4476 3837 4529 Ec-

2244 4572 2424 4626 clesiae
2445 4571 2669 4643 protulit
2688 4572 2928 4628 libellum
2944 4571 3331 4638 accusationis,
3360 4570 3416 4625 in
3444 4584 3555 4641 quo
3584 4567 3838 4624 contine-

2245 4665 2441 4720 bantur
2458 4680 2637 4721 causaa
2659 4665 2854 4736 quibus
2881 4664 3139 4737 indignus
3164 4664 3475 4730 haberetur,
3504 4670 3562 4718 et
3571 4661 3845 4733 judicare-

2241 4766 2332 4813 tur
2343 4768 2692 4815 sacramento
2707 4759 3021 4830 apostolica:
3042 4756 3455 4814 benedictionis.
3474 4758 3730 4826 Quarum
3744 4753 3847 4825 pri-

2243 4868 2332 4907 ma
2363 4860 2417 4908 et
2448 4852 2695 4907 maxima
2720 4861 2856 4918 erat,
2884 4850 3035 4923 quod
3081 4850 3329 4922 exemplo
3357 4848 3603 4921 magistri
3633 4847 3724 4905 sui
3769 4846 3845 4903 Si-

2245 4947 2422 5001 monis
2442 4944 2699 5016 pestiferi,
2730 4960 2826 5016 per
2852 4943 3137 5016 pecuniam
3159 4942 3444 5000 invasisset
3481 4940 3715 5008 sedem;
3748 4954 3849 4996 ca-

2244 5047 2358 5094 tera
2385 5041 2592 5105 omnia,
2633 5052 2758 5111 quae
2793 5037 2867 5094 ibi
2901 5037 3242 5110 legebantur,
3274 5033 3709 5109 proclamabam
3738 5033 3849 5089 vio-

2246 5132 2448 5188 lentam
2488 5132 2735 5206 ejusdem
2776 5131 3031 5188 Ecclesiae
3066 5130 3521 5187 devastationem.
3554 5128 3660 5183 Ille
3700 5126 3845 5183 idem

2248 5223 2503 5295 praelatus
2543 5230 2598 5277 et
2626 5221 2821 5277 fratres
2866 5221 2985 5293 ejus
3030 5220 3121 5291 qui
3149 5218 3380 5276 aderant
3407 5218 3544 5273 item
3595 5214 3851 5273 offerunt

2246 5333 2361 5373 sum
2388 5316 2784 5372 testiﬁcationis
2813 5314 3049 5383 libellos,
3078 5313 3132 5369 in
3154 5312 3351 5385 quibus
3380 5309 3606 5383 singuli,
3639 5324 3847 5366 nomen

2249 5420 2305 5466 et
2329 5411 2577 5466 ofﬁcium
2616 5425 2781 5465 suum
2825 5408 3193 5481 designantes,
3239 5403 3504 5478 quidquid
3536 5400 3850 5461 aequando

2249 5505 2331 5561 vel
2367 5502 2703 5560 testiﬁcando
2737 5508 3154 5576 proposuerant,
3194 5505 3448 5558 asserunt
3486 5512 3550 5554 se
3585 5497 3852 5554 monia

2254 5598 2614 5671 probaturos.

2325 5691 2554 5750 Carolus
2578 5699 2806 5749 econtra
2850 5690 3044 5746 nititur
3082 5687 3392 5760 improbare
3431 5698 3738 5758 personas,
3768 5681 3846 5738 di-
