  <div class='ocr_page' id='page_1' title='image "/cluster/home/n/w/nwhite01/storage/ocr_20150623/148/hvd.32044054760061/724.png"; bbox 0 0 3988 6188; ppageno 0'>
   <div class='ocr_carea' id='block_1_1' title="bbox 239 321 371 375">
    <p class='ocr_par' dir='ltr' id='par_1_1' title="bbox 239 321 371 375">
     <span class='ocr_line' id='line_1_1' title="bbox 239 321 371 375; baseline -0.008 0"><span class='ocrx_word' id='word_1_1' title='bbox 239 321 371 375; x_wconf 76' lang='grc'><strong>1437</strong></span> 
     </span>
    </p>
   </div>
   <div class='ocr_carea' id='block_1_2' title="bbox 1133 322 2609 381">
    <p class='ocr_par' dir='ltr' id='par_1_2' title="bbox 1133 322 2609 381">
     <span class='ocr_line' id='line_1_2' title="bbox 1133 322 2609 381; baseline 0.005 -7"><span class='ocrx_word' id='word_1_2' title='bbox 1133 322 1421 378; x_wconf 79' lang='lat' dir='ltr'><strong>APPEND.</strong></span> <span class='ocrx_word' id='word_1_3' title='bbox 1464 323 1550 379; x_wconf 85' lang='lat' dir='ltr'><strong>Ill.</strong></span> <span class='ocrx_word' id='word_1_4' title='bbox 1589 351 1658 369; x_wconf 76' lang='grc' dir='ltr'><strong>-ο</strong></span> <span class='ocrx_word' id='word_1_5' title='bbox 1693 322 2111 380; x_wconf 81' lang='lat' dir='ltr'><strong>MONUMENTA</strong></span> <span class='ocrx_word' id='word_1_6' title='bbox 2149 322 2609 381; x_wconf 79' lang='lat' dir='ltr'><strong>GREGORIANA.</strong></span> 
     </span>
    </p>
   </div>
   <div class='ocr_carea' id='block_1_3' title="bbox 3379 335 3516 389">
    <p class='ocr_par' dir='ltr' id='par_1_3' title="bbox 3379 335 3516 389">
     <span class='ocr_line' id='line_1_3' title="bbox 3379 335 3516 389; baseline -0.007 -1"><span class='ocrx_word' id='word_1_7' title='bbox 3379 335 3516 389; x_wconf 77' lang='grc'><strong>1438</strong></span> 
     </span>
    </p>
   </div>
   <div class='ocr_carea' id='block_1_4' title="bbox 231 442 3516 530">
    <p class='ocr_par' dir='ltr' id='par_1_4' title="bbox 231 442 3516 530">
     <span class='ocr_line' id='line_1_4' title="bbox 231 442 3516 530; baseline 0.004 -31"><span class='ocrx_word' id='word_1_8' title='bbox 231 459 360 501; x_wconf 88' lang='lat' dir='ltr'><strong>cens</strong></span> <span class='ocrx_word' id='word_1_9' title='bbox 398 442 545 515; x_wconf 88' lang='lat' dir='ltr'><strong>quod</strong></span> <span class='ocrx_word' id='word_1_10' title='bbox 580 446 698 514; x_wconf 89' lang='lat' dir='ltr'><strong>ejus</strong></span> <span class='ocrx_word' id='word_1_11' title='bbox 722 442 1125 515; x_wconf 63' lang='lat' dir='ltr'><strong>infamia:nota</strong></span> <span class='ocrx_word' id='word_1_12' title='bbox 1151 454 1334 502; x_wconf 82' lang='lat' dir='ltr'><strong>essent</strong></span> <span class='ocrx_word' id='word_1_13' title='bbox 1372 448 1631 520; x_wconf 81' lang='lat' dir='ltr'><strong>respersi,</strong></span> <span class='ocrx_word' id='word_1_14' title='bbox 1670 449 1817 520; x_wconf 91' lang='lat' dir='ltr'><strong>quod</strong></span> <span class='ocrx_word' id='word_1_15' title='bbox 1845 454 1899 517; x_wconf 83' lang='grc' dir='ltr'><strong>Α</strong></span> <span class='ocrx_word' id='word_1_16' title='bbox 1928 463 2028 522; x_wconf 89' lang='lat' dir='ltr'><strong>gos</strong></span> <span class='ocrx_word' id='word_1_17' title='bbox 2054 464 2247 505; x_wconf 89' lang='lat' dir='ltr'><strong>eorum</strong></span> <span class='ocrx_word' id='word_1_18' title='bbox 2272 448 2484 507; x_wconf 85' lang='lat' dir='ltr'><strong>labores</strong></span> <span class='ocrx_word' id='word_1_19' title='bbox 2511 460 2626 508; x_wconf 91' lang='lat' dir='ltr'><strong>tam</strong></span> <span class='ocrx_word' id='word_1_20' title='bbox 2650 454 2880 526; x_wconf 90' lang='lat' dir='ltr'><strong>inopino</strong></span> <span class='ocrx_word' id='word_1_21' title='bbox 2904 456 3221 511; x_wconf 82' lang='lat' dir='ltr'><strong>terminavit</strong></span> <span class='ocrx_word' id='word_1_22' title='bbox 3250 472 3516 530; x_wconf 90' lang='lat' dir='ltr'><strong>compen-</strong></span> 
     </span>
    </p>
   </div>
   <div class='ocr_carea' id='block_1_5' title="bbox 228 538 1816 611">
    <p class='ocr_par' dir='ltr' id='par_1_5' title="bbox 228 538 1816 611">
     <span class='ocr_line' id='line_1_5' title="bbox 228 538 1816 611; baseline 0.003 -17"><span class='ocrx_word' id='word_1_23' title='bbox 228 554 333 594; x_wconf 89' lang='lat' dir='ltr'><strong>nec</strong></span> <span class='ocrx_word' id='word_1_24' title='bbox 366 553 442 601; x_wconf 91' lang='lat' dir='ltr'><strong>se,</strong></span> <span class='ocrx_word' id='word_1_25' title='bbox 470 552 572 593; x_wconf 91' lang='lat' dir='ltr'><strong>nec</strong></span> <span class='ocrx_word' id='word_1_26' title='bbox 606 552 938 610; x_wconf 91' lang='lat' dir='ltr'><strong>quemquam</strong></span> <span class='ocrx_word' id='word_1_27' title='bbox 970 538 1141 595; x_wconf 91' lang='lat' dir='ltr'><strong>alium</strong></span> <span class='ocrx_word' id='word_1_28' title='bbox 1168 549 1398 611; x_wconf 89' lang='lat' dir='ltr'><strong>possunt</strong></span> <span class='ocrx_word' id='word_1_29' title='bbox 1429 542 1691 599; x_wconf 86' lang='lat' dir='ltr'><strong>canonice</strong></span> <span class='ocrx_word' id='word_1_30' title='bbox 1730 559 1816 599; x_wconf 91' lang='lat' dir='ltr'><strong>ac-</strong></span> 
     </span>
    </p>
   </div>
   <div class='ocr_carea' id='block_1_6' title="bbox 228 630 1814 709">
    <p class='ocr_par' dir='ltr' id='par_1_6' title="bbox 228 630 1814 709">
     <span class='ocr_line' id='line_1_6' title="bbox 228 630 1814 709; baseline 0.004 -22"><span class='ocrx_word' id='word_1_31' title='bbox 228 646 437 688; x_wconf 89' lang='lat' dir='ltr'><strong>cusare.</strong></span> <span class='ocrx_word' id='word_1_32' title='bbox 478 630 741 704; x_wconf 83' lang='lat' dir='ltr'><strong>Adjungit</strong></span> <span class='ocrx_word' id='word_1_33' title='bbox 772 647 990 704; x_wconf 90' lang='lat' dir='ltr'><strong>quoque</strong></span> <span class='ocrx_word' id='word_1_34' title='bbox 1026 648 1085 689; x_wconf 92' lang='lat' dir='ltr'><strong>se</strong></span> <span class='ocrx_word' id='word_1_35' title='bbox 1122 634 1305 691; x_wconf 87' lang='lat' dir='ltr'><strong>omnia</strong></span> <span class='ocrx_word' id='word_1_36' title='bbox 1333 635 1547 708; x_wconf 82' lang='lat' dir='ltr'><strong>objecta</strong></span> <span class='ocrx_word' id='word_1_37' title='bbox 1566 636 1814 709; x_wconf 87' lang='lat' dir='ltr'><strong>synodali</strong></span> 
     </span>
    </p>
   </div>
   <div class='ocr_carea' id='block_1_7' title="bbox 217 726 1814 801">
    <p class='ocr_par' dir='ltr' id='par_1_7' title="bbox 217 726 1814 801">
     <span class='ocr_line' id='line_1_7' title="bbox 217 726 1814 801; baseline 0.004 -21"><span class='ocrx_word' id='word_1_38' title='bbox 217 726 425 797; x_wconf 88' lang='lat' dir='ltr'><strong>judicio</strong></span> <span class='ocrx_word' id='word_1_39' title='bbox 456 735 841 797; x_wconf 88' lang='lat' dir='ltr'><strong>purgaturum;</strong></span> <span class='ocrx_word' id='word_1_40' title='bbox 871 735 925 783; x_wconf 90' lang='lat' dir='ltr'><strong>et</strong></span> <span class='ocrx_word' id='word_1_41' title='bbox 958 727 1012 782; x_wconf 91' lang='lat' dir='ltr'><strong>in</strong></span> <span class='ocrx_word' id='word_1_42' title='bbox 1044 728 1300 785; x_wconf 90' lang='lat' dir='ltr'><strong>omnibus</strong></span> <span class='ocrx_word' id='word_1_43' title='bbox 1326 729 1524 801; x_wconf 86' lang='lat' dir='ltr'><strong>quibus</strong></span> <span class='ocrx_word' id='word_1_44' title='bbox 1551 747 1678 786; x_wconf 92' lang='lat' dir='ltr'><strong>eum</strong></span> <span class='ocrx_word' id='word_1_45' title='bbox 1703 731 1814 787; x_wconf 89' lang='lat' dir='ltr'><strong>im-</strong></span> 
     </span>
    </p>
   </div>
   <div class='ocr_carea' id='block_1_8' title="bbox 226 820 1815 896">
    <p class='ocr_par' dir='ltr' id='par_1_8' title="bbox 226 820 1815 896">
     <span class='ocr_line' id='line_1_8' title="bbox 226 820 1815 896; baseline 0.005 -22"><span class='ocrx_word' id='word_1_46' title='bbox 226 820 484 891; x_wconf 87' lang='lat' dir='ltr'><strong>petebant</strong></span> <span class='ocrx_word' id='word_1_47' title='bbox 505 834 563 877; x_wconf 88' lang='lat' dir='ltr'><strong>se</strong></span> <span class='ocrx_word' id='word_1_48' title='bbox 579 834 700 876; x_wconf 89' lang='lat' dir='ltr'><strong>esse</strong></span> <span class='ocrx_word' id='word_1_49' title='bbox 728 820 1035 877; x_wconf 86' lang='lat' dir='ltr'><strong>innoxium.</strong></span> <span class='ocrx_word' id='word_1_50' title='bbox 1058 824 1251 895; x_wconf 90' lang='lat' dir='ltr'><strong>Longa</strong></span> <span class='ocrx_word' id='word_1_51' title='bbox 1277 823 1442 896; x_wconf 86' lang='lat' dir='ltr'><strong>igitur</strong></span> <span class='ocrx_word' id='word_1_52' title='bbox 1465 824 1815 882; x_wconf 85' lang='lat' dir='ltr'><strong>altercatione</strong></span> 
     </span>
    </p>
   </div>
   <div class='ocr_carea' id='block_1_9' title="bbox 223 911 1811 985">
    <p class='ocr_par' dir='ltr' id='par_1_9' title="bbox 223 911 1811 985">
     <span class='ocr_line' id='line_1_9' title="bbox 223 911 1811 985; baseline 0.004 -17"><span class='ocrx_word' id='word_1_53' title='bbox 223 912 351 968; x_wconf 89' lang='lat' dir='ltr'><strong>hinc</strong></span> <span class='ocrx_word' id='word_1_54' title='bbox 376 912 503 969; x_wconf 88' lang='lat' dir='ltr'><strong>inde</strong></span> <span class='ocrx_word' id='word_1_55' title='bbox 526 911 897 985; x_wconf 80' lang='lat' dir='ltr'><strong>disceptatum</strong></span> <span class='ocrx_word' id='word_1_56' title='bbox 934 924 1035 983; x_wconf 85' lang='lat' dir='ltr'><strong>est,</strong></span> <span class='ocrx_word' id='word_1_57' title='bbox 1068 924 1123 973; x_wconf 91' lang='lat' dir='ltr'><strong>et</strong></span> <span class='ocrx_word' id='word_1_58' title='bbox 1149 917 1341 973; x_wconf 91' lang='lat' dir='ltr'><strong>multis</strong></span> <span class='ocrx_word' id='word_1_59' title='bbox 1366 925 1480 973; x_wconf 91' lang='lat' dir='ltr'><strong>tota</strong></span> <span class='ocrx_word' id='word_1_60' title='bbox 1506 918 1598 974; x_wconf 89' lang='lat' dir='ltr'><strong>die</strong></span> <span class='ocrx_word' id='word_1_61' title='bbox 1628 919 1687 973; x_wconf 88' lang='lat' dir='ltr'><strong>in</strong></span> <span class='ocrx_word' id='word_1_62' title='bbox 1716 918 1811 974; x_wconf 89' lang='lat' dir='ltr'><strong>ad-</strong></span> 
     </span>
    </p>
   </div>
   <div class='ocr_carea' id='block_1_10' title="bbox 220 1007 1812 1083">
    <p class='ocr_par' dir='ltr' id='par_1_10' title="bbox 220 1007 1812 1083">
     <span class='ocr_line' id='line_1_10' title="bbox 220 1007 1812 1083; baseline 0.004 -22"><span class='ocrx_word' id='word_1_63' title='bbox 220 1021 442 1062; x_wconf 83' lang='lat' dir='ltr'><strong>versum</strong></span> <span class='ocrx_word' id='word_1_64' title='bbox 495 1007 815 1076; x_wconf 80' lang='lat' dir='ltr'><strong>nitentibus,</strong></span> <span class='ocrx_word' id='word_1_65' title='bbox 864 1024 1042 1081; x_wconf 88' lang='lat' dir='ltr'><strong>usque</strong></span> <span class='ocrx_word' id='word_1_66' title='bbox 1095 1010 1152 1065; x_wconf 91' lang='lat' dir='ltr'><strong>in</strong></span> <span class='ocrx_word' id='word_1_67' title='bbox 1210 1010 1543 1083; x_wconf 83' lang='lat' dir='ltr'><strong>profundam</strong></span> <span class='ocrx_word' id='word_1_68' title='bbox 1590 1021 1812 1068; x_wconf 90' lang='lat' dir='ltr'><strong>noctem</strong></span> 
     </span>
    </p>
   </div>
   <div class='ocr_carea' id='block_1_11' title="bbox 222 1100 1812 1173">
    <p class='ocr_par' dir='ltr' id='par_1_11' title="bbox 222 1100 1812 1173">
     <span class='ocr_line' id='line_1_11' title="bbox 222 1100 1812 1173; baseline 0.004 -17"><span class='ocrx_word' id='word_1_69' title='bbox 222 1100 520 1157; x_wconf 85' lang='lat' dir='ltr'><strong>concilium</strong></span> <span class='ocrx_word' id='word_1_70' title='bbox 564 1109 902 1173; x_wconf 90' lang='lat' dir='ltr'><strong>pertractum</strong></span> <span class='ocrx_word' id='word_1_71' title='bbox 927 1110 1029 1167; x_wconf 91' lang='lat' dir='ltr'><strong>est,</strong></span> <span class='ocrx_word' id='word_1_72' title='bbox 1061 1102 1194 1159; x_wconf 90' lang='lat' dir='ltr'><strong>dum</strong></span> <span class='ocrx_word' id='word_1_73' title='bbox 1229 1104 1372 1161; x_wconf 90' lang='lat' dir='ltr'><strong>inter</strong></span> <span class='ocrx_word' id='word_1_74' title='bbox 1399 1106 1607 1161; x_wconf 87' lang='lat' dir='ltr'><strong>multos</strong></span> <span class='ocrx_word' id='word_1_75' title='bbox 1630 1106 1812 1162; x_wconf 90' lang='lat' dir='ltr'><strong>ambi-</strong></span> 
     </span>
    </p>
   </div>
   <div class='ocr_carea' id='block_1_12' title="bbox 222 1195 1809 1270">
    <p class='ocr_par' dir='ltr' id='par_1_12' title="bbox 222 1195 1809 1270">
     <span class='ocr_line' id='line_1_12' title="bbox 222 1195 1809 1270; baseline 0.004 -20"><span class='ocrx_word' id='word_1_76' title='bbox 222 1196 370 1268; x_wconf 87' lang='lat' dir='ltr'><strong>gitur</strong></span> <span class='ocrx_word' id='word_1_77' title='bbox 391 1195 459 1252; x_wconf 89' lang='lat' dir='ltr'><strong>de</strong></span> <span class='ocrx_word' id='word_1_78' title='bbox 496 1211 730 1252; x_wconf 88' lang='lat' dir='ltr'><strong>numero</strong></span> <span class='ocrx_word' id='word_1_79' title='bbox 767 1205 1148 1253; x_wconf 82' lang='lat' dir='ltr'><strong>accusatorum</strong></span> <span class='ocrx_word' id='word_1_80' title='bbox 1176 1206 1232 1254; x_wconf 91' lang='lat' dir='ltr'><strong>et</strong></span> <span class='ocrx_word' id='word_1_81' title='bbox 1254 1199 1498 1270; x_wconf 83' lang='lat' dir='ltr'><strong>testium,</strong></span> <span class='ocrx_word' id='word_1_82' title='bbox 1524 1200 1657 1256; x_wconf 91' lang='lat' dir='ltr'><strong>dum</strong></span> <span class='ocrx_word' id='word_1_83' title='bbox 1687 1201 1809 1256; x_wconf 80' lang='lat' dir='ltr'><strong>lon-</strong></span> 
     </span>
    </p>
   </div>
   <div class='ocr_carea' id='block_1_13' title="bbox 220 1290 1811 1364">
    <p class='ocr_par' dir='ltr' id='par_1_13' title="bbox 220 1290 1811 1364">
     <span class='ocr_line' id='line_1_13' title="bbox 220 1290 1811 1364; baseline 0.006 -23"><span class='ocrx_word' id='word_1_84' title='bbox 220 1302 285 1364; x_wconf 78' lang='lat' dir='ltr'><strong>ga</strong></span> <span class='ocrx_word' id='word_1_85' title='bbox 315 1290 707 1347; x_wconf 82' lang='lat' dir='ltr'><strong>deliberatione</strong></span> <span class='ocrx_word' id='word_1_86' title='bbox 727 1291 991 1362; x_wconf 86' lang='lat' dir='ltr'><strong>quaritur</strong></span> <span class='ocrx_word' id='word_1_87' title='bbox 1011 1292 1284 1363; x_wconf 87' lang='lat' dir='ltr'><strong>judicium</strong></span> <span class='ocrx_word' id='word_1_88' title='bbox 1304 1301 1516 1362; x_wconf 91' lang='lat' dir='ltr'><strong>utrum,</strong></span> <span class='ocrx_word' id='word_1_89' title='bbox 1543 1294 1630 1350; x_wconf 87' lang='lat' dir='ltr'><strong>isti</strong></span> <span class='ocrx_word' id='word_1_90' title='bbox 1651 1295 1811 1351; x_wconf 91' lang='lat' dir='ltr'><strong>liceat</strong></span> 
     </span>
    </p>
   </div>
   <div class='ocr_carea' id='block_1_14' title="bbox 222 1384 1807 1446">
    <p class='ocr_par' dir='ltr' id='par_1_14' title="bbox 222 1384 1807 1446">
     <span class='ocr_line' id='line_1_14' title="bbox 222 1384 1807 1446; baseline 0.004 -7"><span class='ocrx_word' id='word_1_91' title='bbox 222 1400 281 1440; x_wconf 91' lang='lat' dir='ltr'><strong>se</strong></span> <span class='ocrx_word' id='word_1_92' title='bbox 326 1400 586 1443; x_wconf 63' lang='lat' dir='ltr'><strong>exornare</strong></span> <span class='ocrx_word' id='word_1_93' title='bbox 620 1384 877 1442; x_wconf 90' lang='lat' dir='ltr'><strong>adversus</strong></span> <span class='ocrx_word' id='word_1_94' title='bbox 906 1388 1312 1443; x_wconf 86' lang='lat' dir='ltr'><strong>accusationem</strong></span> <span class='ocrx_word' id='word_1_95' title='bbox 1348 1389 1605 1445; x_wconf 91' lang='lat' dir='ltr'><strong>istorum.</strong></span> <span class='ocrx_word' id='word_1_96' title='bbox 1658 1394 1807 1446; x_wconf 91' lang='lat' dir='ltr'><strong>Dum</strong></span> 
     </span>
    </p>
   </div>
   <div class='ocr_carea' id='block_1_15' title="bbox 219 1477 1805 1553">
    <p class='ocr_par' dir='ltr' id='par_1_15' title="bbox 219 1477 1805 1553">
     <span class='ocr_line' id='line_1_15' title="bbox 219 1477 1805 1553; baseline 0.004 -19"><span class='ocrx_word' id='word_1_97' title='bbox 219 1493 309 1535; x_wconf 88' lang='lat' dir='ltr'><strong>res</strong></span> <span class='ocrx_word' id='word_1_98' title='bbox 358 1479 504 1535; x_wconf 88' lang='lat' dir='ltr'><strong>inter</strong></span> <span class='ocrx_word' id='word_1_99' title='bbox 538 1477 735 1535; x_wconf 84' lang='lat' dir='ltr'><strong>fratres</strong></span> <span class='ocrx_word' id='word_1_100' title='bbox 784 1479 1088 1537; x_wconf 87' lang='lat' dir='ltr'><strong>diutissime</strong></span> <span class='ocrx_word' id='word_1_101' title='bbox 1133 1480 1439 1552; x_wconf 89' lang='lat' dir='ltr'><strong>disseritur,</strong></span> <span class='ocrx_word' id='word_1_102' title='bbox 1483 1484 1805 1553; x_wconf 89' lang='lat' dir='ltr'><strong>concilium,</strong></span> 
     </span>
    </p>
   </div>
   <div class='ocr_carea' id='block_1_16' title="bbox 221 1573 1806 1649">
    <p class='ocr_par' dir='ltr' id='par_1_16' title="bbox 221 1573 1806 1649">
     <span class='ocr_line' id='line_1_16' title="bbox 221 1573 1806 1649; baseline 0.004 -22"><span class='ocrx_word' id='word_1_103' title='bbox 221 1580 448 1644; x_wconf 87' lang='lat' dir='ltr'><strong>propter</strong></span> <span class='ocrx_word' id='word_1_104' title='bbox 466 1573 854 1645; x_wconf 87' lang='lat' dir='ltr'><strong>intempestam</strong></span> <span class='ocrx_word' id='word_1_105' title='bbox 874 1582 1099 1631; x_wconf 90' lang='lat' dir='ltr'><strong>noctem</strong></span> <span class='ocrx_word' id='word_1_106' title='bbox 1129 1573 1304 1631; x_wconf 87' lang='lat' dir='ltr'><strong>adhuc</strong></span> <span class='ocrx_word' id='word_1_107' title='bbox 1323 1574 1443 1632; x_wconf 89' lang='lat' dir='ltr'><strong>sine</strong></span> <span class='ocrx_word' id='word_1_108' title='bbox 1465 1591 1647 1647; x_wconf 88' lang='lat' dir='ltr'><strong>opere,</strong></span> <span class='ocrx_word' id='word_1_109' title='bbox 1679 1592 1806 1649; x_wconf 91' lang='lat' dir='ltr'><strong>pre-</strong></span> 
     </span>
    </p>
   </div>
   <div class='ocr_carea' id='block_1_17' title="bbox 217 1664 623 1723">
    <p class='ocr_par' dir='ltr' id='par_1_17' title="bbox 217 1664 623 1723">
     <span class='ocr_line' id='line_1_17' title="bbox 217 1664 623 1723; baseline 0.002 -2"><span class='ocrx_word' id='word_1_110' title='bbox 217 1665 298 1722; x_wconf 87' lang='lat' dir='ltr'><strong>tio</strong></span> <span class='ocrx_word' id='word_1_111' title='bbox 326 1664 623 1723; x_wconf 87' lang='lat' dir='ltr'><strong>dirimitur.</strong></span> 
     </span>
    </p>
   </div>
   <div class='ocr_carea' id='block_1_18' title="bbox 293 1742 1806 1835">
    <p class='ocr_par' dir='ltr' id='par_1_18' title="bbox 293 1742 1806 1835">
     <span class='ocr_line' id='line_1_18' title="bbox 293 1742 1806 1835; baseline 0.003 -20"><span class='ocrx_word' id='word_1_112' title='bbox 293 1760 438 1829; x_wconf 88' lang='lat' dir='ltr'><strong>Quid</strong></span> <span class='ocrx_word' id='word_1_113' title='bbox 476 1769 660 1816; x_wconf 91' lang='lat' dir='ltr'><strong>autem</strong></span> <span class='ocrx_word' id='word_1_114' title='bbox 692 1761 806 1833; x_wconf 90' lang='lat' dir='ltr'><strong>ipse</strong></span> <span class='ocrx_word' id='word_1_115' title='bbox 842 1762 1071 1818; x_wconf 88' lang='lat' dir='ltr'><strong>Carolus</strong></span> <span class='ocrx_word' id='word_1_116' title='bbox 1100 1778 1286 1818; x_wconf 89' lang='lat' dir='ltr'><strong>secum</strong></span> <span class='ocrx_word' id='word_1_117' title='bbox 1312 1742 1590 1819; x_wconf 35' lang='lat' dir='ltr'><strong>illa&#39;nocte</strong></span> <span class='ocrx_word' id='word_1_118' title='bbox 1619 1765 1806 1835; x_wconf 82' lang='lat' dir='ltr'><strong>egerit,</strong></span> 
     </span>
    </p>
   </div>
   <div class='ocr_carea' id='block_1_19' title="bbox 218 1854 2539 1960">
    <p class='ocr_par' dir='ltr' id='par_1_19' title="bbox 218 1854 2539 1960">
     <span class='ocr_line' id='line_1_19' title="bbox 218 1854 2539 1960; baseline 0.002 -50"><span class='ocrx_word' id='word_1_119' title='bbox 218 1854 416 1926; x_wconf 89' lang='lat' dir='ltr'><strong>quibus</strong></span> <span class='ocrx_word' id='word_1_120' title='bbox 439 1855 893 1911; x_wconf 86' lang='lat' dir='ltr'><strong>retractationum</strong></span> <span class='ocrx_word' id='word_1_121' title='bbox 913 1855 1229 1912; x_wconf 85' lang='lat' dir='ltr'><strong>verberibus</strong></span> <span class='ocrx_word' id='word_1_122' title='bbox 1249 1872 1400 1913; x_wconf 88' lang='lat' dir='ltr'><strong>ream</strong></span> <span class='ocrx_word' id='word_1_123' title='bbox 1429 1858 1813 1914; x_wconf 89' lang='lat' dir='ltr'><strong>conscientiam</strong></span> <span class='ocrx_word' id='word_1_124' title='bbox 1850 1863 1896 1926; x_wconf 87' lang='grc' dir='ltr'>Β</span> <span class='ocrx_word' id='word_1_125' title='bbox 1929 1887 2161 1943; x_wconf 64' lang='lat' dir='ltr'>viderim</span> <span class='ocrx_word' id='word_1_126' title='bbox 2191 1889 2539 1960; x_wconf 50' lang='lat' dir='ltr'><strong>prmgravari,</strong></span> 
     </span>
    </p>
   </div>
   <div class='ocr_carea' id='block_1_20' title="bbox 218 1947 1812 2022">
    <p class='ocr_par' dir='ltr' id='par_1_20' title="bbox 218 1947 1812 2022">
     <span class='ocr_line' id='line_1_20' title="bbox 218 1947 1812 2022; baseline 0.002 -18"><span class='ocrx_word' id='word_1_127' title='bbox 218 1947 591 2020; x_wconf 84' lang='lat' dir='ltr'><strong>ﬂagellaverit,</strong></span> <span class='ocrx_word' id='word_1_128' title='bbox 622 1964 858 2021; x_wconf 87' lang='lat' dir='ltr'><strong>sequens</strong></span> <span class='ocrx_word' id='word_1_129' title='bbox 881 1951 1068 2022; x_wconf 87' lang='lat' dir='ltr'><strong>utique</strong></span> <span class='ocrx_word' id='word_1_130' title='bbox 1082 1950 1199 2006; x_wconf 90' lang='lat' dir='ltr'><strong>dies</strong></span> <span class='ocrx_word' id='word_1_131' title='bbox 1218 1951 1528 2007; x_wconf 88' lang='lat' dir='ltr'><strong>declaravit.</strong></span> <span class='ocrx_word' id='word_1_132' title='bbox 1561 1956 1726 2020; x_wconf 89' lang='lat' dir='ltr'><strong>Nam,</strong></span> <span class='ocrx_word' id='word_1_133' title='bbox 1749 1961 1812 2008; x_wconf 92' lang='lat' dir='ltr'><strong>ut</strong></span> 
     </span>
    </p>
   </div>
   <div class='ocr_carea' id='block_1_21' title="bbox 218 2042 1810 2116">
    <p class='ocr_par' dir='ltr' id='par_1_21' title="bbox 218 2042 1810 2116">
     <span class='ocr_line' id='line_1_21' title="bbox 218 2042 1810 2116; baseline 0.001 -17"><span class='ocrx_word' id='word_1_134' title='bbox 218 2058 285 2099; x_wconf 86' lang='lat' dir='ltr'><strong>ex</strong></span> <span class='ocrx_word' id='word_1_135' title='bbox 320 2043 437 2113; x_wconf 91' lang='lat' dir='ltr'><strong>ipso</strong></span> <span class='ocrx_word' id='word_1_136' title='bbox 457 2042 659 2099; x_wconf 85' lang='lat' dir='ltr'><strong>effectu</strong></span> <span class='ocrx_word' id='word_1_137' title='bbox 697 2052 864 2115; x_wconf 87' lang='lat' dir='ltr'><strong>gesta</strong></span> <span class='ocrx_word' id='word_1_138' title='bbox 891 2043 969 2099; x_wconf 89' lang='lat' dir='ltr'><strong>rei</strong></span> <span class='ocrx_word' id='word_1_139' title='bbox 1012 2044 1229 2115; x_wconf 88' lang='lat' dir='ltr'><strong>probari</strong></span> <span class='ocrx_word' id='word_1_140' title='bbox 1254 2053 1453 2116; x_wconf 90' lang='lat' dir='ltr'><strong>potest,</strong></span> <span class='ocrx_word' id='word_1_141' title='bbox 1484 2061 1613 2102; x_wconf 86' lang='lat' dir='ltr'><strong>vere</strong></span> <span class='ocrx_word' id='word_1_142' title='bbox 1641 2046 1810 2101; x_wconf 89' lang='lat' dir='ltr'><strong>credi-</strong></span> 
     </span>
    </p>
   </div>
   <div class='ocr_carea' id='block_1_22' title="bbox 216 2136 1811 2208">
    <p class='ocr_par' dir='ltr' id='par_1_22' title="bbox 216 2136 1811 2208">
     <span class='ocr_line' id='line_1_22' title="bbox 216 2136 1811 2208; baseline 0.003 -17"><span class='ocrx_word' id='word_1_143' title='bbox 216 2152 346 2192; x_wconf 89' lang='lat' dir='ltr'><strong>mus</strong></span> <span class='ocrx_word' id='word_1_144' title='bbox 382 2136 530 2208; x_wconf 91' lang='lat' dir='ltr'><strong>quod</strong></span> <span class='ocrx_word' id='word_1_145' title='bbox 552 2140 702 2192; x_wconf 92' lang='lat' dir='ltr'><strong>Deus</strong></span> <span class='ocrx_word' id='word_1_146' title='bbox 737 2137 1085 2194; x_wconf 89' lang='lat' dir='ltr'><strong>conscientia</strong></span> <span class='ocrx_word' id='word_1_147' title='bbox 1108 2137 1278 2207; x_wconf 85' lang='lat' dir='ltr'><strong>judex</strong></span> <span class='ocrx_word' id='word_1_148' title='bbox 1307 2148 1361 2193; x_wconf 91' lang='lat' dir='ltr'><strong>et</strong></span> <span class='ocrx_word' id='word_1_149' title='bbox 1388 2141 1539 2194; x_wconf 88' lang='lat' dir='ltr'><strong>testis</strong></span> <span class='ocrx_word' id='word_1_150' title='bbox 1566 2140 1622 2194; x_wconf 91' lang='lat' dir='ltr'><strong>in</strong></span> <span class='ocrx_word' id='word_1_151' title='bbox 1647 2139 1811 2195; x_wconf 90' lang='lat' dir='ltr'><strong>corde</strong></span> 
     </span>
    </p>
   </div>
   <div class='ocr_carea' id='block_1_23' title="bbox 218 2230 1810 2301">
    <p class='ocr_par' dir='ltr' id='par_1_23' title="bbox 218 2230 1810 2301">
     <span class='ocr_line' id='line_1_23' title="bbox 218 2230 1810 2301; baseline 0.001 -16"><span class='ocrx_word' id='word_1_152' title='bbox 218 2246 319 2286; x_wconf 88' lang='lat' dir='ltr'><strong>suo</strong></span> <span class='ocrx_word' id='word_1_153' title='bbox 345 2230 549 2287; x_wconf 88' lang='lat' dir='ltr'><strong>sederit</strong></span> <span class='ocrx_word' id='word_1_154' title='bbox 572 2245 668 2301; x_wconf 91' lang='lat' dir='ltr'><strong>pro</strong></span> <span class='ocrx_word' id='word_1_155' title='bbox 699 2230 984 2297; x_wconf 88' lang='lat' dir='ltr'><strong>tribunali,</strong></span> <span class='ocrx_word' id='word_1_156' title='bbox 1017 2238 1071 2286; x_wconf 91' lang='lat' dir='ltr'><strong>et</strong></span> <span class='ocrx_word' id='word_1_157' title='bbox 1100 2246 1225 2286; x_wconf 88' lang='lat' dir='ltr'><strong>cum</strong></span> <span class='ocrx_word' id='word_1_158' title='bbox 1249 2246 1313 2286; x_wconf 91' lang='lat' dir='ltr'><strong>eo</strong></span> <span class='ocrx_word' id='word_1_159' title='bbox 1338 2232 1637 2288; x_wconf 79' lang='lat' dir='ltr'><strong>exercuerit</strong></span> <span class='ocrx_word' id='word_1_160' title='bbox 1675 2248 1810 2287; x_wconf 90' lang='lat' dir='ltr'><strong>cen-</strong></span> 
     </span>
    </p>
   </div>
   <div class='ocr_carea' id='block_1_24' title="bbox 217 2323 1808 2396">
    <p class='ocr_par' dir='ltr' id='par_1_24' title="bbox 217 2323 1808 2396">
     <span class='ocr_line' id='line_1_24' title="bbox 217 2323 1808 2396; baseline 0.001 -17"><span class='ocrx_word' id='word_1_161' title='bbox 217 2338 405 2380; x_wconf 85' lang='lat' dir='ltr'><strong>suram</strong></span> <span class='ocrx_word' id='word_1_162' title='bbox 426 2323 619 2395; x_wconf 88' lang='lat' dir='ltr'><strong>judicii</strong></span> <span class='ocrx_word' id='word_1_163' title='bbox 636 2323 739 2391; x_wconf 92' lang='lat' dir='ltr'><strong>sui,</strong></span> <span class='ocrx_word' id='word_1_164' title='bbox 760 2323 855 2379; x_wconf 92' lang='lat' dir='ltr'><strong>ubi</strong></span> <span class='ocrx_word' id='word_1_165' title='bbox 888 2324 1095 2394; x_wconf 90' lang='lat' dir='ltr'><strong>peccati</strong></span> <span class='ocrx_word' id='word_1_166' title='bbox 1128 2324 1485 2390; x_wconf 89' lang='lat' dir='ltr'><strong>conscientia,</strong></span> <span class='ocrx_word' id='word_1_167' title='bbox 1518 2326 1808 2396; x_wconf 89' lang='lat' dir='ltr'><strong>cogitatio-</strong></span> 
     </span>
    </p>
   </div>
   <div class='ocr_carea' id='block_1_25' title="bbox 220 2416 1809 2486">
    <p class='ocr_par' dir='ltr' id='par_1_25' title="bbox 220 2416 1809 2486">
     <span class='ocr_line' id='line_1_25' title="bbox 220 2416 1809 2486; baseline 0.001 -14"><span class='ocrx_word' id='word_1_168' title='bbox 220 2433 357 2474; x_wconf 88' lang='lat' dir='ltr'><strong>num</strong></span> <span class='ocrx_word' id='word_1_169' title='bbox 385 2416 755 2474; x_wconf 87' lang='lat' dir='ltr'><strong>accusantium</strong></span> <span class='ocrx_word' id='word_1_170' title='bbox 792 2432 902 2473; x_wconf 91' lang='lat' dir='ltr'><strong>non</strong></span> <span class='ocrx_word' id='word_1_171' title='bbox 940 2416 1317 2473; x_wconf 84' lang='lat' dir='ltr'><strong>excusantium</strong></span> <span class='ocrx_word' id='word_1_172' title='bbox 1356 2418 1697 2486; x_wconf 88' lang='lat' dir='ltr'><strong>testimonio,</strong></span> <span class='ocrx_word' id='word_1_173' title='bbox 1736 2435 1809 2473; x_wconf 90' lang='lat' dir='ltr'><strong>ne</strong></span> 
     </span>
    </p>
   </div>
   <div class='ocr_carea' id='block_1_26' title="bbox 219 2509 1807 2583">
    <p class='ocr_par' dir='ltr' id='par_1_26' title="bbox 219 2509 1807 2583">
     <span class='ocr_line' id='line_1_26' title="bbox 219 2509 1807 2583; baseline 0.001 -17"><span class='ocrx_word' id='word_1_174' title='bbox 219 2512 438 2567; x_wconf 88' lang='lat' dir='ltr'><strong>veritati</strong></span> <span class='ocrx_word' id='word_1_175' title='bbox 472 2520 527 2568; x_wconf 90' lang='lat' dir='ltr'><strong>et</strong></span> <span class='ocrx_word' id='word_1_176' title='bbox 560 2510 796 2583; x_wconf 89' lang='lat' dir='ltr'><strong>aquitati</strong></span> <span class='ocrx_word' id='word_1_177' title='bbox 833 2511 1125 2578; x_wconf 87' lang='lat' dir='ltr'><strong>resisteret,</strong></span> <span class='ocrx_word' id='word_1_178' title='bbox 1165 2509 1428 2566; x_wconf 88' lang='lat' dir='ltr'><strong>damnata</strong></span> <span class='ocrx_word' id='word_1_179' title='bbox 1458 2519 1539 2567; x_wconf 88' lang='lat' dir='ltr'><strong>est</strong></span> <span class='ocrx_word' id='word_1_180' title='bbox 1576 2518 1631 2567; x_wconf 89' lang='lat' dir='ltr'><strong>et</strong></span> <span class='ocrx_word' id='word_1_181' title='bbox 1671 2527 1807 2567; x_wconf 92' lang='lat' dir='ltr'><strong>con-</strong></span> 
     </span>
    </p>
   </div>
   <div class='ocr_carea' id='block_1_27' title="bbox 216 2603 1809 2675">
    <p class='ocr_par' dir='ltr' id='par_1_27' title="bbox 216 2603 1809 2675">
     <span class='ocr_line' id='line_1_27' title="bbox 216 2603 1809 2675; baseline 0.001 -15"><span class='ocrx_word' id='word_1_182' title='bbox 216 2605 428 2661; x_wconf 86' lang='lat' dir='ltr'><strong>stricta.</strong></span> <span class='ocrx_word' id='word_1_183' title='bbox 460 2608 523 2660; x_wconf 90' lang='lat' dir='ltr'><strong>In</strong></span> <span class='ocrx_word' id='word_1_184' title='bbox 555 2605 857 2661; x_wconf 90' lang='lat' dir='ltr'><strong>crastinum</strong></span> <span class='ocrx_word' id='word_1_185' title='bbox 899 2620 1160 2675; x_wconf 87' lang='lat' dir='ltr'><strong>namque,</strong></span> <span class='ocrx_word' id='word_1_186' title='bbox 1188 2603 1411 2675; x_wconf 87' lang='lat' dir='ltr'><strong>quando</strong></span> <span class='ocrx_word' id='word_1_187' title='bbox 1456 2604 1809 2674; x_wconf 89' lang='lat' dir='ltr'><strong>sperabamus</strong></span> 
     </span>
    </p>
   </div>
   <div class='ocr_carea' id='block_1_28' title="bbox 218 2698 1807 2771">
    <p class='ocr_par' dir='ltr' id='par_1_28' title="bbox 218 2698 1807 2771">
     <span class='ocr_line' id='line_1_28' title="bbox 218 2698 1807 2771; baseline 0 -17"><span class='ocrx_word' id='word_1_188' title='bbox 218 2700 334 2771; x_wconf 89' lang='lat' dir='ltr'><strong>qui,</strong></span> <span class='ocrx_word' id='word_1_189' title='bbox 368 2699 519 2770; x_wconf 80' lang='lat' dir='ltr'><strong>juxta</strong></span> <span class='ocrx_word' id='word_1_190' title='bbox 566 2701 925 2770; x_wconf 67' lang='lat' dir='ltr'><strong>promissum}</strong></span> <span class='ocrx_word' id='word_1_191' title='bbox 946 2714 1132 2764; x_wconf 92' lang='lat' dir='ltr'><strong>suum,</strong></span> <span class='ocrx_word' id='word_1_192' title='bbox 1164 2698 1377 2769; x_wconf 87' lang='lat' dir='ltr'><strong>objecta</strong></span> <span class='ocrx_word' id='word_1_193' title='bbox 1421 2702 1696 2769; x_wconf 84' lang='lat' dir='ltr'><strong>purgaret,</strong></span> <span class='ocrx_word' id='word_1_194' title='bbox 1748 2706 1807 2754; x_wconf 90' lang='lat' dir='ltr'><strong>et</strong></span> 
     </span>
    </p>
   </div>
   <div class='ocr_carea' id='block_1_29' title="bbox 214 2792 1808 2866">
    <p class='ocr_par' dir='ltr' id='par_1_29' title="bbox 214 2792 1808 2866">
     <span class='ocr_line' id='line_1_29' title="bbox 214 2792 1808 2866; baseline -0.002 -17"><span class='ocrx_word' id='word_1_195' title='bbox 214 2794 623 2850; x_wconf 87' lang='lat' dir='ltr'><strong>consecratione</strong></span> <span class='ocrx_word' id='word_1_196' title='bbox 648 2792 878 2866; x_wconf 90' lang='lat' dir='ltr'><strong>dignum</strong></span> <span class='ocrx_word' id='word_1_197' title='bbox 909 2792 1283 2848; x_wconf 86' lang='lat' dir='ltr'><strong>innocentiam</strong></span> <span class='ocrx_word' id='word_1_198' title='bbox 1304 2807 1460 2846; x_wconf 91' lang='lat' dir='ltr'><strong>suam</strong></span> <span class='ocrx_word' id='word_1_199' title='bbox 1489 2801 1808 2847; x_wconf 84' lang='lat' dir='ltr'><strong>monstran-</strong></span> 
     </span>
    </p>
   </div>
   <div class='ocr_carea' id='block_1_30' title="bbox 214 2885 1807 2959">
    <p class='ocr_par' dir='ltr' id='par_1_30' title="bbox 214 2885 1807 2959">
     <span class='ocr_line' id='line_1_30' title="bbox 214 2885 1807 2959; baseline -0.003 -14"><span class='ocrx_word' id='word_1_200' title='bbox 214 2887 287 2945; x_wconf 91' lang='lat' dir='ltr'><strong>do</strong></span> <span class='ocrx_word' id='word_1_201' title='bbox 324 2903 381 2943; x_wconf 85' lang='lat' dir='ltr'><strong>se</strong></span> <span class='ocrx_word' id='word_1_202' title='bbox 410 2888 689 2959; x_wconf 86' lang='lat' dir='ltr'><strong>probaret,</strong></span> <span class='ocrx_word' id='word_1_203' title='bbox 720 2888 809 2943; x_wconf 90' lang='lat' dir='ltr'><strong>ille</strong></span> <span class='ocrx_word' id='word_1_204' title='bbox 843 2887 963 2959; x_wconf 90' lang='lat' dir='ltr'><strong>jam</strong></span> <span class='ocrx_word' id='word_1_205' title='bbox 992 2894 1173 2941; x_wconf 89' lang='lat' dir='ltr'><strong>mente</strong></span> <span class='ocrx_word' id='word_1_206' title='bbox 1206 2885 1493 2953; x_wconf 87' lang='lat' dir='ltr'><strong>confusus,</strong></span> <span class='ocrx_word' id='word_1_207' title='bbox 1522 2901 1634 2941; x_wconf 90' lang='lat' dir='ltr'><strong>non</strong></span> <span class='ocrx_word' id='word_1_208' title='bbox 1664 2887 1807 2940; x_wconf 92' lang='lat' dir='ltr'><strong>ultra</strong></span> 
     </span>
    </p>
   </div>
   <div class='ocr_carea' id='block_1_31' title="bbox 216 2980 1807 3054">
    <p class='ocr_par' dir='ltr' id='par_1_31' title="bbox 216 2980 1807 3054">
     <span class='ocr_line' id='line_1_31' title="bbox 216 2980 1807 3054; baseline -0.001 -16"><span class='ocrx_word' id='word_1_209' title='bbox 216 2982 405 3039; x_wconf 83' lang='lat' dir='ltr'><strong>ferens</strong></span> <span class='ocrx_word' id='word_1_210' title='bbox 429 2990 713 3054; x_wconf 89' lang='lat' dir='ltr'><strong>aspectum</strong></span> <span class='ocrx_word' id='word_1_211' title='bbox 751 2980 990 3047; x_wconf 88' lang='lat' dir='ltr'><strong>concilii,</strong></span> <span class='ocrx_word' id='word_1_212' title='bbox 1018 2990 1071 3037; x_wconf 91' lang='lat' dir='ltr'><strong>et</strong></span> <span class='ocrx_word' id='word_1_213' title='bbox 1100 2981 1334 3036; x_wconf 90' lang='lat' dir='ltr'><strong>interius</strong></span> <span class='ocrx_word' id='word_1_214' title='bbox 1368 2980 1669 3053; x_wconf 89' lang='lat' dir='ltr'><strong>judicatus,</strong></span> <span class='ocrx_word' id='word_1_215' title='bbox 1695 2997 1807 3037; x_wconf 91' lang='lat' dir='ltr'><strong>non</strong></span> 
     </span>
    </p>
   </div>
   <div class='ocr_carea' id='block_1_32' title="bbox 214 3074 1806 3148">
    <p class='ocr_par' dir='ltr' id='par_1_32' title="bbox 214 3074 1806 3148">
     <span class='ocr_line' id='line_1_32' title="bbox 214 3074 1806 3148; baseline 0 -16"><span class='ocrx_word' id='word_1_216' title='bbox 214 3085 369 3133; x_wconf 81' lang='lat' dir='ltr'><strong>extra</strong></span> <span class='ocrx_word' id='word_1_217' title='bbox 391 3077 662 3133; x_wconf 88' lang='lat' dir='ltr'><strong>sustinens</strong></span> <span class='ocrx_word' id='word_1_218' title='bbox 685 3076 898 3148; x_wconf 89' lang='lat' dir='ltr'><strong>pondus</strong></span> <span class='ocrx_word' id='word_1_219' title='bbox 920 3074 1256 3131; x_wconf 89' lang='lat' dir='ltr'><strong>imminentis</strong></span> <span class='ocrx_word' id='word_1_220' title='bbox 1268 3074 1491 3146; x_wconf 91' lang='lat' dir='ltr'><strong>judicii,</strong></span> <span class='ocrx_word' id='word_1_221' title='bbox 1521 3076 1806 3132; x_wconf 88' lang='lat' dir='ltr'><strong>ultraneus</strong></span> 
     </span>
    </p>
   </div>
   <div class='ocr_carea' id='block_1_33' title="bbox 210 3168 1804 3241">
    <p class='ocr_par' dir='ltr' id='par_1_33' title="bbox 210 3168 1804 3241">
     <span class='ocr_line' id='line_1_33' title="bbox 210 3168 1804 3241; baseline -0.001 -15"><span class='ocrx_word' id='word_1_222' title='bbox 210 3170 328 3241; x_wconf 90' lang='lat' dir='ltr'><strong>ipse</strong></span> <span class='ocrx_word' id='word_1_223' title='bbox 363 3170 421 3225; x_wconf 90' lang='lat' dir='ltr'><strong>in</strong></span> <span class='ocrx_word' id='word_1_224' title='bbox 461 3186 518 3226; x_wconf 91' lang='lat' dir='ltr'><strong>se</strong></span> <span class='ocrx_word' id='word_1_225' title='bbox 543 3170 873 3226; x_wconf 90' lang='lat' dir='ltr'><strong>sententiam</strong></span> <span class='ocrx_word' id='word_1_226' title='bbox 921 3169 1061 3237; x_wconf 87' lang='lat' dir='ltr'><strong>tulit,</strong></span> <span class='ocrx_word' id='word_1_227' title='bbox 1094 3177 1147 3224; x_wconf 90' lang='lat' dir='ltr'><strong>et</strong></span> <span class='ocrx_word' id='word_1_228' title='bbox 1177 3168 1442 3224; x_wconf 89' lang='lat' dir='ltr'><strong>annulum</strong></span> <span class='ocrx_word' id='word_1_229' title='bbox 1487 3176 1541 3225; x_wconf 91' lang='lat' dir='ltr'><strong>et</strong></span> <span class='ocrx_word' id='word_1_230' title='bbox 1577 3169 1804 3225; x_wconf 85' lang='lat' dir='ltr'><strong>ferulam</strong></span> 
     </span>
    </p>
   </div>
   <div class='ocr_carea' id='block_1_34' title="bbox 1921 542 3518 619">
    <p class='ocr_par' dir='ltr' id='par_1_34' title="bbox 1921 542 3518 619">
     <span class='ocr_line' id='line_1_34' title="bbox 1921 542 3518 619; baseline 0.006 -20"><span class='ocrx_word' id='word_1_231' title='bbox 1921 542 2036 609; x_wconf 93' lang='lat' dir='ltr'><strong>dio,</strong></span> <span class='ocrx_word' id='word_1_232' title='bbox 2064 550 2280 599; x_wconf 90' lang='lat' dir='ltr'><strong>orantes</strong></span> <span class='ocrx_word' id='word_1_233' title='bbox 2309 552 2365 599; x_wconf 91' lang='lat' dir='ltr'><strong>et</strong></span> <span class='ocrx_word' id='word_1_234' title='bbox 2384 543 2743 616; x_wconf 90' lang='lat' dir='ltr'><strong>deprecantes</strong></span> <span class='ocrx_word' id='word_1_235' title='bbox 2768 557 2834 603; x_wconf 94' lang='lat' dir='ltr'><strong>ut</strong></span> <span class='ocrx_word' id='word_1_236' title='bbox 2853 546 2921 603; x_wconf 91' lang='lat' dir='ltr'><strong>de</strong></span> <span class='ocrx_word' id='word_1_237' title='bbox 2946 563 3120 619; x_wconf 89' lang='lat' dir='ltr'><strong>regno</strong></span> <span class='ocrx_word' id='word_1_238' title='bbox 3149 565 3249 605; x_wconf 93' lang='lat' dir='ltr'><strong>suo</strong></span> <span class='ocrx_word' id='word_1_239' title='bbox 3272 550 3518 608; x_wconf 89' lang='lat' dir='ltr'><strong>eliminet</strong></span> 
     </span>
    </p>
   </div>
   <div class='ocr_carea' id='block_1_35' title="bbox 1924 640 3514 711">
    <p class='ocr_par' dir='ltr' id='par_1_35' title="bbox 1924 640 3514 711">
     <span class='ocr_line' id='line_1_35' title="bbox 1924 640 3514 711; baseline 0.007 -20"><span class='ocrx_word' id='word_1_240' title='bbox 1924 651 2151 693; x_wconf 90' lang='lat' dir='ltr'><strong>omnem</strong></span> <span class='ocrx_word' id='word_1_241' title='bbox 2192 640 2525 709; x_wconf 88' lang='lat' dir='ltr'><strong>apostasiam</strong></span> <span class='ocrx_word' id='word_1_242' title='bbox 2570 650 2623 696; x_wconf 90' lang='lat' dir='ltr'><strong>et</strong></span> <span class='ocrx_word' id='word_1_243' title='bbox 2674 643 2860 699; x_wconf 91' lang='lat' dir='ltr'><strong>omnia</strong></span> <span class='ocrx_word' id='word_1_244' title='bbox 2915 642 3189 711; x_wconf 89' lang='lat' dir='ltr'><strong>scandala,</strong></span> <span class='ocrx_word' id='word_1_245' title='bbox 3232 660 3334 699; x_wconf 90' lang='lat' dir='ltr'><strong>nec</strong></span> <span class='ocrx_word' id='word_1_246' title='bbox 3376 647 3514 701; x_wconf 90' lang='lat' dir='ltr'><strong>ultra</strong></span> 
     </span>
    </p>
   </div>
   <div class='ocr_carea' id='block_1_36' title="bbox 1923 730 3517 808">
    <p class='ocr_par' dir='ltr' id='par_1_36' title="bbox 1923 730 3517 808">
     <span class='ocr_line' id='line_1_36' title="bbox 1923 730 3517 808; baseline 0.006 -23"><span class='ocrx_word' id='word_1_247' title='bbox 1923 730 2183 787; x_wconf 88' lang='lat' dir='ltr'><strong>Satanam</strong></span> <span class='ocrx_word' id='word_1_248' title='bbox 2204 732 2431 805; x_wconf 90' lang='lat' dir='ltr'><strong>ejusque</strong></span> <span class='ocrx_word' id='word_1_249' title='bbox 2456 735 2737 806; x_wconf 87' lang='lat' dir='ltr'><strong>apostolos</strong></span> <span class='ocrx_word' id='word_1_250' title='bbox 2769 738 2827 791; x_wconf 90' lang='lat' dir='ltr'><strong>in</strong></span> <span class='ocrx_word' id='word_1_251' title='bbox 2855 752 2955 793; x_wconf 91' lang='lat' dir='ltr'><strong>sua</strong></span> <span class='ocrx_word' id='word_1_252' title='bbox 2975 746 3165 791; x_wconf 88' lang='lat' dir='ltr'><strong>sancta</strong></span> <span class='ocrx_word' id='word_1_253' title='bbox 3192 753 3421 808; x_wconf 85' lang='lat' dir='ltr'><strong>regnare</strong></span> <span class='ocrx_word' id='word_1_254' title='bbox 3444 741 3517 794; x_wconf 91' lang='lat' dir='ltr'><strong>si-</strong></span> 
     </span>
    </p>
   </div>
   <div class='ocr_carea' id='block_1_37' title="bbox 1922 826 3516 902">
    <p class='ocr_par' dir='ltr' id='par_1_37' title="bbox 1922 826 3516 902">
     <span class='ocr_line' id='line_1_37' title="bbox 1922 826 3516 902; baseline 0.006 -24"><span class='ocrx_word' id='word_1_255' title='bbox 1922 834 2020 879; x_wconf 90' lang='lat' dir='ltr'><strong>nat</strong></span> <span class='ocrx_word' id='word_1_256' title='bbox 2058 826 2301 880; x_wconf 88' lang='lat' dir='ltr'><strong>Ecclesia</strong></span> <span class='ocrx_word' id='word_1_257' title='bbox 2333 843 2347 880; x_wconf 85' lang='lat'><strong>:</strong></span> <span class='ocrx_word' id='word_1_258' title='bbox 2378 826 2477 882; x_wconf 90' lang='lat' dir='ltr'><strong>sed</strong></span> <span class='ocrx_word' id='word_1_259' title='bbox 2517 827 2573 882; x_wconf 92' lang='lat' dir='ltr'><strong>in</strong></span> <span class='ocrx_word' id='word_1_260' title='bbox 2604 829 2865 885; x_wconf 89' lang='lat' dir='ltr'><strong>omnibus</strong></span> <span class='ocrx_word' id='word_1_261' title='bbox 2894 830 3138 885; x_wconf 88' lang='lat' dir='ltr'><strong>consiliis</strong></span> <span class='ocrx_word' id='word_1_262' title='bbox 3166 838 3220 885; x_wconf 91' lang='lat' dir='ltr'><strong>et</strong></span> <span class='ocrx_word' id='word_1_263' title='bbox 3258 832 3516 902; x_wconf 89' lang='lat' dir='ltr'><strong>operibus</strong></span> 
     </span>
    </p>
   </div>
   <div class='ocr_carea' id='block_1_38' title="bbox 1920 917 3515 991">
    <p class='ocr_par' dir='ltr' id='par_1_38' title="bbox 1920 917 3515 991">
     <span class='ocr_line' id='line_1_38' title="bbox 1920 917 3515 991; baseline 0.005 -18"><span class='ocrx_word' id='word_1_264' title='bbox 1920 934 2114 974; x_wconf 89' lang='lat' dir='ltr'><strong>eorum</strong></span> <span class='ocrx_word' id='word_1_265' title='bbox 2145 917 2395 991; x_wconf 90' lang='lat' dir='ltr'><strong>dignetur</strong></span> <span class='ocrx_word' id='word_1_266' title='bbox 2432 937 2616 977; x_wconf 90' lang='lat' dir='ltr'><strong>servos</strong></span> <span class='ocrx_word' id='word_1_267' title='bbox 2644 937 2774 978; x_wconf 90' lang='lat' dir='ltr'><strong>suos</strong></span> <span class='ocrx_word' id='word_1_268' title='bbox 2808 923 3099 991; x_wconf 90' lang='lat' dir='ltr'><strong>consolari,</strong></span> <span class='ocrx_word' id='word_1_269' title='bbox 3133 932 3188 979; x_wconf 90' lang='lat' dir='ltr'><strong>et</strong></span> <span class='ocrx_word' id='word_1_270' title='bbox 3215 922 3515 981; x_wconf 86' lang='lat' dir='ltr'><strong>clementer</strong></span> 
     </span>
    </p>
   </div>
   <div class='ocr_carea' id='block_1_39' title="bbox 1919 1011 3515 1089">
    <p class='ocr_par' dir='ltr' id='par_1_39' title="bbox 1919 1011 3515 1089">
     <span class='ocr_line' id='line_1_39' title="bbox 1919 1011 3515 1089; baseline 0.005 -23"><span class='ocrx_word' id='word_1_271' title='bbox 1919 1011 2147 1083; x_wconf 90' lang='lat' dir='ltr'><strong>implere</strong></span> <span class='ocrx_word' id='word_1_272' title='bbox 2193 1012 2339 1083; x_wconf 87' lang='lat' dir='ltr'><strong>quod</strong></span> <span class='ocrx_word' id='word_1_273' title='bbox 2382 1014 2641 1071; x_wconf 83' lang='lat' dir='ltr'><strong>Ecclesia</strong></span> <span class='ocrx_word' id='word_1_274' title='bbox 2673 1032 2787 1072; x_wconf 90' lang='lat' dir='ltr'><strong>sua</strong></span> <span class='ocrx_word' id='word_1_275' title='bbox 2816 1033 2873 1072; x_wconf 88' lang='lat' dir='ltr'><strong>se</strong></span> <span class='ocrx_word' id='word_1_276' title='bbox 2914 1018 3165 1089; x_wconf 89' lang='lat' dir='ltr'><strong>promisit</strong></span> <span class='ocrx_word' id='word_1_277' title='bbox 3194 1017 3515 1075; x_wconf 85' lang='lat' dir='ltr'><strong>adfuturum</strong></span> 
     </span>
    </p>
   </div>
   <div class='ocr_carea' id='block_1_40' title="bbox 1919 1105 3511 1179">
    <p class='ocr_par' dir='ltr' id='par_1_40' title="bbox 1919 1105 3511 1179">
     <span class='ocr_line' id='line_1_40' title="bbox 1919 1105 3511 1179; baseline 0.006 -18"><span class='ocrx_word' id='word_1_278' title='bbox 1919 1105 2177 1161; x_wconf 90' lang='lat' dir='ltr'><strong>omnibus</strong></span> <span class='ocrx_word' id='word_1_279' title='bbox 2197 1106 2388 1162; x_wconf 90' lang='lat' dir='ltr'><strong>diebus</strong></span> <span class='ocrx_word' id='word_1_280' title='bbox 2438 1123 2608 1179; x_wconf 90' lang='lat' dir='ltr'><strong>usque</strong></span> <span class='ocrx_word' id='word_1_281' title='bbox 2657 1109 2726 1164; x_wconf 92' lang='lat' dir='ltr'><strong>ad</strong></span> <span class='ocrx_word' id='word_1_282' title='bbox 2754 1110 3291 1167; x_wconf 88' lang='lat' dir='ltr'><strong>consummationem</strong></span> <span class='ocrx_word' id='word_1_283' title='bbox 3326 1115 3511 1171; x_wconf 87' lang='lat' dir='ltr'><strong>saculi</strong></span> 
     </span>
    </p>
   </div>
   <div class='ocr_carea' id='block_1_41' title="bbox 1922 1200 2419 1268">
    <p class='ocr_par' dir='ltr' id='par_1_41' title="bbox 1922 1200 2419 1268">
     <span class='ocr_line' id='line_1_41' title="bbox 1922 1200 2419 1268; baseline 0.01 -14"><span class='ocrx_word' id='word_1_284' title='bbox 1922 1200 2136 1265; x_wconf 80' lang='lat' dir='ltr'><strong>(Matth.</strong></span> <span class='ocrx_word' id='word_1_285' title='bbox 2171 1205 2419 1268; x_wconf 78' lang='lat' dir='ltr'><strong>xxvm).</strong></span> 
     </span>
    </p>
   </div>
   <div class='ocr_carea' id='block_1_42' title="bbox 1993 1325 3513 1401">
    <p class='ocr_par' dir='ltr' id='par_1_42' title="bbox 1993 1325 3513 1401">
     <span class='ocr_line' id='line_1_42' title="bbox 1993 1325 3513 1401; baseline 0.005 -22"><span class='ocrx_word' id='word_1_286' title='bbox 1993 1325 2290 1380; x_wconf 91' lang='lat' dir='ltr'><strong>Communi</strong></span> <span class='ocrx_word' id='word_1_287' title='bbox 2318 1334 2501 1381; x_wconf 88' lang='lat' dir='ltr'><strong>autem</strong></span> <span class='ocrx_word' id='word_1_288' title='bbox 2531 1325 2751 1383; x_wconf 90' lang='lat' dir='ltr'><strong>decreto</strong></span> <span class='ocrx_word' id='word_1_289' title='bbox 2795 1329 3114 1400; x_wconf 87' lang='lat' dir='ltr'><strong>pracipiunt</strong></span> <span class='ocrx_word' id='word_1_290' title='bbox 3157 1346 3280 1401; x_wconf 89' lang='lat' dir='ltr'><strong>qua</strong></span> <span class='ocrx_word' id='word_1_291' title='bbox 3318 1331 3374 1385; x_wconf 90' lang='lat' dir='ltr'><strong>in</strong></span> <span class='ocrx_word' id='word_1_292' title='bbox 3410 1330 3513 1386; x_wconf 89' lang='lat' dir='ltr'><strong>hac</strong></span> 
     </span>
    </p>
   </div>
   <div class='ocr_carea' id='block_1_43' title="bbox 1915 1418 3514 1494">
    <p class='ocr_par' dir='ltr' id='par_1_43' title="bbox 1915 1418 3514 1494">
     <span class='ocr_line' id='line_1_43' title="bbox 1915 1418 3514 1494; baseline 0.003 -20"><span class='ocrx_word' id='word_1_293' title='bbox 1915 1418 2127 1489; x_wconf 78' lang='lat' dir='ltr'><strong>synodo</strong></span> <span class='ocrx_word' id='word_1_294' title='bbox 2165 1426 2312 1490; x_wconf 89' lang='lat' dir='ltr'><strong>gesta</strong></span> <span class='ocrx_word' id='word_1_295' title='bbox 2341 1429 2471 1475; x_wconf 92' lang='lat' dir='ltr'><strong>sunt</strong></span> <span class='ocrx_word' id='word_1_296' title='bbox 2500 1421 2887 1477; x_wconf 90' lang='lat' dir='ltr'><strong>ecclesiasticis</strong></span> <span class='ocrx_word' id='word_1_297' title='bbox 2919 1422 3085 1478; x_wconf 88' lang='lat' dir='ltr'><strong>inseri</strong></span> <span class='ocrx_word' id='word_1_298' title='bbox 3134 1424 3322 1494; x_wconf 83' lang='lat' dir='ltr'><strong>gestis,</strong></span> <span class='ocrx_word' id='word_1_299' title='bbox 3371 1433 3425 1479; x_wconf 90' lang='lat' dir='ltr'><strong>et</strong></span> <span class='ocrx_word' id='word_1_300' title='bbox 3459 1425 3514 1479; x_wconf 92' lang='lat' dir='ltr'><strong>in</strong></span> 
     </span>
    </p>
   </div>
   <div class='ocr_carea' id='block_1_44' title="bbox 1914 1511 3515 1588">
    <p class='ocr_par' dir='ltr' id='par_1_44' title="bbox 1914 1511 3515 1588">
     <span class='ocr_line' id='line_1_44' title="bbox 1914 1511 3515 1588; baseline 0.003 -21"><span class='ocrx_word' id='word_1_301' title='bbox 1914 1511 2148 1567; x_wconf 89' lang='lat' dir='ltr'><strong>archivis</strong></span> <span class='ocrx_word' id='word_1_302' title='bbox 2176 1522 2382 1568; x_wconf 88' lang='lat' dir='ltr'><strong>sancta</strong></span> <span class='ocrx_word' id='word_1_303' title='bbox 2408 1514 2743 1586; x_wconf 86' lang='lat' dir='ltr'><strong>Moguntina</strong></span> <span class='ocrx_word' id='word_1_304' title='bbox 2775 1516 3026 1571; x_wconf 84' lang='lat' dir='ltr'><strong>Ecclesia</strong></span> <span class='ocrx_word' id='word_1_305' title='bbox 3056 1518 3262 1571; x_wconf 85' lang='lat' dir='ltr'><strong>servari</strong></span> <span class='ocrx_word' id='word_1_306' title='bbox 3292 1517 3361 1571; x_wconf 88' lang='lat' dir='ltr'><strong>ad</strong></span> <span class='ocrx_word' id='word_1_307' title='bbox 3393 1533 3515 1588; x_wconf 86' lang='lat' dir='ltr'><strong>per-</strong></span> 
     </span>
    </p>
   </div>
   <div class='ocr_carea' id='block_1_45' title="bbox 1918 1606 3514 1682">
    <p class='ocr_par' dir='ltr' id='par_1_45' title="bbox 1918 1606 3514 1682">
     <span class='ocr_line' id='line_1_45' title="bbox 1918 1606 3514 1682; baseline 0.004 -22"><span class='ocrx_word' id='word_1_308' title='bbox 1918 1614 2137 1677; x_wconf 91' lang='lat' dir='ltr'><strong>petuam</strong></span> <span class='ocrx_word' id='word_1_309' title='bbox 2172 1606 2499 1662; x_wconf 88' lang='lat' dir='ltr'><strong>memoriam</strong></span> <span class='ocrx_word' id='word_1_310' title='bbox 2535 1616 2586 1662; x_wconf 91' lang='lat' dir='ltr'><strong>et</strong></span> <span class='ocrx_word' id='word_1_311' title='bbox 2612 1608 2977 1664; x_wconf 89' lang='lat' dir='ltr'><strong>eruditionem</strong></span> <span class='ocrx_word' id='word_1_312' title='bbox 3007 1617 3251 1665; x_wconf 89' lang='lat' dir='ltr'><strong>ventura</strong></span> <span class='ocrx_word' id='word_1_313' title='bbox 3282 1611 3514 1682; x_wconf 87' lang='lat' dir='ltr'><strong>posteri-</strong></span> 
     </span>
    </p>
   </div>
   <div class='ocr_carea' id='block_1_46' title="bbox 1918 1699 3511 1772">
    <p class='ocr_par' dir='ltr' id='par_1_46' title="bbox 1918 1699 3511 1772">
     <span class='ocr_line' id='line_1_46' title="bbox 1918 1699 3511 1772; baseline 0.003 -18"><span class='ocrx_word' id='word_1_314' title='bbox 1918 1700 2061 1767; x_wconf 85' lang='lat' dir='ltr'><strong>tatis,</strong></span> <span class='ocrx_word' id='word_1_315' title='bbox 2110 1708 2168 1754; x_wconf 91' lang='lat' dir='ltr'><strong>ut</strong></span> <span class='ocrx_word' id='word_1_316' title='bbox 2210 1699 2312 1755; x_wconf 78' lang='lat' dir='ltr'><strong>hoc</strong></span> <span class='ocrx_word' id='word_1_317' title='bbox 2352 1701 2631 1772; x_wconf 85' lang='lat' dir='ltr'><strong>majorum</strong></span> <span class='ocrx_word' id='word_1_318' title='bbox 2680 1703 2931 1772; x_wconf 82' lang='lat' dir='ltr'><strong>exemplo</strong></span> <span class='ocrx_word' id='word_1_319' title='bbox 2982 1702 3230 1758; x_wconf 89' lang='lat' dir='ltr'><strong>minores</strong></span> <span class='ocrx_word' id='word_1_320' title='bbox 3259 1703 3511 1761; x_wconf 87' lang='lat' dir='ltr'><strong>instructi</strong></span> 
     </span>
    </p>
   </div>
   <div class='ocr_carea' id='block_1_47' title="bbox 1924 1794 3511 1868">
    <p class='ocr_par' dir='ltr' id='par_1_47' title="bbox 1924 1794 3511 1868">
     <span class='ocr_line' id='line_1_47' title="bbox 1924 1794 3511 1868; baseline 0.004 -21"><span class='ocrx_word' id='word_1_321' title='bbox 1924 1809 2034 1848; x_wconf 90' lang='lat' dir='ltr'><strong>non</strong></span> <span class='ocrx_word' id='word_1_322' title='bbox 2056 1794 2293 1849; x_wconf 89' lang='lat' dir='ltr'><strong>timeant</strong></span> <span class='ocrx_word' id='word_1_323' title='bbox 2322 1796 2592 1861; x_wconf 88' lang='lat' dir='ltr'><strong>resistere,</strong></span> <span class='ocrx_word' id='word_1_324' title='bbox 2626 1795 2670 1851; x_wconf 92' lang='lat' dir='ltr'><strong>si</strong></span> <span class='ocrx_word' id='word_1_325' title='bbox 2718 1796 2773 1850; x_wconf 91' lang='lat' dir='ltr'><strong>in</strong></span> <span class='ocrx_word' id='word_1_326' title='bbox 2817 1795 3135 1867; x_wconf 88' lang='lat' dir='ltr'><strong>hujusmodi</strong></span> <span class='ocrx_word' id='word_1_327' title='bbox 3182 1799 3405 1868; x_wconf 88' lang='lat' dir='ltr'><strong>negotio</strong></span> <span class='ocrx_word' id='word_1_328' title='bbox 3454 1814 3511 1854; x_wconf 89' lang='lat' dir='ltr'><strong>se</strong></span> 
     </span>
    </p>
   </div>
   <div class='ocr_carea' id='block_1_48' title="bbox 2570 1889 3510 1948">
    <p class='ocr_par' dir='ltr' id='par_1_48' title="bbox 2570 1889 3510 1948">
     <span class='ocr_line' id='line_1_48' title="bbox 2570 1889 3510 1948; baseline 0.005 -5"><span class='ocrx_word' id='word_1_329' title='bbox 2570 1889 2873 1946; x_wconf 90' lang='lat' dir='ltr'><strong>certissime</strong></span> <span class='ocrx_word' id='word_1_330' title='bbox 2898 1891 3133 1946; x_wconf 88' lang='lat' dir='ltr'><strong>scientes</strong></span> <span class='ocrx_word' id='word_1_331' title='bbox 3162 1892 3311 1947; x_wconf 91' lang='lat' dir='ltr'><strong>nullo</strong></span> <span class='ocrx_word' id='word_1_332' title='bbox 3342 1891 3510 1948; x_wconf 88' lang='lat' dir='ltr'><strong>modo</strong></span> 
     </span>
    </p>
   </div>
   <div class='ocr_carea' id='block_1_49' title="bbox 1918 1983 3510 2055">
    <p class='ocr_par' dir='ltr' id='par_1_49' title="bbox 1918 1983 3510 2055">
     <span class='ocr_line' id='line_1_49' title="bbox 1918 1983 3510 2055; baseline 0.003 -19"><span class='ocrx_word' id='word_1_333' title='bbox 1918 1983 2154 2054; x_wconf 86' lang='lat' dir='ltr'><strong>gratiam</strong></span> <span class='ocrx_word' id='word_1_334' title='bbox 2187 1983 2424 2055; x_wconf 89' lang='lat' dir='ltr'><strong>Spiritus</strong></span> <span class='ocrx_word' id='word_1_335' title='bbox 2476 1984 2648 2040; x_wconf 90' lang='lat' dir='ltr'><strong>sancti</strong></span> <span class='ocrx_word' id='word_1_336' title='bbox 2692 1983 2946 2039; x_wconf 86' lang='lat' dir='ltr'><strong>ﬁdelibus</strong></span> <span class='ocrx_word' id='word_1_337' title='bbox 2994 1984 3328 2054; x_wconf 87' lang='lat' dir='ltr'><strong>defuturam,</strong></span> <span class='ocrx_word' id='word_1_338' title='bbox 3376 1987 3417 2041; x_wconf 90' lang='lat' dir='ltr'><strong>si</strong></span> <span class='ocrx_word' id='word_1_339' title='bbox 3456 1986 3510 2041; x_wconf 94' lang='lat' dir='ltr'><strong>in</strong></span> 
     </span>
    </p>
   </div>
   <div class='ocr_carea' id='block_1_50' title="bbox 1922 2077 3512 2152">
    <p class='ocr_par' dir='ltr' id='par_1_50' title="bbox 1922 2077 3512 2152">
     <span class='ocr_line' id='line_1_50' title="bbox 1922 2077 3512 2152; baseline 0.003 -20"><span class='ocrx_word' id='word_1_340' title='bbox 1922 2078 2211 2133; x_wconf 88' lang='lat' dir='ltr'><strong>sanctitate</strong></span> <span class='ocrx_word' id='word_1_341' title='bbox 2237 2086 2290 2132; x_wconf 91' lang='lat' dir='ltr'><strong>et</strong></span> <span class='ocrx_word' id='word_1_342' title='bbox 2311 2077 2529 2149; x_wconf 91' lang='lat' dir='ltr'><strong>justitia</strong></span> <span class='ocrx_word' id='word_1_343' title='bbox 2578 2077 2881 2135; x_wconf 85' lang='lat' dir='ltr'><strong>restiteriut</strong></span> <span class='ocrx_word' id='word_1_344' title='bbox 2908 2078 3194 2150; x_wconf 87' lang='lat' dir='ltr'><strong>iujustitia</strong></span> <span class='ocrx_word' id='word_1_345' title='bbox 3235 2095 3412 2152; x_wconf 88' lang='lat' dir='ltr'><strong>usque</strong></span> <span class='ocrx_word' id='word_1_346' title='bbox 3442 2079 3512 2136; x_wconf 89' lang='lat' dir='ltr'><strong>ad</strong></span> 
     </span>
    </p>
   </div>
   <div class='ocr_carea' id='block_1_51' title="bbox 1923 2172 2653 2241">
    <p class='ocr_par' dir='ltr' id='par_1_51' title="bbox 1923 2172 2653 2241">
     <span class='ocr_line' id='line_1_51' title="bbox 1923 2172 2653 2241; baseline 0.003 -15"><span class='ocrx_word' id='word_1_347' title='bbox 1923 2172 2339 2241; x_wconf 88' lang='lat' dir='ltr'><strong>perseverantia</strong></span> <span class='ocrx_word' id='word_1_348' title='bbox 2367 2187 2653 2228; x_wconf 91' lang='lat' dir='ltr'><strong>coronam.</strong></span> 
     </span>
    </p>
   </div>
   <div class='ocr_carea' id='block_1_52' title="bbox 1990 2298 3512 2370">
    <p class='ocr_par' dir='ltr' id='par_1_52' title="bbox 1990 2298 3512 2370">
     <span class='ocr_line' id='line_1_52' title="bbox 1990 2298 3512 2370; baseline 0.004 -19"><span class='ocrx_word' id='word_1_349' title='bbox 1990 2300 2311 2351; x_wconf 89' lang='lat' dir='ltr'><strong>Decernunt</strong></span> <span class='ocrx_word' id='word_1_350' title='bbox 2328 2306 2597 2366; x_wconf 86' lang='lat' dir='ltr'><strong>praterea</strong></span> <span class='ocrx_word' id='word_1_351' title='bbox 2615 2313 2681 2355; x_wconf 85' lang='lat' dir='ltr'><strong>ex</strong></span> <span class='ocrx_word' id='word_1_352' title='bbox 2710 2298 2937 2370; x_wconf 90' lang='lat' dir='ltr'><strong>antiqua</strong></span> <span class='ocrx_word' id='word_1_353' title='bbox 2960 2300 3187 2354; x_wconf 87' lang='lat' dir='ltr'><strong>Patrum</strong></span> <span class='ocrx_word' id='word_1_354' title='bbox 3216 2299 3512 2357; x_wconf 89' lang='lat' dir='ltr'><strong>traditione</strong></span> 
     </span>
    </p>
   </div>
   <div class='ocr_carea' id='block_1_53' title="bbox 1919 2387 3514 2460">
    <p class='ocr_par' dir='ltr' id='par_1_53' title="bbox 1919 2387 3514 2460">
     <span class='ocr_line' id='line_1_53' title="bbox 1919 2387 3514 2460; baseline 0.004 -17"><span class='ocrx_word' id='word_1_355' title='bbox 1919 2395 1973 2443; x_wconf 86' lang='lat' dir='ltr'><strong>ct</strong></span> <span class='ocrx_word' id='word_1_356' title='bbox 2014 2387 2321 2444; x_wconf 90' lang='lat' dir='ltr'><strong>authentica</strong></span> <span class='ocrx_word' id='word_1_357' title='bbox 2372 2390 2676 2460; x_wconf 88' lang='lat' dir='ltr'><strong>priscorum</strong></span> <span class='ocrx_word' id='word_1_358' title='bbox 2706 2391 3065 2446; x_wconf 90' lang='lat' dir='ltr'><strong>conciliorum</strong></span> <span class='ocrx_word' id='word_1_359' title='bbox 3101 2393 3425 2449; x_wconf 90' lang='lat' dir='ltr'><strong>rectitudine</strong></span> <span class='ocrx_word' id='word_1_360' title='bbox 3454 2403 3514 2450; x_wconf 94' lang='lat' dir='ltr'><strong>ut</strong></span> 
     </span>
    </p>
   </div>
   <div class='ocr_carea' id='block_1_54' title="bbox 1920 2481 3511 2554">
    <p class='ocr_par' dir='ltr' id='par_1_54' title="bbox 1920 2481 3511 2554">
     <span class='ocr_line' id='line_1_54' title="bbox 1920 2481 3511 2554; baseline 0.004 -19"><span class='ocrx_word' id='word_1_361' title='bbox 1920 2481 2037 2536; x_wconf 91' lang='lat' dir='ltr'><strong>hac</strong></span> <span class='ocrx_word' id='word_1_362' title='bbox 2061 2481 2248 2537; x_wconf 89' lang='lat' dir='ltr'><strong>omnia</strong></span> <span class='ocrx_word' id='word_1_363' title='bbox 2270 2485 2527 2538; x_wconf 83' lang='lat' dir='ltr'><strong>Romano</strong></span> <span class='ocrx_word' id='word_1_364' title='bbox 2552 2482 2800 2554; x_wconf 88' lang='lat' dir='ltr'><strong>pontiﬁci</strong></span> <span class='ocrx_word' id='word_1_365' title='bbox 2826 2484 3066 2539; x_wconf 90' lang='lat' dir='ltr'><strong>seriatim</strong></span> <span class='ocrx_word' id='word_1_366' title='bbox 3096 2484 3290 2541; x_wconf 88' lang='lat' dir='ltr'><strong>litteris</strong></span> <span class='ocrx_word' id='word_1_367' title='bbox 3308 2486 3511 2541; x_wconf 91' lang='lat' dir='ltr'><strong>inserta</strong></span> 
     </span>
    </p>
   </div>
   <div class='ocr_carea' id='block_1_55' title="bbox 1917 2574 3513 2650">
    <p class='ocr_par' dir='ltr' id='par_1_55' title="bbox 1917 2574 3513 2650">
     <span class='ocr_line' id='line_1_55' title="bbox 1917 2574 3513 2650; baseline 0.004 -22"><span class='ocrx_word' id='word_1_368' title='bbox 1917 2574 2254 2638; x_wconf 88' lang='lat' dir='ltr'><strong>nuntientur,</strong></span> <span class='ocrx_word' id='word_1_369' title='bbox 2302 2582 2365 2629; x_wconf 92' lang='lat' dir='ltr'><strong>ut</strong></span> <span class='ocrx_word' id='word_1_370' title='bbox 2407 2577 2565 2646; x_wconf 88' lang='lat' dir='ltr'><strong>cujus</strong></span> <span class='ocrx_word' id='word_1_371' title='bbox 2613 2574 2878 2632; x_wconf 89' lang='lat' dir='ltr'><strong>mandato</strong></span> <span class='ocrx_word' id='word_1_372' title='bbox 2907 2584 2963 2631; x_wconf 90' lang='lat' dir='ltr'><strong>et</strong></span> <span class='ocrx_word' id='word_1_373' title='bbox 2992 2576 3210 2633; x_wconf 90' lang='lat' dir='ltr'><strong>hortatu</strong></span> <span class='ocrx_word' id='word_1_374' title='bbox 3240 2587 3415 2650; x_wconf 81' lang='lat' dir='ltr'><strong>capta</strong></span> <span class='ocrx_word' id='word_1_375' title='bbox 3458 2587 3513 2634; x_wconf 92' lang='lat' dir='ltr'><strong>et</strong></span> 
     </span>
    </p>
   </div>
   <div class='ocr_carea' id='block_1_56' title="bbox 1919 2666 3509 2738">
    <p class='ocr_par' dir='ltr' id='par_1_56' title="bbox 1919 2666 3509 2738">
     <span class='ocr_line' id='line_1_56' title="bbox 1919 2666 3509 2738; baseline 0.003 -16"><span class='ocrx_word' id='word_1_376' title='bbox 1919 2666 2158 2736; x_wconf 87' lang='lat' dir='ltr'><strong>perfecta</strong></span> <span class='ocrx_word' id='word_1_377' title='bbox 2188 2675 2338 2731; x_wconf 91' lang='lat' dir='ltr'><strong>sunt,</strong></span> <span class='ocrx_word' id='word_1_378' title='bbox 2390 2668 2509 2738; x_wconf 88' lang='lat' dir='ltr'><strong>ejus</strong></span> <span class='ocrx_word' id='word_1_379' title='bbox 2552 2669 2852 2738; x_wconf 88' lang='lat' dir='ltr'><strong>apostolica</strong></span> <span class='ocrx_word' id='word_1_380' title='bbox 2897 2671 3225 2726; x_wconf 88' lang='lat' dir='ltr'><strong>auctoritate</strong></span> <span class='ocrx_word' id='word_1_381' title='bbox 3254 2671 3509 2727; x_wconf 90' lang='lat' dir='ltr'><strong>roborata</strong></span> 
     </span>
    </p>
   </div>
   <div class='ocr_carea' id='block_1_57' title="bbox 1917 2760 3510 2832">
    <p class='ocr_par' dir='ltr' id='par_1_57' title="bbox 1917 2760 3510 2832">
     <span class='ocr_line' id='line_1_57' title="bbox 1917 2760 3510 2832; baseline 0.003 -17"><span class='ocrx_word' id='word_1_382' title='bbox 1917 2760 2230 2825; x_wconf 86' lang='lat' dir='ltr'><strong>ﬁrmentur,</strong></span> <span class='ocrx_word' id='word_1_383' title='bbox 2249 2769 2303 2815; x_wconf 93' lang='lat' dir='ltr'><strong>et</strong></span> <span class='ocrx_word' id='word_1_384' title='bbox 2323 2760 2687 2832; x_wconf 90' lang='lat' dir='ltr'><strong>omnipotenti</strong></span> <span class='ocrx_word' id='word_1_385' title='bbox 2708 2764 2844 2827; x_wconf 92' lang='lat' dir='ltr'><strong>Deo,</strong></span> <span class='ocrx_word' id='word_1_386' title='bbox 2861 2762 2950 2832; x_wconf 90' lang='lat' dir='ltr'><strong>qui</strong></span> <span class='ocrx_word' id='word_1_387' title='bbox 2967 2763 3216 2818; x_wconf 90' lang='lat' dir='ltr'><strong>omnium</strong></span> <span class='ocrx_word' id='word_1_388' title='bbox 3237 2763 3510 2820; x_wconf 85' lang='lat' dir='ltr'><strong>bonorum</strong></span> 
     </span>
    </p>
   </div>
   <div class='ocr_carea' id='block_1_58' title="bbox 1917 2854 3505 2927">
    <p class='ocr_par' dir='ltr' id='par_1_58' title="bbox 1917 2854 3505 2927">
     <span class='ocr_line' id='line_1_58' title="bbox 1917 2854 3505 2927; baseline 0.001 -16"><span class='ocrx_word' id='word_1_389' title='bbox 1917 2864 2109 2911; x_wconf 89' lang='lat' dir='ltr'><strong>auctor</strong></span> <span class='ocrx_word' id='word_1_390' title='bbox 2124 2863 2226 2920; x_wconf 89' lang='lat' dir='ltr'><strong>est,</strong></span> <span class='ocrx_word' id='word_1_391' title='bbox 2258 2856 2457 2911; x_wconf 83' lang='lat' dir='ltr'><strong>Roma</strong></span> <span class='ocrx_word' id='word_1_392' title='bbox 2486 2862 2543 2910; x_wconf 89' lang='lat' dir='ltr'><strong>et</strong></span> <span class='ocrx_word' id='word_1_393' title='bbox 2562 2854 2885 2926; x_wconf 86' lang='lat' dir='ltr'><strong>Moguntia,</strong></span> <span class='ocrx_word' id='word_1_394' title='bbox 2915 2862 2970 2910; x_wconf 90' lang='lat' dir='ltr'><strong>et</strong></span> <span class='ocrx_word' id='word_1_395' title='bbox 2994 2854 3305 2927; x_wconf 87' lang='lat' dir='ltr'><strong>ubicunque</strong></span> <span class='ocrx_word' id='word_1_396' title='bbox 3331 2866 3505 2914; x_wconf 59' lang='lat' dir='ltr'><strong>terra-</strong></span> 
     </span>
    </p>
   </div>
   <div class='ocr_carea' id='block_1_59' title="bbox 1917 2946 3507 3022">
    <p class='ocr_par' dir='ltr' id='par_1_59' title="bbox 1917 2946 3507 3022">
     <span class='ocr_line' id='line_1_59' title="bbox 1917 2946 3507 3022; baseline 0.001 -18"><span class='ocrx_word' id='word_1_397' title='bbox 1917 2964 2043 3004; x_wconf 89' lang='lat' dir='ltr'><strong>rum</strong></span> <span class='ocrx_word' id='word_1_398' title='bbox 2074 2946 2191 3004; x_wconf 86' lang='lat' dir='ltr'><strong>hac</strong></span> <span class='ocrx_word' id='word_1_399' title='bbox 2225 2950 2363 3005; x_wconf 91' lang='lat' dir='ltr'><strong>lecta</strong></span> <span class='ocrx_word' id='word_1_400' title='bbox 2400 2948 2480 3004; x_wconf 87' lang='lat' dir='ltr'><strong>vel</strong></span> <span class='ocrx_word' id='word_1_401' title='bbox 2506 2947 2687 3004; x_wconf 90' lang='lat' dir='ltr'><strong>audita</strong></span> <span class='ocrx_word' id='word_1_402' title='bbox 2720 2947 2947 3016; x_wconf 88' lang='lat' dir='ltr'><strong>fuerint,</strong></span> <span class='ocrx_word' id='word_1_403' title='bbox 2976 2947 3179 3006; x_wconf 86' lang='lat' dir='ltr'><strong>debita</strong></span> <span class='ocrx_word' id='word_1_404' title='bbox 3208 2950 3507 3022; x_wconf 87' lang='lat' dir='ltr'><strong>gratiarum</strong></span> 
     </span>
    </p>
   </div>
   <div class='ocr_carea' id='block_1_60' title="bbox 1916 3041 2983 3100">
    <p class='ocr_par' dir='ltr' id='par_1_60' title="bbox 1916 3041 2983 3100">
     <span class='ocr_line' id='line_1_60' title="bbox 1916 3041 2983 3100; baseline 0.001 -1"><span class='ocrx_word' id='word_1_405' title='bbox 1916 3043 2159 3099; x_wconf 86' lang='lat' dir='ltr'><strong>actiones</strong></span> <span class='ocrx_word' id='word_1_406' title='bbox 2188 3042 2333 3099; x_wconf 86' lang='lat' dir='ltr'><strong>ﬁdeli</strong></span> <span class='ocrx_word' id='word_1_407' title='bbox 2358 3041 2646 3099; x_wconf 89' lang='lat' dir='ltr'><strong>devotione</strong></span> <span class='ocrx_word' id='word_1_408' title='bbox 2678 3042 2983 3100; x_wconf 91' lang='lat' dir='ltr'><strong>solvantur.</strong></span> 
     </span>
    </p>
   </div>
   <div class='ocr_carea' id='block_1_61' title="bbox 1984 3168 3505 3240">
    <p class='ocr_par' dir='ltr' id='par_1_61' title="bbox 1984 3168 3505 3240">
     <span class='ocr_line' id='line_1_61' title="bbox 1984 3168 3505 3240; baseline 0.001 -16"><span class='ocrx_word' id='word_1_409' title='bbox 1984 3172 2122 3225; x_wconf 81' lang='lat' dir='ltr'><strong>Acta</strong></span> <span class='ocrx_word' id='word_1_410' title='bbox 2145 3177 2274 3225; x_wconf 90' lang='lat' dir='ltr'><strong>sunt</strong></span> <span class='ocrx_word' id='word_1_411' title='bbox 2293 3177 2473 3225; x_wconf 93' lang='lat' dir='ltr'><strong>autem</strong></span> <span class='ocrx_word' id='word_1_412' title='bbox 2490 3168 2607 3225; x_wconf 88' lang='lat' dir='ltr'><strong>hac</strong></span> <span class='ocrx_word' id='word_1_413' title='bbox 2626 3169 2768 3239; x_wconf 90' lang='lat' dir='ltr'><strong>apud</strong></span> <span class='ocrx_word' id='word_1_414' title='bbox 2795 3168 3140 3240; x_wconf 88' lang='lat' dir='ltr'><strong>Moguntiam</strong></span> <span class='ocrx_word' id='word_1_415' title='bbox 3157 3170 3505 3240; x_wconf 87' lang='lat' dir='ltr'><strong>metropolim</strong></span> 
     </span>
    </p>
   </div>
   <div class='ocr_carea' id='block_1_62' title="bbox 211 3262 3499 3336">
    <p class='ocr_par' dir='ltr' id='par_1_62' title="bbox 211 3262 3499 3336">
     <span class='ocr_line' id='line_1_62' title="bbox 211 3262 3499 3336; baseline -0 -16"><span class='ocrx_word' id='word_1_416' title='bbox 211 3263 547 3336; x_wconf 87' lang='lat' dir='ltr'><strong>pastoralem</strong></span> <span class='ocrx_word' id='word_1_417' title='bbox 575 3265 625 3320; x_wconf 93' lang='lat' dir='ltr'><strong>ei</strong></span> <span class='ocrx_word' id='word_1_418' title='bbox 654 3279 685 3319; x_wconf 91' lang='lat' dir='ltr'><strong>a</strong></span> <span class='ocrx_word' id='word_1_419' title='bbox 710 3280 817 3336; x_wconf 90' lang='lat' dir='ltr'><strong>quo</strong></span> <span class='ocrx_word' id='word_1_420' title='bbox 847 3262 1050 3335; x_wconf 86' lang='lat' dir='ltr'><strong>injuste</strong></span> <span class='ocrx_word' id='word_1_421' title='bbox 1075 3271 1359 3335; x_wconf 90' lang='lat' dir='ltr'><strong>acceperat</strong></span> <span class='ocrx_word' id='word_1_422' title='bbox 1385 3263 1690 3336; x_wconf 89' lang='lat' dir='ltr'><strong>resignans,</strong></span> <span class='ocrx_word' id='word_1_423' title='bbox 1719 3279 1803 3319; x_wconf 91' lang='lat' dir='ltr'><strong>sa-</strong></span> <span class='ocrx_word' id='word_1_424' title='bbox 1839 3263 1883 3325; x_wconf 88' lang='lat' dir='ltr'><strong>C</strong></span> <span class='ocrx_word' id='word_1_425' title='bbox 1915 3263 2212 3319; x_wconf 89' lang='lat' dir='ltr'><strong>Orientalis</strong></span> <span class='ocrx_word' id='word_1_426' title='bbox 2258 3262 2523 3330; x_wconf 89' lang='lat' dir='ltr'><strong>Francia,</strong></span> <span class='ocrx_word' id='word_1_427' title='bbox 2564 3278 2707 3318; x_wconf 89' lang='lat' dir='ltr'><strong>anno</strong></span> <span class='ocrx_word' id='word_1_428' title='bbox 2753 3262 2820 3317; x_wconf 94' lang='lat' dir='ltr'><strong>ab</strong></span> <span class='ocrx_word' id='word_1_429' title='bbox 2851 3263 3238 3318; x_wconf 86' lang='lat' dir='ltr'><strong>Incarnatione</strong></span> <span class='ocrx_word' id='word_1_430' title='bbox 3280 3264 3499 3319; x_wconf 91' lang='lat' dir='ltr'><strong>Domini</strong></span> 
     </span>
    </p>
   </div>
   <div class='ocr_carea' id='block_1_63' title="bbox 214 3358 1798 3430">
    <p class='ocr_par' dir='ltr' id='par_1_63' title="bbox 214 3358 1798 3430">
     <span class='ocr_line' id='line_1_63' title="bbox 214 3358 1798 3430; baseline -0.001 -16"><span class='ocrx_word' id='word_1_431' title='bbox 214 3358 500 3415; x_wconf 88' lang='lat' dir='ltr'><strong>cerdotum</strong></span> <span class='ocrx_word' id='word_1_432' title='bbox 528 3365 763 3430; x_wconf 81' lang='lat' dir='ltr'><strong>spemet</strong></span> <span class='ocrx_word' id='word_1_433' title='bbox 788 3367 1021 3425; x_wconf 90' lang='lat' dir='ltr'><strong>metum,</strong></span> <span class='ocrx_word' id='word_1_434' title='bbox 1060 3374 1225 3428; x_wconf 88' lang='lat' dir='ltr'><strong>quem</strong></span> <span class='ocrx_word' id='word_1_435' title='bbox 1260 3372 1360 3428; x_wconf 88' lang='lat' dir='ltr'><strong>pro</strong></span> <span class='ocrx_word' id='word_1_436' title='bbox 1413 3373 1477 3413; x_wconf 91' lang='lat' dir='ltr'><strong>eo</strong></span> <span class='ocrx_word' id='word_1_437' title='bbox 1519 3358 1798 3429; x_wconf 90' lang='lat' dir='ltr'><strong>gerebant,</strong></span> 
     </span>
    </p>
   </div>
   <div class='ocr_carea' id='block_1_64' title="bbox 211 3450 1801 3523">
    <p class='ocr_par' dir='ltr' id='par_1_64' title="bbox 211 3450 1801 3523">
     <span class='ocr_line' id='line_1_64' title="bbox 211 3450 1801 3523; baseline 0 -16"><span class='ocrx_word' id='word_1_438' title='bbox 211 3452 400 3507; x_wconf 89' lang='lat' dir='ltr'><strong>labore</strong></span> <span class='ocrx_word' id='word_1_439' title='bbox 435 3453 692 3523; x_wconf 88' lang='lat' dir='ltr'><strong>longioris</strong></span> <span class='ocrx_word' id='word_1_440' title='bbox 740 3451 1059 3523; x_wconf 86' lang='lat' dir='ltr'><strong>quastionis</strong></span> <span class='ocrx_word' id='word_1_441' title='bbox 1104 3450 1358 3518; x_wconf 89' lang='lat' dir='ltr'><strong>absolvit,</strong></span> <span class='ocrx_word' id='word_1_442' title='bbox 1382 3452 1599 3521; x_wconf 90' lang='lat' dir='ltr'><strong>culpam</strong></span> <span class='ocrx_word' id='word_1_443' title='bbox 1645 3467 1801 3507; x_wconf 91' lang='lat' dir='ltr'><strong>suam</strong></span> 
     </span>
    </p>
   </div>
   <div class='ocr_carea' id='block_1_65' title="bbox 209 3543 1801 3619">
    <p class='ocr_par' dir='ltr' id='par_1_65' title="bbox 209 3543 1801 3619">
     <span class='ocr_line' id='line_1_65' title="bbox 209 3543 1801 3619; baseline 0 -19"><span class='ocrx_word' id='word_1_444' title='bbox 209 3562 327 3602; x_wconf 90' lang='lat' dir='ltr'><strong>uno</strong></span> <span class='ocrx_word' id='word_1_445' title='bbox 357 3554 543 3619; x_wconf 85' lang='lat' dir='ltr'><strong>tegens</strong></span> <span class='ocrx_word' id='word_1_446' title='bbox 581 3544 745 3616; x_wconf 90' lang='lat' dir='ltr'><strong>pallio</strong></span> <span class='ocrx_word' id='word_1_447' title='bbox 766 3544 1147 3611; x_wconf 87' lang='lat' dir='ltr'><strong>excusationis,</strong></span> <span class='ocrx_word' id='word_1_448' title='bbox 1180 3543 1349 3616; x_wconf 91' lang='lat' dir='ltr'><strong>quod,</strong></span> <span class='ocrx_word' id='word_1_449' title='bbox 1370 3544 1527 3614; x_wconf 83' lang='lat' dir='ltr'><strong>juxta</strong></span> <span class='ocrx_word' id='word_1_450' title='bbox 1556 3544 1801 3600; x_wconf 88' lang='lat' dir='ltr'><strong>decreta-</strong></span> 
     </span>
    </p>
   </div>
   <div class='ocr_carea' id='block_1_66' title="bbox 205 3637 1695 3710">
    <p class='ocr_par' dir='ltr' id='par_1_66' title="bbox 205 3637 1695 3710">
     <span class='ocr_line' id='line_1_66' title="bbox 205 3637 1695 3710; baseline -0.001 -16"><span class='ocrx_word' id='word_1_451' title='bbox 205 3639 280 3694; x_wconf 87' lang='lat' dir='ltr'><strong>lia</strong></span> <span class='ocrx_word' id='word_1_452' title='bbox 309 3638 592 3695; x_wconf 87' lang='lat' dir='ltr'><strong>Coelestini</strong></span> <span class='ocrx_word' id='word_1_453' title='bbox 622 3654 795 3710; x_wconf 87' lang='lat' dir='ltr'><strong>papa,</strong></span> <span class='ocrx_word' id='word_1_454' title='bbox 826 3640 1093 3707; x_wconf 71' lang='lat' dir='ltr'><strong>episcopus</strong></span> <span class='ocrx_word' id='word_1_455' title='bbox 1113 3638 1241 3691; x_wconf 67' lang='lat' dir='ltr'><strong>dar-2&#39;</strong></span> <span class='ocrx_word' id='word_1_456' title='bbox 1258 3637 1419 3691; x_wconf 80' lang='lat' dir='ltr'><strong>nollet</strong></span> <span class='ocrx_word' id='word_1_457' title='bbox 1448 3639 1695 3703; x_wconf 49' lang='lat' dir='ltr'><strong>invitia?</strong></span> 
     </span>
    </p>
   </div>
   <div class='ocr_carea' id='block_1_67' title="bbox 281 3730 1801 3803">
    <p class='ocr_par' dir='ltr' id='par_1_67' title="bbox 281 3730 1801 3803">
     <span class='ocr_line' id='line_1_67' title="bbox 281 3730 1801 3803; baseline -0.001 -14"><span class='ocrx_word' id='word_1_458' title='bbox 281 3733 539 3790; x_wconf 89' lang='lat' dir='ltr'><strong>Videntes</strong></span> <span class='ocrx_word' id='word_1_459' title='bbox 575 3742 759 3788; x_wconf 90' lang='lat' dir='ltr'><strong>autem</strong></span> <span class='ocrx_word' id='word_1_460' title='bbox 807 3730 1142 3786; x_wconf 91' lang='lat' dir='ltr'><strong>sanctissimi</strong></span> <span class='ocrx_word' id='word_1_461' title='bbox 1178 3730 1490 3786; x_wconf 89' lang='lat' dir='ltr'><strong>sacerdotes</strong></span> <span class='ocrx_word' id='word_1_462' title='bbox 1527 3732 1801 3803; x_wconf 90' lang='lat' dir='ltr'><strong>magnalia</strong></span> 
     </span>
    </p>
   </div>
   <div class='ocr_carea' id='block_1_68' title="bbox 206 3824 1801 3899">
    <p class='ocr_par' dir='ltr' id='par_1_68' title="bbox 206 3824 1801 3899">
     <span class='ocr_line' id='line_1_68' title="bbox 206 3824 1801 3899; baseline -0.001 -15"><span class='ocrx_word' id='word_1_463' title='bbox 206 3842 333 3899; x_wconf 86' lang='lat' dir='ltr'><strong>qua</strong></span> <span class='ocrx_word' id='word_1_464' title='bbox 353 3826 479 3883; x_wconf 87' lang='lat' dir='ltr'><strong>fecit</strong></span> <span class='ocrx_word' id='word_1_465' title='bbox 490 3827 780 3892; x_wconf 88' lang='lat' dir='ltr'><strong>Dominus,</strong></span> <span class='ocrx_word' id='word_1_466' title='bbox 797 3833 851 3880; x_wconf 90' lang='lat' dir='ltr'><strong>et</strong></span> <span class='ocrx_word' id='word_1_467' title='bbox 871 3825 1014 3880; x_wconf 80' lang='lat' dir='ltr'><strong>fideli</strong></span> <span class='ocrx_word' id='word_1_468' title='bbox 1037 3824 1409 3881; x_wconf 87' lang='lat' dir='ltr'><strong>admiratione</strong></span> <span class='ocrx_word' id='word_1_469' title='bbox 1439 3834 1801 3882; x_wconf 89' lang='lat' dir='ltr'><strong>retractantes</strong></span> 
     </span>
    </p>
   </div>
   <div class='ocr_carea' id='block_1_69' title="bbox 207 3918 1799 3992">
    <p class='ocr_par' dir='ltr' id='par_1_69' title="bbox 207 3918 1799 3992">
     <span class='ocr_line' id='line_1_69' title="bbox 207 3918 1799 3992; baseline 0.001 -18"><span class='ocrx_word' id='word_1_470' title='bbox 207 3935 375 3991; x_wconf 92' lang='lat' dir='ltr'><strong>quam</strong></span> <span class='ocrx_word' id='word_1_471' title='bbox 407 3918 985 3990; x_wconf 88' lang='lat' dir='ltr'><strong>incomprehensibilia</strong></span> <span class='ocrx_word' id='word_1_472' title='bbox 1006 3918 1116 3975; x_wconf 90' lang='lat' dir='ltr'><strong>sint</strong></span> <span class='ocrx_word' id='word_1_473' title='bbox 1127 3918 1336 3990; x_wconf 92' lang='lat' dir='ltr'><strong>judicia</strong></span> <span class='ocrx_word' id='word_1_474' title='bbox 1357 3919 1473 3992; x_wconf 85' lang='lat' dir='ltr'><strong>ejus</strong></span> <span class='ocrx_word' id='word_1_475' title='bbox 1498 3927 1552 3975; x_wconf 90' lang='lat' dir='ltr'><strong>et</strong></span> <span class='ocrx_word' id='word_1_476' title='bbox 1576 3919 1799 3976; x_wconf 89' lang='lat' dir='ltr'><strong>investi-</strong></span> 
     </span>
    </p>
   </div>
   <div class='ocr_carea' id='block_1_70' title="bbox 204 4012 1797 4085">
    <p class='ocr_par' dir='ltr' id='par_1_70' title="bbox 204 4012 1797 4085">
     <span class='ocr_line' id='line_1_70' title="bbox 204 4012 1797 4085; baseline 0.001 -17"><span class='ocrx_word' id='word_1_477' title='bbox 204 4012 415 4085; x_wconf 84' lang='lat' dir='ltr'><strong>gabiles</strong></span> <span class='ocrx_word' id='word_1_478' title='bbox 435 4012 532 4068; x_wconf 88' lang='lat' dir='ltr'><strong>via</strong></span> <span class='ocrx_word' id='word_1_479' title='bbox 561 4012 675 4084; x_wconf 88' lang='lat' dir='ltr'><strong>ejus</strong></span> <span class='ocrx_word' id='word_1_480' title='bbox 702 4014 883 4083; x_wconf 50' lang='lat' dir='ltr'><strong>;(Rom.</strong></span> <span class='ocrx_word' id='word_1_481' title='bbox 927 4016 1040 4081; x_wconf 74' lang='grc' dir='ltr'>χι),</span> <span class='ocrx_word' id='word_1_482' title='bbox 1077 4012 1241 4069; x_wconf 90' lang='lat' dir='ltr'><strong>corde</strong></span> <span class='ocrx_word' id='word_1_483' title='bbox 1288 4022 1344 4069; x_wconf 89' lang='lat' dir='ltr'><strong>et</strong></span> <span class='ocrx_word' id='word_1_484' title='bbox 1371 4029 1485 4080; x_wconf 87' lang='lat' dir='ltr'><strong>ore,</strong></span> <span class='ocrx_word' id='word_1_485' title='bbox 1520 4023 1573 4069; x_wconf 92' lang='lat' dir='ltr'><strong>et</strong></span> <span class='ocrx_word' id='word_1_486' title='bbox 1610 4015 1797 4070; x_wconf 89' lang='lat' dir='ltr'><strong>omni-</strong></span> 
     </span>
    </p>
   </div>
   <div class='ocr_carea' id='block_1_71' title="bbox 205 4105 1797 4179">
    <p class='ocr_par' dir='ltr' id='par_1_71' title="bbox 205 4105 1797 4179">
     <span class='ocr_line' id='line_1_71' title="bbox 205 4105 1797 4179; baseline 0.001 -18"><span class='ocrx_word' id='word_1_487' title='bbox 205 4105 375 4162; x_wconf 89' lang='lat' dir='ltr'><strong>moda</strong></span> <span class='ocrx_word' id='word_1_488' title='bbox 400 4105 689 4162; x_wconf 91' lang='lat' dir='ltr'><strong>devotione</strong></span> <span class='ocrx_word' id='word_1_489' title='bbox 715 4105 1049 4163; x_wconf 89' lang='lat' dir='ltr'><strong>benedicunt</strong></span> <span class='ocrx_word' id='word_1_490' title='bbox 1072 4110 1191 4162; x_wconf 93' lang='lat' dir='ltr'><strong>Deo</strong></span> <span class='ocrx_word' id='word_1_491' title='bbox 1225 4106 1514 4172; x_wconf 89' lang='lat' dir='ltr'><strong>altissimo,</strong></span> <span class='ocrx_word' id='word_1_492' title='bbox 1553 4108 1647 4179; x_wconf 92' lang='lat' dir='ltr'><strong>qui</strong></span> <span class='ocrx_word' id='word_1_493' title='bbox 1674 4109 1797 4163; x_wconf 91' lang='lat' dir='ltr'><strong>lon-</strong></span> 
     </span>
    </p>
   </div>
   <div class='ocr_carea' id='block_1_72' title="bbox 1046 4397 3475 4521">
    <p class='ocr_par' dir='ltr' id='par_1_72' title="bbox 1046 4397 3475 4521">
     <span class='ocr_line' id='line_1_72' title="bbox 1046 4397 3475 4521; baseline 0.003 -8"><span class='ocrx_word' id='word_1_494' title='bbox 1046 4400 1820 4515; x_wconf 68' lang='lat' dir='ltr'><strong>EPISTOL/E</strong></span> <span class='ocrx_word' id='word_1_495' title='bbox 1908 4397 2659 4515; x_wconf 84' lang='lat' dir='ltr'><strong>SIGEFRIDI</strong></span> <span class='ocrx_word' id='word_1_496' title='bbox 3464 4510 3475 4521; x_wconf 36' lang='grc' dir='ltr'><strong>κ</strong></span> 
     </span>
    </p>
   </div>
   <div class='ocr_carea' id='block_1_73' title="bbox 1912 3356 3507 3427">
    <p class='ocr_par' dir='ltr' id='par_1_73' title="bbox 1912 3356 3507 3427">
     <span class='ocr_line' id='line_1_73' title="bbox 1912 3356 3507 3427; baseline 0.001 -15"><span class='ocrx_word' id='word_1_497' title='bbox 1912 3363 2074 3424; x_wconf 81' lang='lat'><strong>1071,</strong></span> <span class='ocrx_word' id='word_1_498' title='bbox 2104 3356 2401 3412; x_wconf 89' lang='lat' dir='ltr'><strong>indictione</strong></span> <span class='ocrx_word' id='word_1_499' title='bbox 2426 3371 2569 3424; x_wconf 77' lang='grc' dir='ltr'>γιιι,</span> <span class='ocrx_word' id='word_1_500' title='bbox 2597 3371 2760 3412; x_wconf 81' lang='lat' dir='ltr'><strong>XVIII</strong></span> <span class='ocrx_word' id='word_1_501' title='bbox 2792 3356 3100 3427; x_wconf 90' lang='lat' dir='ltr'><strong>Septemb.,</strong></span> <span class='ocrx_word' id='word_1_502' title='bbox 3130 3366 3397 3427; x_wconf 90' lang='lat' dir='ltr'><strong>regnante</strong></span> <span class='ocrx_word' id='word_1_503' title='bbox 3414 3373 3507 3413; x_wconf 89' lang='lat' dir='ltr'><strong>se-</strong></span> 
     </span>
    </p>
   </div>
   <div class='ocr_carea' id='block_1_74' title="bbox 1910 3449 3505 3521">
    <p class='ocr_par' dir='ltr' id='par_1_74' title="bbox 1910 3449 3505 3521">
     <span class='ocr_line' id='line_1_74' title="bbox 1910 3449 3505 3521; baseline 0 -15"><span class='ocrx_word' id='word_1_504' title='bbox 1910 3451 2204 3506; x_wconf 89' lang='lat' dir='ltr'><strong>renissimo</strong></span> <span class='ocrx_word' id='word_1_505' title='bbox 2261 3449 2524 3505; x_wconf 85' lang='lat' dir='ltr'><strong>Heinrico</strong></span> <span class='ocrx_word' id='word_1_506' title='bbox 2579 3465 2704 3521; x_wconf 89' lang='lat' dir='ltr'><strong>rege</strong></span> <span class='ocrx_word' id='word_1_507' title='bbox 2741 3450 2902 3521; x_wconf 91' lang='lat' dir='ltr'><strong>hujus</strong></span> <span class='ocrx_word' id='word_1_508' title='bbox 2953 3450 3190 3505; x_wconf 91' lang='lat' dir='ltr'><strong>nominis</strong></span> <span class='ocrx_word' id='word_1_509' title='bbox 3229 3453 3320 3519; x_wconf 89' lang='lat' dir='ltr'><strong>lV,</strong></span> <span class='ocrx_word' id='word_1_510' title='bbox 3363 3467 3505 3506; x_wconf 91' lang='lat' dir='ltr'><strong>anno</strong></span> 
     </span>
    </p>
   </div>
   <div class='ocr_carea' id='block_1_75' title="bbox 1912 3542 3497 3616">
    <p class='ocr_par' dir='ltr' id='par_1_75' title="bbox 1912 3542 3497 3616">
     <span class='ocr_line' id='line_1_75' title="bbox 1912 3542 3497 3616; baseline 0.001 -17"><span class='ocrx_word' id='word_1_511' title='bbox 1912 3545 2064 3616; x_wconf 89' lang='lat' dir='ltr'><strong>regni</strong></span> <span class='ocrx_word' id='word_1_512' title='bbox 2094 3544 2208 3615; x_wconf 89' lang='lat' dir='ltr'><strong>ejus</strong></span> <span class='ocrx_word' id='word_1_513' title='bbox 2227 3559 2372 3611; x_wconf 79' lang='lat' dir='ltr'><strong>XIII,</strong></span> <span class='ocrx_word' id='word_1_514' title='bbox 2397 3542 2753 3599; x_wconf 89' lang='lat' dir='ltr'><strong>ordinationis</strong></span> <span class='ocrx_word' id='word_1_515' title='bbox 2775 3558 2904 3598; x_wconf 90' lang='lat' dir='ltr'><strong>vero</strong></span> <span class='ocrx_word' id='word_1_516' title='bbox 2926 3543 3173 3613; x_wconf 87' lang='lat' dir='ltr'><strong>ejusdem</strong></span> <span class='ocrx_word' id='word_1_517' title='bbox 3199 3560 3334 3600; x_wconf 86' lang='lat' dir='ltr'><strong>xvu</strong></span> <span class='ocrx_word' id='word_1_518' title='bbox 3355 3544 3497 3615; x_wconf 87' lang='lat' dir='ltr'><strong>apud</strong></span> 
     </span>
    </p>
   </div>
   <div class='ocr_carea' id='block_1_76' title="bbox 1911 3636 3503 3710">
    <p class='ocr_par' dir='ltr' id='par_1_76' title="bbox 1911 3636 3503 3710">
     <span class='ocr_line' id='line_1_76' title="bbox 1911 3636 3503 3710; baseline 0.002 -18"><span class='ocrx_word' id='word_1_519' title='bbox 1911 3638 2279 3710; x_wconf 87' lang='lat' dir='ltr'><strong>Moguntiam,</strong></span> <span class='ocrx_word' id='word_1_520' title='bbox 2295 3653 2422 3693; x_wconf 92' lang='lat' dir='ltr'><strong>vero</strong></span> <span class='ocrx_word' id='word_1_521' title='bbox 2442 3636 2772 3709; x_wconf 87' lang='lat' dir='ltr'><strong>prasulante</strong></span> <span class='ocrx_word' id='word_1_522' title='bbox 2796 3636 3235 3693; x_wconf 88' lang='lat' dir='ltr'><strong>reverentissimo</strong></span> <span class='ocrx_word' id='word_1_523' title='bbox 3266 3638 3503 3709; x_wconf 90' lang='lat' dir='ltr'><strong>primate</strong></span> 
     </span>
    </p>
   </div>
   <div class='ocr_carea' id='block_1_77' title="bbox 1911 3730 3503 3803">
    <p class='ocr_par' dir='ltr' id='par_1_77' title="bbox 1911 3730 3503 3803">
     <span class='ocr_line' id='line_1_77' title="bbox 1911 3730 3503 3803; baseline 0 -16"><span class='ocrx_word' id='word_1_524' title='bbox 1911 3731 2133 3799; x_wconf 88' lang='lat' dir='ltr'><strong>Sifrido,</strong></span> <span class='ocrx_word' id='word_1_525' title='bbox 2165 3747 2307 3788; x_wconf 90' lang='lat' dir='ltr'><strong>anno</strong></span> <span class='ocrx_word' id='word_1_526' title='bbox 2331 3730 2695 3787; x_wconf 91' lang='lat' dir='ltr'><strong>ordinationis</strong></span> <span class='ocrx_word' id='word_1_527' title='bbox 2725 3731 2842 3803; x_wconf 90' lang='lat' dir='ltr'><strong>ejus</strong></span> <span class='ocrx_word' id='word_1_528' title='bbox 2864 3746 2981 3797; x_wconf 76' lang='lat' dir='ltr'><strong>XII,</strong></span> <span class='ocrx_word' id='word_1_529' title='bbox 3009 3746 3170 3802; x_wconf 91' lang='lat' dir='ltr'><strong>super</strong></span> <span class='ocrx_word' id='word_1_530' title='bbox 3193 3732 3379 3786; x_wconf 91' lang='lat' dir='ltr'><strong>omnia</strong></span> <span class='ocrx_word' id='word_1_531' title='bbox 3407 3748 3503 3787; x_wconf 86' lang='lat' dir='ltr'><strong>au-</strong></span> 
     </span>
    </p>
   </div>
   <div class='ocr_carea' id='block_1_78' title="bbox 1911 3825 3494 3897">
    <p class='ocr_par' dir='ltr' id='par_1_78' title="bbox 1911 3825 3494 3897">
     <span class='ocr_line' id='line_1_78' title="bbox 1911 3825 3494 3897; baseline -0.001 -17"><span class='ocrx_word' id='word_1_532' title='bbox 1911 3834 2024 3882; x_wconf 90' lang='lat' dir='ltr'><strong>tem</strong></span> <span class='ocrx_word' id='word_1_533' title='bbox 2050 3834 2310 3897; x_wconf 89' lang='lat' dir='ltr'><strong>regnante</strong></span> <span class='ocrx_word' id='word_1_534' title='bbox 2340 3825 2583 3881; x_wconf 90' lang='lat' dir='ltr'><strong>Domino</strong></span> <span class='ocrx_word' id='word_1_535' title='bbox 2615 3832 2807 3881; x_wconf 88' lang='lat' dir='ltr'><strong>nostro</strong></span> <span class='ocrx_word' id='word_1_536' title='bbox 2835 3827 2967 3880; x_wconf 85' lang='lat' dir='ltr'><strong>Jesu</strong></span> <span class='ocrx_word' id='word_1_537' title='bbox 2992 3825 3230 3890; x_wconf 90' lang='lat' dir='ltr'><strong>Christo,</strong></span> <span class='ocrx_word' id='word_1_538' title='bbox 3267 3826 3354 3880; x_wconf 91' lang='lat' dir='ltr'><strong>cui</strong></span> <span class='ocrx_word' id='word_1_539' title='bbox 3386 3842 3494 3881; x_wconf 88' lang='lat' dir='ltr'><strong>non</strong></span> 
     </span>
    </p>
   </div>
   <div class='ocr_carea' id='block_1_79' title="bbox 1909 3917 3498 3989">
    <p class='ocr_par' dir='ltr' id='par_1_79' title="bbox 1909 3917 3498 3989">
     <span class='ocr_line' id='line_1_79' title="bbox 1909 3917 3498 3989; baseline -0.002 -13"><span class='ocrx_word' id='word_1_540' title='bbox 1909 3920 2271 3976; x_wconf 85' lang='lat' dir='ltr'><strong>acceditcras</strong></span> <span class='ocrx_word' id='word_1_541' title='bbox 2321 3919 2589 3987; x_wconf 87' lang='lat' dir='ltr'><strong>futurum,</strong></span> <span class='ocrx_word' id='word_1_542' title='bbox 2621 3935 2723 3975; x_wconf 90' lang='lat' dir='ltr'><strong>nec</strong></span> <span class='ocrx_word' id='word_1_543' title='bbox 2756 3917 2960 3975; x_wconf 91' lang='lat' dir='ltr'><strong>recedit</strong></span> <span class='ocrx_word' id='word_1_544' title='bbox 2987 3918 3105 3974; x_wconf 90' lang='lat' dir='ltr'><strong>heri</strong></span> <span class='ocrx_word' id='word_1_545' title='bbox 3136 3919 3498 3989; x_wconf 85' lang='lat' dir='ltr'><strong>prateritum,</strong></span> 
     </span>
    </p>
   </div>
   <div class='ocr_carea' id='block_1_80' title="bbox 1907 4013 3491 4087">
    <p class='ocr_par' dir='ltr' id='par_1_80' title="bbox 1907 4013 3491 4087">
     <span class='ocr_line' id='line_1_80' title="bbox 1907 4013 3491 4087; baseline -0.003 -16"><span class='ocrx_word' id='word_1_546' title='bbox 1907 4014 2001 4071; x_wconf 86' lang='lat' dir='ltr'><strong>sed</strong></span> <span class='ocrx_word' id='word_1_547' title='bbox 2032 4022 2314 4087; x_wconf 90' lang='lat' dir='ltr'><strong>permanet</strong></span> <span class='ocrx_word' id='word_1_548' title='bbox 2340 4014 2733 4087; x_wconf 88' lang='lat' dir='ltr'><strong>sempiternum</strong></span> <span class='ocrx_word' id='word_1_549' title='bbox 2781 4013 2964 4080; x_wconf 89' lang='lat' dir='ltr'><strong>hodie,</strong></span> <span class='ocrx_word' id='word_1_550' title='bbox 3000 4020 3052 4069; x_wconf 90' lang='lat' dir='ltr'><strong>et</strong></span> <span class='ocrx_word' id='word_1_551' title='bbox 3081 4013 3135 4068; x_wconf 90' lang='lat' dir='ltr'><strong>in</strong></span> <span class='ocrx_word' id='word_1_552' title='bbox 3165 4013 3362 4068; x_wconf 82' lang='lat' dir='ltr'><strong>sacula</strong></span> <span class='ocrx_word' id='word_1_553' title='bbox 3391 4028 3491 4067; x_wconf 80' lang='lat' dir='ltr'><strong>sa-</strong></span> 
     </span>
    </p>
   </div>
   <div class='ocr_carea' id='block_1_81' title="bbox 1906 4110 2405 4177">
    <p class='ocr_par' dir='ltr' id='par_1_81' title="bbox 1906 4110 2405 4177">
     <span class='ocr_line' id='line_1_81' title="bbox 1906 4110 2405 4177; baseline -0.004 -12"><span class='ocrx_word' id='word_1_554' title='bbox 1906 4110 2181 4177; x_wconf 91' lang='lat' dir='ltr'><strong>culorum,</strong></span> <span class='ocrx_word' id='word_1_555' title='bbox 2204 4111 2405 4164; x_wconf 85' lang='lat' dir='ltr'><strong>Amen.</strong></span> 
     </span>
    </p>
   </div>
   <div class='ocr_carea' id='block_1_82' title="bbox 2500 4264 3483 4275">
    <p class='ocr_par' dir='ltr' id='par_1_82' title="bbox 2500 4264 3483 4275">
     <span class='ocr_line' id='line_1_82' title="bbox 2500 4264 3483 4275; baseline -0.011 5"><span class='ocrx_word' id='word_1_556' title='bbox 2500 4267 2811 4275; x_wconf 69' lang='lat'><strong>-—-—————</strong></span> <span class='ocrx_word' id='word_1_557' title='bbox 2828 4264 3483 4274; x_wconf 54' lang='lat' dir='ltr'><strong>_——.———————-v.._._..._</strong></span> 
     </span>
    </p>
   </div>
   <div class='ocr_carea' id='block_1_83' title="bbox 1456 4593 2241 4649">
    <p class='ocr_par' dir='ltr' id='par_1_83' title="bbox 1456 4593 2241 4649">
     <span class='ocr_line' id='line_1_83' title="bbox 1456 4593 2241 4649; baseline -0.001 -2"><span class='ocrx_word' id='word_1_558' title='bbox 1456 4593 1773 4648; x_wconf 86' lang='lat' dir='ltr'><strong>EPISCOPI</strong></span> <span class='ocrx_word' id='word_1_559' title='bbox 1814 4593 2241 4649; x_wconf 81' lang='lat' dir='ltr'><strong>MOGUNTINI</strong></span> 
     </span>
    </p>
   </div>
   <div class='ocr_carea' id='block_1_84' title="bbox 624 4730 3073 4825">
    <p class='ocr_par' dir='ltr' id='par_1_84' title="bbox 624 4730 3073 4825">
     <span class='ocr_line' id='line_1_84' title="bbox 624 4730 3073 4825; baseline -0.003 0"><span class='ocrx_word' id='word_1_560' title='bbox 624 4735 776 4825; x_wconf 83' lang='lat' dir='ltr'><strong>AD</strong></span> <span class='ocrx_word' id='word_1_561' title='bbox 843 4733 1683 4825; x_wconf 82' lang='lat' dir='ltr'><strong>ALEXANDRUM</strong></span> <span class='ocrx_word' id='word_1_562' title='bbox 1753 4736 1841 4823; x_wconf 94' lang='grc' dir='ltr'><strong>ΙΙ</strong></span> <span class='ocrx_word' id='word_1_563' title='bbox 1908 4736 2051 4823; x_wconf 88' lang='lat' dir='ltr'><strong>ET</strong></span> <span class='ocrx_word' id='word_1_564' title='bbox 2119 4730 2835 4823; x_wconf 80' lang='lat' dir='ltr'><strong>GREGORIUM</strong></span> <span class='ocrx_word' id='word_1_565' title='bbox 2906 4730 3073 4821; x_wconf 90' lang='lat' dir='ltr'><strong>VII</strong></span> 
     </span>
    </p>
   </div>
   <div class='ocr_carea' id='block_1_85' title="bbox 1436 4884 2241 4943">
    <p class='ocr_par' dir='ltr' id='par_1_85' title="bbox 1436 4884 2241 4943">
     <span class='ocr_line' id='line_1_85' title="bbox 1436 4884 2241 4943; baseline -0.001 -1"><span class='ocrx_word' id='word_1_566' title='bbox 1436 4886 1857 4943; x_wconf 86' lang='lat' dir='ltr'><strong>PONTIFICES</strong></span> <span class='ocrx_word' id='word_1_567' title='bbox 1894 4884 2241 4941; x_wconf 83' lang='lat' dir='ltr'><strong>MAXIMOS</strong></span> 
     </span>
    </p>
   </div>
   <div class='ocr_carea' id='block_1_86' title="bbox 699 4997 2998 5076">
    <p class='ocr_par' dir='ltr' id='par_1_86' title="bbox 699 4997 2998 5076">
     <span class='ocr_line' id='line_1_86' title="bbox 699 4997 2998 5076; baseline -0.006 -13"><span class='ocrx_word' id='word_1_568' title='bbox 699 5008 860 5074; x_wconf 72' lang='lat' dir='ltr'><strong>(Vide</strong></span> <span class='ocrx_word' id='word_1_569' title='bbox 878 5006 1202 5076; x_wconf 71' lang='lat' dir='ltr'><strong>Patrologia:</strong></span> <span class='ocrx_word' id='word_1_570' title='bbox 1227 5011 1352 5062; x_wconf 86' lang='lat' dir='ltr'><strong>tom.</strong></span> <span class='ocrx_word' id='word_1_571' title='bbox 1376 5007 1607 5075; x_wconf 81' lang='lat' dir='ltr'><strong>CXLVI,</strong></span> <span class='ocrx_word' id='word_1_572' title='bbox 1632 5008 1691 5061; x_wconf 75' lang='lat' dir='ltr'><strong>in</strong></span> <span class='ocrx_word' id='word_1_573' title='bbox 1713 5002 2032 5063; x_wconf 75' lang='lat' dir='ltr'><strong>Alemandro</strong></span> <span class='ocrx_word' id='word_1_574' title='bbox 2054 5003 2099 5069; x_wconf 87' lang='grc' dir='ltr'><strong>Ι,</strong></span> <span class='ocrx_word' id='word_1_575' title='bbox 2124 5000 2374 5070; x_wconf 62' lang='grc' dir='ltr'><strong>ειβιιρνα,</strong></span> <span class='ocrx_word' id='word_1_576' title='bbox 2396 5000 2561 5070; x_wconf 86' lang='lat' dir='ltr'><strong>hujus</strong></span> <span class='ocrx_word' id='word_1_577' title='bbox 2582 4999 2716 5052; x_wconf 78' lang='lat' dir='ltr'><strong>tomi</strong></span> <span class='ocrx_word' id='word_1_578' title='bbox 2733 4997 2829 5051; x_wconf 86' lang='lat' dir='ltr'><strong>col.</strong></span> <span class='ocrx_word' id='word_1_579' title='bbox 2854 5001 2998 5061; x_wconf 84' lang='lat'><strong>735.)</strong></span> 
     </span>
    </p>
   </div>
   <div class='ocr_carea' id='block_1_87' title="bbox 205 5133 3467 5161">
    <p class='ocr_par' dir='ltr' id='par_1_87' title="bbox 205 5133 3467 5161">
     <span class='ocr_line' id='line_1_87' title="bbox 205 5133 3467 5161; baseline 0.001 -22"><span class='ocrx_word' id='word_1_580' title='bbox 205 5133 3467 5161; x_wconf 82' lang='lat'><strong>__________________________________________________.</strong></span> 
     </span>
    </p>
   </div>
   <div class='ocr_carea' id='block_1_88' title="bbox 590 5248 3083 5348">
    <p class='ocr_par' dir='ltr' id='par_1_88' title="bbox 590 5248 3083 5348">
     <span class='ocr_line' id='line_1_88' title="bbox 590 5248 3083 5348; baseline -0.006 0"><span class='ocrx_word' id='word_1_581' title='bbox 590 5257 1184 5348; x_wconf 78' lang='lat' dir='ltr'><strong>EPISTOLA</strong></span> <span class='ocrx_word' id='word_1_582' title='bbox 1262 5256 1611 5347; x_wconf 84' lang='lat' dir='ltr'><strong>CLERI</strong></span> <span class='ocrx_word' id='word_1_583' title='bbox 1689 5258 1835 5346; x_wconf 92' lang='lat' dir='ltr'><strong>ET</strong></span> <span class='ocrx_word' id='word_1_584' title='bbox 1910 5252 2341 5343; x_wconf 91' lang='lat' dir='ltr'><strong>POPULI</strong></span> <span class='ocrx_word' id='word_1_585' title='bbox 2415 5248 3083 5342; x_wconf 87' lang='lat' dir='ltr'><strong>MOGUNTINI</strong></span> 
     </span>
    </p>
   </div>
   <div class='ocr_carea' id='block_1_89' title="bbox 1167 5386 2519 5453">
    <p class='ocr_par' dir='ltr' id='par_1_89' title="bbox 1167 5386 2519 5453">
     <span class='ocr_line' id='line_1_89' title="bbox 1167 5386 2519 5453; baseline -0.001 -3"><span class='ocrx_word' id='word_1_586' title='bbox 1167 5392 1271 5451; x_wconf 78' lang='lat' dir='ltr'><strong>AD</strong></span> <span class='ocrx_word' id='word_1_587' title='bbox 1315 5390 1787 5453; x_wconf 81' lang='lat' dir='ltr'><strong>SIGEFRIDUM</strong></span> <span class='ocrx_word' id='word_1_588' title='bbox 1827 5386 2519 5450; x_wconf 84' lang='lat' dir='ltr'><strong>ARCHIEPISCOPUM.</strong></span> 
     </span>
    </p>
   </div>
   <div class='ocr_carea' id='block_1_90' title="bbox 267 5611 1782 5685">
    <p class='ocr_par' dir='ltr' id='par_1_90' title="bbox 267 5611 1782 5685">
     <span class='ocr_line' id='line_1_90' title="bbox 267 5611 1782 5685; baseline -0.002 -13"><span class='ocrx_word' id='word_1_589' title='bbox 267 5619 417 5674; x_wconf 91' lang='lat' dir='ltr'><strong>Patri</strong></span> <span class='ocrx_word' id='word_1_590' title='bbox 443 5632 506 5672; x_wconf 90' lang='lat' dir='ltr'><strong>ac</strong></span> <span class='ocrx_word' id='word_1_591' title='bbox 547 5616 750 5685; x_wconf 89' lang='lat' dir='ltr'><strong>pastori</strong></span> <span class='ocrx_word' id='word_1_592' title='bbox 775 5630 896 5683; x_wconf 92' lang='lat' dir='ltr'><strong>suo,</strong></span> <span class='ocrx_word' id='word_1_593' title='bbox 928 5629 1093 5685; x_wconf 88' lang='lat' dir='ltr'><strong>quam</strong></span> <span class='ocrx_word' id='word_1_594' title='bbox 1123 5611 1415 5669; x_wconf 88' lang='lat' dir='ltr'><strong>venerabili</strong></span> <span class='ocrx_word' id='word_1_595' title='bbox 1444 5621 1557 5669; x_wconf 90' lang='lat' dir='ltr'><strong>tam</strong></span> <span class='ocrx_word' id='word_1_596' title='bbox 1576 5613 1782 5670; x_wconf 88' lang='lat' dir='ltr'><strong>deside-</strong></span> 
     </span>
    </p>
   </div>
   <div class='ocr_carea' id='block_1_91' title="bbox 191 5707 1783 5779">
    <p class='ocr_par' dir='ltr' id='par_1_91' title="bbox 191 5707 1783 5779">
     <span class='ocr_line' id='line_1_91' title="bbox 191 5707 1783 5779; baseline -0.004 -10"><span class='ocrx_word' id='word_1_597' title='bbox 191 5711 370 5777; x_wconf 83' lang='lat' dir='ltr'><strong>rabili,</strong></span> <span class='ocrx_word' id='word_1_598' title='bbox 393 5714 647 5766; x_wconf 76' lang='lat' dir='ltr'><strong>SiraIDo</strong></span> <span class='ocrx_word' id='word_1_599' title='bbox 685 5708 1081 5778; x_wconf 87' lang='lat' dir='ltr'><strong>archiprasuli,</strong></span> <span class='ocrx_word' id='word_1_600' title='bbox 1124 5723 1255 5763; x_wconf 89' lang='lat' dir='ltr'><strong>oves</strong></span> <span class='ocrx_word' id='word_1_601' title='bbox 1286 5722 1498 5778; x_wconf 88' lang='lat' dir='ltr'><strong>pascua</strong></span> <span class='ocrx_word' id='word_1_602' title='bbox 1526 5708 1661 5779; x_wconf 89' lang='lat' dir='ltr'><strong>ejus,</strong></span> <span class='ocrx_word' id='word_1_603' title='bbox 1687 5707 1783 5763; x_wconf 90' lang='lat' dir='ltr'><strong>sci-</strong></span> 
     </span>
    </p>
   </div>
   <div class='ocr_carea' id='block_1_92' title="bbox 188 5800 1781 5873">
    <p class='ocr_par' dir='ltr' id='par_1_92' title="bbox 188 5800 1781 5873">
     <span class='ocr_line' id='line_1_92' title="bbox 188 5800 1781 5873; baseline -0.003 -12"><span class='ocrx_word' id='word_1_604' title='bbox 188 5807 322 5861; x_wconf 91' lang='lat' dir='ltr'><strong>licet</strong></span> <span class='ocrx_word' id='word_1_605' title='bbox 358 5801 642 5858; x_wconf 86' lang='lat' dir='ltr'><strong>nniversus</strong></span> <span class='ocrx_word' id='word_1_606' title='bbox 672 5803 1014 5873; x_wconf 86' lang='lat' dir='ltr'><strong>Moguntina</strong></span> <span class='ocrx_word' id='word_1_607' title='bbox 1038 5800 1185 5857; x_wconf 90' lang='lat' dir='ltr'><strong>sedis</strong></span> <span class='ocrx_word' id='word_1_608' title='bbox 1227 5800 1406 5855; x_wconf 90' lang='lat' dir='ltr'><strong>clerus</strong></span> <span class='ocrx_word' id='word_1_609' title='bbox 1435 5810 1489 5856; x_wconf 90' lang='lat' dir='ltr'><strong>et</strong></span> <span class='ocrx_word' id='word_1_610' title='bbox 1526 5800 1781 5873; x_wconf 89' lang='lat' dir='ltr'><strong>populus,</strong></span> 
     </span>
    </p>
   </div>
   <div class='ocr_carea' id='block_1_93' title="bbox 191 5893 1782 5967">
    <p class='ocr_par' dir='ltr' id='par_1_93' title="bbox 191 5893 1782 5967">
     <span class='ocr_line' id='line_1_93' title="bbox 191 5893 1782 5967; baseline -0.003 -13"><span class='ocrx_word' id='word_1_611' title='bbox 191 5912 352 5954; x_wconf 90' lang='lat' dir='ltr'><strong>senes</strong></span> <span class='ocrx_word' id='word_1_612' title='bbox 390 5910 516 5951; x_wconf 92' lang='lat' dir='ltr'><strong>cum</strong></span> <span class='ocrx_word' id='word_1_613' title='bbox 540 5893 877 5966; x_wconf 87' lang='lat' dir='ltr'><strong>junioribus,</strong></span> <span class='ocrx_word' id='word_1_614' title='bbox 918 5895 1111 5953; x_wconf 90' lang='lat' dir='ltr'><strong>divites</strong></span> <span class='ocrx_word' id='word_1_615' title='bbox 1133 5909 1259 5949; x_wconf 91' lang='lat' dir='ltr'><strong>cum</strong></span> <span class='ocrx_word' id='word_1_616' title='bbox 1294 5894 1618 5967; x_wconf 87' lang='lat' dir='ltr'><strong>pauperibus</strong></span> <span class='ocrx_word' id='word_1_617' title='bbox 1651 5910 1782 5951; x_wconf 88' lang='lat' dir='ltr'><strong>uua-</strong></span> 
     </span>
    </p>
   </div>
   <div class='ocr_carea' id='block_1_94' title="bbox 1893 5606 3485 5691">
    <p class='ocr_par' dir='ltr' id='par_1_94' title="bbox 1893 5606 3485 5691">
     <span class='ocr_line' id='line_1_94' title="bbox 1893 5606 3485 5691; baseline -0.004 -23"><span class='ocrx_word' id='word_1_618' title='bbox 1893 5612 2027 5691; x_wconf 87' lang='lat' dir='ltr'><strong>nimi</strong></span> <span class='ocrx_word' id='word_1_619' title='bbox 2056 5611 2344 5668; x_wconf 86' lang='lat' dir='ltr'><strong>devotione</strong></span> <span class='ocrx_word' id='word_1_620' title='bbox 2368 5610 2587 5667; x_wconf 89' lang='lat' dir='ltr'><strong>sedulas</strong></span> <span class='ocrx_word' id='word_1_621' title='bbox 2616 5608 2913 5673; x_wconf 89' lang='lat' dir='ltr'><strong>orationes,</strong></span> <span class='ocrx_word' id='word_1_622' title='bbox 2944 5618 3144 5678; x_wconf 87' lang='lat' dir='ltr'><strong>easque</strong></span> <span class='ocrx_word' id='word_1_623' title='bbox 3164 5621 3292 5662; x_wconf 91' lang='lat' dir='ltr'><strong>cum</strong></span> <span class='ocrx_word' id='word_1_624' title='bbox 3317 5606 3485 5681; x_wconf 87' lang='lat' dir='ltr'><strong>lacry-</strong></span> 
     </span>
    </p>
   </div>
   <div class='ocr_carea' id='block_1_95' title="bbox 1891 5705 2588 5779">
    <p class='ocr_par' dir='ltr' id='par_1_95' title="bbox 1891 5705 2588 5779">
     <span class='ocr_line' id='line_1_95' title="bbox 1891 5705 2588 5779; baseline -0.004 -18"><span class='ocrx_word' id='word_1_625' title='bbox 1891 5705 1998 5761; x_wconf 90' lang='lat' dir='ltr'><strong>mis</strong></span> <span class='ocrx_word' id='word_1_626' title='bbox 2018 5705 2177 5762; x_wconf 93' lang='lat' dir='ltr'><strong>solito</strong></span> <span class='ocrx_word' id='word_1_627' title='bbox 2209 5705 2588 5779; x_wconf 87' lang='lat' dir='ltr'><strong>impensiores.</strong></span> 
     </span>
    </p>
   </div>
   <div class='ocr_carea' id='block_1_96' title="bbox 1962 5792 3486 5863">
    <p class='ocr_par' dir='ltr' id='par_1_96' title="bbox 1962 5792 3486 5863">
     <span class='ocr_line' id='line_1_96' title="bbox 1962 5792 3486 5863; baseline -0.005 -7"><span class='ocrx_word' id='word_1_628' title='bbox 1962 5800 2328 5857; x_wconf 87' lang='lat' dir='ltr'><strong>Obsecramns</strong></span> <span class='ocrx_word' id='word_1_629' title='bbox 2376 5808 2454 5863; x_wconf 89' lang='lat' dir='ltr'><strong>te,</strong></span> <span class='ocrx_word' id='word_1_630' title='bbox 2488 5792 2787 5848; x_wconf 89' lang='lat' dir='ltr'><strong>venerande</strong></span> <span class='ocrx_word' id='word_1_631' title='bbox 2838 5797 3021 5863; x_wconf 89' lang='lat' dir='ltr'><strong>Pater,</strong></span> <span class='ocrx_word' id='word_1_632' title='bbox 3060 5801 3115 5849; x_wconf 91' lang='lat' dir='ltr'><strong>et</strong></span> <span class='ocrx_word' id='word_1_633' title='bbox 3143 5794 3486 5850; x_wconf 87' lang='lat' dir='ltr'><strong>obtestamur</strong></span> 
     </span>
    </p>
   </div>
   <div class='ocr_carea' id='block_1_97' title="bbox 1890 5886 3487 5965">
    <p class='ocr_par' dir='ltr' id='par_1_97' title="bbox 1890 5886 3487 5965">
     <span class='ocr_line' id='line_1_97' title="bbox 1890 5886 3487 5965; baseline -0.003 -15"><span class='ocrx_word' id='word_1_634' title='bbox 1890 5908 1985 5965; x_wconf 91' lang='lat' dir='ltr'><strong>per</strong></span> <span class='ocrx_word' id='word_1_635' title='bbox 2034 5909 2162 5951; x_wconf 90' lang='lat' dir='ltr'><strong>eum</strong></span> <span class='ocrx_word' id='word_1_636' title='bbox 2224 5894 2381 5965; x_wconf 89' lang='lat' dir='ltr'><strong>cujus</strong></span> <span class='ocrx_word' id='word_1_637' title='bbox 2423 5887 2668 5960; x_wconf 85' lang='lat' dir='ltr'><strong>pretioso</strong></span> <span class='ocrx_word' id='word_1_638' title='bbox 2715 5888 2975 5961; x_wconf 88' lang='lat' dir='ltr'><strong>sanguine</strong></span> <span class='ocrx_word' id='word_1_639' title='bbox 3028 5902 3221 5945; x_wconf 88' lang='lat' dir='ltr'><strong>sumus</strong></span> <span class='ocrx_word' id='word_1_640' title='bbox 3272 5886 3487 5946; x_wconf 82' lang='lat' dir='ltr'><strong>redem-</strong></span> 
     </span>
    </p>
   </div>
  </div>
