4052 6196
559 281 692 333 1439

1549 276 1640 329 AD
1679 274 1907 331 OPERA
1946 274 2003 331 S.
2045 274 2365 331 GREGORII
2401 273 2832 330 APPENDICES.

3682 277 3789 331 mo

556 405 653 475 pti,
686 420 782 474 per
810 403 1143 475 pastoralem
1170 416 1361 456 curam
1390 415 1494 471 qua
1521 399 1619 455 tibi
1650 416 1840 456 sumus
1877 401 2138 456 commis-
2169 406 2219 467 Α
2250 416 2344 471 pra
2378 399 2549 455 multa
2582 398 2961 471 constituitur,
2988 405 3047 455 et
3074 397 3387 455 beatiﬂcum
3414 396 3636 454 audiens
3661 400 3793 468 Euge,

552 498 599 552 si
646 497 850 567 (1461),
876 511 971 566 per
1014 495 1368 551 tremendum
1413 492 1635 564 superni
1684 494 1824 566 regis
1850 494 2139 566 judicium,

552 588 904 661 perqueillud
922 588 1165 644 terribile
1186 589 1431 644 tribunal
1450 587 1535 642 cui
1564 587 1625 641 in
1648 587 1735 643 die
1758 587 1950 658 judicii
1975 586 2141 643 debes

551 690 750 748 astare,
783 690 838 737 et
862 680 930 737 de
961 682 1117 738 nobis
1146 682 1383 752 Principi
1414 689 1697 752 pastorum
1724 681 1992 736 rationem
2022 678 2141 736 red-

550 774 698 842 dere,
732 784 793 830 ut
833 776 1151 831 memineris
1186 775 1289 831 diei
1327 776 1473 830 illius
1500 775 1554 829 in
1583 791 1688 846 qua
1718 774 1918 830 divinae
1946 789 2141 829 conse-

548 869 805 924 crationis
834 871 953 925 oleo
983 869 1255 925 delibutus
1284 868 1566 940 suscepisti
1607 884 1798 923 curam
1828 866 2140 922 animarum

549 971 888 1030 nostrarum,
926 972 982 1018 et
1009 965 1065 1019 in
1090 963 1447 1034 apostolicam
1485 970 1773 1032 promotus
1802 961 2141 1017 benedictio-

550 1071 703 1123 nem,
733 1057 852 1112 vicc
880 1056 1104 1122 Christi,
1156 1056 1328 1111 factus
1372 1071 1433 1110 es
1460 1063 1641 1126 pastor
1688 1055 1892 1121 ovium,
1937 1054 2143 1109 scilicet

547 1150 768 1221 quando
798 1150 957 1205 datus
985 1159 1067 1205 est
1094 1150 1195 1204 tibi
1223 1149 1453 1204 annulus
1483 1148 1922 1218 desponsationis
1954 1148 2135 1204 Eccle-

545 1244 639 1299 size
664 1252 719 1298 et
748 1243 971 1299 baculus
996 1243 1283 1314 pastoralis
1313 1257 1480 1309 curae,
1511 1242 1767 1313 accepisti
1785 1257 2005 1313 quoque
2032 1243 2140 1298 cla-

549 1351 640 1390 ves
674 1337 825 1407 regni
850 1336 1144 1403 caelorum,
1177 1343 1229 1389 et
1268 1334 1618 1406 judiciariam
1648 1334 1835 1389 sedem
1867 1334 1920 1389 in
1969 1334 2141 1391 choro

550 1429 939 1499 apostolorum.
988 1428 1323 1496 Recordare,
1378 1443 1584 1499 quaeso,
1638 1427 1780 1483 illius
1831 1427 2139 1484 dulcissimi

546 1523 717 1589 verbi,
742 1521 899 1593 quod
928 1523 1026 1577 tibi
1064 1521 1258 1577 eadem
1304 1521 1394 1577 die
1424 1521 1635 1576 dictum
1662 1529 1765 1588 est,
1811 1530 1871 1575 ut
1923 1537 2141 1593 semper

548 1616 868 1671 memineris
911 1615 1011 1670 Dei
1055 1624 1110 1670 et
1145 1613 1391 1686 ejusdem
1419 1615 1545 1671 diei.
1598 1616 1645 1670 Ο
1686 1623 1863 1685 pater,
1912 1631 2011 1669 cur
2038 1631 2141 1670 nos

550 1708 789 1765 deseris?
818 1716 911 1764 aut
939 1710 1023 1763 cui
1068 1724 1168 1764 nos
1197 1708 1472 1764 desolatos
1501 1708 1796 1780 relinquis?
1826 1712 2022 1764 Nonne
2046 1725 2137 1764 ac-

2249 494 2509 564 gaudium
2536 493 2760 548 Domini
2779 494 2862 549 sui
2884 492 3086 548 intrare
3102 492 3325 564 jubetur
3343 494 3490 560 (Luc.
3506 498 3612 557 x11)
3631 494 3793 548 ?Nun-

2252 587 2381 658 quid
2424 591 2620 643 Petrus
2647 596 2701 643 et
2751 587 2945 643 Paulus
2983 594 3038 643 et
3082 586 3267 643 caeteri
3314 586 3567 657 apostoli,
3599 601 3796 657 quorum

2250 680 2432 737 ofﬁcio
2459 679 2720 752 fungeris,
2750 681 2823 735 ita
2865 695 3085 736 crucem
3124 695 3279 736 suam
3310 679 3612 750 bajulantes
3634 694 3799 750 seque-

2250 775 2449 830 bantur
2474 775 2779 829 Dominnm
2820 782 2899 840 ut,
2945 772 3207 830 saeculum
3244 774 3629 844 relinquentes,
3668 774 3801 830 relin-

2249 876 2478 941 querent
2503 867 2668 922 etiam
2689 883 2879 923 curam
2904 867 3255 922 animarum?
3283 868 3477 923 Nonne
3507 869 3694 922 Petrus
3724 883 3802 937 pro

2249 961 2522 1018 lucrandis
2546 960 2853 1029 animabus,
2877 961 3127 1031 exemplo
3150 960 3417 1032 Magistri,
3450 975 3669 1039 crucem
3692 960 3800 1017 sub-

2248 1056 2343 1112 iit?
2373 1058 2439 1110 Et
2466 1054 2664 1110 Paulus
2690 1054 2870 1127 gladio
2902 1055 3170 1110 cervicem
3192 1054 3455 1124 praebuit?
3486 1056 3680 1109 Nonne
3714 1054 3804 1124 ipse

2250 1149 2522 1217 Christus,
2562 1148 2668 1203 vita
2699 1156 2754 1202 et
2792 1148 2940 1202 salus
2975 1156 3187 1215 nostra,
3218 1155 3523 1203 coaeternus
3555 1157 3612 1203 et
3647 1162 3805 1203 coem-

2246 1243 2503 1313 nipotens
2549 1242 2605 1297 in
2639 1242 2758 1296 sinu
2793 1241 2967 1297 Patris
2993 1242 3099 1305 sui,
3137 1239 3400 1296 charitate
3449 1240 3692 1295 salvandi
3727 1240 3806 1296 bo—

2250 1335 2418 1390 minis
2466 1334 2635 1390 homo
2663 1334 2914 1389 mortalis
2954 1333 3135 1389 factus
3180 1341 3261 1388 est
3319 1333 3378 1387 in
3432 1333 3561 1388 sinu
3596 1332 3805 1404 Virginis

2249 1428 2477 1483 matris?
2507 1428 2701 1484 Omnis
2724 1426 2883 1493 ordo,
2924 1426 3103 1482 omnis
3139 1426 3395 1498 dignitas,
3425 1425 3608 1482 omnis
3632 1425 3806 1497 profes-

2248 1522 2332 1576 sio
2356 1521 2670 1593 apostolicee
2701 1519 2955 1576 subditur
2983 1519 3260 1591 dignitati,
3290 1534 3392 1575 nec
3424 1518 3717 1591 quidquam
3742 1526 3807 1574 est

2248 1614 2303 1668 in
2344 1613 2551 1669 mundo
2575 1614 2907 1669 eminentius
2951 1613 3031 1669 vel
3058 1612 3287 1667 vicinius
3316 1616 3433 1667 Deo
3467 1613 3578 1667 vita
3626 1612 3805 1683 episeo«

2250 1707 2375 1778 pali,
2405 1707 2490 1762 cui
2532 1706 2679 1762 cedit
2702 1707 2883 1762 omnis
2922 1706 3243 1774 monachus,
3277 1704 3357 1761 vel
3394 1705 3609 1771 minor,
3641 1706 3710 1760 vel
3736 1720 3807 1759 re-

549 1802 738 1873 cepisti
781 1803 1077 1870 annulum,
1124 1810 1184 1857 ut
1227 1802 1528 1858 Ecclesiam
1574 1810 1748 1869 tuam,
1795 1802 1943 1857 velut
1970 1817 2135 1873 spon-
2174 1774 2221 1837 B
2246 1800 2449 1869 clusus,
2481 1800 2660 1856 omnis
2688 1800 2983 1867 casnobita,
3012 1799 3095 1855 vel
3122 1799 3368 1855 eremita.

546 1911 687 1963 sam,
716 1895 998 1968 diligeres?
1028 1895 1284 1951 baculum
1314 1912 1554 1967 quoque,
1587 1904 1646 1950 ut
1674 1910 1795 1951 eam
1826 1911 1856 1950 a
1886 1896 2140 1966 luporum

548 1989 859 2045 incursione
900 1989 1253 2045 defenderes?
1299 1989 1413 2046 Ubi
1464 1998 1549 2045 est
1600 1989 1836 2045 charitas
1889 1989 1977 2044 illa
2032 2005 2135 2061 qua

547 2082 795 2138 Christus
824 2099 924 2153 pro
974 2084 1165 2139 ovibus
1201 2083 1313 2139 suis
1359 2085 1606 2138 animam
1637 2100 1797 2139 suam
1845 2083 2058 2153 posuit?
2089 2092 2142 2137 et

546 2177 740 2232 eadem
769 2177 1034 2233 charitate
1062 2178 1165 2232 tibi
1183 2175 1451 2249 regendas
1472 2177 1785 2233 commisit?
1815 2178 1995 2244 Quare
2020 2191 2143 2246 pro-

542 2270 662 2341 jicis
691 2287 720 2325 a
759 2271 1017 2325 manibus
1058 2271 1168 2325 tuis
1208 2271 1385 2325 claves
1421 2270 1576 2339 regni
1622 2270 1926 2324 cmlorum?
1959 2270 2139 2340 Quare

546 2371 598 2417 te
636 2363 814 2432 ipsum
848 2362 1094 2418 detrudis
1122 2362 1190 2418 de
1219 2361 1365 2426 sede,
1413 2362 1525 2416 imo
1554 2362 1619 2417 de
1665 2361 1835 2416 choro
1865 2362 2140 2431 apostolo-

548 2459 709 2509 rum?
748 2459 1081 2522 Optaremus
1118 2453 1338 2525 quidem
1386 2461 1496 2509 tua;
1527 2454 1839 2524 paternitati
1870 2464 1929 2509 ut
1956 2471 2138 2510 ascen-

543 2545 702 2601 deres
726 2547 793 2602 ad
822 2563 882 2601 ea
909 2547 951 2601 si
984 2563 1087 2618 qua
1118 2556 1299 2601 essent
1346 2546 1558 2615 altiora,
1586 2563 1696 2601 non
1734 2556 1786 2601 te
1814 2546 2135 2604 detruderes

547 2640 615 2695 de
663 2640 893 2694 summis
921 2640 985 2694 ad
1013 2641 1289 2695 inferiora.
1324 2642 1608 2707 Fatemur,
1640 2644 1816 2709 Pater,
1857 2656 1950 2696 eos
1995 2641 2136 2698 bene

548 2732 723 2788 facere
754 2735 846 2805 qui
881 2735 1142 2790 saeculum
1182 2733 1517 2805 relinquunt,
1542 2734 1767 2806 quique,
1806 2735 2015 2806 seipsos
2034 2733 2137 2790 sibi

544 2826 875 2897 abnegantes
916 2835 971 2882 et
998 2842 1219 2882 crucem
1271 2842 1426 2882 suam
1459 2827 1783 2899 bajulantes,
1834 2836 1956 2899 post
1982 2828 2135 2885 Chri-

542 2928 690 2975 stum
720 2920 951 2987 vadunt;
995 2921 1085 2992 qui
1121 2922 1179 2975 in
1207 2920 1363 2976 vinea
1385 2920 1609 2975 Domini
1640 2920 1885 2976 Sabaoth
1919 2922 2130 2977 nullam

472 3034 477 3039 ‘
543 3013 753 3069 colendi
792 3030 982 3069 curam
1014 3022 1377 3085 acceperunt;
1407 3014 1604 3084 quibus
1632 3014 1764 3070 satis
1789 3024 1892 3081 est,
1922 3015 1968 3071 si
2011 3022 2132 3070 tan-

490 3108 497 3115 “
545 3116 666 3162 tum
697 3108 910 3179 possint
934 3123 993 3163 se
1018 3108 1245 3174 salvare,
1285 3107 1427 3178 quia,
1482 3107 1550 3163 de
1588 3108 1739 3163 nullo
1770 3109 1991 3175 habent,
2023 3109 2126 3164 nisi
2160 3140 2206 3204 Ο

512 3198 610 3257 ide
648 3217 730 3267 se,
767 3202 1036 3257 rationem
1084 3200 1329 3256 reddere.
1375 3203 1456 3256 Tu
1486 3210 1691 3269 autem,
1723 3203 1907 3269 Pater,
1934 3202 2131 3258 melius

542 3296 686 3367 regis
716 3294 981 3351 sarculum
1025 3309 1189 3365 quam
1233 3294 1525 3365 relinquis;
1570 3296 1896 3366 propensius
1933 3311 2132 3368 seque-

545 3390 618 3444 ris
660 3395 713 3443 et
764 3387 945 3460 diligis
974 3387 1280 3455 Christum,
1329 3388 1377 3443 si
1420 3403 1546 3444 oves
1594 3390 1713 3460 ejus
1750 3389 1943 3461 pascis.
1995 3390 2133 3462 Quia

542 3485 656 3554 ipse
704 3482 1089 3555 probationem
1120 3480 1426 3537 dilectionis
1448 3481 1567 3539 sua:
1599 3483 1657 3538 in
1698 3484 1979 3554 pascendis
2026 3485 2133 3541 ovi-

543 3577 645 3631 bus
670 3576 783 3631 suis
812 3575 1095 3631 constituit
1115 3575 1306 3632 dicens
1337 3594 1350 3630 :
1380 3578 1441 3633 Si
1462 3578 1649 3647 diligis
1670 3592 1772 3642 me,
1802 3593 1971 3649 pasce
2011 3594 2132 3634 oves

544 3686 684 3724 meas
714 3674 882 3733 (Joan.
916 3674 1066 3735 xxx).

612 3763 691 3815 Ut
716 3778 867 3832 ergo,
904 3764 1053 3818 salva
1105 3764 1422 3828 reverentia,
1470 3764 1790 3833 dixerimus,
1816 3773 1969 3821 tanto
2006 3782 2134 3822 con-

542 3853 771 3908 vinceris
802 3855 984 3909 minus
1007 3855 1293 3911 Christum
1331 3856 1563 3928 diligere
1586 3866 1797 3928 quanto
1836 3867 1889 3916 te
1920 3860 2130 3916 subtra-

543 3945 627 4000 his
648 3962 676 3999 a
701 3945 910 4001 credita
942 3947 1037 4000 tibi
1067 3948 1248 4001 ovium
1270 3949 1384 4019 ejus
1414 3951 1684 4019 pastione.
1719 3952 1978 4023 Nunquid
2004 3968 2130 4008 nam

542 4040 750 4111 gratior
771 4038 819 4093 ei
842 4039 946 4094 erit
969 4040 1060 4111 qui
1092 4039 1241 4094 solus
1270 4048 1325 4094 et
1354 4056 1561 4096 vacuus
1583 4058 1613 4096 a
1644 4058 1823 4099 messe
1851 4044 1919 4099 ad
1946 4060 2159 4101 aream.

540 4132 761 4199 redibit,
811 4140 908 4188 aut
949 4133 1041 4204 qui
1097 4133 1300 4189 multos
1344 4133 1654 4191 animarum
1708 4137 2041 4208 manipulos,
2081 4148 2135 4194 et

539 4234 833 4298 purgatum
860 4225 1083 4280 zizaniis
1123 4227 1365 4282 triticum
1390 4227 1461 4283 ad
1491 4227 1749 4285 horreum
1782 4231 2004 4286 Domini
2046 4234 2129 4289 sui

536 4319 868 4390 reportabit?
907 4320 1017 4375 Cur
1048 4335 1159 4375 non
1186 4320 1495 4377 recordaris
1522 4324 1821 4396 evangelici
1850 4325 1995 4381 illius
2023 4325 2133 4382 dis-

545 4413 867 4481 pensatoris,
918 4412 1032 4485 qui,
1082 4430 1213 4469 cum
1255 4413 1430 4470 ﬁdelis
1471 4423 1524 4470 et
1580 4416 1817 4487 prudens
1860 4416 2133 4474 distribuit

2320 1897 2368 1950 Ο
2398 1896 2557 1951 Pater
2583 1895 2949 1963 sanctissime,
2979 1908 3204 1950 oramus
3226 1901 3280 1949 te
3306 1910 3402 1966 per
3429 1897 3619 1949 Deum
3640 1907 3808 1965 perque

2246 1988 2480 2044 salutem
2517 1988 2718 2044 animae
2760 1995 2892 2055 tuae,
2925 1994 2987 2044 ut
3023 2003 3218 2045 eorum
3261 2002 3387 2059 qua:
3432 1988 3680 2043 dixinms
3704 1985 3809 2041 velis

2248 2082 2543 2151 recordari,
2576 2090 2633 2136 et
2668 2081 2947 2154 vigilanter
2984 2090 3109 2137 ante
3138 2081 3327 2138 oculos
3369 2080 3576 2137 habeas
3608 2079 3807 2136 tribunal

2248 2176 2474 2243 Christi,
2510 2191 2610 2231 nec
2642 2174 2865 2231 deseras
2894 2191 2997 2231 nos
3034 2191 3164 2231 oves
3216 2176 3331 2247 ejus
3377 2191 3516 2247 quas
3551 2173 3806 2245 suscepisti

2243 2269 2499 2336 tuendas,
2527 2280 2586 2323 ut
2602 2269 2672 2324 ab
2699 2285 2762 2324 eo
2783 2284 2895 2323 non
2922 2284 3141 2340 poenam
3169 2268 3544 2340 negligentiae,
3576 2267 3674 2323 sed
3692 2282 3812 2322 mer-

2245 2361 2435 2418 cedem
2465 2361 2789 2418 obedientize
2834 2360 3084 2433 accipias.
3122 2362 3343 2417 Festina
3363 2361 3432 2417 ad
3461 2361 3656 2417 sedem
3680 2367 3811 2415 tuam

2244 2455 2567 2527 quantocius
2604 2453 2784 2510 redire
2822 2462 2878 2510 et
2914 2470 3029 2520 eos,
3065 2455 3160 2527 qui
3208 2455 3265 2510 in
3312 2455 3463 2510 luctu
3502 2462 3557 2511 et
3603 2467 3814 2510 maerore

2242 2558 2391 2615 sunt,
2426 2557 2651 2620 paterno
2694 2546 2896 2605 affectu
2922 2549 3227 2605 consolare.
3256 2551 3383 2604 Jam
3423 2549 3577 2604 enim
3613 2564 3696 2604 res
3720 2547 3813 2618 epi-

2243 2643 2417 2713 scopii
2437 2642 2516 2697 tui
2537 2642 2639 2697 hac
2659 2642 2779 2698 illac
2817 2642 3179 2713 diripiuntur,
3210 2650 3264 2697 et
3288 2642 3461 2697 multa
3480 2642 3589 2697 alia
3623 2642 3687 2697 ab
3713 2639 3816 2696 ofﬁ-

2245 2736 2471 2791 cialibus
2521 2736 2662 2807 regis
2709 2735 3066 2803 invaduntur;
3111 2751 3208 2807 per
3248 2734 3515 2807 plurimas
3586 2735 3819 2807 regiones

2246 2836 2368 2885 tuas
2396 2829 2574 2885 multa
2601 2828 2663 2884 ﬁt
2693 2830 3061 2901 perturbatio;
3092 2828 3161 2885 de
3197 2830 3481 2884 invasione
3515 2828 3667 2885 sedis
3709 2836 3820 2890 tua,

2245 2923 2389 2978 inter
2419 2923 2620 2978 multos
2644 2924 2945 2978 contentio.
2973 2924 3128 2991 Haec,
3159 2925 3336 2991 Pater,
3364 2930 3521 2978 tuum
3547 2937 3722 2978 unum
3739 2936 3819 2975 ea-

2240 3024 2340 3087 put
2387 3016 2573 3071 omnia
2603 3016 2837 3073 sedabit.
2894 3018 3010 3072 Has
3058 3032 3251 3072 omnes
3288 3015 3730 3088 perturbationes
3776 3022 3821 3068 et

2239 3110 2622 3166 contentiones
2645 3110 2761 3165 sola
2797 3110 3088 3181 praesentia
3127 3118 3221 3164 tua
3265 3110 3321 3165 in
3352 3126 3545 3181 pacem
3574 3108 3824 3165 reforma.

2240 3203 2340 3259 bit.
2385 3203 2627 3274 Denique
2657 3204 2701 3259 si
2730 3203 2989 3259 Ecclesiae
3018 3203 3154 3259 scita
3188 3211 3243 3259 et
3265 3219 3541 3259 canonum
3562 3204 3683 3274 jura
3715 3217 3821 3273 per-

2240 3296 2462 3352 mittant
2492 3304 2546 3351 te
2582 3295 2768 3352 sedem
2809 3304 2962 3352 tuam
2989 3297 3317 3368 relinquere,
3357 3304 3415 3352 et
3457 3296 3673 3351 alterius
3700 3308 3821 3366 pro-

2238 3388 2495 3446 fessionis
2522 3389 2693 3445 vitam
2722 3390 3021 3456 instituere,
3048 3397 3110 3444 tu
3140 3398 3329 3445 tamen
3366 3390 3537 3444 nihilo
3584 3404 3815 3460 unquam

2242 3486 2358 3538 Deo
2399 3498 2585 3554 posses
2621 3483 2819 3538 melius
2864 3483 3070 3539 servire
3099 3498 3267 3554 quam
3296 3484 3340 3538 si
3368 3483 3733 3538 intentionem
3764 3480 3823 3537 il-

2241 3577 2350 3632 lam
2375 3590 2620 3644 exueres,
2647 3584 2702 3631 et
2737 3573 2925 3632 sedem
2954 3584 3007 3632 et
3035 3576 3408 3648 episcopatum
3446 3584 3610 3632 tuum
3651 3574 3720 3631 ab
3748 3575 3825 3630 bis

2242 3671 2335 3744 qui
2368 3670 2617 3727 invadere
2646 3670 2835 3727 volunt
2864 3669 3208 3727 defenderes.

2312 3767 2464 3821 Nunc
2493 3776 2633 3835 ergo‘
2647 3773 2700 3820 te
2730 3767 2946 3820 Patrem
2977 3779 3236 3836 rogamus
3260 3778 3363 3819 nos
3405 3762 3522 3829 ﬁlii,
3563 3771 3619 3819 te
3649 3772 3823 3837 pasto-

2242 3874 2359 3915 rem
2391 3874 2518 3913 oves
2547 3857 2724 3929 gregis
2749 3858 2827 3911 tui
2860 3867 2919 3913 ut
2947 3857 3277 3930 quantocius
3320 3856 3391 3913 ad
3416 3872 3516 3912 nos
3551 3857 3743 3913 redeas
3778 3863 3827 3912 et

2242 3952 2492 4007 dolorem
2528 3960 2582 4007 et
2624 3950 2943 4007 maestitiam
2991 3948 3173 4007 cordis
3196 3951 3370 4006 nostri
3414 3952 3710 4006 serenitate
3754 3950 3821 4003 tui

2240 4046 2439 4101 vultus
2482 4044 2748 4117 detergas.
2805 4044 2900 4099 Sin
2958 4053 3169 4112 autem,
3228 4044 3411 4114 primo
3464 4043 3822 4101 invocabimus

2244 4142 2426 4194 Deum
2458 4142 2676 4193 Patrem
2711 4137 2982 4204 omnium,
3014 4136 3395 4192 inclinabimur
3423 4138 3644 4194 Christo
3683 4139 3819 4192 Prin-

2243 4233 2345 4305 cipi
2373 4240 2678 4303 pastorum,
2712 4231 3092 4302 Apostolicum
3120 4230 3413 4287 adversum
3440 4238 3497 4287 te
3536 4230 3821 4295 adibimus,

2244 4326 2300 4382 in
2347 4325 2683 4397 adjutorium
2725 4334 2977 4381 nostrum
3019 4324 3392 4379 invocabimus
3433 4340 3664 4381 omnem
3701 4321 3829 4378 ordi-

2241 4435 2368 4475 nem
2394 4429 2447 4474 et
2473 4418 2822 4491 dignitatem,
2847 4418 3060 4473 nullum
3099 4418 3157 4472 in
3181 4424 3297 4473 toto
3325 4433 3495 4489 regno
3527 4434 3699 4489 quem
3724 4432 3829 4472 non

542 4504 759 4560 familiae
789 4505 1012 4560 Domini
1043 4508 1126 4561 sui
1168 4506 1331 4562 tritici
1366 4523 1701 4577 mensuram,
1744 4518 1797 4565 et
1828 4511 2018 4567 crediti
2050 4522 2133 4568 ta-
2162 4515 2213 4577 D
2248 4529 2506 4584 rogemus
2551 4513 2917 4580 dimittemus;
2963 4512 3295 4583 episcopum,
3338 4519 3392 4566 te
3424 4510 3667 4580 vivente,
3712 4526 3835 4566 nnn~

542 4598 673 4653 lenti
707 4598 923 4654 felicem
952 4615 1180 4656 usuram
1217 4610 1478 4673 reportat,
1506 4603 1558 4657 in
1589 4602 1805 4659 modico
1834 4604 2011 4661 ﬁdelis
2036 4621 2130 4662 su-

587 4802 794 4880 .(1461)
837 4802 999 4855 Anno
1046 4807 1190 4880 71072
1237 4811 1535 4880 recesserat
1581 4804 1883 4880 Sigel'ridus
1922 4808 1978 4862 in
2006 4808 2133 4864 Clu-

545 4874 795 4924 niaeense
840 4874 1261 4946 monasterium;
1314 4876 1585 4946 reliquam
1637 4876 1743 4931 illic
1782 4877 1953 4933 vitam
2005 4894 2136 4934 con-

543 4950 879 5014 sumpturus.
922 4943 1027 4999 Sed
1050 4960 1082 5000 a
1109 4945 1253 5001 clero
1295 4954 1352 5002 et
1380 4943 1579 5018 populo
1610 4949 1936 5019 Moguntino
1976 4966 2133 5007 revo-

2239 4622 2401 4679 quam
2423 4622 2522 4679 pro
2543 4613 2756 4679 pastore
2780 4605 3097 4678 recipiemus
3124 4605 3547 4660 mercenarium.

2241 4817 2396 4866 catus
2416 4807 2607 4865 sedem
2648 4824 2807 4864 suam
2836 4807 3051 4878 recepit.
3079 4808 3161 4863 De
3187 4822 3296 4878 quo
3325 4806 3448 4864 vide
3472 4807 3841 4864 Lambertum

2242 4890 2296 4936 et
2319 4881 2632 4935 Marianum
2662 4881 2719 4935 in
2750 4878 3053 4935 Chronicis.
