4052 6196
141 263 180 276 κ

289 273 424 330 1445

1190 268 1476 329 APPEND.
1513 272 1604 328 Ill.
1641 303 1714 312 —
1747 269 2168 329 MONUMENTA
2208 273 2671 330 GREGORIANA.

3443 276 3577 330 1446

282 405 559 466 nostrum,
605 405 663 454 et
715 397 768 453 in
793 397 1169 456 .meditatione
1216 404 1405 454 nostra
1471 397 1675 454 exarsit
1738 397 1882 470 ignis
1910 403 1963 466 Α
1991 414 2070 454 cae
2148 398 2389 470 pecuniae
2449 396 2738 454 fraudator
2808 397 2868 451 in
2932 395 3176 468 medium
3237 397 3575 469 produceris.

285 493 454 557 (Psal.
477 494 776 560 xxxvm).

352 586 659 657 Loquimur
681 585 843 656 igitur
870 593 924 641 et
961 587 1288 653 clamamus,
1335 585 1632 657 vulpesque
1677 599 1873 657 parvu-

284 678 386 743 las,
432 693 555 748 quae
618 679 806 734 vineas
845 677 1072 734 Domini
1125 679 1506 736 demoliuntur
1554 679 1733 745 (Cant.
1773 684 1881 747 II),

279 778 545 842 quantum
577 785 891 843 possumus,
923 788 1196 840 arcemus,
1227 774 1492 830 timentes
1527 773 1875 844 prophetiam

284 864 433 920 illam
463 863 912 936 exprobrantem:
939 869 1060 924 Non
1094 867 1415 922 ascendist-is
1437 884 1502 921 eae
1533 868 1786 934 adverso,
1814 882 1878 922 ne

284 961 602 1029 opposuistis
646 975 863 1014 murum
905 977 1005 1030 pro
1028 961 1181 1016 domo
1210 964 1394 1030 Israel,
1447 966 1512 1016 ut
1557 963 1774 1016 staretis
1822 963 1877 1013 in.

278 1053 469 1122 prtelio
500 1055 558 1106 in
578 1053 667 1107 die
701 1055 916 1108 Domini
942 1055 1154 1124 (Ezech.
1183 1060 1342 1120 xm).
1368 1055 1632 1121 Audiant,
1660 1069 1771 1109 non
1796 1063 1876 1121 tu,

281 1146 371 1218 qui
401 1160 560 1202 aures
585 1145 798 1216 {babes,
821 1148 1011 1219 etznou
1028 1148 1212 1216 audis;
1245 1148 1338 1220 qui
1387 1149 1572 1204 oculos
1603 1147 1792 1213 babes,
1822 1154 1879 1202 et

282 1254 393 1295 non
421 1239 571 1296 vides
594 1242 769 1297 (Psat.
803 1247 1016 1309 cxm);
1046 1242 1136 1313 qui
1180 1242 1385 1310 lumen,
1417 1242 1567 1314 quod
1597 1241 1654 1296 in
1689 1249 1744 1297 te
1771 1248 1876 1309 est,

283 1333 536 1391 tenebras
574 1334 750 1392 fecisti
781 1338 927 1403 (Luc.
961 1337 1077 1408 x1);
1110 1336 1357 1406 audiant,
1402 1337 1649 1409 inquam,
1683 1352 1876 1420 omnes

283 1427 496 1485 cordati
541 1429 633 1502 qui
656 1445 816 1486 aures
851 1429 1106 1486 audiendi
1157 1430 1380 1499 habent,
1428 1444 1595 1501 quam
1638 1429 1745 1485 alte
1784 1435 1880 1484 aut

285 1538 398 1578 non
440 1522 716 1596 intelligas
744 1531 840 1580 aut
863 1523 1170 1595 intelligere
1197 1523 1511 1580 dissimules
1536 1539 1716 1596 neque
1747 1523 1879 1594 quid

284 1615 544 1687 loquaris,
596 1632 775 1689 neque
805 1617 872 1673 de
901 1618 1100 1690 quibus
1141 1616 1387 1674 afﬁrmes
1416 1620 1458 1683 (Ι
1512 1621 1646 1672 Tim.
1676 1623 1738 1682 ι).
1790 1616 1878 1672 Ad

281 1709 673 1781 subjectionem
724 1711 933 1767 domini
965 1711 1241 1778 Heinrici,
1283 1727 1452 1784 quem
1481 1711 1872 1783 imperatorem

283 1803 494 1873 dicunt,
515 1820 616 1860 nos
640 1804 856 1875 invitas,
891 1813 947 1862 et
973 1804 1034 1862 in
1064 1814 1330 1878 quantum
1360 1806 1664 1879 intelligere
1692 1805 1881 1873 datur,

283 1905 346 1952 ut
388 1913 484 1970 per
506 1899 696 1955 omnia
719 1899 925 1956 subditi
965 1900 1163 1969 simus,
1189 1900 1345 1973 quasi
1377 1901 1678 1972 apostolico
1709 1915 1876 1972 argu-

286 1999 476 2048 mento
509 1992 893 2049 necessitatem
923 1992 1184 2066 imponis,
1216 1995 1404 2051 dicens
1433 2012 1448 2051 :
1479 1996 1661 2050 Omnis
1694 1996 1880 2048 anima

289 2087 647 2156 potestatibus
676 2089 1043 2158 superioribus
1087 2090 1309 2144 subdita.
1345 2091 1444 2159 sit;
1478 2105 1583 2144 non
1620 2093 1697 2144 est
1742 2090 1881 2142 enim

190 2215 197 2219 -
287 2184 548 2249 potestas,
579 2183 688 2236 nisi
725 2198 758 2236 α
791 2185 914 2237 Deo.
951 2183 1058 2250 Qui
1080 2198 1204 2252 ergo
1228 2186 1490 2254 potestati
1520 2185 1741 2245 resistit,
1783 2184 1883 2237 Dei

290 2274 623 2328 ordinationi
650 2278 853 2330 resistit
873 2279 1042 2342 (Rom.
1074 2282 1236 2342 xm).
1275 2280 1450 2347 Quam
1477 2276 1728 2347 Apostoli
1757 2292 1879 2330 seu-

287 2365 519 2420 tentiam
558 2373 615 2420 te
638 2365 784 2420 male
809 2365 1134 2438 intelligere,
1170 2369 1324 2438 pejus
1348 2369 1697 2438 interpretari
1738 2366 1876 2422 dici-

290 2472 433 2512 mus.
463 2456 518 2512 Si
546 2458 693 2512 enim
722 2459 908 2513 omnis
938 2467 1180 2530 potestas
1209 2477 1238 2513 a
1264 2464 1386 2516 Deo
1414 2470 1517 2525 est,
1551 2470 1613 2516 ut
1636 2469 1698 2515 tu
1725 2460 1882 2515 intel-

289 2550 438 2621 ligis,
465 2549 597 2621 quid
648 2559 730 2607 est
775 2550 923 2620 quod
950 2551 1018 2607 de
1050 2552 1381 2622 quibusdam
1431 2552 1564 2607 dicit
1603 2553 1884 2608 Dominus

290 2659 387 2714 per
414 2642 776 2716 prophetam:
807 2646 922 2714 Ipsi
947 2650 1306 2715 regnave-runt
1367 2649 1418 2700 et
1462 2661 1569 2700 non
1640 2661 1709 2700 ea:
1770 2660 1881 2711 me;

283 2735 560 2807 principes
585 2738 929 2802 exstiterunt,
969 2744 1021 2794 et
1057 2755 1168 2793 non
1209 2740 1424 2809 cognovi
1459 2755 1540 2815 eos
1581 2739 1695 2795 Ose.
1725 2743 1882 2802 vni).

287 2831 341 2886 Si
381 2831 563 2887 omnis
609 2839 852 2903 potestas
881 2848 912 2888 a
941 2835 1063 2889 Deo
1092 2840 1196 2901 est,
1228 2841 1287 2888 ut
1335 2841 1395 2889 tu
1443 2832 1718 2904 intelligis,
1754 2831 1884 2903 quid

289 2932 374 2980 est
399 2923 548 2998 quod
575 2925 649 2981 ait
674 2926 993 2983 Dominus:
1045 2928 1109 2984 Si
1144 2928 1322 2982 oculus
1371 2931 1496 2982 tuus
1546 2926 1882 2982 scandalizat

291 3023 359 3081 te,
400 3034 520 3074 erue
561 3035 679 3074 eum
719 3025 770 3074 et
808 3021 1012 3090 projicc
1051 3021 1145 3075 abs
1196 3025 1282 3076 te?
1328 3022 1544 3089 (Matth.
1598 3025 1684 3086 v.)
1736 3019 1882 3089 Quid

289 3111 434 3167 enim
475 3118 560 3168 est
602 3121 859 3185 potestas,
898 3114 1003 3169 nisi
1074 3114 1302 3169 oculus?
1352 3117 1508 3170 Certe
1548 3115 1884 3185 Augustinus

290 3205 347 3260 in
367 3205 706 3277 expositione
734 3208 1066 3280 Apostolica:
1095 3207 1379 3263 sententiae
1411 3227 1422 3261 :
1455 3210 1647 3262 Omnis
1692 3210 1881 3262 anima
1913 3170 1964 3242 Ο

285 3300 645 3370 potestatibus
689 3301 1098 3356 sublimioribus
1139 3301 1361 3356 subdita
1389 3303 1463 3356 sit
1500 3303 1667 3369 (Rom.
1705 3306 1878 3371 xm).

294 3415 319 3441 α
368 3391 530 3465 Quod
590 3393 635 3449 si
687 3402 952 3466 potestas,
1003 3393 1205 3464 inquit,
1255 3393 1459 3465 aliquid
1495 3394 1687 3466 jubeat
1733 3392 1883 3466 quod

289 3494 482 3542 contra
509 3490 688 3544 Deum
707 3487 812 3555 sit,
840 3487 927 3544 hic
951 3477 1246 3544 contemne
1267 3496 1615 3560 potestatem,
1640 3487 1882 3544 timendo

290 3587 635 3651 potestatem.
673 3606 698 3631 ν
731 3581 998 3653 Nunquid
1040 3581 1300 3653 iniquitas
1343 3581 1491 3654 apud
1535 3582 1886 3638 Dominum?

290 3673 553 3747 Nunquid
575 3675 830 3732 Christus
853 3675 1056 3746 peccati
1086 3675 1339 3731 minister
1363 3677 1481 3731 est?
1514 3676 1697 3731 Absitl
1733 3675 1878 3745 Quid

292 3784 424 3841 ergo
444 3768 737 3826 dicemus?
767 3769 1029 3840 Nunquid
1047 3769 1116 3825 ab
1145 3769 1408 3840 Apostolo
1430 3769 1640 3827 diversa
1664 3779 1884 3826 senten-

289 3862 368 3919 tia
392 3863 694 3936 prophetiai
720 3863 1039 3934 evulgatur?
1068 3863 1408 3935 Augustinus
1436 3882 1450 3920 :
1490 3887 1515 3913 «ι
1547 3865 1773 3921 Minime
1796 3864 1884 3920 di-

292 3972 478 4014 versas
514 3957 676 4014 tibias
716 3957 872 4013 inflat
898 3955 1122 4028 spiritus
1168 3973 1330 4013 unus.
1380 3982 1406 4008 ιι
1461 3961 1650 4031 Itaque
1687 3959 1884 4015 audia-

290 4066 419 4108 mus
442 4051 768 4124 Apostolum
783 4050 1236 4120 concordantem,
1259 4059 1312 4108 et
1340 4053 1586 4124 seipsum
1609 4068 1883 4124 exponen-

293 4151 429 4211 tem,
459 4151 515 4202 et
553 4144 842 4201 inimicum
865 4147 1214 4218 ultoremque
1256 4162 1419 4202 suum
1473 4146 1882 4213 destruentem,

293 4238 409 4297 Non
435 4243 531 4302 est,
563 4239 760 4310 inquit,
786 4244 1024 4310 potestas
1045 4241 1156 4294 nisi
1191 4256 1226 4294 a
1253 4243 1376 4295 Deo.
1412 4239 1557 4310 Quid
1589 4240 1838 4313 sequitur
1869 4255 1882 4293 :

298 4333 406 4400 Qui
444 4347 590 4402 ergo,
621 4335 828 4404 inquis,
858 4336 1120 4404 potestati
1142 4335 1376 4398 resistit,
1413 4341 1467 4391 et
1509 4334 1740 4406 reliqua.
1771 4334 1886 4390 Ab-

291 4426 397 4482 sit?
421 4428 545 4482 Non
575 4426 679 4482 hoc
707 4427 988 4499 sequitur;
1015 4427 1112 4484 sed
1140 4427 1272 4500 quid
1298 4428 1592 4500 sequitur?
1623 4431 1750 4496 Quae
1777 4445 1884 4483 au-

1988 494 2216 558 (Matth.
2239 495 2410 564 xxv.)
2436 495 2616 562 Quare
2642 505 2757 546 non
2787 484 3055 563 judicium
3079 497 3136 546 et
3164 490 3418 563 laqueum
3453 507 3581 564 pro-

1982 587 2179 642 ditoris
2197 586 2452 653 timuisti,
2476 601 2547 642 ne
2591 584 2828 640 similem
2871 593 3094 642 reatum
3115 584 3310 641 similis
3338 586 3569 642 vindicta

1982 685 2336 752 sequeretur?
2371 679 2689 736 Praevidens
2717 695 2812 752 per
2836 679 3097 751 Spiritum
3121 688 3373 736 sanctum
3421 682 3572 751 Apo-

1985 774 2157 829 stolus
2185 783 2239 831 te
2271 775 2458 847 tuique
2491 774 2698 830 similes
2725 773 3012 830 haereticos
3041 774 3098 829 in
3125 773 3367 830 Ecclesia
3395 789 3579 829 emcr-

1985 883 2165 935 suros,
2197 869 2532 940 qui‘bonum
2560 869 2792 936 malum,
2827 869 3042 924 malum
3069 868 3276 924 bonum
3305 867 3575 934 dicerent,

1987 962 2077 1034 qui
2130 960 2384 1017 tenebras
2431 961 2633 1030 lucem,
2689 969 2742 1018 et
2787 961 2973 1017 lucem
3014 962 3272 1018 tenebras
3315 968 3584 1032 ponerent

1986 1058 2136 1122 (Isai.
2170 1061 2244 1124 v),
2276 1054 2368 1127 qui
2416 1054 2483 1111 de
2511 1056 2794 1112 sententiis
2831 1056 3074 1111 veritatis
3120 1055 3466 1112 occasionem
3498 1055 3578 1110 in-

1985 1149 2220 1206 ducendi
2248 1149 2450 1205 erroris
2490 1157 2793 1220 captarent,
2824 1165 2952 1205 cum
2996 1150 3392 1221 praemisisset:
3462 1151 3582 1206 Non

1987 1249 2062 1298 est
2091 1247 2346 1315 potestas,
2375 1245 2482 1298 nisi
2522 1260 2557 1298 a
2585 1248 2710 1311 Deo,
2736 1252 2802 1299 ut
2826 1243 3207 1315 conjecturam
3231 1241 3449 1314 reprobi
3503 1242 3585 1296 in-

1986 1337 2236 1394 tellectus
2263 1345 2590 1409 amputaret,
2612 1353 2732 1408 qua:
2761 1342 2940 1392 autem
2967 1341 3114 1400 sunt,
3172 1337 3353 1408 inquit
3397 1352 3433 1390 a
3475 1339 3581 1391 Deo

1987 1433 2241 1487 ordinata
2280 1436 2426 1487 sunt.
2460 1435 2542 1488 Da
2594 1431 2762 1503 igitur
2798 1438 3121 1502 potestatem
3174 1429 3479 1485 ordinatam
3528 1437 3582 1484 et

1985 1541 2098 1582 non
2143 1526 2471 1594 resistimus,
2522 1524 2636 1582 imo
2675 1524 2934 1581 dabimus
2981 1524 3122 1579 illico
3147 1539 3364 1579 manus.

2057 1620 2232 1676 Miror
2289 1627 2496 1687 autem,
2555 1619 2597 1675 si
2645 1618 2784 1676 inte
2827 1618 2908 1674 vel
2956 1625 3110 1690 gutta
3151 1616 3434 1690 sanguinis
3480 1624 3580 1684 est,

1989 1714 2134 1786 quod
2163 1730 2277 1771 non
2306 1713 2582 1770 erubescis
2618 1711 2907 1769 dominum
2964 1711 3264 1767 Henricum
3294 1726 3479 1782 regem
3508 1708 3587 1774 di-

1928 1787 2124 1879 Bcere,
2150 1809 2231 1865 vel
2264 1807 2512 1865 ordinem
2539 1806 2760 1862 habere.
2789 1812 2874 1863 An
2909 1805 3045 1862 ordo
3094 1804 3193 1861 tibi
3246 1803 3464 1859 videtur
3492 1804 3587 1875 jus

1989 1903 2120 1959 dare
2150 1901 2359 1970 sceleri,
2391 1901 2470 1957 fas
2497 1900 2758 1972 nefasque
2783 1899 2970 1956 divina
2998 1907 3052 1955 et
3079 1899 3320 1955 humana
3346 1895 3585 1953 confun-

1989 1999 2149 2055 dere?
2172 2001 2260 2054 An
2287 1998 2423 2055 ordo
2462 1996 2677 2054 videtur
2705 1995 2807 2052 tibi
2837 1996 2891 2051 in
2916 2010 3116 2067 corpus
3153 2009 3314 2051 suum
3340 2007 3582 2065 peccare,

1988 2092 2241 2150 videlicet
2273 2091 2435 2163 (proh
2459 2090 2666 2164 pudori
2697 2106 2795 2162 pro
2815 2089 3020 2158 nefas!)
3045 2104 3275 2146 uxorem
3310 2087 3588 2160 propriam

1987 2188 2190 2244 scelere
2221 2185 2477 2241 omnibus
2502 2185 2716 2242 saeculis
2737 2184 2930 2240 mundi
2960 2182 3230 2250 inaudito,
3255 2181 3484 2253 lupanar
3511 2178 3589 2236 fa-

1990 2283 2150 2336 cere?
2191 2284 2276 2336 An
2317 2279 2453 2335 ordo
2509 2279 2605 2333 tibi
2653 2278 2886 2345 videtur,
2918 2293 3049 2333 cum
3099 2276 3377 2332 Dominus
3439 2273 3589 2330 dicat

1988 2374 2524 2442 Defenditezviduam
2551 2373 2706 2438 (Isai.
2740 2375 2806 2438 1),
2843 2368 3029 2425 viduas
3060 2368 3242 2441 iudicii
3268 2367 3588 2438 aequitatem

1991 2467 2329 2537 postulantes
2391 2464 2628 2520 nefanda
2691 2463 3165 2519 contaminatione
3223 2461 3587 2532 prostituere?

1993 2560 2128 2612 Haec
2150 2558 2244 2627 qui
2280 2556 2556 2622 ordinata,
2591 2556 2687 2627 qui
2717 2571 2844 2611 sana
2872 2554 3089 2622 dixerit,
3117 2554 3264 2609 hunc
3293 2552 3466 2611 insani
3495 2570 3587 2608 ca-

1993 2649 2120 2721 pitis
2147 2663 2262 2704 esse
2288 2648 2514 2703 insanus
2533 2647 2685 2718 juret
2713 2649 2949 2703 Orestes.
2981 2649 3175 2719 Usque
3204 2647 3273 2702 ad
3319 2646 3438 2702 haec
3479 2647 3591 2701 mi—

1993 2741 2223 2800 serrima
2266 2749 2516 2813 tempora
2554 2748 2747 2796 natura
2775 2747 3049 2796 secretum
3081 2739 3312 2806 amavit,
3341 2739 3435 2795 sed
3478 2747 3591 2794 tra-

1994 2838 2140 2895 ditus
2175 2837 2232 2892 in
2263 2835 2559 2908 reprobum
2592 2849 2816 2890 sensum
2861 2849 2959 2889 rex
3003 2841 3200 2902 vester,
3247 2841 3463 2888 naturae
3504 2832 3589 2887 in-

1995 2932 2279 2987 volucrum
2300 2928 2522 2998 detexit,
2546 2927 2641 3000 qui
2665 2943 2889 2984 omnem
2921 2926 3189 2998 pudorem
3218 2925 3373 2998 ponit
3392 2925 3448 2980 in
3467 2941 3593 3010 pro-

1998 3025 2206 3098 patulo.

2063 3120 2145 3177 Ut
2187 3126 2377 3175 autem
2405 3116 2495 3173 illa
2528 3131 2654 3189 quae
2695 3115 2810 3172 sine
2840 3129 3072 3173 numero
3103 3121 3253 3183 sunt,
3281 3121 3557 3170 taceamus
3577 3158 3591 3184 ,

1993 3213 2246 3270 videlicet
2271 3211 2747 3268 concremationes
2794 3208 3182 3274 ecclesiarum,
3223 3207 3588 3280 depraedatio-

1993 3323 2112 3374 nes,
2138 3305 2460 3375 homicidia,
2505 3303 2778 3371 incendia,
2809 3301 3178 3359 truncationes
3231 3310 3283 3358 et
3311 3300 3396 3357 bis
3433 3301 3591 3358 simi-

1991 3401 2082 3469 lia,
2116 3415 2238 3472 quae
2277 3399 2364 3455 ille
2391 3406 2593 3471 potest,
2619 3413 2743 3466 nos,
2772 3410 3098 3453 enumerare
3125 3410 3237 3450 non
3266 3410 3588 3466 possumus,

1991 3511 2051 3550 ea
2094 3511 2218 3566 qua:
2249 3493 2492 3548 maxime
2534 3491 2835 3548 Ecclesiam
2865 3489 2970 3545 Dei
3003 3497 3247 3562 gravant,
3277 3488 3587 3561 loquamur.

1991 3587 2134 3644 Audi
2158 3603 2287 3660 ergo
2310 3603 2457 3655 vera,
2486 3601 2598 3642 non
2636 3585 2840 3640 fucata.
2870 3581 3017 3640 Audi
3038 3581 3217 3650 fortia,
3246 3598 3360 3638 non
3387 3582 3578 3638 faceta.

1990 3681 2184 3738 Omnis
2228 3682 2322 3752 qui
2372 3680 2666 3754 dignitates
2713 3677 3026 3750 spirituales
3073 3675 3260 3732 vendit
3305 3671 3594 3732 haereticus

1988 3783 2092 3832 est.
2117 3776 2392 3831 Dominus
2413 3782 2600 3830 autem
2629 3772 2920 3840 Henricus,
2957 3787 3124 3844 quem
3153 3785 3344 3843 regem
3373 3769 3587 3836 dicunt,

1990 3869 2338 3941 episcopatus
2371 3876 2427 3924 et
2454 3867 2704 3923 abbatias
2733 3865 2953 3931 vendit;
2982 3866 3185 3921 etenim
3208 3863 3592 3920 Constantien-

1989 3977 2126 4031 sem,
2177 3961 2710 4032 Babenbergensem,
2752 3958 3249 4031 Moguntinensem,
3296 3965 3350 4013 et
3398 3957 3581 4029 plures

1989 4056 2145 4123 alios,
2191 4071 2288 4128 pro
2328 4054 2586 4127 pecunia;
2631 4053 3110 4125 Ratisponensem,
3157 4053 3588 4122 Augustensem,

1990 4151 2505 4222 Strasburgensem,
2539 4163 2638 4219 pro
2681 4145 2892 4219 gladio;
2933 4145 3215 4201 abbatiam
3262 4142 3589 4200 Fuldensem

1994 4260 2090 4316 pro
2134 4242 2436 4308 adulterio;
2467 4240 2963 4296 Monasteriensem
2992 4239 3365 4308 episcopatum
3422 4234 3591 4307 (quod

1992 4336 2172 4392 dicere
2193 4342 2250 4391 et
2284 4333 2474 4390 audire
2505 4331 2659 4387 nefas
2686 4333 2785 4401 est)
2811 4347 2908 4403 pro
2925 4330 3260 4387 Sodomitica
3283 4327 3589 4386 immundi-

1994 4431 2071 4485 tia
2095 4428 2352 4485 vendidit.
2401 4429 2572 4497 Quae,
2612 4425 2654 4481 si
2696 4424 3048 4496 impudenter
3092 4439 3292 4495 negare
3333 4421 3592 4490 volueris,

293 4524 596 4588 temaDeo,
617 4521 870 4575 ordinata
898 4525 1044 4584 sunt,
1071 4536 1274 4594 nempe
1303 4521 1409 4578 hoc
1431 4530 1538 4591 est,
1565 4521 1713 4594 quod
1738 4537 1892 4595 quae-
1917 4537 1967 4601 Ι)
1997 4532 2133 4581 teste
2162 4523 2322 4591 coelo,
2353 4529 2491 4578 teste
2539 4528 2705 4588 terra,
2748 4533 2937 4574 omnes
2980 4516 3148 4572 etiam
3184 4531 3216 4571 a
3264 4515 3427 4572 furno
3473 4515 3594 4573 red-

291 4614 484 4669 rimus.
514 4615 564 4670 O
591 4613 770 4686 lingua
795 4613 1018 4682 dolosa,
1051 4629 1084 4670 o
1135 4629 1232 4670 cor
1285 4615 1603 4672 machinans
1640 4618 1881 4673 malum!

290 4707 528 4778 Spiritus
571 4707 797 4775 vadens,
824 4715 881 4763 et
907 4723 1021 4764 non
1043 4706 1258 4764 rediens
1301 4711 1470 4774 (Psai.
1506 4717 1740 4777 LXXVI).
1780 4712 1893 4768 Cur

294 4800 557 4856 mentitus
598 4815 657 4856 es
701 4801 923 4873 Spiritui
967 4804 1194 4857 sancto?
1238 4801 1381 4867 (Act.
1433 4809 1550 4867 ιιι.)
1590 4806 1804 4876 Arguat
1838 4812 1892 4860 te

293 4893 622 4950 conscientia
669 4902 785 4950 tua.
837 4897 967 4951 Ecce
1012 4897 1158 4964 fugit
1204 4898 1402 4966 impius
1455 4899 1662 4952 nemine
1711 4913 1890 4967 perse-

293 4991 488 5058 quente
513 4991 688 5055 (Prov.
715 4990 964 5059 xxvm).
1001 4991 1132 5058 Cur,
1159 4997 1220 5045 ut
1251 4990 1528 5062 deciperes
1551 4991 1892 5063 supprimere

293 5080 584 5139 veritatem
613 5081 871 5139 voluisti?
901 5082 1011 5138 Cur
1045 5083 1370 5152 medullam,
1415 5100 1515 5139 cur
1559 5085 1744 5140 anima
1787 5085 1890 5140 hu-

285 5174 386 5246 jus
410 5175 696 5232 sententiae
719 5175 934 5231 furatus
961 5177 1056 5232 es?
1093 5179 1253 5245 Nam,
1278 5177 1324 5232 si
1345 5176 1463 5234 haec
1487 5178 1653 5234 verba
1682 5178 1749 5233 de
1779 5193 1894 5234 me-

295 5267 390 5324 dio
419 5269 703 5326 sententiae
742 5268 1057 5340 apostolica:
1096 5269 1379 5340 tollantur,
1433 5278 1624 5327 contra
1662 5271 1769 5327 sibi
1810 5271 1892 5326 in-

299 5363 635 5419 conveniens
661 5371 716 5419 et
735 5363 1003 5419 exanimis
1020 5363 1242 5435 jacebit.

370 5457 640 5528 Impletur
683 5471 866 5513 sermo
894 5457 1128 5523 divinus,
1173 5460 1279 5525 Qui
1300 5463 1474 5529 parat
1495 5461 1746 5530 proximo
1799 5475 1894 5515 suo

303 5550 536 5616 foveam,
567 5551 766 5606 incidet
791 5552 851 5606 in
875 5566 992 5607 eam
1021 5553 1198 5617 (Prov.
1233 5555 1428 5616 XXVI).
1458 5554 1619 5610 Certe
1657 5569 1759 5610 nec
1783 5554 1893 5610 cul-

304 5659 432 5715 pam
468 5644 620 5712 furti,
662 5660 767 5702 nec
793 5660 1016 5717 paenam
1045 5645 1279 5704 evadere
1309 5647 1536 5719 poteris.
1583 5647 1726 5717 Quid
1758 5647 1894 5706 infe-

303 5736 400 5804 lix,
439 5738 572 5810 quid
598 5738 782 5796 Iudici
820 5746 1071 5807 venturo,
1100 5757 1230 5797 cum
1274 5757 1305 5796 a
1334 5741 1504 5798 servis
1534 5744 1895 5814 negotiatori-

302 5829 407 5887 bus
451 5830 662 5890 lucrum
689 5835 955 5906 requiret,
981 5850 1340 5907 responsurus
1369 5851 1448 5905 es,
1498 5835 1589 5908 qui
1635 5839 1898 5898 Domini-

2001 4627 2198 4676 euntes
2233 4615 2383 4673 scioli
2411 4613 2781 4671 concludant:
2813 4615 2960 4683 Ergo
3007 4608 3268 4666 dominus
3317 4610 3592 4666 Henricus

2001 4711 2296 4770 haereticus
2322 4718 2425 4767 est.
2457 4712 2564 4764 Pro
2593 4706 2790 4779 quibus
2817 4703 3060 4761 nefandis
3087 4702 3242 4759 malis
3271 4703 3339 4759 ab
3368 4712 3588 4776 aposto-

2001 4807 2102 4862 lica
2129 4804 2258 4861 sede
2279 4801 2802 4870 excommunicatus,
2828 4814 2928 4855 nec
2951 4812 3203 4871 regnum,
3233 4813 3334 4854 nec
3355 4806 3592 4870 potesta-

2001 4907 2112 4955 tem
2137 4899 2379 4970 aliquam
2409 4911 2573 4968 super
2594 4910 2717 4962 nos,
2758 4893 2886 4965 quia
2921 4891 3190 4948 Catholici
3231 4907 3444 4958 sumus,
3492 4907 3588 4963 po-

2003 4993 2131 5049 terit
2171 4991 2441 5048 obtinere.
2472 4991 2636 5057 Sane,
2665 4987 2791 5061 quia
2821 4985 3054 5042 fratrum
3079 5000 3180 5043 nos
3205 4986 3346 5043 odiis
3374 4984 3588 5056 fatigas,

2001 5086 2244 5158 intelligo
2261 5085 2398 5141 nulli
2427 5099 2532 5140 nos
2563 5083 2755 5140 odium
2776 5081 2845 5138 de
2871 5079 3249 5148 inaffectione,
3267 5077 3368 5135 sed
3389 5077 3457 5134 de
3483 5078 3592 5149 pie-

2002 5187 2116 5236 tate
2135 5178 2437 5236 intendere.
2463 5177 2623 5232 Absit
2639 5184 2698 5232 ut
2715 5176 2959 5231 dicamus
2979 5192 2994 5230 :
3015 5173 3290 5231 Henricus
3319 5171 3458 5226 inter
3485 5170 3594 5227 fra-

2004 5282 2115 5329 tres
2145 5282 2239 5330 aut
2263 5271 2604 5329 Christianos
2629 5277 2924 5341 reputetur,
2954 5270 3070 5341 qui,
3099 5267 3260 5322 toties
3289 5265 3588 5335 corripien-

2002 5375 2116 5424 tem
2138 5366 2439 5423 Ecclesiam
2472 5380 2585 5420 non
2612 5363 2861 5430 audiens,
2887 5362 3025 5419 sicut
3059 5357 3308 5416 ethnicus
3332 5365 3386 5413 et
3414 5359 3591 5431 publi-

2003 5477 2173 5517 canus
2243 5460 2476 5515 habetur
2519 5459 2737 5526 (Matth.
2770 5460 2975 5520 xvrn).
3029 5452 3197 5522 Cuius
3258 5451 3450 5508 odium
3495 5469 3593 5525 pro

2006 5569 2203 5628 magna
2223 5553 2487 5610 sacriﬁcio
2524 5556 2647 5610 Deo
2688 5550 2997 5616 offerimus,
3031 5546 3279 5602 dicentes
3296 5562 3422 5602 cum
3442 5547 3590 5602 Psal-

2006 5650 2170 5706 mista
2217 5667 2231 5705 :
2258 5652 2463 5719 Nonne,
2491 5653 2590 5720 qui
2616 5647 2845 5702 oderunt
2887 5648 2961 5706 te,
2991 5645 3232 5707 Domine,
3257 5643 3495 5705 oderam,
3545 5647 3594 5697 et

2007 5760 2169 5815 super
2203 5746 2444 5799 inimicos
2476 5749 2592 5798 tuos
2619 5738 2986 5796 tabescebam?
3010 5737 3254 5814 Perfecto
3311 5739 3428 5793 odio
3471 5738 3591 5793 ode-

2010 5853 2129 5893 ram
2151 5838 2276 5893 illos
2295 5841 2344 5893 et
2365 5838 2576 5892 inimici
2603 5835 2742 5900 facti
2757 5836 2882 5888 sunt
2898 5831 3037 5886 mihi
3049 5833 3219 5897 (Psat.
3241 5827 3552 5896 cxxxvm)
3580 5847 3590 5883 :
