4052 6196
565 186 699 247 1447

1568 186 1658 240 ΑΙ)
1696 177 1921 242 OPERA
1958 187 2012 243 S.
2052 181 2372 244 GREGORII
2407 180 2841 242 APPENDICES.

3708 184 3850 241 1448

559 315 728 386 Cujus
771 313 882 369 odii
910 312 1236 384 dignitatem
1275 309 1466 365 veritas
1500 309 1910 367 commendans
1937 311 2012 368 ait
2040 331 2053 368 :
2085 316 2149 369 Si
2173 319 2227 382 Α
2327 311 2488 382 Quod
2509 326 2637 367 vero
2654 324 2851 382 papam
2871 306 3428 380 Gregorium,regem
3456 306 3850 380 Rodolphum,

559 411 678 478 quis
708 425 812 462 non
835 408 947 460 odit
967 411 1178 476 patrem
1206 409 1257 459 et
1300 408 1548 471 matrem,
1591 407 1797 471 fratres
1823 411 1871 460 et
1917 422 2140 472 sorores,

556 503 732 556 adhuc
755 504 936 554 autem
965 503 1016 552 et
1047 499 1286 552 animam
1327 514 1501 560 suam,
1535 513 1639 552 non
1660 504 1836 568 potest
1859 516 2007 555 meus
2036 517 2144 555 esse

559 593 850 662 discipulus
872 593 1018 656 (Luc.
1050 596 1194 656 xw).
1227 593 1348 646 Non
1373 606 1502 661 ergo
1533 589 1603 646 de
1640 591 1769 646 odio
1792 592 1939 663 juste
1963 607 2142 663 repre-

557 685 866 742 henduntur
916 683 1007 756 qui
1065 684 1305 739 animam
1349 693 1615 752 nostram,
1659 700 1788 739 cum
1836 701 1866 741 a
1914 685 1996 740 via
2045 686 2141 741 Dei

487 812 490 814 η
560 777 956 847 exorbitamus,
995 778 1085 849 qui
1112 786 1324 850 patrem
1362 785 1415 833 et
1452 785 1788 846 matrem,et
1816 793 2038 834 onmem
2069 778 2143 834 af-

558 871 784 938 fectum,
815 872 910 943 qui
935 871 1094 926 nobis
1149 870 1205 926 in
1229 870 1311 926 via
1337 871 1436 926 Dei
1460 870 1858 935 obstat,odisse
1900 872 2145 943 praecipi-

560 981 701 1020 mur.
733 964 868 1021 Inde
898 973 980 1020 est
1005 963 1150 1035 quod
1185 965 1335 1020 omni
1356 964 1556 1032 studio,
1589 965 1741 1019 omni
1770 974 1967 1020 conatu
1999 965 2144 1022 labo-

558 1074 750 1115 ramus
777 1067 837 1114 ut
879 1058 1066 1114 hostes
1086 1058 1364 1123 Ecclesiae,
1398 1073 1500 1113 nos
1529 1073 1747 1128 quoque
1795 1066 1854 1113 ut
1891 1057 2143 1115 adversa-

557 1154 670 1209 rios
715 1168 1023 1219 caveamus,
1054 1160 1108 1207 et
1150 1168 1282 1219 non,
1325 1151 1446 1222 quia
1490 1150 1694 1217 nostri,
1731 1150 1828 1207 sed
1872 1152 1997 1224 quia
2042 1154 2141 1209 Dei

559 1246 765 1301 inimici
821 1254 972 1314 sunt,
1006 1263 1007 1266 η
1041 1245 1166 1301 odio
1207 1244 1528 1300 habeamus.

625 1343 821 1406 Porro,
845 1337 992 1411 quod
1020 1338 1085 1394 de
1113 1354 1242 1409 pace
1269 1354 1396 1392 cum
1424 1338 1678 1394 omnibus
1708 1339 2020 1395 hominibus
2044 1338 2142 1394 ha-

557 1433 732 1490 benda
776 1431 1090 1504 persuades,
1119 1431 1435 1487 meminisse
1471 1431 1639 1487 debes
1677 1434 1806 1505 quia
1852 1432 2134 1504 praemisit.

558 1526 854 1598 Apostolus
885 1545 897 1579 ε
924 1527 985 1580 Si
1003 1527 1131 1594 ﬁeri
1149 1529 1325 1596 potest
1359 1528 1531 1591 (Rom.
1569 1533 1701 1591 xu).
1751 1527 1907 1593 (Fieri
1957 1535 2142 1582 autem

553 1635 663 1675 non
686 1616 864 1690 potest
890 1628 952 1674 ut
981 1634 1112 1673 cum
1134 1618 1200 1674 iis
1230 1619 1320 1689 qui
1352 1621 1466 1674 Deo
1496 1620 1756 1674 contrarii
1787 1629 1916 1675 sunt
1947 1635 2142 1691 pacem

2253 404 2630 461 marchionem
2661 402 3022 476 Eggebertum
3051 401 3276 473 pessimi
3309 401 3566 458 interitus
3588 401 3848 468 damnas,

2251 509 2306 555 et
2323 499 2614 555 dominum
2637 507 2820 564 tuum,
2843 495 2969 569 quia
2995 495 3101 551 illis
3115 503 3400 568 superstes
3413 503 3519 564 est,
3552 494 3854 564 boniﬁcas;

2249 593 2414 665 liquet
2439 591 2699 665 profecto,
2735 591 2804 647 ab
2847 590 3003 646 omni
3031 589 3302 661 spirituali
3327 598 3382 646 te
3405 588 3854 646 consideratione

2254 702 2470 742 manere
2493 701 2744 742 vacuum.
2778 688 2978 740 Nonne
3002 683 3214 740 beatius
3240 691 3326 740 est
3349 683 3489 740 bene
3508 683 3650 740 mori
3673 699 3850 756 quam

2251 781 2392 835 male
2430 781 2643 836 vivere?
2671 781 2824 834 Beati
2843 777 3010 847 enim,
3037 779 3136 847 qui
3152 779 3575 848 persecutimiem
3617 778 3850 848 patiun-

2255 879 2340 928 tur
2367 877 2585 944 propter
2598 873 2878 942 justitiam
2902 871 3116 942 (Matth.
3178 875 3258 936 v).
3289 871 3414 926 Jam
3453 879 3509 927 et
3535 873 3843 937 Neronem,

2252 968 2377 1039 quia
2407 967 2666 1039 apostolis
2692 968 2854 1022 Petro
2877 972 2931 1021 et
2952 965 3145 1031 Paulo,
3163 964 3282 1034 jam
3315 972 3368 1019 et
3394 964 3688 1033 Herodem,
3707 964 3846 1037 quia

2249 1060 2456 1116 Jacobo
2483 1059 2754 1132 apostolo,
2778 1059 2896 1131 jam
2924 1066 2980 1114 et
3006 1058 3268 1125 Pilatum,
3289 1058 3412 1129 quia
3435 1058 3672 1113 Domino
3702 1061 3844 1114 Iesu

2252 1154 2470 1210 Christo
2496 1153 2912 1226 supervixerint,
2935 1151 3123 1208 beatos
3142 1151 3401 1208 aestimas.
3425 1152 3540 1221 Qua
3576 1151 3850 1222 opinione

2253 1247 2382 1320 quid
2403 1247 2645 1304 insanius
2674 1256 2771 1303 aut
2790 1245 3062 1302 infelicius
3081 1244 3187 1301 dici
3224 1246 3446 1316 potest?
3491 1247 3850 1316 Quapropter

2253 1352 2309 1398 ct
2330 1341 2398 1398 ab
2429 1342 2530 1398 hac
2565 1339 2901 1412 blasphemia
2937 1340 3174 1411 linguam
3235 1338 3644 1410 magniloquam
3684 1353 3843 1393 com-

2254 1453 2433 1509 pesce,
2469 1435 2573 1491 nisi
2610 1433 2754 1490 forte
2803 1434 2862 1489 in
2901 1434 3141 1489 numero
3177 1432 3398 1488 illorum
3448 1438 3503 1487 te
3553 1431 3851 1488 constituis

2251 1531 2368 1603 qui,
2403 1531 2456 1585 in
2483 1529 2588 1584 fine
2609 1528 2888 1602 justorum
2917 1526 3165 1583 videntes
3200 1526 3453 1599 gloriam,
3484 1539 3667 1581 seram
3695 1533 3755 1581 et
3773 1525 3853 1580 in-

2250 1624 2588 1680 fructuosam
2616 1630 2836 1694 agentes
2866 1618 3269 1692 poenitentiam,
3302 1634 3417 1691 prae
3441 1618 3698 1691 angustia
3738 1618 3850 1690 spi-

558 1712 875 1769 habeamus.
924 1713 1063 1782 Quis
1104 1720 1286 1768 autem
1309 1713 1517 1768 nesciat
1547 1714 1851 1768 Dominum
1898 1715 2141 1770 Salvato-
2179 1726 2228 1788 Β
2257 1718 2394 1774 ritus
2430 1724 2711 1790 gementes
2743 1715 2927 1772 dicent
2955 1733 2970 1770 :
3003 1717 3079 1770 Hi
3117 1718 3245 1769 sunt
3270 1729 3402 1783 quos
3428 1713 3737 1784 aliquando
3757 1714 3852 1768 ha-

557 1822 674 1862 rem
693 1823 804 1862 non
826 1805 1006 1861 solum
1026 1821 1213 1877 pacem
1243 1806 1654 1874 commendare,
1673 1823 1803 1862 cum
1829 1807 1965 1862 dicit
1991 1827 2001 1861 :
2035 1809 2142 1861 Pa-

559 1917 665 1955 cem
708 1917 877 1955 uicum
919 1901 984 1954 do
1027 1901 1191 1968 vobis,
1249 1916 1434 1970 pacem.
1480 1917 1650 1955 meum
1692 1903 1937 1970 relinquo
1999 1902 2145 1956 vobis

559 1997 732 2061 (Joan.
774 1999 928 2061 xxv),
954 1993 1046 2049 sed
1078 1993 1245 2049 etiam
1291 1994 1466 2065 ipsam
1504 2010 1697 2065 pacem
1729 1995 1977 2060 existere,
2005 1995 2147 2050 sicut

556 2088 633 2142 ait
663 2088 990 2159 Apostolus:
1020 2090 1137 2157 Ipse
1165 2093 1240 2142 est
1259 2104 1373 2157 pax
1403 2093 1608 2155 nostra,
1632 2090 1726 2157 qui
1762 2091 1889 2156 fecit
1915 2094 2146 2158 utraque

559 2186 764 2236 unum?
795 2181 1005 2251 ('Ephcs.
1029 2182 1119 2251 11.)
1149 2181 1292 2250 Quid
1321 2198 1448 2250 ergo
1477 2183 1553 2235 ait
1577 2201 1588 2235 ;
1621 2185 1741 2235 Pas:
1768 2187 1972 2248 nostra,
1997 2198 2147 2253 com-

558 2275 821 2329 mendans
851 2280 1074 2345 pacem?
1113 2276 1307 2335 Nolite,
1342 2274 1535 2343 inquit,
1565 2276 1827 2328 arbitrari
1856 2278 1988 2343 quia
2026 2277 2149 2329 veni

561 2371 774 2421 mittere
785 2384 974 2436 pacem
1001 2370 1055 2419 in
1077 2372 1305 2421 terram:
1341 2383 1441 2419 non
1464 2369 1587 2419 reni
1609 2383 1792 2435 pacem
1817 2371 2026 2421 mittere
2052 2367 2145 2421 sed

559 2460 803 2528 gladium
832 2459 1047 2523 (Matth.
1081 2464 1162 2524 χ).
1195 2457 1336 2528 Quid
1373 2466 1455 2512 est
1483 2457 1617 2513 hoc?
1661 2460 1840 2527 Quare
1871 2476 1994 2530 pax,
2027 2460 2144 2531 gla-

555 2552 746 2607 dium?
778 2553 955 2620 Quare
983 2567 1085 2621 pax
1123 2551 1321 2606 bellum
1355 2550 1578 2607 indicit?
1617 2552 1925 2620 Nimirum,
1957 2561 2016 2608 ut
2044 2553 2143 2608 de-

556 2653 800 2700 struatur
837 2661 938 2715 pax
971 2644 1197 2699 diaboli.
1237 2644 1418 2699 Habet
1466 2645 1609 2699 enim
1654 2644 1904 2702 diabolus
1953 2663 2144 2717 pacem

554 2753 730 2803 suam,
760 2737 826 2793 de
863 2753 968 2809 qua
1005 2737 1278 2793 Dominus
1305 2737 1440 2794 dicit
1471 2757 1482 2792 :
1513 2740 1643 2794 Cum
1687 2741 1851 2804 fortis
1898 2748 2144 2796 armatus

555 2833 784 2886 custodit
817 2834 1020 2886 atrium
1063 2848 1240 2899 suum,
1274 2835 1328 2885 in
1354 2848 1487 2912 pace
1524 2837 1650 2886 sunt
1674 2848 1737 2886 ea
1760 2849 1880 2902 qua:
1906 2835 2144 2902 possidet

554 2929 701 2991 (Luc.
728 2931 834 2991 χι).
885 2928 931 2980 Ο
963 2941 1127 2996 quam
1161 2932 1410 2996 potenter
1441 2941 1535 2996 per
1574 2941 1669 2979 vos
1710 2927 1964 2982 satellites
2011 2943 2143 2983 suos

553 3018 752 3074 atrium
794 3034 954 3074 suum
991 3018 1095 3074 hoc
1142 3026 1393 3090 tempore
1435 3017 1681 3073 diabolus
1721 3019 1979 3087 custodit,
2027 3021 2140 3092 qui,

2256 1814 2470 1867 bit-imus
2505 1813 2562 1865 in
2586 1811 2821 1866 derisum
2861 1814 2909 1864 et
2938 1811 2997 1862 in
3028 1807 3442 1863 similitudinem
3504 1808 3847 1876 impropcrii.

2251 1909 2355 1964 Nos
2382 1907 2659 1970 insensati,
2682 1905 2850 1958 vitam
2874 1904 3088 1957 illorum
3136 1901 3539 1956 cestimabamus
3575 1903 3856 1955 insaniam

2253 2005 2302 2054 et
2333 2003 2491 2069 ﬁnem
2528 1999 2749 2053 illorum
2797 1999 2910 2052 sine
2942 1997 3150 2051 honore.
3196 1997 3349 2058 Ecce,
3399 1993 3667 2064 quomodo
3713 2009 3854 2049 com-

2250 2093 2457 2164 putati‘;
2485 2096 2612 2147 sunt
2647 2093 2792 2146 inter
2818 2091 2956 2160 ﬁlios
2997 2092 3114 2151 Dei,
3142 2092 3192 2144 et
3224 2090 3368 2142 inter
3399 2091 3609 2142 sanctos
3640 2102 3762 2142 sors
3790 2088 3856 2140 il-

2252 2189 2423 2241 lorum
2441 2191 2538 2241 est.
2579 2188 2721 2254 Ergo
2747 2186 3044 2238 erravimus
3061 2199 3096 2236 a
3113 2183 3204 2236 via
3222 2183 3498 2247 veritatis,
3515 2185 3565 2234 et
3591 2182 3679 2234 sol
3689 2179 3857 2249 justi-

2255 2282 2344 2333 τίω
2368 2294 2470 2332 non
2497 2280 2640 2331 luxit
2667 2277 2837 2331 nobis.
2879 2275 3020 2342 Quid
3058 2275 3210 2328 nobis
3227 2275 3445 2344 profuit
3475 2274 3784 2342 superbia?
3813 2279 3860 2328 et

2253 2368 2575 2422 divitiarum
2587 2367 2865 2436 jactantia
2889 2364 3020 2433 quid
3032 2364 3258 2418 contulit
3285 2363 3435 2418 nobis
3449 2367 3478 2418 ?
3499 2365 3852 2418 transierunt

2253 2463 2432 2515 omnia
2451 2461 2597 2514 velut
2636 2459 2828 2513 umbra
2860 2459 3008 2528 (Sap.
3035 2457 3116 2526 v).
3146 2457 3284 2526 Qua
3312 2471 3414 2511 nos
3450 2455 3611 2511 verba
3647 2457 3720 2511 in
3747 2470 3858 2512 me-

2252 2554 2429 2610 moria
2454 2552 2803 2609 adamantina
2833 2551 3149 2618 scribentes,
3175 2565 3400 2605 omnem
3428 2549 3854 2605 similitudinem

2253 2647 2602 2704 extollentem
2621 2661 2680 2702 se
2699 2645 2957 2702 adversus
2978 2644 3260 2700 veritatem
3282 2642 3380 2699 Dei
3408 2643 3850 2708 contemnimus;

2255 2749 2308 2797 et
2325 2740 2623 2812 gloriantes
2645 2739 2702 2795 in
2727 2738 3185 2805 tribulationibus,
3211 2736 3557 2803 calumniari,
3579 2736 3849 2808 proscribi

2253 2842 2307 2891 et
2343 2833 2712 2901 exterminari,
2740 2833 2979 2906 denique
3028 2831 3200 2888 occidi
3229 2845 3548 2903 possumus;
3584 2830 3742 2887 ﬂecti
3773 2831 3849 2887 vel

2253 2928 2393 2984 vinci
2431 2943 2542 2982 non
2573 2942 2890 2998 possumus.
2937 2929 3002 2982 Et
3025 2942 3152 2982 cum
3190 2940 3396 2996 magno
3436 2923 3673 2996 tripudio
3719 2924 3847 2980 illud

2251 3021 2398 3093 quod
2457 3030 2514 3077 tu
2568 3037 2704 3092 puer
2755 3020 3090 3088 adolescens,
3148 3017 3369 3090 juvenis
3440 3017 3843 3088 frequentatus,
3927 3021 3933 3025 ’

554 3121 707 3168 scuto
733 3111 981 3167 falsitatis
1010 3121 1063 3167 et
1093 3113 1245 3183 galea
1267 3101 1510 3182 perﬁdiae
1546 3113 1798 3182 protecti,
1818 3113 1965 3168 nulla
1997 3116 2135 3170 veri-
2173 3098 2218 3162 C
2255 3114 2500 3172 nondum
2539 3113 2704 3171 corde
2745 3129 2911 3171 senex
2956 3111 3286 3185 concepisti,
3333 3111 3403 3167 de
3441 3112 3698 3182 patribus
3741 3127 3839 3167 no-
3870 3155 3887 3171 .

549 3205 679 3260 tatis
703 3205 903 3276 jacula,
937 3205 1083 3259 nulla
1115 3204 1239 3259 ﬁdei
1260 3204 1466 3274 spicula
1490 3205 1804 3260 admittitis!
1841 3209 2026 3262 Potest
2053 3215 2134 3263 ta-

553 3315 683 3354 men
705 3299 980 3353 Dominus
1009 3306 1219 3365 noster,
1244 3307 1429 3369 utpote
1455 3296 1655 3354 fortior
1676 3309 1920 3356 armatus
1947 3317 2139 3372 super-

552 3391 790 3460 veniens,
822 3391 1022 3448 fortem
1053 3400 1298 3447 vestrum
1335 3392 1546 3448 vincere
1571 3401 1625 3448 et
1653 3409 1806 3449 arma
1847 3394 1899 3449 in
1941 3395 2141 3466 quibus

553 3485 782 3541 conﬁdit
809 3485 1019 3541 auferre
1067 3487 1269 3551 (ibid.).
1303 3488 1424 3541 Non
1456 3502 1585 3557 ergo
1632 3494 1783 3543 recte
1829 3487 2136 3560 culpamur,

548 3579 594 3634 si
639 3595 829 3650 pacem
859 3579 1015 3635 illam
1039 3579 1190 3635 omni
1225 3578 1365 3634 bello
1391 3578 1759 3636 crudeliorem
1783 3581 2136 3652 detestamur,

549 3688 714 3742 quam
773 3674 884 3744 ipsa
933 3673 1146 3729 Veritas
1199 3689 1363 3744 super
1410 3674 1775 3729 Hierusalem'
1805 3674 1988 3732 ﬂendo
2050 3694 2137 3733 re-

551 3764 749 3833 probat
777 3765 964 3820 dicens
1004 3787 1016 3821 :
1049 3769 1116 3819 Et
1151 3768 1369 3834 quidem
1405 3769 1459 3821 in
1491 3769 1587 3822 hac
1629 3769 1719 3822 die
1764 3774 1885 3839 tua,
1915 3787 2031 3839 quia
2069 3772 2141 3826 ad

546 3871 731 3925 pacem
763 3858 863 3909 tibi
907 3861 1052 3922 (Luc.
1106 3864 1268 3926 XIX);
1311 3867 1365 3914 et
1407 3877 1573 3930 quam
1608 3862 2136 3931 Psalmus(Lxxn):

552 3951 723 4018 Super
748 3949 953 4018 iniquos
983 3951 1175 4016 :clari,
1191 3968 1378 4018 pacem
1393 3959 1728 4020 peccatorum
1757 3956 1958 4009 tu'dcns.

2246 3209 2373 3265 stris
2402 3207 2762 3276 exsultamus,
2797 3207 2892 3278 qui
2916 3213 3333 3264 contemnentes
3351 3205 3495 3277 jussa
3514 3204 3835 3276 principum

2246 3310 2572 3359 meruerunt
2609 3302 2830 3374 praemia
2847 3309 3081 3357 aeterna.

2317 3398 2490 3452 Porro
2529 3394 2829 3451 sententias
2874 3403 2995 3450 tuas
3022 3393 3275 3466 diligenti
3323 3391 3638 3449 curiositate
3670 3391 3833 3447 truti-

2246 3497 2456 3558 nantes,
2481 3489 2635 3561 quasi
2665 3487 2966 3562 spiritualia
3000 3486 3374 3560 spiritualibus
3402 3501 3722 3559 comparare
3747 3500 3836 3540 vo-

2248 3583 2447 3640 lumus.
2470 3581 2577 3639 Sed
2597 3581 2851 3638 sicut.....

2674 3722 2745 3776 Et
2802 3719 3008 3792 reliqua
3054 3735 3167 3776 non
3210 3733 3402 3792 pauca.

2249 3867 2450 3922 Cretera
2504 3863 2718 3927 desunt,
2752 3879 2874 3932 qua:
2895 3863 3071 3918 multa
3093 3864 3266 3930 fuisse
3297 3866 3529 3917 testatur
3551 3862 3665 3916 lucc
3688 3861 3836 3916 Dede-

2499 3958 2645 4011 chini
2657 3957 2898 4012 clausula
2920 3975 2930 4010 :
2954 3958 3023 4012 Et
3043 3955 3249 4027 reliqua
3270 3971 3381 4010 non
3401 3970 3596 4026 pauca.

2953 4094 3150 4102 .—__—

1401 4189 2078 4308 EPISTOLA
2171 4196 2296 4310 S.
2398 4193 2990 4308 ANSELMI

1582 4356 2135 4415 ARCHIEPISCOPI
2169 4359 2781 4424 CANTUARIENSIS,

1473 4451 1565 4512 Ad
1618 4452 2032 4516 Wilhelmum
2063 4457 2360 4519 abbatem
2403 4455 2908 4535 Hirsaugiensem

813 4564 966 4616 Docet
991 4561 1122 4630 quid
1145 4559 1415 4628 agendum
1439 4559 1512 4613 sit
1551 4576 1670 4614 cum
1704 4565 1890 4634 comite
1917 4565 2152 4632 quodam
2203 4567 2301 4634 qui
2335 4564 2530 4617 divina
2568 4563 2960 4618 celebrantibus
3001 4577 3110 4619 sese
3165 4563 3566 4629 immiscuerat;

1647 4637 1698 4686 et
1730 4633 1795 4686 de
1826 4635 2167 4704 presbyteris
2213 4633 2700 4691 incontinentibus.

623 4727 862 4783 Domino
877 4738 930 4784 et
951 4730 1090 4785 Patri
1112 4727 1411 4786 reverendo
1437 4727 1621 4786 abbati
1641 4730 2009 4798 GUILHELMO,
2030 4731 2133 4788 fra-

552 4830 638 4877 ter
665 4825 1013 4890 Aussruus,
1039 4822 1091 4876 in
1105 4823 1209 4878 hac
1232 4823 1336 4878 vita
1365 4822 1683 4878 diuturnam
1702 4824 2134 4896 prosperitatem,

557 4914 611 4970 in
645 4913 824 4970 futura
863 4923 1127 4970 aeternam
1153 4915 1494 4972 felicitatem.

2320 4737 2397 4789 Ex
2437 4748 2546 4803 quo
2572 4741 2746 4788 vestra
2771 4730 3082 4804 probitas...
3108 4731 3338 4802 Reliqua
3366 4732 3490 4787 vide
3507 4733 3569 4792 in
3607 4728 3838 4800 epistolis

2248 4828 2555 4892 ANSBLm,
2581 4827 2756 4893 infra,
2789 4826 2863 4880 ad
2890 4841 3094 4880 annum
3133 4831 3297 4882 1109.

2432 5042 2700 5052 *ᾑ-

1329 5122 2114 5215 COMMENTARI
2139 5123 2438 5214 OLUS
2506 5121 3088 5214 HESSONIS

1351 5261 1361 5266 ’
1483 5268 2920 5407 SGHOLASTIGI

563 5440 645 5502 De
689 5443 1056 5506 tractatione
1110 5441 1282 5523 pacis
1339 5441 1882 5526 inter‘Callistum
1927 5448 1974 5507 Il
2032 5453 2205 5526 pont.
2261 5448 2632 5526 Romanum,
2695 5453 2756 5506 et
2812 5445 3149 5508 Henricum
3195 5446 3240 5506 V
3280 5444 3625 5524 kimperatq
3691 5455 3847 5500 anno

1404 5521 1843 5600 Redemptoris
1878 5521 2062 5601 1119‘;
2119 5527 2322 5608 deque
2369 5525 2644 5587 Concilio
2690 5525 3006 5588 Remensi.

1520 5633 1670 5689 Nunc
1712 5635 1948 5702 primum
1978 5649 2044 5688 ea:
2075 5634 2301 5690 tenebris
2337 5636 2396 5688 in
2435 5633 2600 5689 lucem
2624 5633 2896 5704 prolatus.

663 5727 833 5795 (Vide
866 5729 1022 5797 infra
1053 5732 1110 5784 in
1147 5731 1365 5788 Callisto
1408 5732 1480 5794 If,
1525 5729 1600 5786 ad
1625 5746 1828 5786 annum
1867 5733 2025 5801 H24,
2046 5732 2140 5787 ubi
2170 5733 2484 5804 opusculum
2507 5733 2964 5806 Hessonisjocum.
2992 5731 3252 5789 obtinebit
3272 5727 3746 5802 opportunior-em.)
