4052 6196
564 290 687 344 1451

561 413 728 492 resim
751 410 1075 492 exagitatam
1102 406 1364 492 afﬁrmet,
1397 406 1636 492 prirnum
1673 406 1780 492 fuit
1805 411 2146 492 Romapu‘m,
2180 417 2232 478 Α

557 484 642 538 cui
674 477 892 554 praefuit
932 481 1044 554 Leo
1089 493 1224 554 p_a_pa
1253 477 1358 554 ης,
1386 486 1509 546 post
1547 477 1744 554 pascha
1774 479 1902 554 anni
1944 479 2150 535 Christi

565 548 716 608 1050.
760 549 1071 606 Secundum
1091 548 1453 620 :Veroellense
1499 548 1627 620 anni
1657 548 1903 620 ejusdem
1960 566 2152 606 mense

558 621 986 696 Septembrisub
1010 618 1205 676 eodem
1222 619 1476 696 pontiﬁce
1492 618 1696 696 (_1_4_6_9)_.'
1707 622 2150 696 Tertiiim_Turo-

557 689 724 750 nense
761 693 891 748 anni
922 698 1078 760 1055,
1129 690 1451 761 prasidente
1497 689 1892 759 Hildebrando,
1919 692 2156 748 Victoris

560 780 713 836 papa
742 764 940 836 legato,
973 762 1322 836 postmodum
1353 762 1614 831 Gregorio
1645 764 1937 836 papaj’ll.
1973 763 2153 832 Quare

560 833 681 892 tum
702 833 1019 891 Romanum
1034 834 1413 905 episcoporum
1435 833 1737 905 cxui,sub
1759 833 1987 888 Nicolao
2014 850 2154 905 papa

564 909 638 975 Il,
675 906 884 962 mensis
925 904 1126 976 Aprilis
1173 904 1303 959 anni
1336 909 1492 960 1059.
1525 904 1790 973 Quintum
1836 904 2155 960 Romanum

560 977 664 1034 sub
706 977 975 1048 Gregorio
1012 991 1153 1048 papa
1199 977 1318 1031 VII.
1361 977 1586 1031 Sextum
1651 976 1802 1048 item,
1835 978 2155 1048 Romanum

557 1048 662 1105 sub
690 1046 906 1115 eodem,
937 1046 1321 1119 episcoporum
1357 1061 1449 1114 CL,
1482 1047 1692 1119 mensis
1707 1046 1998 1119 AFcbruarii
2025 1048 2154 1102 anni

559 1125 729 1188 1079,
754 1120 842 1175 cui
868 1116 1058 1175 auctor
1087 1116 1171 1173 hic
1199 1126 1431 1190 testatur
1464 1132 1523 1172 se
1551 1116 1877 1190 interfuisse.
1907 1120 1976 1172 Et
2005 1119 2157 1190 prio-

561 1206 688 1262 rum
716 1190 940 1262 quidem
969 1197 1206 1262 quatuor
1228 1188 1566 1262 synodorum
1595 1189 1976 1262 meminerunt
2003 1188 2155 1244 Lan-

562 1259 782 1316 l'rancus
807 1259 999 1328 (1470)
1017 1268 1071 1315 et
1100 1259 1476 1316 Guitmundus
1496 1259 1555 1312 in
1585 1260 1701 1313 suis
1722 1259 1874 1314 libris
1895 1259 2158 1316 adversus

560 1333 976 1403 Berengarium.
1007 1333 1231 1403 Sextum
1261 1330 1467 1403 habent
1493 1329 1864 1403 conciliorum
1895 1331 2045 1403 tomi.
2085 1337 2161 1386 At

563 1400 817 1474 quintam
849 1403 998 1456 illam
1024 1402 1131 1474 sub
1156 1401 1423 1472 Gregorio
1453 1402 1578 1467 Vll,
1623 1400 1890 1474 e_duabus
1916 1402 2158 1474 priorem

562 1471 774 1544 prater,
803 1482 1081 1528 auctorem
1118 1471 1493 1544 huncinemo,
1538 1471 1688 1544 quod
1726 1471 1933 1544 sciam,
1962 1472 2161 1544 litteris

564 1541 806 1615 prodidit
832 1543 1028 1610 (1471).
1064 1542 1170 1598 Sed
1201 1557 1367 1596 unam
1395 1541 1633 1615 aliquam
1661 1541 1830 1598 fuisse
1860 1543 2102 1612 Oportuit
2129 1558 2159 1598 e

565 1612 944 1686 quinqueante
961 1629 1166 1686 annum
1187 1620 1323 1670 1079
1339 1613 1444 1668 sub
1461 1612 1658 1668 eodem
1675 1615 1944 1686 Gregorio
1964 1617 2161 1686 Roma

563 1684 878 1748 celebratis;
905 1693 960 1739 et
985 1685 1134 1756 illam
1150 1693 1317 1756 certe,
1345 1692 1405 1737 ut
1427 1693 1701 1754 putamus,
1728 1684 1851 1756 qua
1870 1685 1994 1740 anni
2026 1691 2161 1740 1078

1557 285 1648 336 ΑΙ)
1688 284 1909 338 OPERA
1951 285 2003 338 S.
2043 283 2364 340 GREGORII
2401 283 2837 340 APPENDICES.

3711 288 3846 341 H52

2263 417 2481 475 carunt,
2507 415 2627 464 tum
2654 407 2774 463 aliis
2815 405 3117 462 falsissimis
3167 405 3235 461 de
3281 405 3481 474 causis,
3527 415 3647 462 tum
3693 410 3848 464 etiam

2262 482 2404 550 quod
2438 481 2749 534 catholicam
2791 483 2844 532 et
2870 479 3220 550 apostolicam
3247 479 3406 546 ﬁdem
3439 479 3504 533 de
3544 495 3759 550 corpore
3801 487 3849 534 et

2258 555 2525 619 sanguine
2555 553 2772 606 Domini
2797 552 2856 603 in
2876 551 3223 618 quastione":
3243 553 3486 618 poneret,
3524 567 3585 605 ac
3621 551 3854 607 haretici

2257 624 2574 693 Berengarii
2594 623 2852 693 antiquus
2877 624 3008 675 esset
3035 620 3354 690 discipulus.

2329 694 2416 764 Sic
2430 691 2564 764 ergo
2585 691 2890 764 Opinamur,
2915 705 3234 764 concessam
3250 691 3593 764 ‘Derengario
3613 694 3854 764 priorem

2260 760 2596 820 audientiam
2622 760 2666 818 ’a
2712 761 2979 832 Gregorio
3012 762 3092 833 _inr
3110 760 3340 816 concilio
3386 760 3665 833 Romano,
3713 763 3856 833 quod

2260 833 2563 890 Novembri
2603 849 2793 889 mense
2817 831 2946 888 anni
2968 831 3166 888 Christi
3202 838 3341 888 1078
3367 831 3706 888 celebratum
3729 831 3813 890 est
3844 853 3855 888 :

2263 905 2355 961 ubi
2384 920 2513 960 cum
2537 912 2787 960 versutus
2809 919 2976 959 senex
2998 903 3170 958 errori
3197 919 3297 959 suo
3323 904 3517 972 multa,
3547 907 3854 974 praesertim

2260 993 2326 1031 ex
2352 977 2659 1048 Augustino
2678 977 2822 1048 male
2841 974 3115 1048 intellectq
3135 974 3457 1046 deprompta
3466 973 3853 1048 ,obtendisset,

2262 1044 2498 1118 amplius
2525 1045 2902 1119 pronuntiasse
2929 1044 3261 1119 pontiﬁcem,
3287 1044 3569 1119 ac‘totius
3600 1047 3680 1119 rei
3721 1046 3856 1102 deci-

2263 1115 2474 1175 sionem
2494 1115 2553 1174 in
2576 1118 2885 1189 proximam
2905 1115 3176 1188 synodum
3209 1124 3334 1189 post
3356 1124 3468 1172 tres
3491 1115 3684 1172 exinde
3711 1132 3853 1189 men-

2263 1205 2370 1255 ses,
2407 1190 2536 1244 anni
2577 1187 2787 1244 scilicet
2832 1187 2969 1260 1079
3019 1202 3207 1260 mense
3247 1187 3544 1244 Februario
3585 1187 3852 1260 agendam

2264 1259 2572 1330 distulisse;
2611 1259 2830 1330 interim
2869 1257 3074 1330 jejunia
3119 1257 3412 1330 imperasse
3449 1267 3504 1314 et
3549 1257 3744 1329 preces
3788 1259 3854 1314 ad

2267 1301 2346 1385 in?
2348 1301 2742 1402 (321}?Eia5'3
2749 1301 2769 1384 ἶ
2771 1301 3770 1402 ῧῖηὲιιῖιἬιῖειὶιῗἰἶζῦῖ-Ξειῖἐοὲἑὲἕνᾶε
3788 1301 3849 1402 ἓξ

2267 1399 2414 1456 tanta
2444 1401 2723 1457 videretur
2770 1399 3051 1456 statuisse:
3081 1403 3204 1456 Non
3231 1399 3381 1455 enim
3423 1399 3492 1456 de
3538 1399 3850 1456 damnando

2267 1473 2445 1544 solum
2481 1471 2809 1544 Berengario
2847 1471 3132 1544 agebatur,
3158 1471 3306 1544 quod
3327 1471 3449 1544 jam
3469 1479 3708 1541 quatuor
3735 1480 3850 1528 ante

2267 1543 2486 1614 synodis
2516 1541 2722 1600 factum
2761 1541 3070 1609 constabat;
3122 1541 3216 1598 sed
3247 1541 3550 1614 curandum
3600 1551 3723 1597 erat
3766 1544 3848 1613 pio

2270 1613 2493 1686 pastori,
2543 1624 2622 1681 ut,
2665 1629 2788 1685 qua
2830 1613 3394 1686 postrBerengarium
3447 1613 3846 1686 deerraverant,

2272 1683 2398 1741 oves
2426 1702 2538 1742 non
2568 1683 2758 1758 pauca
2783 1683 2861 1758 ad
2880 1684 3162 1758 catholica
3181 1683 3445 1739 Ecclesia
3471 1684 3655 1738 caulas
3689 1684 3843 1758 redu-

565 1771 755 1812 mense
782 1755 1075 1827 Novembri
1119 1754 1260 1810 coiit.
1317 1756 1533 1827 Etenim
1575 1754 1768 1810 scribit
1797 1755 1895 1827 hic
1944 1764 2156 1825 auctor,
2195 1763 2244 1825 Β
2271 1765 2546 1813 cerentur.
2569 1754 2980 1826 'Expendenda
3025 1755 3192 1827 igitur
3217 1763 3372 1810 erant
3425 1756 3734 1827 Berengarii
3759 1771 3841 1810 ex-

563 1826 894 1908 pereggario
949 1827 1276 1908 auﬂdientiam
1316 1826 1370 1880 in
1399 1825 1862 1908 duabus-synodis
1889 1827 2162 1899 generali-

566 1898 672 1954 bus
699 1896 890 1954 Roma
934 1914 962 1954 a
994 1898 1262 1967 Gregorio
1291 1912 1430 1968 papa
1476 1899 1572 1953 Vll
1610 1896 1779 1954 fuisse
1823 1896 2160 1966 concessam,

564 1977 621 2026 et
645 1970 703 2024 in
735 1969 1039 2038 posteriore
1073 1968 1341 2024 duntaxat
1370 1969 1720 2038 compulsum
1766 1968 1936 2025 refert
1963 1970 2032 2025 ad
2057 1971 2161 2026 ab-

564 2039 856 2168 jiirrat‘iidam
886 2039 1138 2097 haresim
1167 2055 1322 2096 suam
1331 2080 1350 2112 ,
1389 2047 1447 2096 et
1476 2039 1644 2096 ﬁdem
1673 2040 2000 2097 catholicam
2029 2057 2161 2113 pro-

630 2127 696 2168 en
737 2128 871 2168 am..

607 2121 843 2168 tendam.
860 2151 871 2164 ι

636 2185 781 2239 Hinc
806 2183 1069 2239 nimirum
1109 2185 1295 2238 Benno
1323 2182 1822 2254 pseudocardinalis
1854 2185 2035 2254 (1472)
2060 2200 2158 2240 oc-

566 2256 843 2311 casionem
897 2255 1128 2325 arripuit
1168 2255 1564 2320 calumniandi,
1597 2263 1652 2310 et
1699 2255 1766 2309 de
1810 2255 2159 2310 sanctissimo

564 2327 816 2396 pontiﬁce
860 2325 960 2380 ista
993 2325 1291 2380 mentiendi
1314 2343 1340 2396 _:
1380 2326 1526 2380 Idem
1551 2331 1925 2395 prresumptor,
1956 2326 2156 2396 inquit,

553 2394 830 2466 jejunium
856 2398 1058 2450 indixit
1073 2394 1467 2458 card-inalibus,
1486 2401 1550 2449 ut
1571 2399 1712 2450 Deus
1721 2394 2016 2451 ostenderet
2031 2394 2161 2465 quis

562 2471 758 2522 rectius
783 2470 1005 2521 sentiret
1033 2467 1099 2520 de
1126 2482 1343 2534 corpore
1370 2469 1607 2530 Domini,
1643 2470 1952 2522 Romanane
1978 2470 2157 2523 Eccle-

562 2541 670 2600 sia,
701 2555 774 2592 an
798 2539 1172 2604 Berengam'us.
1216 2539 1317 2590 Per
1344 2538 1436 2590 hoc
1464 2540 1755 2604 manifeste
1777 2541 2037 2608 probatus
2067 2543 2155 2594 in-

561 2610 756 2676 fidelis,
807 2624 925 2662 cum
977 2610 1036 2680 in
1077 2610 1289 2680 Nic-(rm
1336 2610 1554 2662 concilio
1595 2611 1861 2679 scriptum
1911 2613 1980 2665 sit
2021 2614 2154 2680 quia

567 2698 591 2730 (ί
634 2680 831 2732 dubius
861 2681 917 2731 in
940 2679 1044 2747 ﬁde
1073 2679 1308 2746 inﬁdelis
1335 2683 1411 2733 est
1448 2703 1494 2733 ν.
1538 2680 1750 2748 Quibus
1791 2679 2155 2737 consentanee

562 2750 800 2819 episcOpi
831 2749 1164 2823 schismatici
1185 2749 1566 2823 nevemdecim
1588 2767 1734 2806 anno
1762 2757 1899 2806 1080
1927 2752 2045 2823 ipso
2066 2754 2154 2808 die

517 2823 522 2832 '
561 2824 903 2896 Pentecostes
931 2820 1197 2896 adversus
1227 2821 1558 2896 Gregorium
1585 2823 1883 2896 Moguntia
1917 2820 2151 2896 congre-

558 2892 665 2963 gati
709 2891 794 2961 [de
842 2907 944 2960 qua
977 2891 1397 2964 pseudosyuodo
1445 2893 1614 2964 abibas
1656 2891 2053 2964 Urspergeusis
2077 2895 2147 2952 ad

559 2978 766 3018 annum
794 2967 929 3018 1080
951 2967 1151 3030 (1473)]
1172 2963 1322 3017 illum
1345 2963 1665 3034 pontiﬁcatu
1695 2963 1979 3036 indignum
2001 2967 2148 3037 judi-

554 3122 790 3178 summis
824 3121 1180 3195 pontiﬁcibus
1201 3131 1392 3178 contra
1425 3123 1820 3195 Berengarium
1849 3125 2142 3192 celebrata.

556 3197 765 3251 Catera
797 3194 1138 3266 particularia
1170 3194 1224 3266 in
1256 3194 1483 3266 Francia
1509 3194 1778 3266 pracipue
1800 3196 1983 3252 habita
2015 3213 2146 3253 enu-

555 3274 734 3338 merat
754 3265 960 3338 Natalis
980 3265 1278 3338 Alexander
1294 3265 1435 3320 Hist.
1458 3267 1587 3321 eccl.
1611 3265 1740 3322 sae.
1761 3267 2077 3336 x1,dissert.
2097 3276 2148 3338 1,

554 3336 648 3392 ubi
680 3345 875 3392 cuncta
896 3336 1018 3391 hac
1041 3336 1288 3391 curatius
1313 3338 1718 3392 examinantur.

625 3413 807 3473 (1469)
839 3405 1130 3478 Legendus
1173 3406 1258 3461 hic
1285 3416 1390 3478 est,
1415 3408 1766 3464 Mabillonius
1797 3409 1852 3464 in
1890 3409 2148 3467 observa-

553 3478 794 3533 tionibus
841 3476 952 3534 δυῘέ
987 3481 1067 3532 De
1109 3476 1395 3550 multiplici
1438 3481 1752 3550 Bereugarii
1797 3481 2150 3539 damnatione

560 3551 678 3605 νει.
709 3550 936 3625 analect.
962 3565 1090 3604 nov.
1117 3548 1230 3625 ed_._,
1248 3548 1299 3621 p'.
1332 3556 1482 3625 518),
1506 3550 1599 3606 ubi
1623 3548 1737 3606 non
1761 3555 1874 3606 sine
1894 3556 2148 3625 scrupulo

553 3628 850 3692 utrumque
879 3620 984 3693 hoc
1023 3620 1328 3693 concilium
1357 3620 1426 3676 ad
1474 3637 1678 3676 annum
1725 3629 1859 3678 1050
1890 3620 2145 3693 collocat,

554 3700 736 3766 motus
766 3691 1059 3766 ’pracipue
1123 3691 1446 3766 auctoritate
1502 3695 1800 3766 [jermanni
1845 3691 2144 3766 Contracti,

552 3763 744 3839 coaevi,
777 3763 867 3832 qui
895 3763 1099 3844 pariter
1113 3763 1350 3845 utrique
1373 3763 1628 3845 eumdem
1658 3781 1871 3845 anpum
1894 3767 1954 3820 in
1979 3763 2146 3824 chroé

552 3834 805 3904 uicorsuo
824 3834 1084 3904 assignat.
1110 3835 1219 3889 Sibi
1253 3834 1354 3904 ipsi
1384 3843 1568 3890 tamen
1599 3834 1745 3891 haud
1771 3837 1906 3894 satis
1932 3847 2150 3894 constat

554 3900 1086 3976 Mabillouiirsfdum
1127 3900 1357 3976 Sac.'V.
1390 3905 1615 3971 Bened.,
1665 3914 1865 3976 p.895,
1897 3911 2146 3965 eamdem

493 3995 496 3998 ι
551 3971 824 4052 synodum
853 3974 1186 4053 Romanam,
1209 3975 1266 4028 in
1290 3990 1397 4053 qua
1419 3977 1580 4029 simul
1607 3971 1908 4053 Gerardu'm
1934 3981 2149 4035 Tullen—

549 4045 623 4096 sis
673 4045 956 4113 episcopus
1006 4045 1208 4098 sanctis
1245 4045 1514 4113 ascriptus
1553 4054 1654 4112 est,
1681 4047 1749 4101 ad
1777 4064 1980 4104 annum
2013 4055 2148 4106 1049

549 4113 780 4168 Collocat
825 4128 890 4168 ex
929 4129 995 4168 eo
1025 4113 1172 4184 quod
1202 4115 1305 4169 ista
1347 4115 1649 4184 pracedere
1677 4116 1927 4173 debuerit
1949 4121 2151 4178 solem-

549 4199 680 4255 nem
703 4184 948 4255 corporis
980 4183 1229 4255 ejusdem
1272 4183 1443 4240 sancti
1483 4186 1841 4244 elevationem
1868 4191 2042 4247 Tullis
2081 4194 2148 4248 ab

549 4253 668 4325 ipso
699 4253 831 4327 papa
868 4253 1205 4334 circzrﬁrrem
1235 4255 1486 4334 Octobris
1515 4256 1714 4334 iactam
1747 4277 1759 4312 :
1789 4261 1939 4334 quod
1964 4263 2143 4334 ipsum

547 4341 767 4405 quoque
793 4327 958 4405 sentit
994 4329 1056 4382 P.
1095 4328 1350 4397 Bouquet
1379 4327 1436 4383 in
1464 4327 1916 4405 sua_collectione
1952 4327 2000 4388 εἴ
2035 4337 2136 4405 ΧΙ,

550 4412 600 4465 p.
626 4403 748 4476 474.
785 4401 885 4476 Ast
920 4405 1218 4476 utrumque
1243 4414 1369 4476 ann.
1402 4405 1540 4476 1050
1568 4399 1737 4476 {uisse
1763 4400 1968 4476 factum
1995 4399 2142 4476 patet

548 4481 613 4544 ex
661 4467 856 4544 litteris
901 4467 1354 4544 canonizationis,
1404 4471 1700 4544 inuquib‘us
1745 4467 2012 4544 synodus-
2036 4478 2140 4534 ista

547 4522 695 4593 circa
729 4522 912 4595 Nonas
962 4522 1989 4606 Maii"celebratadiéuiiirfcumvilla-
2013 4522 2140 4604 alibi
2171 4522 2220 4584 Β

549 4613 707 4681 1049,
745 4609 834 4681 die
887 4615 945 4664 11
1000 4609 1202 4681 Aprilis
1245 4609 1432 4666 habita
1457 4609 1641 4667 fuerit.
1676 4613 1801 4669 Vid.
1855 4618 1961 4670 Nat
1999 4619 2140 4674 alem

544 4677 914 4735 Alexandrum
928 4681 961 4735 1.
990 4697 1039 4736 c.

617 4753 797 4828 (1470)
827 4750 948 4828 Lib.
980 4755 1062 4828 De
1085 4759 1403 4828 corporeet
1421 4755 1696 4828 sanguine
1723 4757 1969 4828 Domini,
1994 4776 2041 4816 c.
2072 4765 2137 4828 4;

545 4827 598 4874 et
627 4819 999 4877 Guitmundus
1025 4822 1178 4877 initio
1200 4819 1328 4878 libri
1355 4839 1391 4879 ι.
1419 4819 1674 4881 νὶἀἯδῑ.
1706 4827 1858 4883 Alex.

618 4895 796 4973 (1471)
828 4893 1002 4973 Igitur
1024 4893 1071 4973 si
1095 4909 1260 4949 nemo
1287 4894 1608 4973 aliushujus
1637 4899 1835 4973 sypodi
1865 4901 2132 4973 meminit,

541 4962 843 5044 Bernaldus
861 4962 963 5044 hie
988 4965 1034 5018 is
1058 4965 1170 5044 ipse
1202 4973 1285 5044 est
1309 4962 2134 5044 Bertholdus_'Constantiensis,

539 5033 632 5105 qui
669 5033 723 5088 in
760 5049 859 5090 suo
906 5033 1182 5091 Chronico
1207 5036 1273 5092 ad
1304 5052 1432 5092 ann.
1476 5043 1614 5093 1078
1641 5038 1759 5095 haec
1801 5043 1992 5099 eadem
2035 5033 2132 5100 ha;

540 5104 665 5184 bet;
694 5107 758 5159 In
795 5105 999 5184 synodo
1033 5108 1156 5184 ista
1173 5108 1744 5184 Romanaautumnali
1769 5113 2130 5184 Berengarz’us

535 5176 942 5256 Andegavensis
963 5181 1266 5256 canonicus,
1297 5185 1357 5234 ut
1386 5180 1456 5256 ab
1481 5181 1681 5256 haeresi
1706 5198 1806 5237 sua.
1847 5176 2127 5256 resipisce-

534 5251 632 5309 ret,
663 5249 1003 5326 sgnodaliter
1030 5253 1360 5326 convenitur,
1387 5254 1557 5326 _eiqu.e
1587 5253 1818 5326 inducite
1846 5249 2014 5326 usque
2053 5260 2127 5314 ad

527 5321 779 5384 proxime
801 5321 1051 5385 futuram
1075 5321 1336 5389 synodum
1365 5323 1584 5377 dantur.
1617 5323 1736 5379 Vid.
1777 5321 2055 5384 Mabillon.
2085 5329 2120 5384 1.

531 5404 601 5453 c.,
641 5405 691 5459 p.
731 5392 856 5454 515,
889 5398 943 5444 et
971 5392 1226 5446 Natalem
1257 5392 1628 5448 Alexandrum
1652 5393 1687 5448 Ι.
1715 5412 1765 5452 c.

601 5463 780 5524 (1472)
845 5460 1367 5542 Bennonemhhune
1430 5465 2001 5542 .pseudocardinalem,
2074 5470 2120 5542 si

530 5536 714 5611 tamen
743 5545 982 5611 unquam
1009 5533 1472 5611 exstitit,_cateris
1489 5535 1843 5611 scriptoribus
1863 5533 2033 5611 usque
2050 5541 2120 5599 ad

523 5599 780 5654 saculum
811 5615 932 5656 xm
965 5605 1200 5674 ignotus,
1239 5604 1382 5658 inter
1425 5599 1673 5660 veritatis
1712 5599 1969 5666 Ecclesia
2003 5628 2116 5668 sua

524 5676 678 5749 testes
722 5682 1082 5749 connumerat
1148 5675 1710 5749 Flacciusrlllyricus,
1757 5679 1908 5749 cujus
1951 5683 2113 5738 etiam

520 5741 955 5823 librum-Depita
977 5749 1031 5799 et
1057 5749 1216 5813 gestis
1245 5741 1605 5823 Hildebrandi
1621 5741 1770 5818 operi
1801 5741 1900 5805 s'uo
1928 5769 1976 5823 p.
2003 5761 2112 5809 2‘20

520 5813 768 5882 inseruit,
797 5813 995 5885 aliique
1026 5824 1215 5884 postea
1239 5814 1513 5889 egregium
1556 5813 1701 5874 hunc
1730 5813 2110 5880 testem‘avidc

2271 1828 2546 1900 ceptiones
2592 1825 2929 1900 docendique
2955 1825 3392 1900 synodiipatres
3437 1825 3651 1900 omnes,
3689 1843 3844 1898 quam

2271 1897 2360 1954 ille
2389 1901 2470 1954 vel
2499 1900 2792 1969 Scriptura
2821 1897 3022 1969 divina
3047 1897 3128 1953 vel
3154 1897 3526 1969 S.7Augustini
3556 1897 3844 1953 aliorumve

2267 1972 2557 2027 doctorum
2585 1967 2832 2026 veterum
2858 1968 3088 2024 abutens
3127 1968 3307 2023 verbis
3331 1967 3406 2023 ab
3433 1983 3626 2024 eorum
3675 1978 3842 2024 mente

2269 2042 2444 2098 aliena
2483 2043 2818 2112 loqueretur.
2846 2039 2990 2112 Nihil
3020 2039 3110 2094 hic
3139 2046 3258 2112 erat
3284 2039 3432 2110 quod
3462 2039 3516 2094 in
3545 2040 3839 2112 prudentis-

2267 2115 2497 2195 §imo_ac
2527 2109 2771 2195 piissimo
2802 2110 3055 2195 pontifice
3079 2109 3475 2195 redarguerem
3503 2109 3833 2195 sehismatici:

2266 2185 2375 2240 Sed
2409 2183 2464 2240 hi
2495 2182 2758 2240 nimirum
2784 2182 2902 2238 uis
2933 2182 3037 2237 illis
3097 2182 3435 2252 portentosis
3481 2182 3756 2252 calumniis
3783 2182 3837 2236 id

2266 2256 2544 2311 consecuti
2557 2263 2706 2320 sunt,
2723 2263 2784 2310 ut
2802 2255 2862 2308 in
2881 2254 3054 2309 virum
3075 2250 3484 2308 sanctissimum
3500 2251 3625 2308 odio
3639 2250 3838 2308 efferati

2265 2327 2333 2380 ab
2358 2328 2570 2397 optimo
2597 2340 2816 2397 quoque
2844 2325 3080 2397 insanire
3094 2339 3173 2397 _ac
3199 2323 3380 2397 furere
3410 2322 3778 2397 crederentur.

2341 2393 2422 2453 De
2473 2393 2773 2462 Christino,
2828 2404 2890 2450 ut
2926 2395 3029 2450 iste
3057 2395 3156 2461 ait,
3201 2393 3272 2466 ad
3321 2409 3532 2450 annum
3585 2400 3722 2452 1088
3740 2395 3839 2466 jam

2265 2469 2542 2540 episcopo,
2580 2467 2672 2539 qui
2701 2466 3161 2540 cumrLanl'ranco
3200 2465 3342 2540 haud
3380 2467 3556 2540 multo
3594 2465 3840 2540 anteepio

2263 2537 2555 2611 scopatum
2580 2537 3026 2611 Beringarianam
3053 2537 3318 2611 haresim
3345 2537 3567 2607 scriptis
3596 2537 3835 2611 conlata-

2263 2608 2378 2679 rat,
2403 2611 2641 2668 hareret
2685 2608 2818 2665 mihi
2867 2608 3176 2679 scrupulus,
3220 2608 3347 2680 nisi,
3380 2617 3674 2680 appareret
3720 2609 3845 2664 hunc

2263 2682 2442 2753 ipsum
2467 2699 2585 2738 esse
2625 2681 3029 2753 Guitmundum
3055 2679 3589 2753 (1474)_episcopum
3621 2685 3839 2753 Aversa—

2261 2750 2416 2810 iium.
2443 2757 2582 2810 Cum
2609 2754 2754 2808 enim
2775 2751 2921 2823 apud
2949 2754 3173 2823 Petrum
3203 2750 3618 2806 Cluniacensem
3646 2751 3701 2805 in
3717 2752 3837 2806 libro

2262 2836 2449 2881 contra
2490 2822 2940 2882 Petrobrusianos
2967 2822 3268 2886 haereticos,
3300 2824 3330 2888 §
3357 2824 3486 2876 Post
3533 2823 3842 2892 baptismum

2259 2903 2533 2966 negatum,
2562 2912 2675 2951 non
2705 2896 2866 2966 longe
2891 2894 2960 2950 ab
2991 2893 3144 2948 initio
3173 2894 3236 2963 (t.
3267 2894 3440 2948 XXII
3467 2892 3712 2948 Biblioth
3737 2896 3835 2949 PP.

2254 2970 2446 3038 ιιι-94η
2471 2985 2528 3039 p.
2565 2969 2750 3036 1057),
2779 2975 2892 3022 tres
2920 2973 3136 3020 tantum
3158 2972 3559 3031 memorentur,
3594 2967 3689 3036 qui
3716 2980 3839 3020 con-

2180 3165 2226 3229 c
2254 3127 2592 3229 ξάορίεξτυηῖ
2620 3122 3843 3229 τηριιέ,νξτεὲειξὲτηέρινιξξῐξίιιέῖιεξοῑὶειξιδξ

2258 3194 2511 3278 Daronio,
2539 3194 2771 3278 utroque
2803 3198 2990 3278 Pagio,
3022 3194 3229 3278 Natali
3251 3194 3712 3278 Alexandrinae
3736 3197 3841 3278 ipso

2253 3270 2489 3336 Fleurio,
2522 3266 2737 3324 nonnisi
2757 3266 3269 3340 impudentissimus
3295 3267 3578 3324 calumnia
3593 3266 3840 3323 torfuisse

2258 3340 2547 3398 manifeste
2560 3340 2964 3411 comprobatur.

2331 3417 2510 3481 (1473)
2540 3409 2970 3467 Item—Baronius
2998 3410 3072 3466 ad
3101 3409 3158 3465 b.
3191 3426 3241 3465 a.
3275 3425 3427 3465 num.
3462 3415 3544 3464 18.
3589 3424 3697 3481 seq.

2328 3480 2512 3551 (1474)
2538 3482 2949 3538 Guitmundum
2978 3484 3314 3538 Aversanum
3342 3481 3660 3552 episcopum
3682 3480 3838 3536 fixisse

2266 3555 2632 3634 binominem,
2661 3562 2858 3634 aperte
2869 3553 3146 3634 colligitur
3165 3568 3233 3609 ex
3278 3553 3450 3634 ξαιμο
3477 3552 3841 3634 Bemriedensj

2259 3627 2316 3680 in
2348 3629 2473 3683 Vita
2503 3620 2759 3696 Gregorii
2788 3627 2912 3690 Vll,
2940 3620 3033 3680 ubi
3075 3639 3244 3696 agens
3278 3623 3347 3680 de
3373 3623 3568 3696 legatis
3595 3620 3842 3696 papauad

2258 3707 2587 3753 conventum
2625 3694 3275 3752 Forcheimensem'ann.
3332 3694 3467 3750 1077
3515 3694 3699 3750 missis
3726 3694 3840 3748 illos

2255 3768 2332 3824 ita
2377 3777 2710 3824 enumerat:
2745 3770 2818 3822 Hi
2846 3773 3026 3822 autem
3071 3772 3224 3821 erant
3268 3767 3451 3834 legati,
3501 3765 3840 3822 Bernhardus

2254 3842 2306 3896 S.
2337 3845 2400 3897 Il.
2430 3845 2495 3896 E.
2527 3840 2828 3895 cardinalis
2856 3840 3140 3902 diaconus,
3169 3840 3294 3892 item
3330 3839 3468 3891 alter
3495 3837 3838 3893 Bernhardus

2257 3912 2420 3966 abbas
2458 3913 2742 3980 religiosus
2769 3911 2833 3964 de
2849 3911 3159 3965 Massilia...
3182 3911 3282 3978 qui
3295 3911 3462 3963 etiam
3487 3924 3666 3980 secum
3689 3908 3838 3961 deerit

2257 3985 2524 4050 egregium
2569 3979 2828 4037 doctorem
2858 3982 3164 4050 quemdam,
3213 3982 3425 4034 nomine
3451 3979 3832 4040 Christianum,

2254 4055 2589 4122 postmodum
2629 4054 2918 4108 Aversana:
2945 4053 3096 4106 urbis
3145 4053 3469 4121 episcopum,
3512 4052 3666 4120 cujus
3717 4065 3834 4122 opus

2258 4121 2433 4179 ea'stat
2452 4127 2707 4179 ea-imium
2729 4128 2908 4178 contra
2953 4127 3298 4177 Turonensem
3329 4125 3734 4189 Berengarium.
3762 4121 3826 4173 D.

2260 4196 2416 4251 Rivet
2442 4205 2630 4253 auctor
2658 4195 2919 4250 Historia
2943 4194 3215 4248 litteraria
3243 4193 3490 4249 Francia
3517 4194 3580 4261 (t.
3615 4193 3747 4254 VIII,
3774 4205 3824 4259 p.

2257 4271 2382 4334 556)
2417 4267 2471 4320 in
2500 4283 2560 4323 ea
2591 4274 2673 4321 est
2701 4266 2982 4337 Opinione,
3013 4263 3422 4337 Guitmundum
3450 4278 3646 4337 nomen
3671 4275 3831 4337 suum

2253 4332 2495 4406 primum
2526 4332 2772 4393 mutasse
2800 4339 3019 4404 Roma,
3038 4351 3146 4406 quo
3175 4351 3238 4390 ex
3263 4350 3360 4390 suo
3387 4336 3445 4406 S.
3482 4332 3837 4406 Leutfrediin

2251 4403 2586 4464 Normannia
2641 4408 2895 4463 coenobio
2923 4403 3261 4476 confugerat,
3293 4405 3492 4476 uthac
3525 4407 3739 4476 ratione
3768 4403 3836 4476 Ia-

2250 4488 2386 4534 teret
2410 4479 2769 4556 Wilhelmum
2791 4477 3005 4548 Anglia
3049 4473 3258 4547 rogem,
3281 4475 3545 4556 quiillum
3672 4473 3838 4556 digni-

2252 4557 2387 4604 tates
2415 4550 2804 4604 ecclesiasticas
2827 4545 3147 4620 promovere
3169 4545 3563 4620 meditabatur,
3586 4545 3843 4620 Qhristia-

2252 4636 2382 4675 num
2429 4636 2556 4676 eum
2608 4620 2808 4692 pariter
2828 4616 3085 4690 'appellat
3116 4621 3458 4692 Anonymus
3489 4616 3842 4692 _ltlellicens_is_
3881 4653 3889 4658 -

2251 4695 2496 4764 cap._90,
2525 4685 2984 4764 De'scriptoribus
3024 4685 3392 4764 ecclesiasticis
3403 4708 3422 4757 ;
3453 4686 3545 4764 ubi
3578 4703 3712 4744 vero
3741 4685 3841 4764 a’bi

2254 4756 2401 4819 haud
2449 4756 2688 4819 constat.
2737 4756 3042 4833 Postquam
3088 4760 3237 4833 enim
3300 4756 3446 4833 cap'._
3497 4756 3586 4812 cit.
3655 4758 3844 4814 retulit

2249 4833 2625 4892 Christianum
2655 4829 2966 4906 pontificem
2997 4831 3304 4906 Apulorum
3359 4829 3631 4906 (adeoque
3656 4833 3844 4906 Arer-

2247 4908 2493 4977 sanum),
2527 4900 2670 4977 _qui'
2724 4912 2925 4977 contra
2998 4900 3417 4977 Berengarium_
3474 4900 3843 4956 invictissime

2246 4971 2584 5047 disseruerit,
2634 4975 2780 5046 quod
2847 4974 3038 5047 utique
3107 4971 3522 5047 Guitmundum
3555 4981 3842 5047 ‘nostrrum

2242 5046 2490 5115 denotat,
2557 5042 2687 5102 mox
2754 5042 2969 5102 tamen"
3007 5061 3129 5116 cap.
3189 5049 3289 5098 102
3371 5043 3542 5116 alium
3629 5042 3844 5099 inducit

2243 5117 2682 5184 Guidmundum,
2734 5120 2834 5187 qui
2884 5123 2934 5171 et
2999 5115 3368 5180 Christianus,
3398 5115 3588 5187 primo
3642 5117 3700 5169 in
3727 5130 3845 5187 rmo-

2240 5193 2470 5244 nasterio
2507 5185 2798 5245 Stabulaus
2845 5189 3127 5242 monachus
3163 5189 3298 5254 fuit,
3350 5186 3447 5239 ubi
3487 5185 3625 5238 dum
3675 5186 3844 5240 abbas

2239 5263 2496 5316 constitui
2535 5267 2696 5330 atque
2740 5261 2816 5314 ad
2856 5261 3088 5314 alterum
3136 5259 3304 5313 locum
3333 5255 3638 5330 regendum
3696 5259 3846 5310 mitti

2236 5331 2522 5399 debuisset,
2544 5329 2789 5400 aufugit,
2820 5332 3161 5400 ignotamque
3183 5329 3518 5400 pro-vinciam
3551 5333 3841 5396 appetens,

2235 5418 2298 5457 ne
2319 5410 2492 5472 posset
2506 5398 2760 5472 agnosci,
2783 5398 2965 5458 nomen.
2985 5398 3218 5456 mutarit
3241 5403 3296 5453 in
3318 5398 3841 5472 melius,rassumens

2232 5471 2430 5528 scilicet
2472 5471 2903 5530 Christianitatis
2953 5472 3260 5528 vocabulum
3307 5471 3509 5524 cunctis
3553 5483 3837 5524 commune

2227 5545 2495 5611 ﬁdelibus.
2547 5546 2780 5601 Tandem.
2818 5553 2938 5599 "vero
2974 5545 3262 5613 requisitas
3316 5544 3369 5596 et
3409 5545 3694 5610 repertus,
3741 5541 3838 5595 sub

2229 5618 2484 5684 Gregorio
2526 5618 2632 5672 VII
2667 5619 2884 5672 Acersce
2919 5619 3098 5684 factus
3132 5617 3208 5670 est
3239 5614 3539 5684 qriscqpus.
3582 5613 3697 5667 Ast
3721 5626 3834 5683 per-

2223 5682 2409 5757 peram
2442 5687 2526 5742 hic
2567 5682 2925 5744 Christianus
2956 5702 3051 5743 seu
3099 5682 3475 5740 Guitrnundus
3500 5682 3834 5757 Aversanus

2224 5752 2588 5832 confunditur
2601 5775 2725 5832 cum
2746 5759 2915 5832 altero
2935 5757 3244 5832 Christiano
3259 5752 3587 5832 cognomine
3609 5753 3827 5832 l_)_ruth_—

2225 5845 2402 5900 maro,
2431 5829 2613 5886 saculi
2660 5832 2740 5886 IX
2783 5829 3066 5900 scriptore,
3111 5827 3204 5899 qui
3236 5821 3302 5881 ex
3331 5821 3574 5880 Corbeia
3613 5822 3823 5886 Veteri.
