4052 6196
268 291 404 345 1453

699 349 704 354 ,
1164 289 1458 344 APPEND.
1499 288 1587 344 m.
1628 317 1696 330 —
1733 288 2150 345 MONUMENTA
2189 259 2650 348 GREGORlANA:

3325 271 3338 276 “
3418 258 3546 348 list

266 422 352 484 tra
389 412 777 484 Berengarium
808 412 975 484 libros
1016 411 1385 484 scripserunt,
1427 411 1677 470 videlicet
1704 415 1854 468 Lan-
1881 417 1932 480 A
1961 413 2262 471 Christinus
2313 413 2446 475 (imo
2503 411 2866 479 Christianus)
2916 421 3258 484 nuncupatus
3304 416 3404 481 sit;
3459 424 3559 470 aut

263 483 508 557 (rancus,
554 483 926 541 Guitmundus
953 493 1029 557 _et
1057 483 1316 556 Algerus;
1363 485 1629 557 Algerum
1670 485 1853 557 (1475)

264 554 485 627 quidem
535 563 752 611 constat
800 571 899 611 nec
932 554 1109 628 luisse
1135 554 1511 628 episcopum,
1567 554 1686 628 nec
1713 555 1855 628 forte

266 624 456 708 natum
482 642 631 708 anno
657 633 833 708 1088,.
853 626 1060 708 quippe
1079 624 1381 708 monachus
1408 624 1586 708 factus
1614 627 1855 708 Qluniaci

267 703 395 769 post
445 696 656 769 obitum
708 695 1357 769 Friderici1Leodiensis
1418 698 1656 769 episcopi
1707 713 1855 753 anno

269 766 468 824 Christi
503 773 666 835 1121,
699 782 763 823 v1
800 767 1076 824 Kalendas
1103 769 1250 825 Junii
1292 766 1499 824 veneno
1529 766 1758 831 enecati,
1799 771 1858 824 in

270 837 418 894 Petri
443 837 783 911 Venerabilis
803 837 1092 911 disciplina
1112 838 1206 911 diu
1231 839 1380 907 vixit,
1404 848 1466 894 ut
1488 840 1602 911 ipse
1623 847 1856 895 testatur

266 912 462 965 Petrus
492 909 662 965 abbas
690 909 918 980 epistola
942 907 979 963 2
1006 907 1127 965 libri
1157 925 1257 978 III,
1286 919 1343 965 et
1370 907 1676 968 Chronicon
1701 919 1857 966 vetu

267 980 622 1054 Cluniacense
649 979 793 1052 apud
814 982 1073 1037 Wionem
1104 981 1136 1035 Ι.
1170 996 1244 1048 u,
1269 985 1434 1054 Ligni
1451 985 1595 1050 vitea,
1628 998 1744 1054 cap.
1769 986 1856 1037 62.

265 1053 452 1124 Quare
480 1068 608 1108 cum
639 1059 764 1108 ante
791 1067 999 1124 annum
1036 1057 1177 1108 1088
1215 1053 1397 1109 nullus
1423 1061 1543 1124 tum
1572 1053 1860 1124 episcopus

269 1123 530 1196 adversus
573 1123 961 1196 Berengarium
1001 1124 1280 1196 scripsisse
1329 1123 1662 1195 reperiatur,
1701 1123 1859 1179 Lan—

265 1193 454 1266 (ranco
501 1202 557 1250 et
607 1193 946 1266 Guitmundo
988 1193 1269 1266 exceptis,
1311 1203 1364 1266 et
1394 1193 1604 1266 ‘auctor
1648 1211 1677 1250 a
1720 1197 1862 1250 Lan-

266 1263 478 1338 {raucos
505 1274 562 1321 et
610 1265 885 1338 Christino
913 1263 1184 1338 episcopis
1221 1265 1276 1322 id
1315 1263 1528 1338 factum
1556 1265 1722 1334 dicat,
1753 1274 1862 1338 Vaut

266 1335 613 1394 binominem
641 1336 804 1394 fuisse
849 1335 1119 1408 putamus
1137 1336 1555 1405 Guitmundum,
1604 1344 1667 1394 ut
1693 1337 1860 1394 etiam

1963 485 2464 556 certeiscriptorem
2507 485 2653 541 hunc
2699 483 2966 556 memoria
3001 483 3213 556 lapSum
3255 501 3353 556 pro
3394 486 3556 543 Guit-

1963 555 2188 628 mundo,
2211 555 2547 628 Christinum
2574 555 2852 628 posuisse.

2033 627 2195 699 Quod
2226 626 2483 699 denique
2532 624 2618 682 hic
2656 626 2881 699 dicitur
2895 624 2971 699 de
3017 625 3196 699 forma
3225 626 3556 699 proﬁtendae

1964 697 2092 753 fidei
2119 697 2450 781 catholicae,
2497 699 2577 754 vel
2620 697 2906 781 abjurandi
2931 698 3169 781 “erroris
3189 697 3258 754 ab
3286 697 3560 781 Ephesius

1963 768 2174 841 synodo
2204 768 2478 841 haereticis
2507 768 2824 841 prescripta,
2859 768 3092 841 habetur
3116 769 3206 841 illa
3237 769 3463 841 quidem
3498 769 3558 824 in

1965 839 2407 920 epistola-Cyrilli
2440 839 2781 920 seu_concilii
2808 839 3063 920 Ephesini
3110 839 3178 920 ad
3224 839 3555 920 Nestorium,

1964 909 2087 982 quae
2115 909 2304 980 incipit
2347 910 2479 966 Cum
2514 912 2767 967 Salvator
2806 909 3004 975 noster,
3055 921 3112 966 et
3159 910 3474 967 inscribitur
3499 910 3558 965 in

1964 981 2154 1037 Codice
2199 997 2476 1037 canonum
2529 984 2721 1039 veteris
2768 984 3023 1040 Ecclesiae
3072 984 3342 1039 Romanae
3391 998 3561 1037 canon

1965 1055 2139 1126 sancti
2179 1054 2440 1126 Ephesini
2476 1056 2653 1123 primi
2691 1056 2920 1118 concilii,
2971 1062 3258 1126 exstatque
3309 1053 3366 1110 in
3420 1053 3560 1108 actis

1967 1123 2404 1196 Graeco-Latinis
2431 1140 2483 1195 p.
2519 1140 2563 1193 1,
2609 1140 2728 1196 cap.
2766 1131 2863 1196 26;
2894 1141 3016 1196 qua:
3044 1123 3256 1191 tamen,
3296 1132 3356 1180 ut
3389 1139 3557 1196 appa-

1968 1203 2069 1268 ret,
2096 1195 2174 1268 in_
2208 1195 2398 1268 codice
2424 1211 2533 1268 quo
2571 1195 2702 1252 usus
2749 1205 2834 1252 est
2851 1195 2938 1251 hic
2955 1205 3147 1252 auctor
3163 1203 3327 1268 caput
3349 1195 3559 1252 obtine-

1969 1266 2061 1322 bat
2085 1265 2340 1337 quintum
2367 1265 2665 1323 decimum.

760 1625 860 1684 DE
915 1624 1353 1685 BERINGERII
1418 1623 1996 1686 HxERESIARCH/E
2052 1621 2568 1684 DAMNATIONE
2622 1623 3080 1692 MULTIPLICIJ

344 1797 390 1846 1.
435 1790 780 1863 Beringerius
816 1795 997 1858 (1476)
1040 1791 1448 1864 Andegavensis
1484 1791 1734 1848 haeresim
1777 1791 1862 1848 sui
1896 1795 1946 1858 Β
1977 1791 2185 1848 vocavit
2238 1791 2594 1849 audiendum.
2648 1791 2736 1848 Ad
2777 1790 2922 1849 hanc
2965 1791 3237 1865 synodum
3283 1807 3396 1848 non
3450 1792 3566 1865 ipse

270 1884 509 1941 nominis
553 1884 820 1955 condidit,
869 1894 926 1942 et
973 1886 1260 1942 veritatem
1286 1885 1566 1942 Dominici
1615 1884 1866 1957 corporis

271 1986 327 2035 et
361 1977 640 2052 sanguinis
666 1986 858 2036 contra
895 1979 1264 2052 evangelicam
1288 1979 1571 2035 veritatem
1598 1979 1866 2051 abnegare

271 2073 618 2144 praesumpsit
663 2091 678 2129 :
712 2072 960 2130 videlicet
988 2089 1234 2130 asserens
1257 2089 1460 2144 panem
1497 2081 1552 2129 et
1595 2072 1779 2128 vinum
1810 2073 1867 2128 in

268 2165 534 2223 sacriﬁcio
576 2167 799 2223 Domini
830 2183 944 2224 non
976 2183 1101 2224 vere
1130 2183 1230 2223 nec
1267 2166 1647 2232 essentialiter,
1678 2165 1774 2221 sed
1803 2164 1866 2219 ﬁ-

268 2265 458 2330 gurate
481 2267 699 2315 tantum
735 2261 983 2317 converti
1013 2260 1070 2316 in
1096 2275 1294 2332 corpus
1317 2268 1374 2316 et
1403 2259 1728 2332 sanguinem
1757 2261 1868 2314 Do-

277 2350 577 2418 minicum;
600 2349 747 2422 quod
771 2352 1056 2408 catholicae
1074 2353 1203 2407 ﬁdei
1228 2361 1284 2408 et
1302 2352 1624 2424 evangelicae
1649 2351 1862 2408 veritati

274 2441 614 2515 apertissime
639 2441 975 2509 adversatur,
999 2444 1079 2498 uti
1110 2445 1206 2498 SS.
1239 2447 1425 2500 Patres
1454 2444 1790 2500 docuerunt.

347 2537 420 2591 Π.
453 2535 798 2608 Quapropter
823 2536 878 2591 S.
910 2537 1026 2592 Leo
1055 2551 1190 2607 papa
1217 2547 1395 2591 nonus
1422 2535 1671 2591 eamdem
1700 2535 1869 2590 haere-

277 2630 383 2685 sim
413 2644 514 2684 suo
549 2637 794 2701 tempore
824 2629 894 2686 ad
927 2629 1289 2702 apostolicam
1313 2628 1502 2684 sedem
1540 2643 1634 2699 per
1661 2627 1874 2684 litteras

279 2722 452 2794 ipsius
495 2721 796 2794 Beringerii
855 2722 1093 2779 delatam
1153 2727 1336 2789 (1477)
1387 2721 1625 2794 generali
1682 2719 1874 2793 synodi

267 2815 478 2888 judicio
541 2816 846 2884 ventilavit,
891 2825 947 2872 et
1003 2815 1319 2872 ventilatam
1367 2815 1616 2888 synodali
1669 2813 1874 2886 judicio

276 2909 571 2967 damnavit.
605 2912 792 2981 Ipsum
823 2925 1041 2982 quoque
1078 2909 1455 2982 Beringerium
1482 2908 1873 2966 communione

282 3003 538 3060 Ecclesia:
579 3003 830 3074 privavit,
879 3019 1050 3075 quam
1085 3004 1198 3076 ipse
1226 3001 1497 3060 Dominici
1541 3001 1785 3074 corporis
1828 3009 1885 3060 et

275 3096 561 3168 sanguinis
610 3098 1004 3154 communione
1083 3098 1197 3154 suis
1255 3097 1650 3154 assertionibus
1715 3095 1884 3154 voluit

277 3191 521 3262 privare.
562 3191 774 3248 Deinde
796 3192 980 3262 ipsum
1009 3190 1078 3248 ad
1106 3190 1420 3262 proximam
1449 3198 1582 3247 tunc
1605 3188 1881 3262 synodum

275 3285 342 3340 in
381 3285 634 3356 proximo
678 3285 994 3356 Septembri
1025 3284 1096 3341 ab
1130 3300 1195 3341 eo
1219 3285 1482 3342 Vercellis
1505 3284 1888 3342 celebrandam

275 3480 382 3538 ubi
411 3479 710 3537 monachus
738 3487 872 3551 erat,
905 3479 974 3538 ad
998 3480 1324 3539 Stabulense
1361 3483 1762 3541 monasterium
1793 3498 1886 3540 vo-

276 3561 468 3627 catus,
503 3551 741 3624 jnniores
769 3551 850 3627 ibi
875 3552 971 3608 diu
998 3568 1191 3627 sacras!
1210 3553 1418 3627 litteras
1455 3555 1662 3624 docuit,
1688 3555 1886 3627 quibus

279 3625 459 3680 etiam
485 3624 953 3679 Commentarium
984 3640 1145 3680 suum
1178 3625 1234 3680 in
1262 3625 1583 3682 Matthacum
1613 3624 1888 3695 inscripsit

284 3699 361 3765 (t.
391 3697 497 3768 XV
526 3697 778 3751 Biblioth.
821 3696 924 3768 PP.
963 3696 1239 3768 Lugdun.,
1267 3712 1321 3767 p.
1355 3698 1468 3768 86).
1501 3696 1565 3752 Id
1594 3712 1721 3752 cum
1747 3698 1885 3753 Mel-

281 3767 514 3823 licensis
542 3782 572 3821 a
603 3767 944 3824 Guitmundo
962 3767 1170 3823 factum
1199 3767 1628 3834 scribat,lapsus
1657 3769 1887 3824 omnino

279 3837 398 3895 fuit
423 3837 821 3893 Druthmarum
849 3853 974 3892 cum
1007 3837 1348 3895 Guitmundo
1373 3837 1731 3896 confundens.
1757 3839 1884 3896 Vid.

282 3909 440 3965 Hist.
475 3909 640 3964 littcr.
675 3909 914 3964 Franciae
941 3909 1007 3964 T.
1045 3912 1110 3963 V.
1140 3926 1193 3981 p.
1225 3919 1315 3976 84.

370 3981 495 4054 Quo
528 3989 713 4054 autem
755 3987 1000 4054 tempore
1029 3983 1335 4054 Aversanus
1379 3981 1666 4054 episcopus
1708 3981 1888 4039 factus

284 4051 368 4108 sit
396 4051 763 4107 Guitmundus
791 4066 885 4106 seu
915 4051 1286 4120 Christianus,
1313 4051 1734 4109 con—trovertunt
1756 4054 1889 4109 scri-

284 4129 514 4196 ptores;
547 4121 634 4196 alii
660 4137 899 4196 namque
931 4121 986 4177 id
1027 4122 1146 4193 jam
1189 4139 1236 4179 a.
1275 4130 1406 4196 1061
1444 4125 1547 4196 sub
1576 4123 1887 4196 Alexandro

288 4192 373 4260 ῘΙ,
405 4192 501 4264 alii
525 4193 625 4248 sub
663 4193 924 4264 Gregorio
968 4192 1094 4261 ΥΠ,
1133 4193 1373 4249 nonnulli
1427 4195 1529 4250 sub
1574 4194 1800 4251 Urbano
1836 4196 1886 4249 ΙΙ

288 4262 1128 4347 contigisse.referlint.‘Horum
1169 4265 1378 4347 primos
1403 4265 1509 4320 falli
1539 4281 1601 4321 ex
1629 4280 1788 4347 supra
1805 4281 1889 4347 .re-

292 4337 417 4392 lato
455 4334 611 4419 Pauli
636 4334 1052 4419 Bernriedensis
1072 4334 1644 4419 testimonio_constat,
1661 4334 1709 4392 vi
1732 4336 1888 4419 cujus

292 4422 435 4480 ann.
480 4413 611 4462 1077
636 4407 871 4480 necdum
899 4417 1016 4463 erat
1041 4408 1346 4480 episcopus,
1381 4409 1580 4480 Pagius
1614 4407 1887 4480 inscritica

1971 1885 2342 1957 Beringerius,
2379 1883 2474 1942 sed
2504 1883 2724 1958 quidam
2752 1884 2872 1958 ejus
2899 1884 3140 1942 fautores
3169 1894 3561 1958 pervenerunt,

1972 1979 2069 2050 qui
2115 1993 2175 2034 se
2221 1979 2428 2052 legatos
2473 1977 2590 2051 ejus
2617 1986 2953 2049 asserentes,
2998 1992 3234 2051 eumque
3277 1977 3569 2035 defendere

1973 2071 2236 2139 volentes,
2269 2071 2323 2126 in
2349 2072 2529 2143 primo
2559 2071 2708 2127 aditu
2738 2070 3074 2128 defecerunt.
3101 2073 3362 2127 Domnus
3381 2079 3569 2127 autem

1972 2163 2301 2234 apostolicus
2341 2163 2541 2220 iterum
2579 2163 2828 2236 synodali
2855 2163 3061 2236 judicio
3103 2163 3432 2221 sententiam
3461 2166 3568 2220 Be-

1975 2255 2217 2327 ringerii,
2249 2262 2303 2310 et
2333 2255 2532 2311 librum
2571 2258 2803 2313 Joannis
2832 2258 2982 2313 Scoti
3011 2262 3193 2325 (1678)
3225 2259 3314 2314 De.
3340 2272 3571 2330 corpore

1974 2347 2202 2404 Domini
2244 2348 2347 2404 sub
2377 2349 2724 2405 anathemate
2765 2349 3066 2418 damnavit,
3109 2359 3164 2406 et
3211 2349 3377 2407 fidem
3409 2366 3572 2422 quam

1976 2456 2169 2497 omnes
2223 2441 2470 2496 catholici
2518 2440 2587 2497 de
2631 2441 2857 2499 veritate
2898 2444 3146 2515 corporis
3193 2451 3247 2499 et
3291 2441 3573 2515 sanguinis

1977 2532 2204 2588 Domini
2233 2533 2496 2590 hactenus
2519 2533 2849 2606 habuerunt,
2887 2543 2944 2591 et
2969 2535 3148 2593 adhuc
3178 2537 3405 2603 habent,
3441 2554 3578 2594 con-

1981 2625 2238 2682 firmavit.
2275 2626 2378 2681 His
2409 2626 2654 2697 utrisque
2677 2626 2901 2698 synodis
2941 2627 3182 2685 domnus
3209 2630 3572 2700 Lanlrancus,
3647 2658 3662 2664 -

1979 2733 2095 2775 non
2136 2719 2311 2802 multo
2341 2726 2464 2790 post
2499 2720 2810 2790 Anglorum
2836 2719 3301 2793 archiepiscopus,
3329 2725 3570 2781 scribens

1981 2819 2170 2868 contra
2190 2811 2569 2884 Beringerium
2587 2826 2645 2869 se
2662 2811 2974 2870 interfuisse
2994 2813 3200 2870 fatetur
3226 2833 3240 2871 :
3265 2815 3320 2871 in
3345 2832 3578 2889 quarum

1983 2905 2166 2979 priore
2201 2905 2268 2962 de
2297 2905 2689 2980 Beringeriana
2717 2904 2908 2964 haeresi
2933 2921 2992 2964 se
3029 2907 3365 2966 infamatum
3402 2918 3456 2966 et
3479 2927 3578 2967 ex-

1993 3006 2304 3072 purgatum,
2328 2997 2426 3056 sed
2451 2999 2510 3055 in
2549 2999 2794 3072 utrisque
2823 3000 3069 3071 ejusdem
3114 3001 3387 3061 haereseos
3413 3003 3581 3061 dam-

1992 3093 2200 3149 nationi
2228 3107 2356 3149 cum
2385 3092 2647 3152 omnibus
2673 3093 2959 3153 catholicis
2994 3111 3056 3153 se
3089 3097 3384 3155 sssensisse
3408 3105 3582 3154 testa-

1909 3153 1957 3220 G
1992 3195 2084 3244 tur
2111 3190 2310 3254 (1479).

2070 3283 2170 3337 III.
2201 3280 2394 3338 Victor
2422 3296 2644 3355 quoque
2671 3296 2831 3355 papa,
2862 3289 2918 3340 et
2943 3282 2999 3340 in
3022 3283 3152 3342 sede
3176 3293 3230 3340 et
3254 3285 3310 3342 in
3335 3287 3578 3345 auctori-

1993 3482 2252 3556 velamine
2281 3481 2506 3556 tegitur,
2534 3482 2678 3556 bene,
2693 3484 2866 3552 plene,
2886 3485 3120 3554 perfecte
3132 3503 3149 3552 ;
3176 3501 3397 3556 sequens
3414 3488 3577 3545 Guit-

1995 3554 2238 3630 mundus
2264 3555 2473 3630 melius,
2495 3555 3081 3630 plenitts,sperfectius;_
3097 3554 3323 3630 fulti-Inus
3350 3560 3580 3630 Algerus

1996 3629 2209 3696 optime,
2236 3627 2563 3696 plenissime,
2613 3627 3004 3695 perfectissime
3043 3627 3317 3692 disseruit,
3349 3627 3479 3684 adbo
3521 3635 3580 3686 ut

1996 3698 2144 3752 nihil
2172 3699 2334 3752 etiam
2359 3698 2816 3768 scrupulosissime
2846 3698 3031 3752 lectori
3062 3701 3412 3768 quaerendum
3450 3704 3578 3757 reli-

1995 3771 2189 3837 querit.
2217 3771 2302 3824 De
2338 3767 2550 3824 duobus
2576 3767 2663 3823 his
2695 3767 2902 3822 ultimis
2929 3767 3004 3824 ita
3032 3767 3221 3827 censet
3242 3773 3506 3828 Erasmus
3525 3773 3581 3828 in

1995 3839 2318 3912 praefatione
2341 3838 2410 3895 ad
2435 3854 2627 3912 eorum
2658 3854 2825 3910 opera
2850 3841 3186 3912 Antwerpiaa
3215 3857 3266 3898 a.
3309 3848 3446 3898 1536
3471 3860 3501 3899 a
3523 3860 3582 3900 se

1997 3910 2140 3986 edita
2174 3931 2185 3965 :
2226 3910 2584 3986 Guitmundus
2619 3911 2810 3986 {levior
2838 3916 2933 3986 est
2953 3917 3004 3966 et
3031 3910 3331 3986 ardentior,
3372 3931 3433 3969 ac
3455 3917 3582 3986 plus

1998 3983 2156 4037 habet
2181 3984 2410 4051 spiritus
2437 3982 2715 4049 rhetorici;
2751 3981 2836 4036 hic
2869 3981 3100 4052 Algerus
3125 3985 3363 4040 sedatior
3405 3981 3485 4040 est
3534 3991 3584 4040 et

1997 4055 2334 4122 religiosior;
2359 4057 2590 4123 uterque
2613 4058 2728 4108 tum
2757 4053 3052 4108 dialecticae
3079 4057 3194 4108 tum
3210 4055 3430 4124 reliqua:
3458 4056 3586 4125 phi-

1999 4125 2251 4194 losophice
2278 4125 2407 4179 belle
2426 4127 2656 4194 per-itus,
2689 4126 2810 4178 licet
2825 4126 2964 4178 citra
2999 4125 3432 4182 obstinationem.
3463 4128 3582 4184 Cie.

1997 4201 2176 4249 terum
2206 4195 2387 4265 Algeri
2436 4194 2559 4265 libri
2592 4203 2704 4250 tres
2731 4197 2811 4265 De
2838 4204 3192 4265 sacramento
3235 4197 3481 4265 corporis
3527 4205 3584 4252 et

1998 4262 2552 4338 sanguinis'Domini,
2577 4265 2668 4338 qui
2689 4262 2796 4338 soli
2826 4263 2938 4320 fere
2964 4281 3026 4338 ex
3050 4266 3269 4338 reliquis
3289 4262 3430 4338 illius
3457 4283 3580 4338 ope-

1997 4334 2148 4391 ribus
2166 4343 2384 4392 aetatem
2403 4335 2598 4402 tulere,
2619 4334 2890 4390 habentur
2909 4335 3071 4391 etiam
3091 4344 3129 4392 t.
3152 4334 3291 4393 XXI
3316 4334 3578 4396 Biblioth.

1997 4408 2104 4463 PP.
2137 4407 2396 4464 Lundun.

1997 4408 2104 4463 PP.
2137 4408 2396 4480 Lugdun.

294 4477 373 4556 sd
400 4493 528 4556 ann.
543 4482 702 4556 _1105
721 4477 798 4556 id
825 4493 857 4556 ες
885 4473 1147 4556 Gregoiio
1187 4473 1287 4536 V'II
1316 4473 1522 4535 factum
1552 4479 1783 4556 sustinet
1823 4494 1888 4556 es
1917 4492 1970 4556 D
1999 4553 2034 4556 _
2070 4473 2255 4545 (1476)
2283 4479 2407 4556 ῌοο
2458 4475 2625 4533 modo
2644 4554 2651 4556 _
2671 4473 2726 4530 in
2775 4475 2880 4534 hoc
2908 4481 3173 4556 opusculo
3225 4481 3582 4556 compellatur

298 4549 491 4605 Ivonis
535 4547 885 4622 Carnotensis
926 4547 1144 4622 decreto
1191 4555 1360 4622 (parte
1397 4566 1492 4622 1v,
1515 4566 1562 4622 c.
1605 4554 1750 4622 213),
1793 4549 1890 4606 ubi
1919 4547 1962 4556 ⁷
1998 4549 2612 4622 BerengariuSLerrore
2637 4554 2846 4622 tamen,
2876 4547 3185 4622 ut‘videtur
3209 4547 3578 4622 amanuensis,

299 4635 426 4700 cap.
452 4621 513 4676 Si
542 4620 970 4700 consuetudinem
996 4620 1292 4700 Gregorius
1316 4620 1560 4700 inscribit
1585 4621 1895 4700 Wimundo

303 4690 561 4762 episcopo
586 4693 862 4762 Aversano
893 4707 1060 4762 quem
1089 4699 1144 4745 et
1172 4706 1272 4762 nos
1290 4690 1549 4746 eumdem
1577 4707 1707 4748 cum
1735 4693 1895 4748 Chri-

306 4760 454 4816 stino
495 4760 605 4818 seu
654 4760 969 4816 Christiano
1032 4776 1148 4817 esse
1192 4760 1542 4829 arbitramur,
1588 4763 1896 4819 secundum

312 4831 519 4886 scilicet
537 4831 700 4903 hujus
712 4832 953 4888 nominis
968 4832 1105 4888 illius
1121 4833 1266 4889 sedis
1283 4833 1579 4890 antistitem
1602 4837 1895 4899 (UGHBLL.

314 4903 454 4984 gul:
486 4911 704 4984 sum)“.
736 4919 789 4984 p_.
819 4906 965 4984 487).
1010 4906 1190 4984 Opera
1216 4904 1376 4984 illius
1397 4913 1610 4984 exstant
1637 4912 1678 4959 t.
1714 4907 1899 4960 XVIII

314 4972 589 5048 Biblioth._
617 4972 1039 5048 PP.‘Lugdun.,
1064 4972 1178 5032 'ubi
1222 4972 1641 5048 archiepiscopus
1675 4984 1902 5031 vocatur

317 5043 392 5120 ob
447 5045 608 5120 pallii-
639 5043 1043 5120 h_onoren_1_jpsi
1087 5064 1117 5103 a
1148 5064 1284 5120 papa
1333 5043 1678 5104 concessum.
1730 5051 1902 5103 Recte

317 5114 483 5191 igitur
509 5131 567 5191 se
595 5114 781 5191 habet
797 5114 1047 5191 Chiffletii
1060 5114 1380 5191 conjectura
1391 5160 1403 5174 .

386 5187 576 5261 (1475)
604 5188 785 5261 Algeri
816 5190 1119 5244 scholastici
1139 5187 1380 5261 primum
1407 5190 1748 5261 Leodiensis,
1777 5189 1906 5246 dein

313 5257 708 5332 Cluniacensis'i
740 5261 1012 5329 monachi,
1060 5257 1426 5332 elo—giumillo
1471 5260 1652 5317 adhuc
1694 5257 1906 5316 vivente

313 5330 536 5404 scripsit
555 5331 1130 5404 Nicolauscanonicus
1149 5330 1362 5404 Leodii,
1381 5332 1603 5404 quodin
1628 5332 1908 5388 Analectis

313 5400 515 5525 suis
551 5406 654 5482 1g9
685 5401 854 5456 edidit
881 5401 1250 5483 Mabillonius.
1293 5400 1674 5486 Honoriﬁcam
1709 5404 1910 5476 pariter

313 5483 434 5525 eius
476 5486 564 5525 em
593 5487 704 5525 Iam
730 5471 971 5525 defuncti
1012 5481 1348 5525 mentionem
1379 5472 1508 5525 facit
1534 5478 1726 5525 Petrus
1749 5491 1910 5525 vene-

312 5469 575 5542 ejusdem
585 5471 704 5542 jam
730 5471 971 5526 defuncti
1012 5473 1348 5528 mentionem
1379 5472 1508 5529 facit
1534 5469 1726 5531 Petrus
1749 5491 1910 5530 vene-

315 5540 506 5614 r_a_bilis
528 5540 699 5596 abbas
731 5542 1109 5614 Cluniacensis
1130 5545 1196 5598 L.
1236 5559 1333 5609 111,
1374 5544 1527 5614 epist.
1561 5551 1592 5599 2
1633 5545 1901 5611 (Biblioth.

320 5608 482 5663 Clun.
524 5626 577 5679 p.
609 5617 772 5678 798);
818 5621 981 5679 atque
1017 5613 1072 5666 in
1113 5617 1273 5668 citata
1306 5608 1495 5669 contra
1528 5608 1907 5674 Petrobrusia-

317 5693 430 5759 ρος
471 5681 793 5759 epistolade
827 5681 1018 5759 tribus
1037 5683 1154 5737 istis
1188 5685 1501 5759 Berengarii
1548 5689 1910 5759 antagonistis

320 5746 434 5805 hoc
477 5746 585 5807 fert
622 5751 912 5823 judicium.
965 5755 1164 5808 Horum
1203 5746 1417 5824 prisz
1457 5746 1794 5816 Lanfrancus
1845 5762 1910 5815 (le

320 5823 552 5878 ueritate
593 5826 833 5893 corporis
861 5829 913 5880 et
950 5823 1250 5893 sanguinis,
1295 5835 1416 5897 quw
1457 5839 1911 5890 sacramentorum

2000 4617 2474 4746 quanqiiamtalias
2501 4619 2665 4675 ambo
2685 4617 2802 4675 haec
2830 4620 3055 4677 nomina
3085 4621 3396 4694 promiscue
3419 4617 3579 4682 usuri-

2004 4706 2116 4746 narn
2140 4708 2202 4746 so
2225 4707 2325 4746 ean
2354 4734 2367 4746 .

2003 4706 2116 4763 pari
2140 4706 2367 4763 scleant.

2076 4763 2257 4835 (1477)
2280 4762 2342 4818 Id
2355 4762 2542 4835 ipsum
2563 4761 2755 4835 iisdem
2774 4762 2887 4820 fere
2901 4763 3081 4822 verbis
3097 4763 3268 4823 refert
3280 4764 3429 4825 idem
3454 4770 3582 4826 Ber‘

2003 4833 2202 4912 noldus
2224 4833 2282 4888 in
2309 4833 2578 4912 Chronico
2607 4833 2677 4912 ad
2705 4849 2828 4890 ann.
2863 4839 3000 4892 1050
3028 4837 3083 4892 in
3114 4837 3300 4912 codice
3329 4850 3584 4912 autogra‘

2005 4904 2114 4978 pho
2138 4904 2454 4981 Mona‘censi
2478 4924 2492 4981 _:
2520 4907 2776 4981 Dominus
2790 4923 2941 4977 papa
2967 4909 3229 4979 synodum
3255 4913 3436 4968 Romae
3462 4904 3585 4981 post

2001 4977 2202 5051 pascha
2214 4977 2441 5051 collegit,
2464 4978 2520 5031 in
2538 4993 2647 5051 qua
2664 4977 2903 5051 hccresim
2922 4977 3383 5051 Beringerianam,
3413 4977 3585 5051 nuper

2009 5049 2082 5103 ad
2120 5050 2469 5121 apostolicam
2498 5049 2672 5103 sedem
2699 5049 2965 5121 delatam,
3015 5049 3316 5109 damnavit.
3357 5049 3506 5108 Item‘
3527 5055 3588 5106 in

2009 5118 2268 5195 autum-no
2297 5118 2560 5195 synodum
2595 5119 2855 5195 Vercellis
2885 5118 3087 5195 collegit
3126 5128 3184 5178 in
3213 5141 3319 5194 qua
3347 5123 3584 5195 eamdem

2011 5191 2257 5266 haresim
2273 5191 2782 5266 anathematizauit;
2814 5209 2935 5265 qum
2963 5191 3186 5266 quidem
3218 5191 3286 5248 in
3319 5193 3586 5250 Hermani

2012 5262 2198 5318 codice
2230 5260 2660 5336 Augiensihaud
2689 5260 2957 5336 leguntur.

2084 5335 2270 5406 (1478)
2317 5331 2413 5388 Est
2453 5331 2543 5406 hic
2583 5331 2825 5406 Joannes
2869 5339 3066 5393 Scotus
3100 5333 3329 5406 Erigena
3370 5335 3589 5404 dictus,

2013 5405 2214 5460 saeculo
2262 5419 2409 5478 nono
2437 5405 2802 5478 _Oxoniensis
2831 5406 3128 5478 professor,
3176 5405 3337 5478 quem
3383 5409 3592 5478 antesi=

2015 5489 2260 5549 gnanum
2286 5475 2476 5549 habuit
2518 5474 2894 5549 Berengaritis.
2935 5475 3054 5530 Vid.
3097 5474 3278 5533 Natal.
3319 5474 3592 5537 Alexand.

2016 5546 2161 5600 Hist.
2193 5546 2321 5600 cccl.
2354 5562 2476 5602 saec.
2513 5563 2596 5615 1x,
2627 5546 2842 5603 dissert.
2874 5562 3006 5605 xw.

2090 5619 2269 5690 (1479)
2290 5617 2454 5674 Libro
2480 5620 2558 5673 De
2573 5631 2800 5690 corpore
2819 5624 2872 5670 et
2888 5617 3155 5686 sanguine
3173 5621 3411 5690 Domini,
3433 5637 3548 5688 cap.
3567 5622 3600 5678 4

2017 5688 2158 5760 inter
2179 5688 2292 5759 ejus
2312 5690 2621 5760 Opera-edit.
2645 5687 2822 5760 Paris,
2855 5703 2904 5741 a.
2945 5695 3100 5755 1648,
3127 5706 3187 5760 p.
3224 5697 3347 5759 234,
3372 5687 3437 5749 de
3472 5697 3604 5750 Ver-

2017 5758 2230 5816 cellensi
2259 5758 2485 5818 concilio
2515 5775 2699 5832 agens,
2746 5759 2989 5833 itemque
3035 5759 3404 5820 Guitmundus
3435 5767 3473 5822 l.
3504 5781 3598 5823 1n.
