3988 6188
538 290 675 350 1455

1458 330 1463 343 .
1532 288 1623 341 AD
1661 286 1887 341 OPERA
1924 285 1982 341 S.
2023 284 2346 341 GREGORII
2381 285 2815 341 APPENDICES.

3702 285 3825 340 1456

533 424 647 473 tate
668 429 947 473 successor
974 414 1031 469 S.
1063 411 1266 467 Leonis
1295 425 1469 483 papa,
1499 410 1669 467 misso
1694 410 1875 482 legato
1915 412 1971 465 in
2002 410 2120 467 Gal-
2150 414 2204 476 Α
2233 411 2275 465 si
2296 425 2399 481 ego
2425 410 2536 482 ipse
2555 409 2844 482 aliquando
2868 414 3064 465 contra
3083 407 3204 465 hac
3221 408 3424 464 sentire
3439 423 3503 465 ac
3528 406 3825 480 praedicare

535 510 661 578 lias,
692 505 985 564 venerabili
1002 506 1237 576 inquam
1263 502 1638 560 Hildebrando
1667 512 1801 559 tunc
1847 502 2120 560 archidia-

536 618 695 667 cono,
712 598 987 657 sednostri
1002 598 1267 670 temporis
1280 596 1578 669 apostolico
1592 598 1797 668 (1480),
1811 596 2121 670 generalem

536 693 813 767 synodum
838 692 1078 749 Turonis
1102 690 1490 764 congregavit:
1514 691 1571 745 in
1589 707 1696 763 qua
1725 691 1838 763 ipse
1858 690 2116 762 Beringe-

536 787 649 843 rius
676 793 897 858 accepta
937 785 1159 856 optione
1183 783 1505 841 defendendi
1543 799 1619 852 se,
1651 800 1777 839 cum
1820 798 1878 839 se
1907 782 2124 853 penitus

539 878 835 936 defendere
885 894 999 934 non
1049 885 1256 950 posset,
1300 876 1405 933 sub
1444 875 1793 949 jurejurando
1847 875 2121 949 propriam

536 972 793 1030 haeresim
813 970 1316 1039 anathematizavit,
1339 978 1394 1025 et
1412 985 1772 1026 communem
1791 977 1995 1025 sanctae
2015 971 2120 1024 Ec-

534 1055 714 1122 clesiae
734 1066 899 1122 ﬁdem
921 1066 988 1122 de
1009 1065 1234 1121 veritate
1259 1064 1508 1136 corporis
1527 1072 1581 1119 et
1604 1063 1885 1135 sanguinis
1908 1061 2121 1118 Domini

536 1174 593 1214 se
626 1158 877 1231 deinceps
915 1167 1255 1215 servaturum
1292 1156 1396 1213 sub
1432 1156 1625 1213 eodem
1662 1156 1974 1227 juramento
2004 1171 2124 1226 pro-

537 1251 717 1317 misit;
751 1253 877 1308 licet
902 1260 1087 1323 postea
1121 1250 1188 1306 ad
1216 1250 1465 1306 eamdem
1496 1250 1750 1305 haeresim
1780 1247 2017 1305 redierit.

608 1347 704 1401 ιν.
733 1345 991 1401 Nicolaus
1014 1352 1199 1400 autem
1222 1359 1355 1415 papa
1380 1342 1557 1399 eidem
1590 1342 1903 1415 Beringerio
1927 1344 2124 1398 Romae

534 1439 585 1493 in
616 1438 854 1509 generali
885 1436 1095 1510 synodo
1126 1442 1302 1503 (1481)
1334 1435 1661 1493 audientiam
1685 1436 1973 1502 concessit,
2001 1450 2126 1491 cau-

532 1546 762 1602 samque
806 1529 923 1601 ejus
963 1545 1087 1585 cum
1131 1538 1349 1585 centum
1395 1528 1654 1585 tredecim
1701 1528 1970 1599 episcopis
1997 1543 2124 1600 syn-

534 1622 675 1678 odali
698 1621 906 1694 judicio
932 1621 1227 1683 ventilavit.
1256 1620 1358 1678 Sed
1383 1621 1471 1677 ille
1509 1621 1732 1689 iterum,
1763 1636 1891 1677 cum
1917 1629 2123 1678 sectam

532 1731 688 1770 suam
714 1713 1004 1771 defendere
1026 1729 1142 1770 non
1168 1714 1393 1783 valeret,
1420 1713 1637 1771 tandem
1662 1714 1816 1787 quasi
1838 1724 2121 1786 correptus

2227 518 2651 575 praesumpsero,
2680 518 2952 559 canonum
2983 502 3255 558 severitati
3284 502 3629 575 subjaceam.
3664 502 3823 558 Lecto

2228 606 2283 652 et
2300 597 2533 669 perlecta
2558 603 2754 669 sponte
2776 595 3067 668 subscripsi
3088 598 3287 665 (1482).
3315 619 3338 643 ιι
3359 596 3626 651 Formam
3650 604 3823 651 autem

2228 690 2391 762 hujus
2418 690 2721 763 juramenti
2751 698 2806 747 et
2830 689 3194 746 anathematis
3222 689 3297 745 ita
3324 697 3509 746 sancta
3552 688 3821 761 Ephesina

2228 782 2821 856 synodus'quibuslibet
2847 781 3165 840 abdicandis
3182 782 3481 839 haresibus
3499 782 3742 854 capitqu
3765 788 3819 837 15

2232 877 2571 949 prescripsit,
2611 884 2665 932 et
2695 877 2763 933 de
2804 876 2996 933 haeresi
3034 874 3329 933 infamatos
3356 876 3571 932 nonnisi
3608 891 3708 948 per
3736 876 3821 932 hu-

2220 969 2468 1041 jusmodi
2505 969 2904 1027 abdicationem
2935 969 3160 1026 haeresis
3187 970 3475 1042 expurgari
3504 968 3709 1026 debere
3736 969 3816 1025 de—

2229 1063 2399 1119 crevit
2430 1080 2443 1117 :
2474 1062 2617 1120 unde
2646 1070 2700 1119 et
2726 1079 2756 1119 a
2784 1063 3100 1135 Beringerio
3122 1063 3290 1119 talem
3319 1072 3649 1134 receperunt
3683 1063 3817 1119 satis-

2230 1155 2547 1214 factionem.

2300 1252 2392 1306 VI.
2449 1252 2605 1306 Hanc
2663 1250 2993 1323 juratoriam
3060 1247 3463 1321 professionem
3526 1250 3808 1322 Beringerii

2233 1342 2470 1400 domnus
2502 1359 2639 1416 papa
2683 1343 2935 1400 Nicolaus
2970 1343 3153 1399 statim
3195 1358 3292 1415 per
3324 1342 3536 1399 diversa
3568 1344 3809 1400 transmi-

2230 1438 2306 1492 sit
2332 1451 2522 1509 regna,
2544 1445 2607 1493 ut
2624 1452 2815 1493 omnes
2834 1438 2951 1492 Deo
2971 1437 3174 1509 gratias
3196 1444 3421 1509 agerent
3444 1451 3545 1507 pro
3571 1436 3685 1508 ejus
3697 1453 3809 1493 con-

2234 1529 2498 1599 verione,
2530 1531 2793 1603 quoniam
2824 1528 3036 1602 pridem
3056 1529 3293 1585 multum
3320 1529 3674 1585 scandalizati
3699 1540 3809 1586 sunt

2231 1620 2301 1679 de
2340 1623 2457 1694 ejus
2500 1624 2799 1680 aversione.
2863 1621 2971 1679 Sed
3020 1622 3375 1695 Beringerius
3417 1638 3573 1679 more
3617 1638 3713 1679 suo
3748 1609 3804 1679 ἔτι

2233 1716 2517 1787 proprium
2540 1717 2811 1773 vomitum
2837 1715 3017 1772 redire
3035 1731 3148 1771 non
3163 1716 3369 1781 timuit,
3392 1723 3449 1772 et
3465 1716 3611 1771 ultra
3633 1732 3806 1773 omnes

532 1810 699 1867 libros
728 1810 960 1883 propriae
984 1810 1254 1867 haereseos
1285 1811 1339 1865 in
1358 1819 1656 1882 conspectu
1677 1784 1869 1866 domni
1892 1784 2116 1882 aposto-
2150 1784 2196 1846 Β
2228 1784 2533 1877 haereticos,
2550 1812 2835 1866 Romanos
2861 1806 3143 1881 pontiﬁces
3166 1816 3221 1865 et
3238 1816 3491 1864 sanctam
3514 1811 3801 1865 Romanam

529 1904 612 1959 lici
659 1912 713 1959 et
750 1904 919 1961 totius
946 1904 1141 1977 synodi
1182 1920 1349 1960 manu
1388 1905 1607 1977 propria
1636 1906 2022 1971 concremavit,
2066 1914 2118 1961 et

528 2014 712 2055 errore
739 1999 1008 2072 abnegato
1048 2000 1366 2056 catholicam
1397 2000 1819 2071 professionem,
1863 2015 2028 2073 quam
2059 2000 2114 2055 in

526 2094 831 2148 Turoneusi
860 2093 1094 2149 concilio
1123 2092 1338 2159 fecerat,
1370 2093 1475 2148 sub
1518 2092 1872 2164 jurejurando
1917 2094 2112 2149 iterum

525 2186 833 2253 renovavit,
862 2186 939 2240 ita
966 2186 1329 2257 pronuntians
1361 2205 1375 2239 :

595 2280 661 2332 V.
709 2301 733 2326 ι
780 2281 894 2349 Ego
922 2279 1266 2350 Beringerius
1296 2278 1548 2350 indignus
1572 2278 1837 2334 diaconus
1874 2279 2114 2335 ecclesiae

523 2371 575 2424 S.
605 2371 843 2426 Mauritii
876 2370 1307 2441 Andegavensis,
1338 2386 1676 2441 cognoscens
1710 2386 1893 2425 veram
1920 2371 2111 2426 catho-

524 2462 684 2517 licam
726 2471 781 2517 et
813 2462 1176 2533 apostolicam
1203 2462 1392 2529 ﬁdem,
1436 2462 1830 2519 anathematizo
1888 2479 2110 2520 omnem

521 2553 797 2621 haeresim,
829 2555 1099 2626 praecipue
1126 2554 1273 2611 illam
1301 2553 1371 2610 de
1397 2572 1501 2627 qua
1531 2555 1795 2611 hactenus
1814 2556 2111 2613 infamatus

513 2663 661 2715 sum,
685 2663 807 2719 quae
829 2657 1078 2704 astruere
1103 2656 1334 2704 conatur
1363 2664 1558 2720 panem
1582 2657 1637 2704 et
1664 2650 1869 2718 vinum,
1905 2666 2027 2721 quae
2052 2652 2107 2706 in

510 2740 667 2796 altari
721 2748 1029 2812 ponuntur,
1083 2749 1208 2813 post
1249 2742 1714 2799 consecrationem
1754 2743 2107 2800 solummodo

507 2841 938 2903 sacramentum,
986 2842 1040 2890 et
1070 2848 1183 2890 non
1218 2849 1409 2891 verum
1453 2851 1653 2908 corpus
1692 2845 1746 2892 et
1789 2836 2106 2910 sanguinem

508 2927 730 2983 Domini
752 2927 928 2983 nostri
946 2929 1077 2984 Jesu
1100 2927 1304 2984 Christi
1324 2944 1464 2997 esse,
1486 2945 1586 2985 nec
1608 2944 1764 3001 posse
1784 2930 2108 2986 sensualiter

507 3019 609 3075 nisi
630 3020 683 3076 in
712 3020 829 3077 solo
856 3028 1203 3077 sacramento
1232 3021 1486 3078 manibus
1506 3021 1851 3079 sacerdotum
1881 3024 2100 3079 tractari

508 3113 587 3170 vel
612 3113 810 3186 frangi,
838 3114 1193 3171 autﬁdelium
1214 3114 1467 3171 dentibus
1491 3116 1671 3171 atteri.
1696 3117 1991 3173 Consentio
2011 3133 2101 3173 au-

507 3215 620 3262 tem
649 3215 852 3264 sanctae
882 3209 1155 3264 Romanae
1182 3208 1436 3265 Ecclesia!
1455 3217 1506 3264 et
1534 3210 1847 3281 apostolicae
1872 3209 1983 3267 sedi
2010 3223 2098 3267 :et

504 3316 600 3356 ore
629 3308 685 3355 et
728 3299 896 3356 corde
939 3301 1220 3371 proﬁteor,
1268 3300 1336 3358 de
1383 3304 1744 3359 sacramentis
1796 3304 2101 3361 Dominicaa

505 3408 711 3450 mensa
757 3409 876 3450 eam
928 3392 1099 3449 ﬁdem
1147 3396 1273 3465 (me)
1320 3402 1510 3451 tenere
1552 3412 1717 3468 quam
1762 3396 2001 3454 domnus
2047 3407 2103 3454 et

500 3486 831 3543 venerabilis
876 3502 1011 3560 papa
1059 3488 1348 3555 Nicolaus,
1397 3496 1452 3545 et
1484 3489 1602 3546 haec
1639 3498 1827 3546 sancte
1857 3490 2100 3563 synodus

501 3580 823 3637 auctoritate
846 3580 1157 3653 evangelica
1188 3591 1245 3637 et
1273 3582 1572 3654 apostolica
1603 3583 1897 3640 tenendam
1934 3584 2099 3640 tradi-

499 3672 598 3738 dit,
629 3673 877 3744 mihique
906 3672 1148 3729 ﬁrmavit
1174 3691 1188 3728 :
1213 3674 1424 3731 scilicet
1443 3691 1637 3747 panem
1665 3684 1719 3732 et
1740 3677 1945 3745 vinum,
1971 3694 2095 3751 quae

499 3763 556 3817 in
587 3765 740 3820 altari
782 3776 1076 3837 ponuntur,
1109 3776 1235 3839 post
1275 3770 1744 3826 consecrationem
1769 3786 1882 3826 non
1912 3772 2090 3829 solum

496 3865 923 3925 sacramentum,
972 3858 1065 3915 sed
1113 3868 1166 3915 et
1217 3876 1409 3917 verum
1452 3878 1649 3934 corpus
1691 3871 1742 3918 et
1771 3864 2087 3936 sanguinem

496 3947 721 4004 Domini
752 3951 926 4004 nostri
948 3953 1078 4005 Jesu
1104 3951 1303 4008 Christi
1331 3969 1468 4020 esse,
1515 3963 1569 4011 et
1615 3957 1931 4013 sensualiter
1976 3976 2087 4016 non

495 4041 677 4098 solum
704 4050 760 4097 et
786 4049 1153 4109 sacramento,
1178 4044 1273 4100 sed
1298 4045 1350 4100 in
1380 4046 1605 4103 veritate
1630 4048 1883 4105 manibus
1911 4067 2087 4108 sacer-

493 4135 687 4191 dotum
726 4136 970 4203 tractari,
1011 4133 1214 4208 frangi,
1254 4145 1310 4193 et
1338 4136 1579 4195 ﬁdelium
1617 4140 1874 4199 dentibus
1902 4147 2082 4213 atteri,

483 4227 681 4300 jurans
715 4244 812 4300 per
838 4236 1084 4285 sanctam
1112 4229 1348 4301 ὅμοὺσιον
1387 4231 1731 4301 Trinitatem,
1762 4243 1817 4291 et
1846 4253 1940 4309 per
1965 4237 2082 4296 haec

489 4330 838 4379 sacrosancta
875 4321 1075 4379 Christi
1110 4324 1416 4399 Evangelia.
1462 4327 1571 4382 Eos
1599 4342 1730 4383 vero
1759 4329 1850 4400 qui
1887 4342 2081 4389 contra

488 4413 634 4471 hanc
650 4415 815 4471 ﬁdem
832 4416 1099 4483 venerint,
1126 4432 1251 4473 cum
1276 4417 1625 4489 dogmatibus
1644 4429 1699 4477 et
1724 4426 2088 4482 sectatoribus

2230 1904 2529 1959 Ecclesiam
2566 1903 2747 1959 verbis
2792 1910 2846 1958 et
2881 1902 3099 1974 scriptis
3128 1901 3514 1973 blasphemare
3554 1918 3800 1974 praesum-

2228 1997 2356 2069 psit.
2392 1999 2600 2068 Nempe
2624 1998 2679 2053 S.
2705 1999 2951 2052 Leonem
2981 2011 3179 2068 papam
3214 2011 3331 2051 non
3356 1995 3686 2067 pontiﬁcem,
3716 1995 3801 2052 sed

2226 2090 2570 2162 pompiﬁcem
2605 2098 2659 2147 et
2686 2089 2995 2162 pulpiﬁcem
3040 2088 3356 2161 appellavit;
3408 2098 3642 2145 sanctam
3690 2091 3799 2144 Ro-

2226 2198 2445 2239 manam
2485 2183 2787 2239 Ecclesiam
2824 2184 3075 2239 vanitatis
3104 2182 3392 2238 concilium
3416 2191 3465 2236 et
3501 2181 3787 2237 Ecclesiam

2225 2278 2670 2348 malignantium;
2704 2279 3017 2332 Romanam
3062 2276 3253 2332 sedem
3298 2291 3405 2331 non
3434 2274 3799 2345 apostolicam,

2223 2370 2315 2426 sed
2346 2369 2530 2427 sedem
2555 2371 2774 2426 Satana:
2798 2370 2961 2426 dictis
2986 2377 3041 2424 et
3069 2368 3283 2441 scriptis
3327 2383 3445 2423 non
3495 2367 3682 2422 timuit
3722 2383 3801 2438 ap-

2223 2463 2420 2535 pellare
2442 2463 2644 2533 (1483).
2670 2462 2776 2520 Sed
2798 2462 3055 2519 haeresim
3084 2477 3237 2518 suam
3268 2470 3393 2534 post
3419 2468 3504 2516 tot
3525 2459 3801 2532 synodicas

2219 2555 2604 2613 damnationes
2630 2564 2683 2612 et
2712 2556 3079 2627 abjurationes
3116 2555 3364 2611 clanculo
3405 2569 3502 2626 per
3526 2554 3801 2625 discipulos

2217 2665 2346 2707 suos
2374 2666 2758 2723 usquequaque
2778 2666 2888 2705 non
2916 2651 3141 2705 cessavit
3161 2648 3551 2713 disseminare,
3579 2657 3635 2703 et
3660 2661 3803 2720 quos-

2217 2743 2353 2800 libet
2380 2744 2628 2800 incautos
2654 2759 2860 2800 veneno
2891 2759 3006 2800 suae
3032 2743 3301 2799 haereseos
3330 2742 3579 2798 inﬁcere.

2289 2840 2419 2894 VII.
2458 2837 2622 2896 Unde
2648 2837 2971 2894 venerabilis
3000 2852 3138 2909 papa
3180 2835 3513 2903 Alexander,
3538 2849 3800 2892 successor

2222 2931 2421 2987 Nicolai
2472 2946 2655 3003 papae,
2685 2931 2881 2987 litteris
2925 2946 3052 2986 eum
3082 2930 3213 2986 satis
3253 2930 3435 2985 amice
3485 2929 3801 3001 prmonuit

2211 3034 2273 3081 ut
2302 3041 2328 3079 a
2354 3032 2496 3081 secta
2533 3040 2630 3081 sua
2656 3033 2909 3090 cessaret,
2942 3039 3041 3079 nec
3071 3024 3307 3095 amplius
3332 3016 3583 3079 sanctam
3627 3022 3796 3077 Eccle-

2211 3119 2345 3174 siam
2385 3118 2799 3175 scandalizaret.
2839 3117 2931 3173 Ille
2968 3126 3150 3174 autem
3188 3116 3258 3172 ab
3302 3118 3529 3189 incepto
3556 3115 3797 3171 desistere

2210 3213 2410 3279 noluit,
2443 3211 2658 3284 hocque
2696 3211 2879 3284 ipsum
2911 3210 3089 3267 eidem
3127 3210 3431 3281 apostolico
3475 3210 3668 3265 litteris
3693 3208 3795 3264 suis

2210 3304 2527 3362 remandare
2569 3322 2682 3361 non
2714 3305 2895 3361 timuit
2928 3309 3129 3371 (1484).

2276 3401 2425 3455 VIII.
2448 3401 2796 3471 Quapropter
2820 3396 3295 3454 reverentissimus
3324 3410 3459 3467 papa
3475 3392 3781 3465 Gregorius,

2205 3506 2489 3549 successor
2531 3492 2849 3555 Alexandri,
2901 3491 3103 3548 iterum
3132 3490 3311 3547 eidem
3356 3488 3671 3559 Beringerio
3706 3501 3787 3540 au-

2203 3586 2466 3644 dientiam
2492 3585 2548 3640 in
2568 3584 2781 3641 duabus
2800 3583 3023 3657 synodis
3042 3583 3383 3657 generalibus
3404 3584 3603 3637 Romae
3622 3585 3787 3645 (1485:

2201 3680 2489 3738 concessit.
2560 3676 2666 3735 Sed
2716 3694 2845 3734 cum
2893 3678 3008 3750 ipse
3066 3685 3271 3734 sectam
3319 3691 3482 3731 suam
3526 3674 3790 3731 catholica

2200 3773 2322 3830 ﬁdei
2361 3772 2689 3831 contrariam
2733 3771 3003 3843 denegare
3046 3787 3158 3827 non
3208 3777 3414 3841 posset,
3450 3769 3653 3824 iterum
3697 3764 3791 3822 sub

2193 3869 2509 3939 juramento
2549 3864 2799 3923 eamdem
2845 3864 3125 3931 abdicare,
3174 3870 3229 3918 et
3269 3861 3441 3918 ﬁdem
3478 3860 3789 3916 catholicam

2200 3960 2438 4032 proﬁteri
2467 3960 2700 4033 delegit,
2752 3958 2894 4014 sicut
2940 3957 2993 4013 in
3035 3954 3408 4029 superioribus
3458 3953 3698 4011 conciliis
3722 3950 3788 4006 fe-

2195 4054 2288 4109 cit.

2266 4150 2366 4204 IX.
2404 4150 2511 4203 Tot
2550 4146 2715 4220 igitur
2763 4145 3005 4203 conciliis
3046 4142 3489 4216 Beringerianam
3544 4138 3771 4197 basim

2191 4239 2507 4295 damnatam
2532 4238 2869 4311 percepimus
2905 4246 3025 4293 tum
3050 4252 3114 4292 ex
3141 4235 3389 4292 ﬁdelium
3428 4234 3673 4290 reiatione
3695 4231 3775 4284 vi-

2190 4349 2395 4399 rorum,
2449 4334 2542 4404 qui
2592 4330 2799 4388 eisdem
2844 4329 3090 4387 conciliis
3118 4327 3520 4389 interfuerunt,
3563 4334 3684 4380 tum
3713 4338 3781 4378 ex

2195 4426 2409 4498 scriptis
2451 4425 2839 4497 religiosorum
2880 4423 3152 4489 virorum,
3201 4421 3295 4493 qui
3336 4421 3408 4476 de
3456 4420 3541 4475 his
3590 4416 3787 4473 ﬁdelis-

487 4507 602 4563 suis
628 4516 831 4565 aeterno
852 4509 1202 4565 anathemate
1225 4509 1419 4583 dignos
1444 4528 1561 4569 esse
1582 4517 1899 4585 pronuntio.
1928 4520 2085 4587 Quod
2114 4531 2164 4593 D
2194 4519 2329 4575 sime
2356 4518 2704 4590 scripserunt.
2747 4520 2886 4573 Nam
2917 4514 3106 4572 eadem
3156 4514 3387 4570 concilia
3430 4513 3632 4569 nostn's
3662 4508 3793 4564 tem-

557 4746 738 4831 (1480)
770 4745 1050 4831 δράξιιηο
1088 4754 1230 4831 1088
1260 4764 1370 4821 quo
1401 4749 1530 4831 haec
1553 4751 1754 4831 scripta
1787 4767 1935 4831 sunt,
1961 4759 2078 4831 jam

557 4772 738 4808 (μου)
770 4772 875 4802 aeu
904 4772 1050 4805 anno
1088 4772 1230 4831 mea
1260 4772 1370 4821 quo
1401 4772 1521 4809 naac
1553 4772 1657 4809 scr]
1699 4772 1754 4811 ta
1787 4772 1935 4827 sunt,
1961 4775 2076 4831 jam

481 4812 762 4902 defuncti).
787 4819 869 4902 De
882 4818 1193 4902 Iurenensi
1208 4821 1313 4902 hoc
1333 4823 1569 4902 concilio
1593 4772 1697 4880 vidi
1717 4827 1891 4902 La_bb.
1911 4838 1950 4885 t.
1970 4835 2076 4902 IX,

482 4900 605 4971 pag.
641 4890 763 4947 108,
795 4900 856 4966 es
889 4890 1232 4948 Guitmundo
1262 4901 1318 4971 et
1348 4893 1681 4971 Lanfranco,
1714 4897 1913 4971 aliique
1939 4890 2075 4959 scrii

480 4964 942 5082 ggogeiopragsim;
988 4976 1090 5017 nec
1126 4978 1239 5019 non
1269 4964 1575 5021 Bernoldus
1615 4967 1668 5022 in
1700 4964 1961 5028 chronico
2003 4975 2076 5031 ad

601 5070 611 5081 ι
720 5054 752 5082 ι)
797 5067 809 5082 ο

480 5044 611 5083 ἱΙΙΙΠ.
650 5044 809 5083 1055.

517 5104 726 5182 ,(14.811)
755 5098 894 5182 Sc“;
911 5114 1004 5182 *δε
1027 5105 1181 5182 1059,
1206 5106 1458 5182 quamvis
1485 5109 1796 5182 Bernoldus
1821 5112 1878 5167 in
1900 5112 2071 5171 Chro-

475 5170 598 5255 nico
616 5170 845 5255 lidmanno
873 5174 1009 5226 1060
1028 5170 1264 5255 primum
1294 5176 1487 5255 iisdem
1505 5177 1620 5235 fere
1636 5181 1820 5255 verbis
1838 5170 2063 5255 referat.

544 5246 722 5313 (1482)
769 5244 1332 5313 Juramentumistud
1360 5249 1523 5305 etiam
1564 5250 1803 5308 refertur
1838 5254 1891 5308 in
1934 5259 2067 5313 actis

470 5309 631 5397 hujus
649 5312 1030 5397 cpncilii‘apud
1050 5312 1337 5397 Labbeum
1361 5326 1405 5397 ε.
1436 5322 1520 5376 IX
1548 5322 1782 5397 Concil”
1811 5340 1862 5395 p.
1904 5309 2063 5397 111ρξ

467 5390 522 5464 et
544 5382 1131 5464 apud__Lan_francum,
1170 5385 1338 5464 quod“
1361 5390 1684 5464 B_erengario
1726 5382 2061 5456 ﬁrrhandum

467 5400 522 5436 et
548 5400 697 5465 apud
735 5400 1131 5452 Lantrancum,
1170 5400 1320 5512 (ἆυοα
1362 5400 1684 5464 Berengario
1726 5400 2058 5456 ﬁrmandum

467 5452 667 5535 obtulit
701 5454 1043 5535 Humbertus
1080 5472 1172 5535 car
1214 5455 1369 5535 inalis
1385 5459 1545 5535 jussu
1575 5480 1733 5535 papa:
1760 5482 1791 5522 a
1834 5483 1893 5524 se
1924 5486 2058 5526 con-

464 5526 744 5611 scriptum.
761 5526 957 5611 Hnwjn
974 5526 1198 5611 haeresis
1212 5527 1296 5600 abj
1304 5526 1405 5611 u_ra
1409 5531 1558 5611 tione
1572 5526 1899 5611 faciendum
1921 5557 2060 5611 prm-

462 5597 669 5675 cipitur
704 5597 757 5649 in
795 5598 847 5675 S.
876 5597 1467 5675 Cyrilli___Al_exandri_ni
1503 5604 1728 5675 epistola
1754 5609 1826 5666 ad
1862 5597 2055 5668 Nesto-

460 5667 875 5790 giur£7innacztis
896 5668 1113 5724 concilii
1151 5669 1408 5742 Ephesini
1441 5667 1613 5730 Labb.
1646 5680 1835 5737 concil.
1867 5690 1909 5737 t.
1952 5686 2053 5752 III,

461 5749 521 5803 p.
549 5749 676 5800 397,
707 5751 757 5790 n.
786 5749 840 5791 2.

530 5804 713 5874 (1483)
756 5806 954 5861 Omnia
1014 5807 1132 5865 haec
1170 5825 1237 5867 ex
1292 5814 1603 5874 Lanfranco
1653 5818 1872 5878 abunde
1919 5839 2047 5881 con-

2188 4768 2365 4833 stant;
2403 4775 2573 4834 pauca
2607 4755 2756 4834 enim
2782 4752 3122 4834 _Berengariii
3156 4752 3371 4834 scripta
3398 4749 3465 4810 ad
3511 4767 3619 4834 nos
3646 4764 3793 4834 ger-

2188 4825 2467 4906 venerunt.
2498 4832 2745 4906 Legendi
2781 4831 2884 4887 hac
2905 4825 3053 4906 de're
3078 4825 3287 4906 Natalis
3308 4825 3621 4906 Alexander
3642 4825 3795 4906 Hist

2186 4905 2375 4979 eccles.
2402 4918 2531 4979 saec.
2550 4899 2654 4971 XI,
2685 4903 2902 4979 dissert.
2934 4917 2979 4969 ι,
2999 4904 3233 4979 _B_ulaeus
3255 4900 3312 4979 in
3337 4899 3463 4979 hist.
3490 4899 3790 4979 universis.

2184 4977 2351 5032 Paris.
2383 4983 2420 5030 t.
2451 4978 2496 5043 I,
2532 4991 2562 5030 a
2593 4968 2712 5045 pag.
2741 4978 2868 5042 405,
2902 4968 2973 5028 ac
2998 4972 3229 5029 Rivetus
3262 4969 3597 5026 Maurianus.
3636 4968 3793 5020 Hist.

2182 5048 2340 5102 litter.
2374 5048 2565 5101 Franc.
2605 5055 2644 5101 t.
2680 5046 2822 5098 VIII.
3507 5109 3518 5113 _
3727 5105 3739 5113 .

2254 5119 2438 5187 (1484)
2460 5112 3028 5188 Εκαετρῐομᾘθηιδιάο
3048 5114 3230 5188 nullus
3252 5109 3519 5188 hujusrei
3554 5109 3799 5188 mentio.

2177 5180 2304 5244 nem
2335 5180 2481 5253 fecit,
2526 5180 2963 5258 nec-quidquam
3006 5184 3106 5258 sub
3147 5180 3553 5258 hocpontiﬁce
3589 5185 3795 5258 contra

2178 5259 2325 5316 hunc
2360 5250 2898 5315 haereticum'actum
2928 5255 3145 5325 legitur,
3187 5250 3461 5325 nisi‘quod
3494 5250 3801 5325 maurilius

2174 5328 2633 5401 Rothomagensis
2679 5321 3471 5401 archiepiscopus'_concilium_
3500 5321 3797 5401 adversus

2172 5402 2288 5474 ejus
2337 5389 2551 5474 errores
2578 5414 2702 5453 ann.
2740 5389 3219 5474 1063'celebrarit,
3253 5401 3314 5449 ut
3351 5392 3541 5474 scribit
3575 5389 3797 5445 nabil-

2172 5465 2347 5528 lonius
2381 5472 2629 5529 Aualect.
2674 5487 2723 5540 p.
2770 5474 2904 5536 514;
2958 5466 3110 5538 quod
3138 5475 3324 5521 tamen
3352 5465 3442 5520 alii
3483 5465 3615 5534 jam
3658 5474 3797 5515 ann.

2173 5547 2308 5600 1055
2345 5542 2550 5599 factum
2581 5542 2786 5597 volunt.

2241 5618 2425 5681 (1485)
2453 5614 2580 5669 Scil.
2640 5629 2669 5666 χ
2714 5610 2836 5666 Kal.
2881 5612 3014 5681 Dec.
3064 5610 3401 5681 ann.10_78,_
3443 5604 3575 5669 ubi,
3647 5606 3801 5681 tests

2164 5668 2437 5742 Bernoldo
2470 5668 2527 5739 in
2554 5681 2849 5746 Chronico,
2878 5678 3188 5746 Beringario
3214 5668 3443 5733 inducite
3479 5668 3680 5744 usQue
3725 5668 3798 5722 ad

2153 5760 2404 5826 proxime
2442 5757 2697 5823 futuram
2724 5752 3003 5826 Δερριοάμηι

2161 5819 2461 5884 Februario
2492 5819 2923 5897 sequentis—anni
2957 5826 3094 5875 1079
3122 5819 3393 5877 celebrata
3421 5826 3526 5874 est.

3087 5758 3193 5805 atat
3220 5757 3367 5813 sunt,
3398 5762 3525 5818 quae
3578 5753 3795 5799 mense
