4052 6196
313 300 449 355 1457

1216 284 1501 354 APPEND.
1545 301 1629 355 ιιι.
1670 329 1738 342 -
1772 302 2193 358 MONUMENTA
2229 301 2688 357 GREGORIANA.

3461 302 3596 357 1458

304 423 534 495 poribus
557 424 699 481 infra
720 424 1082 498 quadraginta
1107 439 1285 481 annos
1313 423 1583 482 celebrata
1600 426 1888 497 reperiun-
1914 429 1973 492 Α
1999 427 2126 499 quia
2149 426 2306 499 juxta
2323 426 2693 483 assertionem
2720 427 2776 482 S.
2810 426 3104 497 Augustini
3127 426 3307 483 omnis
3344 425 3593 483 Catholi-
3680 404 3687 411 l

305 524 416 583 tur,
447 518 597 587 quod
639 519 769 573 anni
814 519 883 575 ab
912 518 1135 575 exordio
1190 517 1543 590 pontiﬁcatus
1589 521 1646 575 S.
1695 519 1893 576 Leonis

299 610 425 681 (1X)
457 625 611 681 papae
636 626 807 683 usque
850 612 907 667 in
940 620 1266 683 praesentem
1295 627 1500 668 annum
1530 615 1713 681 (1486)
1732 628 1894 669 com—

167 734 205 787 -ν
305 710 590 775 putantur,
644 703 736 776 qui
782 712 867 760 est
914 704 983 761 ab
1016 705 1401 762 Incarnatione
1456 706 1678 762 Domini
1734 711 1889 763 1088.

303 797 469 855 Unde
527 804 581 852 et
648 796 829 853 adhuc
896 798 1055 855 multi
1104 799 1293 854 vivunt
1348 800 1437 871 qui
1515 799 1719 856 eisdem
1769 816 1895 857 con-

308 891 442 947 ciliis
470 890 862 960 interfuerunt,
887 892 979 965 qui
1007 900 1062 948 et
1106 893 1266 949 nobis
1290 892 1359 949 de
1404 892 1608 950 eisdem
1652 894 1893 952 conciliis

301 984 620 1042 ﬁdelissime
658 984 937 1041 testiﬁcati
969 994 1116 1043 sunt.
1149 986 1379 1043 Ultimm
1405 1002 1624 1059 quoque
1652 988 1891 1060 generali

302 1079 512 1153 synodo
542 1079 644 1135 sub
667 1079 936 1150 Gregorio
966 1095 1101 1152 papa
1122 1081 1361 1152 septimo
1400 1096 1547 1137 anno
1581 1083 1894 1138 Dominicae

304 1172 695 1229 incarnationis
731 1177 888 1241 1089,
920 1188 1022 1229 nos
1050 1173 1152 1245 ipsi
1207 1172 1561 1230 interfuimus
1610 1179 1812 1243 (1487),
1839 1184 1894 1232 et

304 1264 560 1335 vidimus,
597 1265 814 1338 quando
871 1266 1217 1339 Beringerius
1236 1268 1292 1321 in
1319 1267 1501 1324 media
1523 1270 1736 1340 synodo
1764 1286 1894 1326 con-

300 1359 464 1428 stitit,
497 1368 552 1416 et
592 1358 849 1416 haeresim
877 1358 945 1417 de
973 1375 1206 1431 corpore
1246 1360 1495 1429 Domini,
1547 1362 1689 1418 sicut
1725 1379 1889 1435 supra

301 1452 566 1521 diximus,
589 1469 776 1510 coram
793 1453 1053 1509 omnibus
1076 1455 1311 1526 propriae
1331 1471 1529 1512 manus
1545 1467 1890 1515 sacramento

302 1546 572 1603 abdicavit
620 1567 633 1603 :
664 1547 916 1603 videlicet
955 1547 1059 1603 sub
1095 1549 1383 1619 praesentia
1427 1549 1678 1621 Gregorii
1711 1567 1886 1623 papae,

301 1640 549 1696 Heinrici
574 1640 896 1711 patriarchae
917 1641 1300 1713 Aquileiensis,
1344 1648 1399 1697 et
1418 1644 1891 1701 reverentissimo-

302 1751 427 1791 rum
450 1736 832 1806 episcoporum
870 1736 1019 1791 Petri
1037 1735 1378 1803 Albanensis,
1413 1739 1473 1792 Β.
1504 1739 1752 1795 Anselmi
1773 1741 1889 1797 Lu-

2000 535 2097 576 cus
2143 535 2367 577 securus
2396 534 2523 576 eam
2559 518 2881 585 detestatur,
2904 518 2992 574 cui
3027 517 3327 575 Ecclesiam
3367 520 3594 577 univer-

2000 612 2174 670 salem
2225 614 2283 669 in
2330 612 2642 685 apostolicis
2676 612 2897 670 sedibus
2937 612 3258 669 roboratam
3302 628 3416 669 non
3442 629 3596 670 com-

2000 707 2285 763 municare
2333 706 2638 780 cognoscit.
2687 709 2827 762 Item
2884 706 3224 779 Augustinus
3290 706 3347 774 (l.
3381 721 3473 762 vn
3522 713 3595 764 De

2005 800 2285 870 baptism,
2313 817 2431 871 cap.
2462 804 2552 869 53)
2576 821 2588 856 :
2614 800 2682 855 Id
2703 804 2903 862 autem,
2931 798 3128 870 inquit,
3156 800 3356 869 ﬁducia
3398 815 3595 856 secum

2000 897 2139 949 vocis
2216 910 2457 949 asserere
2532 899 2629 957 est,
2687 894 2829 962 quod
2911 894 2974 947 in
3047 894 3427 961 gubernatione
3495 897 3595 949 Do-

2000 990 2137 1042 mini
2162 990 2258 1043 Dei
2280 990 2454 1042 nostri
2484 995 2534 1043 et
2566 988 2867 1043 Saluatoris
2895 988 3021 1041 Iesu
3042 986 3250 1041 Christi
3270 988 3593 1042 universalis

1997 1082 2247 1137 Ecclesia:
2266 1083 2598 1136 consensione
2635 1080 2943 1134 roboratam
2966 1084 3066 1134 est.
3099 1082 3221 1135 Hoc
3240 1079 3432 1151 utique
3478 1079 3594 1151 qui-

1999 1175 2131 1231 libet
2157 1174 2472 1231 Catholicus
2486 1171 2809 1243 simpliciter
2835 1173 3054 1243 sapiens
3069 1181 3123 1228 et
3147 1173 3428 1244 sapienter
3459 1173 3594 1228 sim-

2002 1269 2131 1340 plex
2175 1268 2311 1324 dum
2340 1267 2576 1324 ﬁdeliter
2602 1266 2861 1334 attendit,
2894 1265 3264 1321 cavillationes
3310 1266 3597 1323 heretico-

1997 1378 2145 1429 rum,
2176 1377 2417 1433 quorum
2446 1376 2628 1417 sermo
2650 1368 2710 1415 ut
2744 1374 2939 1415 cancer
2967 1360 3158 1430 serpit,
3198 1361 3365 1415 etiam
3404 1358 3594 1415 audire

1998 1454 2357 1523 contemnit;
2412 1453 2547 1511 dum
2566 1462 2789 1510 tantum
2829 1468 3056 1511 securus
3089 1452 3160 1508 sit
3201 1451 3332 1523 quid
3373 1452 3595 1509 credere

1996 1548 2191 1604 debeat
2235 1548 2394 1620 juxta
2439 1549 2533 1604 SS.
2579 1549 2808 1603 Patrum
2861 1545 3272 1603 attestationem
3319 1546 3595 1602 universa-

2002 1641 2113 1697 lem
2145 1640 2403 1699 Ecclesiae
2456 1640 2910 1697 consensionem.

2066 1736 2168 1790 XI.
2192 1737 2263 1790 Et
2284 1750 2385 1790 nos
2411 1749 2635 1805 quoque
2658 1730 2979 1805 bujusmodi
3024 1732 3361 1804 simplicibus
3407 1732 3462 1787 in
3489 1732 3594 1788 hac

299 1830 495 1898 censis,
525 1827 777 1884 Landulﬁ
807 1828 875 1884 de
924 1830 1067 1895 Pisa,
1116 1829 1429 1902 Reginherii
1472 1830 1542 1888 de
1587 1833 1887 1902 Florentia,
1926 1821 1972 1883 Β
2002 1827 2255 1884 schedula
2284 1824 2597 1884 satisfacere
2626 1826 3034 1898 proposuimus,
3064 1825 3317 1881 videlicet
3340 1826 3593 1882 testimo-

302 1923 553 1994 Hngonis
570 1920 806 1992 Diensis,
822 1922 1105 1978 Altmanni
1120 1923 1480 1992 Pataviensis,
1495 1933 1550 1980 et
1564 1926 1895 1997 reliquorum

299 2022 520 2071 centum
551 2015 948 2088 quinquaginta
994 2017 1381 2089 episcoporum
1427 2025 1484 2075 et
1510 2018 1771 2075 abbatum
1812 2029 1899 2088 ,et

298 2108 778 2165 innumerabilium
810 2110 1159 2166 clericorum.

369 2204 444 2256 X.
496 2204 713 2258 Horum
733 2203 899 2274 igitur
932 2204 1294 2261 conciliorum
1319 2213 1434 2261 tam
1459 2206 1804 2277 generalium
1841 2216 1899 2264 et

301 2292 603 2362 apostolica
629 2298 951 2349 auctoritate
984 2306 1098 2351 tam
1131 2298 1507 2369 principaliter
1542 2299 1895 2356 ﬁrmatorum

299 2383 610 2439 sanctiones
628 2392 814 2439 contra
840 2387 1284 2456 Bcringerianam
1312 2388 1568 2445 haeresim
1599 2391 1763 2447 nobis
1786 2392 1897 2447 suf-

302 2476 464 2531 ﬁcere
500 2474 724 2543 debent,
753 2491 881 2531 cum
911 2478 1005 2532 SS.
1036 2480 1227 2533 Patres
1247 2480 1412 2534 etiam
1444 2481 1606 2535 unius
1630 2484 1897 2553 generalis

299 2568 518 2624 concilii
600 2568 991 2625 auctoritatem
1048 2577 1239 2626 contra
1285 2571 1587 2642 quamlibet
1642 2573 1898 2630 haeresim

301 2660 555 2718 sufﬁcere
580 2669 889 2729 censerent,
930 2661 1082 2734 quod
1137 2672 1320 2718 tamen
1346 2664 1643 2720 concilium
1686 2669 1900 2721 Roma-

302 2771 407 2811 nus
455 2753 700 2825 pontifex
738 2772 851 2812 non
882 2772 978 2827 per
1007 2771 1087 2823 se,
1119 2756 1213 2812 sed
1260 2772 1357 2827 per
1386 2772 1513 2813 suos
1549 2758 1752 2830 legatos
1805 2758 1898 2813 fir-

295 2856 520 2905 masset.
563 2847 648 2903 Sic
674 2848 825 2904 enim
867 2849 1156 2905 Nicaanum
1191 2849 1489 2906 concilium
1516 2859 1706 2906 contra
1737 2852 1897 2906 Aria-

298 2957 423 3009 nos,
453 2941 1129 3013 Constantinopolitanum
1195 2951 1389 2998 contra
1444 2943 1895 3013 Macedonianos,

300 3035 636 3107 Ephesinum
665 3043 857 3092 contra
886 3035 1268 3103 Nestorianos,
1302 3036 1750 3093 Chalcedonense
1776 3052 1898 3093 con-

248 3116 258 3127 ’
300 3136 383 3184 tra
439 3128 876 3201 Eutychianistas
918 3127 1167 3184 sufﬁcere
1233 3137 1547 3185 statuerunt
1588 3152 1603 3189 ;
1662 3146 1895 3203 quorum
1929 3166 1939 3203 λ

300 3220 513 3277 nullum
563 3223 800 3278 Romani
824 3222 1113 3293 pontiﬁces
1142 3238 1239 3293 per
1263 3237 1321 3278 se
1359 3222 1454 3278 sed
1480 3239 1576 3293 per
1600 3239 1730 3291 suos
1758 3225 1897 3297 lega-

302 3322 387 3371 tos
423 3318 888 3373 canonizaverunt
905 3358 918 3371 .
946 3316 1129 3372 Multo
1152 3317 1329 3387 magis
1352 3331 1482 3388 ergo
1507 3316 1671 3372 nobis
1712 3316 1896 3388 plures

299 3406 492 3480 synodi
518 3408 797 3477 generales
822 3414 1012 3463 contra
1043 3424 1214 3463 unam
1240 3408 1415 3463 solam
1456 3408 1709 3464 haeresim
1742 3406 1896 3463 sufﬁ-

301 3514 427 3556 cere
458 3498 681 3569 debent,
712 3500 914 3572 quibus
958 3502 1075 3571 ipse
1104 3502 1343 3556 Romani
1388 3502 1675 3571 pontiﬁces
1718 3504 1895 3558 inter-

307 3593 557 3662 fuerunt,
606 3601 660 3649 et
725 3593 872 3664 ipsas
944 3593 1361 3664 praesentialiter
1428 3595 1727 3665 apostolica
1798 3611 1893 3650 au-

300 3688 555 3743 ctoritate
597 3686 949 3743 ﬁrmaverunt
984 3705 997 3739 :
1040 3687 1348 3759 praesertim
1395 3703 1524 3743 cum
1576 3687 1676 3759 ipsi
1706 3688 1762 3743 in
1813 3698 1897 3745 tot

300 3780 525 3853 synodis
553 3780 621 3835 ab
659 3781 898 3836 invicem
944 3794 1056 3836 non
1083 3779 1531 3851 discrepaverint,
1563 3781 1657 3839 sed
1703 3798 1894 3839 omnes

298 3874 633 3929 unanimiter
656 3873 1105 3945 Beringeriauam
1135 3873 1389 3930 haeresim
1418 3873 1474 3929 in
1502 3872 1731 3931 diversis
1766 3892 1893 3933 con-

299 3966 436 4022 ciliis
486 3965 589 4021 sub
637 3966 990 4022 anathemate
1034 3966 1435 4023 damnaverint.
1507 3967 1892 4025 Iudubitanter

301 4073 433 4114 sane
462 4057 686 4114 cuilibet
713 4058 993 4115 Catholica
1046 4060 1139 4131 qui
1186 4075 1299 4115 non
1329 4075 1494 4117 omne
1539 4060 1687 4133 quod
1722 4061 1894 4117 credit

301 4149 609 4207 rationibus
661 4150 1127 4223 comprehendere
1172 4153 1385 4224 quaerit,
1427 4159 1492 4209 ut
1539 4152 1673 4209 ﬁdes
1697 4152 1894 4210 habeat

299 4244 587 4309 meritum,
616 4244 700 4300 cui
732 4244 976 4300 humana
1002 4246 1145 4301 ratio
1172 4261 1285 4300 non
1315 4245 1411 4302 dat
1430 4245 1889 4316 experimentum,

299 4338 392 4393 illa
433 4339 660 4409 inquam
704 4338 966 4394 catholica
996 4347 1079 4394 tot
1130 4338 1401 4409 generalia
1444 4338 1764 4409 apostolica
1801 4354 1896 4394 au-

2006 1921 2096 1976 nia
2124 1923 2216 1978 SS.
2262 1924 2486 1977 Patrum
2526 1920 2594 1977 de
2636 1919 2860 1976 veritate
2888 1919 3132 1989 corporis
3159 1918 3437 1975 Dominici
3463 1920 3597 1976 sim-

2007 2013 2215 2086 pliciter
2239 2020 2629 2085 proponentes,
2661 2021 2714 2069 et
2742 2010 3031 2085 synodales
3054 2012 3466 2084 Berengerianze
3483 2012 3594 2069 hae-

2005 2122 2189 2164 reseos
2230 2105 2604 2164 damnationes
2672 2104 2907 2162 ﬁdeliter
2952 2105 3336 2161 subnectentes
3388 2112 3592 2172 (1488).

2005 2203 2117 2257 Nec
2138 2200 2514 2256 necessarium
2544 2198 2705 2255 nobis
2732 2197 3034 2267 videbatur,
3074 2206 3135 2254 ut
3159 2198 3465 2270 singulares
3491 2200 3595 2255 Be-

2002 2292 2228 2364 ringerii
2257 2292 2469 2347 nenias
2524 2305 2998 2357 enumeraremus,
3030 2299 3086 2347 et
3114 2299 3461 2348 enumeratas
3495 2292 3599 2347 siu-

2004 2384 2260 2456 gulariter
2303 2383 2755 2439 annullaremus:
2803 2384 3109 2455 praesertim
3161 2399 3291 2440 cum
3343 2383 3597 2440 eruditis-

2004 2475 2125 2531 simi
2152 2474 2409 2530 doctores
2449 2475 2811 2540 Lanfrancus,
2852 2475 3097 2547 inquam,
3135 2484 3190 2531 et
3233 2476 3599 2544 Christianus,

2006 2568 2169 2622 ambo
2226 2567 2491 2637 religione
2547 2575 2604 2622 et
2641 2567 2942 2623 eruditione
2982 2567 3431 2626 Christianissimi
3478 2587 3591 2626 non

2008 2658 2186 2715 multo
2225 2666 2352 2730 post
2371 2659 2616 2729 episcOpi
2660 2664 2859 2725 (I489),
2904 2659 2974 2715 de
3034 2660 3122 2716 his
3167 2663 3599 2720 enucleatissime

2005 2750 2337 2822 scripserint,
2372 2759 2426 2806 et
2468 2750 2712 2823 singulas
2740 2751 3064 2807 authenticis
3107 2753 3411 2811 rationibus
3461 2757 3601 2812 invi-

2007 2844 2248 2899 ctissime
2298 2843 2732 2915 proscripserint.
2778 2843 3006 2901 Illorum
3043 2845 3243 2917 quippe
3282 2845 3409 2902 libri
3436 2849 3598 2904 etiam

2007 2936 2396 2994 curiosissimis
2431 2936 2880 3009 perquisitoribus
2927 2935 3179 2994 sufﬁcere
3233 2948 3483 3010 possunt,
3541 2950 3601 2997 ut

2006 3031 2245 3103 singulas
2281 3030 2751 3102 tergiversationes
2800 3030 3102 3103 Beringerii
3154 3029 3598 3103 deprehendant,

2008 3132 2064 3180 et
2099 3123 2296 3195 quibus
2315 3122 2614 3179 rationibus
2664 3123 2953 3180 annullataa
3007 3124 3138 3192 sint,
3198 3135 3600 3198 consequenter

2006 3223 2327 3288 agnoscant.
2360 3218 2487 3271 Non
2525 3231 2653 3289 ergo
2682 3217 3061 3273 necessarium
3088 3216 3192 3273 fuit
3218 3224 3281 3273 ut
3333 3233 3433 3275 nos
3480 3220 3600 3276 illas

2001 3310 2114 3383 jam
2142 3309 2543 3382 aliquantulum
2570 3308 2775 3380 sopitas
2808 3318 2863 3365 et
2909 3310 2967 3365 in
3008 3317 3281 3367 mternum
3306 3311 3596 3383 sopiendas

2005 3400 2377 3460 enumerando
2477 3401 2866 3459 suscitaremus
2889 3444 2904 3470 ,
2972 3411 3036 3459 et
3100 3412 3226 3475 post
3301 3405 3592 3478 synodicas

2004 3496 2384 3553 damnationes
2420 3495 2617 3552 iterum
2643 3510 2773 3552 cum
2823 3495 2903 3552 eis
2966 3496 3364 3554 catholicorum
3435 3514 3594 3555 aures

2005 3589 2436 3646 offenderemus.

2072 3683 2210 3738 XII.
2240 3684 2375 3738 H330
2402 3689 2590 3739 autem
2617 3682 2675 3737 in
2706 3681 2813 3738 ﬁde
2850 3682 3125 3740 schedulze
3166 3684 3588 3756 simplicioribus

2002 3775 2285 3844 fratribus,
2319 3775 2492 3833 nostri
2551 3775 2774 3846 inquam
2823 3776 3094 3833 similibus
3127 3781 3309 3844 (1490)
3347 3775 3587 3833 fraterna

2001 3869 2422 3940 praemonitione
2455 3868 2828 3942 suggerimus,
2870 3876 2932 3924 ut
2958 3868 3366 3942 diligentissime
3398 3871 3590 3943 praevi-

2000 3962 2169 4019 deant
2193 3978 2263 4020 ne
2283 3962 2493 4035 uspiam
2513 3961 2786 4019 hazreticaa
2814 3963 3148 4033 persuasioni
3184 3969 3376 4018 contra
3412 3963 3593 4020 catho-

1998 4056 2160 4112 licam
2188 4065 2244 4111 et
2280 4056 2638 4127 apostolicam
2681 4054 2847 4112 ﬁdem
2881 4056 3207 4122 assentiant;
3256 4071 3386 4110 nam
3433 4056 3589 4127 juxta

2002 4150 2324 4219 Apostolum
2350 4149 2614 4205 facientes
2631 4157 2688 4205 et
2704 4148 3104 4204 consentientes
3134 4163 3233 4218 par
3252 4163 3416 4219 paena
3433 4163 3590 4203 com-

2000 4241 2271 4313 plectitur,
2325 4249 2380 4297 et
2411 4240 2569 4310 juxta
2599 4243 2665 4294 B.
2697 4240 2982 4295 Gelaium
3031 4253 3227 4296 omnes
3268 4239 3588 4311 complices,

2000 4341 2296 4391 sectatores
2329 4341 2382 4388 et
2414 4332 2920 4388 communicatores
2938 4331 3213 4389 damnatae
3254 4332 3421 4388 semel
3478 4349 3590 4404 pra-

299 4430 573 4486 ctoritatis
620 4430 847 4486 concilia
900 4439 1092 4487 contra
1139 4431 1280 4487 hanc
1300 4431 1550 4488 haeresim
1596 4430 1889 4498 sufﬁciant,
2003 4426 2181 4483 vitalis
2208 4426 2322 4498 pari
2343 4433 2492 4482 sorte
2519 4431 2839 4492 censentur;
2870 4432 2923 4479 et
2958 4424 3115 4495 juxta
3146 4426 3202 4481 S.
3234 4422 3587 4482 Ambrosium

368 4693 555 4755 (1486)
577 4689 697 4755 Quo
724 4687 932 4760 scilicet
967 4686 1081 4744 haec
1108 4690 1313 4760 scripta
1342 4701 1491 4747 sunt.

371 4764 553 4827 (1487)
581 4762 737 4814 Patet
779 4758 909 4815 hinc
938 4761 1080 4815 ratio
1130 4758 1239 4816 cur
1266 4763 1566 4817 Bernoldus
1606 4763 1664 4817 in
1706 4765 1882 4819 Chro-

297 4832 421 4886 nico
449 4831 696 4886 auctiore
725 4828 792 4886 de
814 4832 918 4887 ista
939 4830 1147 4902 synodo
1175 4831 1307 4887 anni
1360 4838 1495 4888 1079
1522 4832 1648 4887 talia
1683 4834 1885 4889 retule-

298 4903 389 4974 rit,
433 4916 555 4972 quae
578 4903 829 4974 nuspiam
872 4902 1001 4956 alibi
1051 4902 1326 4972 leguntur,
1359 4918 1423 4974 ac
1451 4902 1735 4974 manifeste
1760 4920 1887 4960 ocu-

301 4973 467 5028 larem
499 4974 661 5044 eique
684 4972 1019 5043 praesentem
1048 4981 1242 5044 testem
1269 4973 1525 5044 produnt.
1549 4972 1885 5031 Crediderim

298 5044 634 5118 Bernaldum
654 5059 754 5118 ceu
770 5060 1043 5118 canonum
1065 5043 1461 5118 peritissimum
1495 5047 1731 5118 Romam
1759 5062 1886 5118 per-

299 5114 507 5170 venisse
540 5113 875 5186 incomitatu
907 5116 1019 5186 sive
1031 5183 1038 5186 _
1062 5113 1376 5186 Altamanni
1424 5113 1886 5186 Pataviensis'epi-

299 5186 451 5256 scopi
504 5193 560 5241 et
610 5185 767 5258 legati
794 5183 1116 5258 apostolici,
1161 5185 1273 5258 sive
1315 5185 1530 5241 abbatis
1566 5183 1884 5258 _Augiensis,

298 5253 468 5328 quem
515 5253 716 5326 pariter
748 5254 823 5328 ad,
854 5255 1022 5328 illam_
1053 5255 1323 5328 synodum
1369 5253 1891 5328 perrexisse'scribit

300 5326 359 5400 in
383 5328 645 5400 chronico
686 5327 924 5400 auctiore
959 5326 1027 5400 ad
1069 5326 1116 5383 e.
1148 5343 1208 5400 a.
1246 5326 1424 5400 Atque
1461 5327 1567 5400 hac
1584 5328 1890 5400 _occasione

300 5397 576 5471 Gregorio
606 5412 757 5468 papa:
786 5398 1101 5471 innotuissei
1126 5396 1349 5471 videtur
1367 5396 1693 5471 Bernaldus,
1736 5400 1891 5471 cujus

300 5466 765 5542 dein’jussu‘ann.
795 5476 933 5525 1084
953 5468 1032 5542 ab
1073 5470 1275 5542 Ottone
1312 5469 1486 5542 legato
1536 5466 1819 5542 presbyter
1840 5478 1894 5542 et

305 5535 730 5612 poenitentiarus
759 5540 1084 5612 apostolicus
1108 5539 1211 5594 fuit
1234 5535 1553 5607 ordinatus,"
1586 5549 1649 5597 ut
1675 5535 1789 5612 ipse
1827 5540 1895 5596 de

304 5619 364 5660 se
408 5606 464 5659 in
514 5606 809 5660 Chronico"
828 5606 1042 5665 fatetur.

381 5678 564 5753 (1488)
602 5677 904 5753 Praecessit
928 5679 1089 5753 igitur
1108 5680 1269 5753 aliud
1290 5680 1545 5753 Beroaldi
1569 5681 1897 5753 opusculum

306 5749 393 5801 De
423 5746 645 5800 veritate
692 5748 935 5815 corporis
956 5746 1233 5805 Dominici
1264 5767 1329 5806 ex
1359 5751 1452 5807 SS.
1489 5746 1713 5808 Patrum
1750 5753 1899 5809 testi-

307 5815 516 5873 moniis
552 5831 651 5888 pro
684 5830 837 5871 more
880 5832 979 5873 suo
1008 5819 1415 5889 concinnatum,
1445 5822 1601 5894 cujus
1649 5824 1736 5882 hic
1785 5833 1899 5882 tra-

1925 4527 1977 4590 D

1997 4689 2234 4745 ctatulus
2259 4687 2331 4742 de
2365 4687 2654 4761 lieringarii
2683 4686 3291 4761 damnationegnonnisi
3322 4689 3591 4761 appendix

1996 4769 2116 4840 erat
2134 4768 2230 4814 aut
2256 4756 2832 4840 prefatiofJac‘turam
2856 4758 3002 4840 illius
3042 4758 3096 4813 in
3133 4760 3331 4840 praevio
3357 4756 3592 4817 Tnenito

1994 4827 2595 4902 deploravimus,quod
2625 4827 3052 4902 deprehendisse
3079 4827 3221 4884 mihi
3265 4832 3413 4888 visus
3465 4846 3591 4902 sum

1997 4899 2499 4977 iri—eodemeodice
2522 4900 2951 4977 Weingartensi,
2996 4900 3195 4977 in_guo
3235 4902 3365 4977 aliaa_
3382 4901 3591 4977 pariter

1996 4971 2249 5029 Bernaldi
2298 4971 2706 5027 lucubrationes
2728 4971 2977 5041 superius
3013 4971 3172 5028 edita:
3221 4971 3590 5035 continentur,

1996 5046 2088 5102 ubi
2115 5043 2225 5101 duo
2244 5041 2491 5113 ejusdem
2512 5043 2824 5114 argumenti
2839 5050 3119 5113 tratactus,
3147 5042 3594 5114 reperi,quorum

1997 5117 2206 5188 primus
2253 5114 2372 5170 sine
2427 5114 2590 5188 titulo
2621 5113 2851 5188 incipit:
2884 5119 2959 5170 De
2994 5113 3224 5188 corpore
3262 5114 3492 5188 Domini
3511 5116 3590 5169 sic

1997 5182 2291 5258 opportune
2346 5186 2564 5258 videtur
2605 5182 2890 5258 agendum,
2947 5182 3097 5248 etc.,'
3124 5184 3179 5238 in
3235 5198 3344 5258 quo
3396 5182 3589 5239 eadem

1998 5254 2213 5334 quoque
2256 5255 2566 5334 Berengarji
2620 5256 2889 5334 abjuratio
2958 5261 3133 5334 exstat
3178 5272 3214 5333 τ’
3244 5254 3381 5334 alter
3442 5270 3594 5334 vero,

1998 5325 2096 5384 seu
2124 5325 2460 5398 Duwstimzes
2501 5328 2567 5382 de
2615 5325 2824 5398 corpore
2851 5328 3086 5387 Domini,
3136 5325 3328 5393 prioris
3370 5325 3593 5398 nonnisi

2002 5397 2344 5455 continuatio
2388 5404 2494 5453 est.
2526 5399 2663 5455 Cum
2696 5396 2843 5452 ivero
2882 5404 3078 5450 neuter
3108 5409 3310 5449 nomen
3352 5396 3593 5452 auctoris

2040 5468 2278 5536 referat,
2326 5484 2390 5540 ac
2430 5468 2652 5540 insuper
2683 5485 2735 5540 7a
2778 5466 2923 5540 _stylo
2964 5464 3221 5540 BernaIdi
3276 5464 3594 5540 abhorreat,

2048 5541 2097 5595 ic
2124 5539 2442 5596 inserendos
2465 5536 2612 5597 haud
2663 5537 2936 5601 duximus,
2961 5536 3061 5591 etsi
3095 5536 3213 5591 luce
3239 5536 3451 5607 publica
3503 5538 3586 5593 di-

2044 5625 2167 5665 DOS.

2008 5628 2262 5746 suasisti)
2297 5684 2375 5738 De
2402 5682 2486 5738 his
2514 5683 2666 5753 plura
2704 5684 2893 5753 notata
2913 5686 3230 5753 suprannot.
3244 5682 3417 5753 1174.

2081 5755 2264 5828 (1_490)
2292 5747 2532 5828 Similem
2562 5747 3111 5828 phrasimuBernaldi
3175 5750 3359 5808 videre
3398 5751 3600 5822 passim

2015 5831 2096 5879 est
2125 5823 2181 5880 in
2204 5817 2418 5881 caeteris
2440 5817 2889 5894 ejus-opusculis.
