3986 5386
305 461 314 466 ,
331 460 404 464 __.._
415 459 478 463 μη..
505 460 568 464 -
583 455 2952 470 W_WWWW—-—
2971 465 3042 470 η..
3065 464 3258 472 ._.__.___.-
3291 465 3322 471 ,ι
3345 465 3354 470 .

1404 617 1574 661 ΔΞ(Νο
1613 615 1844 661 ΒΟΜΙΧΙ
1887 616 2185 661 “LXXXV.

600 798 829 1013 s.
898 816 903 821 '
969 792 2503 1012 GBEGOBIUS
2608 801 3006 1013 VII

1380 1126 1793 1188 PONTIFEX

1836 1127 2222 1191 ROMANUS

926 1518 937 1529 ε
1050 1294 2549 1583 ΡΒοιὲξῖΜΕΝΑέ

561 1808 1114 1905 ELOGIUM
1190 1813 1354 1904 ex
1426 1776 2397 1913 MARTYROLOGIO
2473 1816 3016 1912 ROMANO.

314 1998 560 2063 Salerni
583 2001 900 2082 depositio
933 2002 1100 2065 beati
1119 2002 1422 2083 Gregorii
1447 2005 1718 2097 septimi,
1764 2005 2064 2100 Ecclesiae
2106 2004 2417 2069 libertatis
2449 2010 2931 2088 propugnatori
2960 2027 3032 2070 ac.
3062 2008 3277 2091 defen-

1539 2102 1706 2144 801‘38
1736 2102 2055 2147 acerrtmt.

718 2368 1265 2460 LEGENDA
1333 2371 1498 2461 EX
1568 2372 2238 2466 BREVIARIO
2313 2373 2859 2468 ROMANO.

242 2641 420 2701 Lscrto
438 2662 512 2700 tv.
536 2644 842 2718 Gregorius
866 2643 1014 2716 Papa
1038 2643 1336 2716 Septimus,
1364 2654 1525 2702 antea
1553 2646 1740 2703 llilde-
1772 2564 1818 2622 Α

185 2733 412 2803 brandus,
436 2737 643 2793 Suana:
666 2738 724 2792 in
752 2735 1009 2793 Hetruria
1030 2745 1214 2804 natus,
1242 2738 1517 2806 doctrina,
1545 2742 1745 2795 sancti-

186 2835 292 2892 tate,
318 2830 573 2900 omnique
596 2830 874 2884 virtutum
911 2845 1110 2900 genere
1160 2829 1480 2900 cumprimis
1520 2832 1740 2899 nobilis,

188 2917 381 2973 miriﬁce
423 2921 743 2975 universam
772 2919 870 2975 Dei
902 2920 1196 2975 illustravit
1232 2920 1555 2978 Eeelesiam.
1601 2921 1742 2977 Cum

188 3010 416 3075 parvulus
441 3009 510 3065 ad
542 3009 690 3065 fabri
715 3011 864 3082 ligna
890 3011 1161 3067 edolantis
1184 3013 1372 3084 pedes;
1391 3014 1508 3085 jam
1528 3013 1740 3068 littera-

188 3112 289 3153 rum
326 3101 525 3157 inscius
567 3102 813 3170 luderet,
853 3120 920 3159 ex
941 3104 1161 3174 rejectis
1213 3113 1395 3161 tamen
1445 3106 1742 3177 segmentis

187 3190 260 3246 illa
288 3191 517 3248 Davidici
547 3195 820 3250 elementa
860 3197 1098 3265 oraculi,
1129 3196 1512 3252 Dominabitur
1539 3213 1570 3252 a
1599 3198 1741 3252 mari

189 3296 337 3353 usque
372 3285 437 3339 ad
478 3301 662 3353 mare,
706 3303 840 3343 casu
889 3287 1160 3345 formasse
1203 3297 1483 3355 narratur,
1515 3304 1740 3343 manum

190 3377 315 3443 pueri
336 3378 593 3433 ductante
615 3378 884 3435 Numine:
916 3397 1027 3451 quo
1048 3381 1455 3452 significaretur
1479 3381 1601 3450 ejus
1624 3377 1743 3436 fore

189 3468 549 3537 amplissimam
568 3472 621 3524 in
645 3473 853 3528 mundo
874 3472 1273 3529 auctoritatem.
1298 3473 1529 3528 Romam
1549 3472 1744 3528 deinde

190 3559 459 3627 profectus,
482 3563 588 3618 sub
613 3565 954 3633 protectione
974 3566 1151 3621 sancti
1174 3562 1321 3620 Petri
1348 3566 1613 3621 educatus
1636 3572 1740 3620 est.

188 3649 385 3707 iuvenis
409 3652 663 3711 Ecclesiae
699 3657 1008 3713 libertatem
1051 3673 1082 3713 a
1110 3656 1265 3713 laicis
1294 3672 1638 3728 oppressam,
1679 3672 1745 3712 ac

188 3745 484 3815 depravatos
503 3746 1012 3805 Ecclesiasticorum
1036 3765 1219 3806 mores
1244 3749 1624 3805 vehementius
1645 3749 1745 3803 do-

189 3836 312 3900 lens,
333 3837 382 3891 in
405 3836 749 3896 Cluniacensi
774 3842 1130 3909 monasterio,
1160 3841 1253 3896 ubi
1276 3842 1379 3897 sub
1407 3841 1594 3913 regula
1617 3856 1745 3896 san-

190 3929 248 3982 cti
267 3928 530 3985 Benedicti
554 3933 881 3989 austerioris
901 3935 1027 3990 vita:
1046 3932 1392 3989 observantia
1413 3947 1479 3987 eo
1500 3940 1747 4003 tempore

189 4022 402 4076 maxime
442 4023 673 4094 vigebat,
704 4026 966 4080 monachi
1005 4025 1254 4080 habitum
1300 4024 1553 4089 inducas,
1584 4031 1748 4079 .tanto

189 4113 385 4181 pietatis
426 4116 622 4171 ardore
656 4117 860 4172 divinae
903 4116 1178 4188 majestati
1224 4116 1599 4182 deserviebat,
1628 4126 1691 4172 ut
1716 4134 1747 4172 a

188 4210 376 4263 sanctis
401 4209 641 4280 ejusdem
672 4209 915 4266 ecenobii
943 4209 1191 4280 patribus
1230 4208 1391 4264 Prior
1419 4206 1491 4263 sit
1517 4209 1744 4265 electus.

189 4294 306 4364 Sed,
337 4301 507 4356 divina
550 4301 896 4373 providentia
917 4301 1127 4371 majora
1156 4300 1224 4355 de
1242 4315 1309 4355 eo
1339 4299 1662 4371 disponente
1692 4302 1748 4357 in

188 4391 396 4448 salutem
422 4394 812 4465 plurimorum,
855 4391 1121 4447 Cluniaco
1151 4392 1383 4448 eductus
1419 4390 1748 4448 Hildebran-

188 4482 300 4550 dus,
339 4487 511 4543 Ahbas
537 4487 779 4557 primum
822 4484 1145 4540 monasterii
1190 4483 1367 4540 sancti
1398 4482 1555 4539 Pauli
1595 4493 1748 4540 extra

190 4589 356 4635 muros
374 4577 535 4634 Urbis
557 4579 785 4643 electus,
810 4593 877 4633 ac
896 4576 1249 4648 postmodum
1276 4574 1536 4632 Romana:
1565 4574 1750 4631 Eccl:-

188 4668 271 4724 size
310 4670 607 4727 Cardinalis
653 4678 899 4737 creatus,
945 4669 1051 4725 sub
1092 4668 1325 4724 summis
1390 4666 1750 4723 Pontiﬁcibus

190 4756 343 4819 Leone
363 4762 540 4829 Nono,
580 4762 803 4819 Victore
832 4760 1108 4828 Secundo,
1142 4759 1422 4830 Stephano
1449 4757 1628 4826 Nono,
1654 4757 1749 4814 Ni-

189 4853 321 4908 colao
354 4854 639 4921 Secundo,
679 4864 735 4911 et
772 4853 1088 4910 Alexandro
1129 4850 1412 4920 Secundo,
1459 4851 1751 4922 prmeipuis

188 4946 480 5003 muneribus
522 4956 579 5002 et
615 4946 982 5018 legationibus
1009 4943 1332 5016 perfunctus
1374 4951 1478 5007 est,
1511 4943 1749 4999 sanctis-

187 5033 293 5089 simi
316 5047 366 5092 et
384 5038 671 5108 purissimi
698 5039 913 5093 consilii
945 5037 1027 5091 vir
1046 5052 1078 5091 a
1110 5037 1272 5092 beato
1289 5033 1453 5091 Petro
1480 5033 1750 5090 Damiano

186 5139 406 5160 nullm-nn
415 5138 471 5160 οη
480 5145 503 5160 ο

1778 3903 1822 3957 Β

571 5129 597 5160 Α
649 5126 867 5160 νῖΛΟΛ-ιη
905 5127 1049 5160 Dona
1083 5125 1337 5160 Qanunr‘n
1365 5127 1575 5160 Innnhle
1607 5142 1634 5160 η
1664 5127 1747 5160 Ιηη

1842 2644 2033 2702 lendas
2070 2645 2234 2715 Maii,
2270 2661 2417 2702 anno
2448 2645 2657 2703 Christi
2706 2647 3002 2704 millesimo
3035 2651 3441 2719 septuagesimo

1842 2739 2026 2805 tertio,
2059 2737 2323 2793 Summus
2347 2736 2600 2793 Pontifex
2621 2739 2854 2806 electus,
2879 2740 3023 2795 sicut
3044 2742 3125 2798 sol
3154 2742 3357 2798 ell‘ulsit
3383 2745 3439 2800 in

1841 2828 2008 2885 domo
2034 2829 2132 2885 Dei
2164 2848 2177 2884 :
2210 2844 2338 2884 nam
2367 2836 2565 2899 potens
2590 2844 2757 2900 opere
2782 2838 2838 2884 et
2868 2846 3146 2899 sermone,
3172 2833 3444 2891 Ecclesia-

1843 2920 1994 2976 sticae
2019 2920 2319 2992 disciplina:
2347 2920 2685 2990 reparandae,
2717 2921 2843 2976 ﬁdei
2864 2925 3251 2995 propagandae,
3273 2925 3442 2981 libero

1843 3013 1945 3068 tati
1972 3011 2232 3068 Ecclesiae
2259 3012 2643 3078 restituendae,
2677 3013 3047 3082 exstirpandis
3082 3016 3362 3071 erroribus
3387 3027 3445 3072 et

1841 3103 2168 3174 corruptelis
2204 3111 2356 3157 tanto
2381 3103 2565 3158 studio
2584 3103 2855 3169 incubuit,
2877 3112 2940 3159 ut
2958 3120 3022 3160 ex
3050 3105 3439 3174 Apostolorum

1841 3204 2001 3251 astate
2021 3195 2205 3249 nullus
2226 3194 2554 3249 Pontiﬁcum
2592 3193 2765 3250 fuisse
2792 3195 3043 3251 tradatur
3072 3197 3168 3266 qui
3198 3199 3438 3268 majores

1842 3300 1944 3358 pro
1971 3285 2215 3342 Ecclesia
2236 3285 2331 3341 Dei
2358 3286 2575 3341 labores
2596 3286 2992 3358 molestiasque
3014 3289 3320 3357 pertulerit,
3345 3301 3444 3345 aut

1843 3378 1940 3451 qui
1989 3392 2091 3449 pro
2135 3379 2258 3449 ejus
2303 3377 2556 3433 libertate
2600 3379 2787 3434 aerius
2835 3380 3177 3451 pugnaverit.
3221 3381 3445 3452 Aliquot

1842 3470 2154 3541 provincias
2178 3485 2209 3525 a
2224 3467 2538 3526 Simoniaea
2560 3470 2682 3524 labe
2702 3470 3042 3541 expurgavit.
3072 3471 3276 3527 Contra
3296 3473 3443 3529 lien-

1844 3561 1946 3617 rici
1995 3562 2344 3633 imperatoris
2394 3562 2594 3632 impios
2640 3569 2893 3628 conatus,
2929 3559 3088 3618 fortis
3123 3580 3219 3633 per
3258 3567 3444 3620 omnia

1844 3654 2069 3720 athleta,
2117 3653 2426 3723 impavidus
2451 3652 2779 3724 permansit,
2825 3668 2993 3724 seque
3036 3670 3136 3724 pro
3161 3671 3320 3711 muro
3340 3656 3438 3712 do-
3496 3724 3499 3727 ὗ

1844 3744 2136 3801 muilsrael
2157 3759 2361 3815 ponere
2382 3760 2491 3799 non
2514 3744 2718 3810 timuit,
2744 3759 2808 3800 ac
2832 3745 3085 3801 eumdem
3119 3745 3436 3815 Henricum.

1845 3836 1903 3890 in
1924 3836 2258 3908 profundum
2281 3835 2551 3890 malorum
2570 3836 2909 3906 prolapsum,
2935 3836 3174 3893 ﬁdelium
3200 3853 3446 3894 commu-

1849 3929 2013 3983 nione
2034 3942 2311 3999 regnoque
2333 3927 2584 3998 privavit,
2625 3935 2791 3998 atque
2811 3928 3062 3984 subditos
3082 3930 3315 4000 populos
3337 3930 3443 3987 ﬁde

1848 4022 1900 4075 ei
1927 4021 2055 4076 data
2092 4019 2361 4075 liberavit.

1920 4111 2126 4167 LECTIO
2167 4128 2241 4165 vi.
2284 4111 2426 4165 Dum
2469 4108 2762 4166 Missarum
2811 4111 3080 4167 solemnia
3123 4114 3439 4184 perageret,

1847 4203 1967 4258 visa
1994 4211 2079 4258 est
2102 4202 2237 4257 viris
2265 4202 2370 4272 piis
2411 4202 2665 4257 columba
2688 4219 2719 4258 e
2746 4205 2888 4258 coelo
2928 4204 3173 4272 delapsa,
3205 4206 3438 4259 humero

1850 4294 1972 4364 ejus
1994 4294 2187 4350 dextro
2211 4293 2479 4359 insidens,
2498 4293 2601 4348 alis
2614 4294 2857 4348 extensis
2880 4303 3045 4363 caput
3064 4294 3186 4363 ejus
3228 4296 3436 4351 velare:

1850 4400 1963 4456 quo
2007 4384 2375 4456 signiﬁcatum
2429 4393 2533 4451 est,
2566 4382 2805 4455 Spiritus
2850 4385 3026 4440 sancti
3073 4385 3277 4451 atllatu,
3329 4401 3438 4441 non

1850 4478 2106 4533 humanae
2131 4476 2434 4547 prudentiae
2454 4476 2772 4555 rationibus
2812 4475 2993 4546 ipsum
3017 4477 3146 4532 duci
3169 4477 3224 4532 in
3253 4477 3441 4534 Eccle-

1851 4569 1948 4625 siae
1975 4568 2259 4640 regimine.
2290 4566 2428 4623 Cum
2455 4568 2526 4622 ab
2554 4567 2731 4638 iniqui
2752 4565 2973 4623 Henrici
2992 4569 3237 4626 exercitu
3263 4568 3438 4626 Roma
3490 4594 3491 4601 η

1850 4661 2001 4732 gravi
2029 4660 2316 4716 obsidione
2358 4668 2716 4729 premeretur,
2755 4660 3053 4715 excitatum
3083 4662 3154 4716 ab
3181 4663 3438 4719 hostibus

1851 4752 2164 4809 incendium
2192 4753 2348 4823 signo
2367 4752 2549 4807 crucis
2578 4752 2861 4808 exstinxit.
2890 4749 2967 4807 De
2989 4752 3110 4824 ejus
3131 4770 3299 4811 manu
3322 4764 3441 4811 tan‘

1850 4843 1975 4899 dem
2010 4860 2041 4900 a
2072 4842 2313 4898 Roberto
2354 4841 2659 4900 Guiseardo
2706 4844 2845 4899 duce
2896 4841 3280 4903 Northmanno
3325 4864 3440 4903 ere.

1848 4946 1998 5007 ptus,
2020 4935 2315 4993 Cassinum
2347 4951 2408 4992 se
2429 4935 2678 5001 contulit,
2704 4943 2867 5004 atque
2896 4936 3023 4992 inde
3055 4936 3347 5004 Salernum
3369 4940 3439 4996 ad

1847 5028 2208 5087 dedicandam
2228 5027 2530 5083 Eeclesiam
2558 5027 2730 5083 sancti
2759 5024 2999 5083 Matthxi
3019 5028 3267 5099 Apostoli
3300 5042 3437 5087 eon-

1850 5124 2024 5160 fandis
2101 5119 2239 5160 Cum
2291 5119 2588 5160 alinnnndn
2638 5119 2693 5160 in
2744 5134 2806 5160 na
2864 5120 3086 5160 nivitnta
3124 5135 3436 5160 cormnnnm
