3986 5386
511 368 580 419 M
631 435 638 439 ,
1074 427 1078 430 ,
1727 371 1784 428 s.
1827 342 2224 430 auricomus
2265 340 2355 426 vn
2392 369 2589 428 rm.
3718 371 3785 426 te

496 465 803 532 “detensor.
842 473 1060 532 Exactis
1094 477 1280 548 itaque
1325 492 1380 531 in
1409 473 1733 532 Pontiﬁcatu
1773 478 1934 534 annis
1963 463 2104 534 duo-
2136 476 2181 542 Α
2207 479 2486 536 miraculis
2513 479 2718 546 clarus,
2753 479 2982 550 ejusque
3013 495 3228 536 sacrum
3261 495 3462 551 corpus
3488 481 3541 536 in
3585 482 3787 538 Cathe-

523 570 719 632 decim,
762 567 1016 638 migravit
1057 567 1110 622 in
1148 567 1349 624 cadum
1397 583 1542 622 anno
1587 569 1781 626 salutis
1809 570 2103 625 millesimo

490 659 858 729 wctogesimo
888 659 1102 731 quinto,
1131 659 1378 730 pluribus
1411 659 1465 713 in
1501 659 1609 714 vita
1635 669 1682 715 et
1718 669 1839 718 Dost
1870 672 2101 716 mortem

2205 573 2344 628 drali
2377 571 2608 629 Basilica
2643 571 2988 628 Salernitana
3033 580 3119 628 est
3145 573 3445 630 honorifice
3479 575 3784 632 conditum.

525 811 3787 854 Μ

1136 966 1817 1084 sanan
1881 968 2794 1088 GBEGOBII
2854 937 3157 1088 vn

1901 1201 2371 1338 ACTA.

1613 1411 1900 1510 Bonum;
1924 1411 2056 1499 Maii
2085 1453 2219 1500 tom.
2248 1443 2312 1510 ν,
2339 1399 2428 1502 die
2454 1445 2548 1512 ‘25,
2579 1461 2702 1518 pag.
2741 1445 2894 1522 568.)

1339 1681 2289 1777 COMMENTARIUS
2345 1685 2958 1806 ‘Panvms.

501 1872 546 1944 ᾗ
666 1871 996 1948 Lattdatores
1023 1874 1394 1948 ctdefensores
1425 1872 1838 1948 defuncti,_Vita_
1866 1873 2099 1948 anulo
2133 1879 2174 1934 Β
2201 1875 2306 1929 bus
2333 1872 2893 1946 Magdeburgensibus
2917 1882 2972 1930 et
2997 1873 3290 1930 Gln‘onicis
3313 1871 3752 1948 Turingensiius
3771 1894 3792 1934 :

497 2020 499 2023 Ι
524 1941 955 1999 ἠΒενηι-ἱεάεηδὶ
984 1941 1205 2015 scripta,
1241 1943 1376 1998 Acta
1403 1941 1736 2014 pontiﬁcalia
1769 1943 2024 2004 triplicia.

558 2055 986 2112 ISanCtis'simus
1017 2065 1072 2112 et
1119 2057 1577 2128 generosissimus
1615 2057 1864 2113 Pontifex
1896 2057 2100 2116 Bema-

511 2163 618 2204 nus
643 2145 943 2221 Gregorius
967 2151 1256 2221 septimus,
1279 2159 1438 2206 antea
1460 2151 1640 2206 dictus
1675 2151 2095 2218 Hildebrandus,

510 2239 801 2298 defunctus
837 2241 909 2297 25
939 2241 1063 2296 Maii
1095 2258 1224 2297 ann.
1256 2240 1412 2297 1085.
1443 2240 1660 2312 praefuit
1683 2243 1955 2299 universa;
1990 2241 2096 2298 Ec-

509 2331 691 2389 clesia:
709 2349 886 2388 annos
911 2333 1222 2400 duodecim,
1250 2348 1494 2390 mensem
1523 2349 1720 2401 unum,
1742 2343 1798 2390 et
1817 2333 1938 2390 dies
1963 2350 2100 2405 qua-

511 2430 668 2490 tuor;
693 2424 902 2480 scilicet
922 2424 1260 2480 inchoandos
1287 2440 1318 2480 a
1337 2424 1425 2480 die
1445 2425 1534 2479 2'2.
1561 2424 1762 2496 Aprilis
1783 2425 1914 2480 anni
1937 2423 2094 2480 1073.

509 2515 592 2570 uti
621 2515 897 2571 evidenter
925 2516 1094 2588 liquet
1135 2531 1203 2572 ex
1231 2516 1450 2572 decreto
1483 2517 1765 2573 electionis
1799 2515 1940 2572 infra
1967 2531 2097 2586 pro-

496 2607 786 2676 ponendo.
834 2606 1172 2667 Erraverunt
1205 2607 1374 2674 enim,
1404 2608 1499 2678 qui
1535 2608 1713 2664 solum
1749 2607 1942 2663 25-die
1967 2607 2099 2662 dicti

506 2698 718 2769 mensis
752 2699 986 2754 electum
1027 2699 1241 2767 volunt,
1283 2709 1502 2770 sumpta
1545 2699 1766 2757 errandi
1809 2699 2100 2756 occasione

507 2806 542 2849 ει
578 2788 878 2862 Catalogis,
901 2789 1181 2862 inquibus
1210 2791 1539 2860 decessoris,
1570 2792 1752 2847 triduo
1779 2799 1908 2860 ante
1937 2791 2098 2846 istam

507 2879 815 2944 electionen
875 2880 1148 2949 defuncti,
1201 2883 1384 2939 obitus
1425 2899 1553 2939 cum
1590 2883 1930 2954 depositione
1965 2897 2100 2939 con-

507 2971 1210 3044 t’unuuun'ﬂieplurimas
1243 2975 1448 3040 invita
1483 2991 1682 3047 passus
1719 2983 1805 3032 est
1841 2989 2100 3045 persecu-

509 3061 802 3131 tiones.-et
833 3065 1018 3120 adhuc
1051 3073 1179 3136 post
1210 3073 1441 3122 mortem
1487 3065 1810 3122 calumnias.
1845 3065 1953 3122 Sed
1989 3082 2102 3121 non.

2199 1964 2304 2020 Mai
2319 1965 2480 2020 ianus
2513 1965 2680 2020 etiam
2709 1964 2928 2034 Scotus,
2960 1965 3191 2040 ejusque
3216 1964 3580 2024 Continuator
3609 1967 3792 2025 Dode—

2199 2056 2419 2123 cbinus,
2450 2055 2602 2111 etab
2638 2057 2744 2112 hoc
2787 2057 3087 2128 productus
3129 2055 3440 2128 Stephanus
3483 2058 3796 2130 EpiscOpus

2201 2145 2662 2203 llalberstatensis
2687 2189 2702 2214 ,
2765 2149 2860 2218 qui
2909 2165 3134 2206 causam
3189 2149 3436 2220 Gregorii
3489 2150 3796 2208 fortissime

2199 2247 2390 2294 contra
2443 2237 2761 2295 Heinricum
2802 2239 3005 2312 Regem
3053 2241 3206 2312 egit:
3245 2241 3440 2297 deinde
3478 2240 3535 2298 S.
3593 2242 3795 2298 Ansel-

2199 2346 2324 2386 mus
2347 2329 2808 2402 Archiepiscopus
2831 2329 3266 2397 Cantuariensis,
3311 2331 3471 2401 cujus
3509 2332 3644 2388 Acta
3690 2333 3792 2389 de—

2199 2422 2382 2478 dimus
2435 2421 2526 2476 2|.
2578 2422 2823 2492 Aprilis:
2895 2421 3182 2478 Bertoldus
3229 2420 3672 2481 Constantiensis
3737 2432 3798 2480 et

2200 2512 2402 2569 Paulus
2469 2513 2924 2582 Bernriedensis,
2966 2515 3034 2570 de
3082 2514 3284 2585 quibus
3348 2531 3478 2570 mox
3526 2517 3791 2587 agimus:

2199 2603 2466 2662 Domnizo
2500 2604 2811 2678 Presbyter,
2863 2606 2919 2660 in
2967 2600 3089 2660 Vita
3129 2605 3439 2663 Comitissaa
3485 2605 3790 2674 Mathildis,

2199 2698 2356 2754 libris
2380 2697 2596 2753 duobus
2619 2697 2866 2752 carmine
2895 2697 3242 2768 conscripta;
3269 2696 3380 2754 Leo
3402 2695 3692 2766 Ostiensis,
3731 2699 3794 2754 in

2198 2788 2475 2844 Chronico
2531 2787 2854 2855 Casinensi,
2905 2789 2972 2843 ad
3037 2805 3246 2845 annum
3300 2789 3460 2846 1086.
3519 2791 3788 2856 deducto;

2199 2879 2385 2934 Bruno
2429 2879 2486 2933 in
2511 2877 2776 2934 .Historia
2818 2879 2945 2934 belli
2983 2878 3276 2948 Saxonici;
3326 2880 3383 2936 S.
3432 2879 3793 2938 Gebehardus

2199 2971 2658 3041 Archiepiscopus
2707 2971 3174 3044 Salisburgensis,
3222 2981 3278 3028 et
3322 2971 3379 3027 8.
3433 2971 3792 3030 Gebehardus

2201 3061 2503 3136 Episcopus
2525 3060 2984 3132 Constantiensis,
3023 3072 3078 3120 et
3103 3065 3200 3134 qui
3221 3079 3414 3120 eorum
3456 3064 3610 3122 Vitas
3644 3063 3788 3120 scri-

507 3152 799 3210 defuerunt
824 3155 944 3224 ejus
980 3155 1327 3222 innocentia-3,
1356 3166 1412 3212 et
1439 3173 1541 3226 pro
1566 3157 1812 3215 Ecclesia
1840 3157 1937 3213 Dei
1967 3173 2097 3220 pro—
2134 3219 2167 3227 Α
2201 3163 2448 3227 pserunt,
2477 3171 2618 3225 quas
2643 3169 2744 3210 suo
2769 3163 3012 3226 tempore
3041 3155 3295 3212 dabimus
3321 3154 3408 3210 16.
3436 3154 3584 3212 Junii
3609 3163 3664 3212 et
3690 3155 3788 3210 27.

508 3245 803 3314 pugnanda
832 3219 1171 3302 fortitudinis
1197 3262 1262 3302 ac
1292 3219 1522 3317 justitia:
1549 3249 1806 3303 acerrimi
1838 3219 2097 3304 detenso-
2126 3219 2168 3274 Ο
2200 3219 2465 3316 Augusti;
2517 3245 2780 3315 denique,
2825 3246 2948 3302 aliis
2998 3246 3220 3303 omissis
3239 3287 3255 3314 ,
3301 3245 3602 3303 Beroaldus
3649 3246 3792 3303 Pre-

491 3350 643 3391 .J‘L‘S:
676 3333 819 3388 inter
866 3333 1009 3405 quos
1059 3335 1273 3412 censeri
1305 3345 1538 3406 possunt
1572 3335 1882 3394 Cardinalis
1910 3337 2098 3394 Caesar

482 3425 784 3480 .‘llaronius
804 3425 1133 3481 eLJaeobus
1171 3426 1462 3483 Gretscrus
1487 3446 1498 3482 :
1529 3427 1619 3483 ille
1659 3427 1881 3498 quidem
1902 3429 1960 3484 in
1980 3433 2098 3484 An-

498 3516 726 3572 nalibus
751 3517 868 3572 suis
892 3516 1312 3586 Ecclesiasticis,
1346 3518 1400 3572 in
1423 3519 1626 3590 quibus
1655 3535 1746 3576 res
1769 3520 1892 3590 ejus
1915 3530 2099 3592 gestas

475 3623 605 3677 .gper
633 3608 879 3680 singulos
902 3624 1092 3664 .aunos
1121 3609 1341 3664 deducit
1364 3626 1432 3664 ex
1463 3609 1824 3681 scriptoribus
1861 3611 2100 3668 maxime

504 3699 728 3766 comis,
765 3709 820 3754 et
853 3699 1118 3756 Conciliis
1158 3701 1262 3756 sub
1291 3717 1358 3756 eo
1388 3701 1610 3768 habitis,
1647 3711 1812 3772 atque
1843 3701 2098 3774 Registro

507 3790 870 3860 cpistolarum
901 3791 1024 3861 ejus
1069 3792 1123 3847 in
1161 3791 1414 3850 undecim
1434 3793 1609 3848 libros
1636 3793 1894 3849 distincto
1923 3813 1938 3850 :
1964 3793 2099 3851 Gre-

510 3893 690 3939 tserus
726 3899 860 3939 vero
893 3882 1068 3938 Temo
1095 3885 1160 3940 .2.
1209 3882 1552 3943 Defensionis
1581 3883 2096 3942 Controversiarum

503 3974 818 4030 Gardinalis
852 3973 1190 4041 Bellarmiui,
1222 3963 1574 4047 propugnans
1589 3991 1730 4046 eum
1767 3986 1958 4032 contra
1997 3993 2096 4032 va-

501 4067 624 4122 rios
651 4066 820 4138 hujus
852 4067 1118 4138 temporis
1157 4067 1446 4134 sectarios,
1487 4067 1834 4138 potissimum
1875 4068 2016 4124 libro
2039 4068 2092 4122 4.

489 4175 561 4215 τε.
597 4160 772 4218 13..ac
804 4157 1544 4230 deinillustriApologia,.in
1563 4160 2096 4234 qua-quinquaginta

495 4234 676 4307 2testes
704 4251 944 4318 adducit,
979 4251 1075 4322 qui
1113 4249 1240 4306 suis.
1266 4251 1486 4322 scriptis
1509 4267 1600 4308 res
1625 4260 1806 4324 gestas
1839 4253 2004 4323 hujus
2036 4250 2093 4308 S.

511 4341 760 4411 Gregorii
809 4350 1142 4414 proponunt,
1189 4349 1244 4396 et
1285 4349 1480 4398 contra
1527 4343 1872 4400 adxersarios
1907 4341 2096 4400 defen-

511 4433 671 4487 dunL

2201 3336 2384 3407 sbyter
2429 3333 2888 3401 Constanticnsis,
2937 3337 3097 3406 cujus
3131 3337 3394 3407 opuscula
3439 3354 3506 3392 ex
3541 3337 3642 3393 Ms.
3675 3337 3794 3394 Ra-

2199 3426 2503 3482 tisbonensi
2533 3425 2676 3480 edita
2700 3433 2830 3481 sunt
2863 3441 2896 3480 a
2927 3426 3074 3481 dicto
3101 3425 3378 3492 Gretsero,
3416 3436 3472 3481 et
3510 3426 3622 3482 fere
3654 3445 3792 3499 spe-

2195 3525 2350 3574 ctant
2369 3517 2440 3572 ad
2459 3515 2830 3574 defensionem
2853 3532 3036 3572 rerum
3057 3532 3089 3571 a
3113 3514 3170 3572 8.
3195 3515 3458 3588 Gregorio
3479 3526 3790 3590 gestarum;

2198 3618 2253 3664 et
2274 3610 2508 3665 maxime
2541 3607 2928 3679 Apologeticus
2952 3616 3006 3662 et
3032 3605 3290 3678 Epistolas
3312 3607 3434 3679 ejus
3461 3623 3562 3679 pro
3585 3607 3789 3666 Decre-

2199 3701 2270 3758 tis
2297 3699 2354 3755 S.
2395 3699 2662 3772 Gregorii,
2699 3715 2838 3772 quas
2881 3699 3048 3756 etiam
3087 3699 3298 3756 erudite
3325 3701 3578 3770 exposuit
3615 3699 3786 3770 Chri-

2199 3792 2412 3847 stianus
2440 3791 2628 3862 Lupus
2651 3790 2793 3847 inter
2821 3789 3168 3863 Synodorum
3192 3790 3530 3862 generalium
3559 3806 3624 3848 ac
3647 3807 3786 3862 pro-

2199 3883 2494 3940 \‘incialum
2539 3883 2765 3939 Decreta
2806 3891 2861 3940 et
2905 3887 3194 3949 Canones,
3243 3882 3456 3956 integro
3498 3881 3639 3938 libro
3683 3898 3785 3938 seu

2198 3983 2352 4046 parte
2382 3975 2592 4046 quinta.
2637 3974 2938 4047 Subjunxit
2971 3975 3080 4030 illis
3121 3974 3378 4031 omnibus
3413 3973 3788 4046 pradaudatus

2199 4065 2489 4122 Gretserus
2533 4065 2783 4138 Gregorii
2825 4063 2936 4122 VII.
2984 4065 3186 4133 Vitam,
3228 4065 3549 4122 electionem
3591 4073 3646 4122 et
3691 4080 3788 4121 res

2199 4166 2401 4230 gestas,
2429 4173 2497 4213 ex
2530 4157 2672 4213 libro
2699 4165 2903 4228 quarto
2923 4199 2928 4204 .
2947 4155 3217 4228 Onupbrii
3247 4155 3597 4212 Panvinii-De
3630 4155 3783 4211 varia

2199 4250 2475 4306 creatione
2499 4247 2712 4304 Summi
2740 4249 3040 4316 Pontificis,
3069 4257 3124 4305 et
3149 4265 3214 4304 ex
3243 4248 3578 4305 Bibliotheca
3608 4245 3788 4302 Bara-

2198 4341 2332 4397 rica.
2375 4339 2527 4395 [Suec
2559 4341 2745 4396 omnia
2773 4339 2916 4410 apud
2957 4340 3108 4394 illum
3143 4339 3316 4396 videri
3353 4348 3602 4411 possunt,
3635 4339 3786 4395 edita

2199 4431 2518 4504 lngolstadii
2545 4445 2692 4485 anno
2719 4429 2876 4484 1609.
2921 4431 3014 4486 ubi
3036 4431 3249 4486 isanno
3270 4430 3519 4501 sequenti
3542 4429 3788 4500 vulgavit

515 4582 527 4599 λ,
578 4523 632 4578 2.
673 4521 882 4579 Horum
903 4523 1114 4594 primus
1140 4532 1226 4580 est
1248 4523 1306 4578 S.
1337 4523 1630 4586 Anselmus
1653 4523 1960 4596 Episcopus
1987 4524 2097 4581 Lu-
2130 4547 2173 4600 ι)
2197 4523 2280 4593 Ap
2317 4522 2515 4594 logiam
2553 4536 2652 4591 pro
2688 4520 2977 4580 Gardinale
3017 4521 3278 4589 Baronio,
3318 4522 3375 4578 in
3421 4538 3529 4594 qua
3561 4509 3788 4594 aliquot

497 4613 714 4680 JCCBSiS,
741 4614 991 4684 proximo
1036 4623 1162 4686 post
1184 4615 1396 4670 obitum
1427 4616 1604 4672 sancti
1639 4615 1924 4672 Pontiﬁcis
1953 4633 2098 4672 anno

503 4703 628 4762 .yita
648 4702 870 4761 functus
887 4724 918 4774 ;,
933 4705 1028 4777 qui
1050 4716 1241 4762 contra
1265 4706 1588 4762 Guibertum
1614 4707 1940 4778 Antipapam
1959 4750 1975 4780 ,
1998 4723 2097 4779 pro

511 4793 827 4852 defensione
859 4793 1114 4866 Gregorii
1155 4797 1385 4869 legitimi
1417 4796 1698 4856 Pontiﬁcis
1741 4798 1996 4868 Romani,
2032 4799 2098 4854 li-

497 4877 674 4942 brum
700 4887 951 4958 scripsit-
970 4885 1257 4946 Secundus
1289 4889 1442 4946 testis
1475 4897 1560 4946 est
1585 4899 1780 4948 auctor
1805 4890 1938 4948 Vita:
1967 4891 2096 4948 dicti

512 4977 582 5049 8.,
611 4977 878 5046 Anselmi,
905 4979 1244 5036 domesticus
1281 4981 1570 5053 Presbyter
1603 4981 2052 5040 Paenitentiarius
2080 5004 2092 5040 :

511 5083 678 5118 uuam
716 5067 895 5118 Vitam
937 5085 1040 5118 nos
1077 5070 1145 5118 ad
1175 5071 1318 5118 diem
1353 5071 1474 5118 eius
1511 5073 1748 5118 natalem
1793 5075 1876 5118 424
1917 5075 2093 5118 Martii

2199 4614 2376 4684 capita
2409 4621 2660 4685 spectant
2683 4613 3114 4670 controversiam
3141 4613 3194 4668 in
3233 4629 3400 4670 causa
3441 4612 3498 4668 8.
3533 4613 3788 4684 Gregorii

2198 4713 2434 4776 motam;
2464 4704 2544 4760 uti
2571 4704 2826 4762 curiosus
2852 4705 3024 4762 lector
3055 4705 3256 4760 ibidem
3295 4705 3543 4776 reperiet.
3573 4703 3788 4776 Dignus

2197 4797 2359 4852 etiam
2397 4795 2596 4867 estqui
2620 4797 2831 4868 legatur
2857 4795 3187 4852 Franciscus
3210 4795 3530 4868 d‘Enghien,
3559 4793 3788 4852 Ordinis

2197 4886 2624 4944 Prmdicatorum
2667 4887 2724 4942 S.
2755 4885 3070 4960 Theologiae
3093 4887 3464 4954 .Licentiatus,
3501 4887 3649 4944 edito
3676 4904 3786 4944 no-

2198 4979 2418 5034 vissime
2459 4978 2601 5034 libro
2643 4979 2732 5034 cui
2778 4981 2992 5035 titulum
3025 4979 3173 5046 fecit,
3223 5001 3241 5033 ς
3271 4979 3586 5036 Auctoritas
3621 4979 3788 5039 Sedis

2199 5069 2523 5118 Annsmlirm
2558 5085 2660 5118 nm
2678 5069 2943 5118 Gregorio
2971 5069 3114 5118 Pana
3143 5069 3253 5118 VII.
3291 5072 3558 5118 vindicata
3587 5073 3790 5118 advor.
