3986 5386
233 254 293 309 13

1177 245 1715 307 PROLEGOMENA.
1757 278 1827 287 -——
1864 245 2047 307 ACTA
2080 250 2139 307 S.
2177 243 2523 308 GREGORH.

3314 303 3324 314 .
3406 252 3467 308 l-i

222 370 333 426 loco
368 369 550 423 Vitam
597 368 655 422 S.
686 342 933 439 Gregorii
968 383 1000 421 a
1042 364 1212 421 Paulo
1240 363 1617 422 Bernriedcnsi
1656 362 1790 419 scri-
1822 368 1866 422 Α
1891 365 2153 435 temporis
2182 374 2332 435 gesta
2367 364 2667 429 annotavit,
2698 359 3086 435 subjunxitque
3115 380 3213 436 pro
3252 368 3465 439 Appen-

220 471 376 532 ptsm.
416 459 620 517 Fuerat
646 460 739 516 hic
780 459 981 514 Paulus
1013 457 1325 513 Canonicus
1352 454 1606 511 Ecclesia:
1636 453 1789 508 flati-

219 552 517 623 sponensis,
558 551 676 616 sed,
704 552 775 606 ah
799 550 1035 605 Henrico
1063 547 1150 602 lV.
1182 548 1238 603 in
1262 547 1485 603 exilium
1524 555 1700 611 actus,
1735 546 1789 600 in

214 642 455 698 coenobio
489 641 755 696 Bernried
795 655 986 697 recens
1025 638 1249 694 fundato
1288 638 1533 692 habitum
1571 633 1790 691 Ordinis

211 731 608 787 Canonicorum
660 729 1010 800 Regularium
1064 729 1335 798 suscepit;
1388 728 1534 784 circa
1585 744 1788 784 annum

212 823 357 877 1120.
393 824 464 877 ab
509 820 769 877 Udalrico
808 820 1074 891 Episcopo
1113 819 1455 874 Passaviensi
1496 820 1624 891 (qui
1653 820 1791 875 rexit

208 915 398 970 dictam
411 914 720 969 Ecclesium
736 914 806 968 ab
826 926 972 968 anno
992 911 1115 967 l09l
1129 952 1141 966 .
1168 927 1343 982 usque
1363 911 1431 967 ad
1452 927 1580 967 ann.
1628 911 1789 982 1124)

207 1005 485 1076 Presbyter
520 1012 905 1070 consecratus,
937 1012 991 1059 et
1024 1003 1224 1074 elapsis
1253 1003 1323 1058 ab
1347 1002 1512 1073 hujus
1537 1002 1790 1073 Episcopi

211 1097 345 1154 obitu
376 1105 590 1168 septem
623 1098 809 1163 annis,
837 1095 1067 1152 absolvit
1106 1095 1249 1151 banc
1280 1092 1480 1161 Vitam,
1512 1094 1657 1150 circa
1691 1109 1791 1148 an-

212 1205 329 1242 num
366 1189 526 1243 1131.
559 1189 877 1254 Gretserus,
909 1187 1002 1258 qui
1025 1187 1271 1243 eamdem
1302 1201 1412 1240 una
1435 1200 1562 1240 cum
1584 1185 1789 1255 Apolo-

210 1282 287 1351 gia
309 1296 407 1351 pro
428 1280 729 1336 Cardinale
766 1280 1003 1335 Baronio
1030 1278 1216 1343 edidit,
1255 1278 1554 1332 arbitratur
1599 1296 1618 1328 ι
1645 1276 1788 1330 Pau-

210 1372 333 1438 lam,
356 1387 486 1428 cum
523 1371 716 1427 Romae
739 1379 907 1437 esset,
939 1370 1259 1424 familiarem
1301 1367 1472 1423 fuisse
1497 1367 1725 1422 Callisto
1746 1366 1790 1421 ll

209 1460 377 1532 Papa,
407 1481 427 1513 ι
462 1464 558 1533 qui
580 1463 727 1518 sedit
753 1478 787 1517 a
806 1463 895 1518 die
917 1462 970 1516 4.
1001 1459 1286 1515 Februarii
1317 1474 1407 1513 an.
1434 1458 1590 1513 1119.
1616 1474 1791 1529 usque

210 1554 272 1608 ad
302 1555 384 1607 l2.
417 1553 736 1610 Decembris
769 1552 900 1608 anni
930 1551 1088 1616 1124,
1122 1558 1178 1606 et
1210 1550 1552 1607 confirmavit
1591 1548 1789 1605 funda-

208 1644 405 1699 tionem
439 1646 678 1701 emnobii
710 1641 1119 1699 Bernriedensis
1149 1656 1239 1696 an.
1264 1640 1425 1707 1122,
1450 1640 1668 1710 quando
1692 1655 1791 1710 po—

211 1737 299 1790 tuit
330 1738 433 1792 hac
455 1737 528 1792 de
557 1752 731 1792 causa
766 1735 969 1790 Paulus
1000 1732 1230 1787 Romam
1266 1731 1545 1802 profectus
1579 1730 1789 1787 fuisse:
1824 1721 1867 1775 Β

209 1828 297 1898 qui
333 1828 476 1882 infra
507 1844 563 1883 ιι.
594 1829 680 1882 11.
720 1827 941 1882 adducit
971 1844 989 1877 ι
1017 1823 1305 1879 Callistum
1334 1820 1537 1894 Papam
1567 1838 1791 1878 narrare

207 1929 527 1974 consuetum
569 1920 719 1989 quod
760 1918 1060 1988 EpiscOpus
1101 1914 1401 1970 simoniace
1445 1915 1650 1970 electus
1681 1930 1789 1970 non

209 2010 429 2065 valuerit
470 2011 705 2065 recitare
749 2008 932 2065 Gloria
971 2006 1150 2061 Patris
1195 2014 1252 2061 et
1295 2005 1419 2061 Filii
1460 2014 1516 2061 et
1555 2004 1791 2077 Spiritus

209 2102 394 2156 sancti.
428 2120 448 2152 ι
481 2100 561 2156 Ita
593 2101 814 2167 deinde,
854 2116 909 2154 ιι.
942 2098 1028 2165 16,
1058 2098 1135 2153 ait
1163 2116 1181 2149 ι
1207 2095 1499 2165 Joannem,
1528 2096 1790 2154 Camera-

209 2192 341 2247 rium
360 2192 497 2247 olim
514 2192 812 2248 Alexandri
834 2190 877 2244 ll
917 2189 1219 2256 Pontificis,
1264 2205 1487 2245 narrare
1524 2190 1743 2245 solitum
1766 2211 1785 2242 ι

208 2284 342 2354 quod
372 2285 635 2353 precibus
676 2283 735 2338 S.
786 2282 1081 2338 Alexandri
1124 2280 1294 2338 febris
1336 2281 1534 2338 ardens
1566 2281 1790 2353 depulsa

209 2376 307 2429 sit:
336 2385 504 2446 atque
534 2375 612 2430 ita
633 2375 767 2431 hinc
792 2374 918 2430 inde
949 2373 1145 2430 inserit
1170 2373 1322 2429 varia
1342 2372 1624 2441 miracula,
1649 2380 1791 2429 tem-

208 2481 330 2537 pore
358 2467 487 2522 vitae
516 2475 735 2538 patrata
760 2486 773 2521 :
818 2467 912 2523 sed
939 2483 995 2521 ιι.
1025 2465 1149 2521 101.
1183 2484 1202 2517 ι
1234 2480 1357 2536 qua:
1384 2464 1452 2520 ad
1481 2465 1790 2535 sepulcrum

208 2558 317 2627 ejus
344 2559 557 2615 cmlitus
580 2558 748 2625 facta,
777 2558 864 2613 vel
892 2573 1015 2629 quae
1048 2556 1168 2612 fieri
1205 2556 1393 2611 dicunt
1425 2556 1791 2626 religiosiores

207 2649 402 2719 quique
423 2649 682 2717 Romani,
712 2650 823 2706 illis
843 2649 938 2721 qui
956 2647 1250 2703 viciniores
1274 2653 1403 2702 sunt
1421 2648 1789 2717 percensenda

210 2750 459 2795 reservat.
492 2759 512 2793 ι
548 2740 664 2796 Sub
691 2741 859 2796 finem
884 2748 1065 2794 tamen
1092 2755 1148 2793 ιι.
1178 2738 1299 2793 Hd.
1325 2737 1474 2793 addit
1499 2757 1518 2789 ι
1546 2739 1790 2808 superla-

212 2839 312 2884 tam
337 2832 712 2888 narrationem
743 2832 978 2887 duorum
1001 2829 1420 2896 miraculorum,
1452 2828 1665 2884 Salerni
1684 2845 1791 2884 ca:-

212 2922 332 2976 litus
360 2931 725 2992 patratorum.
754 2942 775 2976 ι
811 2921 890 2977 Ex
929 2922 1132 2994 quibus
1171 2920 1483 2991 colligimus
1517 2935 1789 2976 summam

215 3013 276 3068 ab
304 3014 540 3069 Auctore
570 3015 877 3070 adhibitam
904 3012 1258 3085 diligentiam,
1285 3020 1343 3066 ut
1383 3019 1637 3068 accurate
1663 3027 1786 3066 om-

218 3105 296 3158 nia
316 3106 555 3161 traderet
581 3125 593 3160 :
626 3105 777 3177 quod
809 3106 1187 3176 unusquisque
1212 3102 1376 3159 etiam
1406 3103 1605 3173 poterit
1629 3103 1786 3159 colli-

220 3210 349 3263 gere,
377 3198 424 3252 si
448 3214 573 3268 qua:
608 3198 865 3253 addimus
902 3197 1177 3251 Annotata
1204 3195 1560 3265 perspexerit,
1591 3203 1786 3249 contu-

220 3286 433 3359 leritque
453 3305 581 3345 cum
606 3289 835 3360 reliquis
863 3287 1212 3353 Auctoribus,
1237 3287 1367 3341 item
1387 3285 1630 3356 epistolis
1655 3284 1789 3341 Gre-

223 3381 343 3446 gorii
375 3389 425 3435 el
460 3380 698 3451 Synodis
734 3388 867 3435 tunc
894 3380 1114 3434 habitis.
1153 3376 1367 3432 Etenim
1407 3378 1565 3447 plane
1591 3392 1790 3433 convc-

226 3469 365 3524 niunt
383 3472 600 3536 omnia;
626 3471 864 3526 maxime
886 3471 977 3525 ubi
996 3472 1064 3525 de
1089 3468 1418 3524 Simoniacis
1437 3476 1491 3524 et
1508 3465 1789 3524 Nicolaitis

226 3575 309 3615 seu
335 3560 558 3618 Clerieis
586 3561 900 3617 fornicariis
928 3561 1196 3633 agendum
1227 3558 1348 3615 fuit.
1372 3556 1433 3615 B.
1462 3558 1656 3616 Petrus
1685 3559 1790 3614 Da-

225 3652 423 3707 mianus
458 3654 668 3723 passim
705 3653 873 3707 etiam
907 3652 1027 3707 illos
1052 3650 1346 3707 Nicolaitas
1372 3652 1625 3724 appellat,
1648 3668 1789 3723 quo-

227 3758 334 3797 rum
364 3742 507 3798 facta
533 3761 592 3799 se
615 3744 800 3819 odisse
829 3744 907 3798 ait
926 3743 1183 3799 Christus
1212 3743 1268 3798 in
1296 3741 1355 3799 S.
1386 3741 1613 3799 Joannis
1641 3741 1788 3813 Apo-

223 3835 410 3905 calypsi
427 3852 478 3891 c.
501 3836 571 3902 2;
594 3844 648 3890 et
672 3836 741 3891 de
766 3835 967 3907 quibus
989 3835 1218 3906 epistola
1243 3832 1300 3891 S.
1326 3833 1517 3906 lgnatii
1540 3835 1610 3889 ad
1633 3832 1790 3888 Trul-

224 3924 406 3990 lenses,
452 3928 546 3982 sed
587 3943 618 3981 a
664 3928 903 3997 posteris
945 3927 1288 3997 interpolata,
1334 3926 1451 3982 haec
1497 3927 1787 3998 leguntur:

229 4034 246 4065 ι
279 4015 459 4088 Fugite
501 4018 977 4074 immundissimos
1020 4017 1145 4073 falsi
1193 4017 1431 4074 nominis
1473 4014 1799 4083 Nicolaitas,

223 4121 478 4165 amatores
503 4111 771 4177 libidinis,
802 4111 977 4167 malos
1003 4109 1447 4166 calumniatores.
1481 4129 1500 4161 ι

283 4204 332 4258 1.
370 4203 625 4259 Ceterum
672 4205 726 4258 in
760 4205 912 4259 hisce
951 4202 1101 4257 Actis
1138 4202 1290 4257 deest
1327 4200 1599 4267 Praefatio,
1625 4216 1790 4272 quam

225 4292 445 4351 adfuisse
464 4297 705 4351 innuunt
731 4296 909 4366 prima
928 4296 1109 4350 verba.
1137 4291 1350 4349 Omissa
1372 4295 1534 4350 etiam
1568 4311 1599 4349 a
1619 4294 1792 4350 Paulo

1813 3055 1855 3113 C

1891 455 2008 510 dice
2030 457 2098 511 ad
2121 456 2433 511 Chronicon
2462 455 2756 511 llermanni
2775 456 3054 512 Contraeti
3079 474 3252 529 usque
3273 461 3341 514 a.l
3361 478 3464 517 an-

1892 562 2022 602 num
2052 547 2206 601 1100.
2232 545 2433 607 Eodem
2459 555 2722 618 tempore,
2746 563 2844 605 nec
2874 548 3055 603 minus
3084 559 3252 616 certa,
3280 552 3325 607 si
3356 569 3464 607 non

1890 644 1944 691 et
1977 638 2196 693 certiori
2227 637 2477 704 scientia,
2510 639 2711 709 scripta
2749 647 2878 693 sunt
2918 638 3050 693 Acta
3081 657 3202 710 qua:
3241 641 3466 699 Gentius

1889 726 2236 784 Camerarius
2257 729 2441 801 (idem,
2465 738 2524 783 ut
2545 738 2697 799 putat
2714 729 3056 795 Ciacconius,
3079 732 3171 801 qui
3191 748 3280 787 an.
3308 733 3463 789 1216.

1890 830 2106 877 creatus
2142 819 2411 888 Pontifex,
2450 822 2685 892 sumpsit
2718 836 2915 877 nomen
2952 821 3179 878 Honorii
3222 823 3344 894 lll.)
3378 841 3467 880 re-

1891 913 2015 969 tulit
2044 913 2100 968 in
2136 911 2392 969 Codicem
2431 929 2698 970 censuum
2727 913 2984 971 Romana:
3014 915 3288 979 Ecclesiae,
3325 932 3467 985 pra:-

1891 1005 2083 1075 grandi
2128 1004 2403 1059 volumine
2452 1014 2790 1060 asservatum
2846 1006 2902 1060 in
2948 1014 3159 1062 secreto
3210 1006 3468 1063 Archivio

1892 1093 2188 1162 Vaticano;
2219 1095 2378 1165 cujus
2413 1096 2624 1165 copiam
2652 1095 2835 1152 favore
2876 1096 2939 1152 D.
2980 1097 3238 1169 Saraigae,
3271 1097 3467 1153 Archi-

1890 1186 2040 1242 vium
2068 1186 2199 1241 illud
2226 1186 2604 1253 custodientis,
2648 1187 2792 1243 nacti
2812 1186 3003 1244 Patres
3028 1189 3203 1244 nostri
3229 1187 3469 1245 Joannes

1892 1277 2217 1333 Franciscus
2248 1275 2494 1331 Vannius
2519 1286 2573 1333 et
2598 1276 2884 1334 Conradus
2903 1277 3224 1351 Janningus,
3253 1295 3378 1333 cum
3401 1294 3469 1335 eo

1891 1370 2238 1425 contulerunt
2262 1368 2399 1439 ipsa,
2419 1369 2530 1438 jam
2556 1379 2713 1424 antea
2739 1385 2802 1424 ex
2830 1369 3174 1426 Bibliotheca:
3195 1369 3471 1428 Vaticana}

1889 1460 2090 1516 Codice
2117 1460 2408 1530 descripta.
2448 1460 2704 1517 Codicem
2735 1461 2923 1528 istum,
2955 1477 3096 1533 smpe
3133 1462 3411 1516 laudatum
3436 1478 3469 1518 a

1895 1550 2153 1617 Baronio,
2194 1560 2249 1606 et
2268 1550 2592 1607 Pontificum
2625 1561 2776 1622 gesta
2802 1568 2832 1606 a
2849 1551 3030 1608 Leone
3056 1551 3148 1606 IX.
3181 1552 3472 1623 auspican-

1892 1651 2021 1708 tem,
2053 1661 2073 1693 ι
2093 1643 2366 1697 ordinavit
2387 1651 2440 1698 et
2467 1643 2633 1698 scribi
2664 1642 2791 1702 fecit
2814 1644 2978 1715 (sicut
3006 1643 3223 1714 prazfert
3257 1644 3470 1712 titulus)

1892 1748 1959 1788 ex
2002 1734 2232 1790 diversis
2278 1734 2529 1806 registris
2573 1743 2627 1789 et
2669 1734 2821 1789 libris
2859 1734 3102 1791 Camezm
3142 1734 3472 1805 Apostolica:

1891 1823 1982 1880 Fr.
2010 1823 2266 1881 Nicolaus
2290 1824 2595 1882 Cardinalis
2636 1825 2971 1897 Arragonize,
3003 1845 3021 1878 ι
3047 1826 3291 1897 adeoque
3326 1826 3470 1889 intra

1892 1932 2096 1972 annum
2149 1917 2308 1982 1552,
2340 1933 2451 1988 quo
2489 1926 2729 1984 creatus,
2768 1926 2824 1973 et
2867 1917 3027 1985 1562,
3066 1932 3177 1987 quo
3219 1928 3470 1973 mortuus

1891 2018 2013 2066 est:
2062 2008 2188 2064 Fuit
2224 2011 2272 2066 is
2299 2008 2520 2070 Ordinis
2564 2008 2989 2067 Prredicatorum
3027 2009 3241 2080 insigne
3279 2010 3469 2076 decus,

1893 2096 1995 2158 sub
2024 2102 2244 2159 nomine
2274 2101 2479 2158 Nicolai
2509 2102 2740 2158 Rosselli
2770 2110 2933 2156 notus
2962 2098 3222 2156 Ciaconio
3245 2101 3472 2172 ejusque

1892 2193 2401 2263 interpolatoribus;
2425 2194 2605 2249 dictus
2627 2201 2809 2248 autem
2833 2192 2899 2248 de
2915 2192 3187 2262 Aragonia
3211 2208 3241 2246 a
3268 2190 3469 2258 Patria,

1892 2292 1946 2340 et
1965 2285 2092 2354 quia
2103 2283 2460 2340 Provincialis
2482 2284 2769 2356 Aragonize
2787 2284 3029 2340 existens
3050 2283 3290 2354 Regique
3309 2282 3471 2341 Petro

1891 2375 2215 2430 carissimus
2244 2384 2528 2446 promotus
2556 2376 2623 2431 ad
2649 2373 2957 2446 Purpuram
2985 2383 3087 2430 est.
3118 2373 3298 2429 Tertia
3326 2374 3474 2430 deni-

1891 2481 1997 2538 que
2023 2466 2178 2533 Acta,
2216 2468 2271 2521 in
2296 2467 2483 2524 multis
2516 2467 2677 2522 etiam
2708 2467 2973 2538 ampliora
2999 2466 3470 2537 distinctioraque.

1891 2573 1993 2614 nec
2015 2559 2189 2613 multo
2227 2559 2530 2615 recentiora
2560 2567 2655 2613 aut
2685 2557 2826 2614 forte
2853 2558 3015 2613 etiam
3046 2558 3354 2628 antiquiora
3382 2574 3470 2614 se-

1891 2649 2105 2716 caudis,
2143 2650 2508 2706 transcribere
2546 2650 2724 2721 placet
2764 2665 2831 2706 ex
2873 2658 3064 2706 nostro
3107 2648 3207 2705 Ms.
3237 2649 3305 2706 de
3335 2647 3474 2707 Vitis

1891 2737 2241 2809 Pontificum,
2272 2757 2450 2813 usque
2485 2742 2552 2797 ad
2593 2739 2887 2797 Martinam
2918 2739 2985 2796 V.
3024 2741 3309 2798 deductis:
3348 2741 3476 2797 licet

1889 2846 1991 2902 pro
2044 2833 2239 2904 majori
2295 2843 2448 2905 parte
2499 2842 2719 2904 accepta
2775 2833 2887 2889 sint
2933 2849 2999 2889 ex
3055 2832 3288 2904 registro
3340 2831 3472 2902 Epi-

1891 2924 2189 2991 stolarum,
2252 2925 2566 2981 continente
2625 2923 2933 2979 Summaria
2973 2923 3312 2994 singularum
3360 2921 3474 2977 fere

1889 3029 2028 3084 quas
2096 3015 2392 3087 Gregorius
2450 3015 2638 3071 Romae
2704 3014 2997 3071 celebravit
3073 3014 3468 3085 Synodorum:

1887 3120 2011 3175 quae
2060 3104 2369 3161 Summaria
2422 3107 2633 3177 primus
2689 3106 2816 3161 inde
2869 3104 3108 3160 extraxit
3167 3103 3471 3169 Barouius,

1889 3195 2079 3254 Binius
2139 3206 2318 3253 autem
2373 3213 2407 3254 a
2465 3197 2703 3253 Baronio
2764 3198 3006 3267 accepit,
3059 3205 3115 3252 et
3171 3197 3355 3252 retulit
3416 3197 3473 3251 in

1888 3302 2089 3358 corpus
2141 3287 2529 3345 Consiliorum.
2583 3287 2701 3342 Erit
2738 3287 2992 3345 fortassis
3037 3296 3162 3359 post
3207 3287 3323 3344 haec
3372 3288 3475 3342 ali-

1888 3380 2034 3451 quis,
2092 3381 2187 3450 qui
2240 3397 2304 3436 ex
2362 3381 2496 3451 ipsis
2540 3378 2789 3451 epistulis
2840 3379 3005 3450 hujus
3068 3379 3124 3433 S.
3189 3377 3472 3451 Gregorii,

1890 3474 2033 3528 sicut
2076 3472 2132 3527 in
2176 3470 2426 3543 Registro
2464 3472 2735 3527 habentur
2777 3472 2962 3542 plures
3010 3485 3173 3541 quam
3218 3480 3475 3527 trecenta:

1889 3565 2305 3635 quinquaginta,
2338 3563 2604 3618 minutius
2636 3569 3001 3633 prosequatur
3026 3571 3080 3616 et
3108 3562 3327 3633 colligat
3353 3562 3470 3618 sin-

1891 3656 2015 3725 gula
2051 3656 2214 3726 hujus
2250 3655 2425 3709 sancti
2466 3653 2749 3709 Pontificis
2791 3662 2971 3725 gesta;
3012 3652 3469 3723 quemadmodum

1890 3747 2021 3802 olim
2056 3763 2122 3802 ex
2166 3745 2425 3817 Epistolis
2469 3744 2527 3799 8.
2570 3743 2816 3815 Gregorii
2858 3742 3038 3815 Magni
3076 3742 3202 3799 fecit
3236 3742 3473 3801 Joannis

1891 3837 2183 3905 Diaconos,
2215 3838 2281 3892 ad
2316 3837 2399 3891 12.
2431 3835 2610 3892 Martii
2652 3836 2722 3892 ab
2756 3834 3102 3892 Henschenio
3131 3844 3323 3894 nostro
3348 3836 3473 3890 ille»
3525 3849 3528 3853 ‘

1892 3939 2096 3986 stratus
2118 3948 2132 3983 :
2158 3942 2252 3985 seu
2274 3929 2455 3998 potius
2477 3928 2710 3998 qualiter
2731 3928 2996 3984 habemus
3018 3924 3076 3982 S.
3100 3926 3298 3983 Leonis
3318 3944 3472 3999 aeque

1891 4019 2067 4090 Magni
2084 4019 2242 4086 Acta,
2266 4019 2516 4075 similiter
2548 4035 2615 4075 ex
2638 4018 2896 4088 Epistolis
2920 4018 3039 4089 ejus
3065 4019 3291 4074 collecta
3316 4021 3469 4091 dige-

1893 4121 2086 4182 staque
2104 4112 2174 4166 ab
2207 4110 2579 4166 eruditissimo
2603 4109 2722 4163 viro
2746 4107 3042 4165 Paschasio
3064 4108 3301 4175 Quenel;
3341 4121 3469 4166 nam

1892 4203 2051 4260 nobis
2089 4203 2156 4258 ad
2185 4200 2454 4273 ejusmodi
2496 4200 2737 4255 laborem
2781 4200 2955 4255 Otium
2997 4201 3159 4256 modo
3204 4217 3313 4256 non
3361 4212 3465 4258 est.

1892 4295 2041 4352 Fecit
2066 4294 2272 4365 aliquid
2314 4292 2368 4347 in
2420 4306 2486 4346 eo
2529 4306 2723 4363 genere
2759 4290 2967 4347 Natalis
3007 4291 3330 4360 Alexander,
3378 4309 3467 4349 se-

227 4395 339 4441 sunt
371 4404 494 4458 qua:
524 4388 580 4442 in
612 4387 927 4459 Berengarii
972 4387 1323 4443 damnatione
1355 4401 1386 4442 a
1427 4384 1483 4441 S.
1527 4385 1792 4458 Gregorio
1826 4390 1870 4444 D
1894 4387 2001 4444 culi
2032 4387 2118 4442 11.
2142 4393 2295 4456 parte
2324 4385 2373 4451 1,
2402 4383 2597 4439 melius
2624 4383 2745 4439 istic
2772 4399 2936 4454 quam
2960 4383 3088 4439 alibi
3109 4383 3176 4440 de
3206 4382 3471 4455 Gregorio

225 4488 424 4544 peracta
455 4478 705 4545 fuerunt;
745 4487 803 4533 et
827 4478 1176 4548 paucioribus
1201 4477 1541 4547 explicantur
1585 4493 1707 4549 quae
1736 4477 1791 4532 in

225 4569 494 4626 obsidione
519 4570 788 4636 Romana,
819 4570 890 4625 ab
903 4567 1133 4625 Henrico
1156 4567 1355 4638 saepius
1382 4577 1678 4639 resumpta,
1705 4584 1806 4624 re--

226 4657 323 4713 latu
349 4671 402 4716 et
445 4662 587 4717 scitu
613 4662 781 4732 digna
825 4661 1158 4717 acciderunt.
1201 4658 1283 4713 Ad
1325 4660 1441 4715 haec
1479 4660 1789 4725 historiam,

228 4765 321 4805 non
342 4752 655 4809 Chronicon
678 4761 863 4808 texere
888 4751 1171 4808 intendens
1193 4748 1416 4818 Auctor,
1445 4766 1555 4806 non
1580 4751 1793 4807 curavit

227 4848 513 4913 temporum
543 4845 795 4899 ordinem
842 4844 1158 4914 scrupulose
1193 4856 1443 4910 servare;
1491 4858 1589 4898 nec
1623 4842 1790 4897 etiam
1834 4910 1837 4915 Α

226 4933 339 5001 quid
363 4950 583 5006 quoque
609 4933 968 4991 Pontilieatus
992 4935 1076 4990 sui
1116 4945 1266 4989 anno
1293 4931 1349 4986 in
1374 4933 1659 4990 celebratis
1686 4931 1790 5005 Sy-

228 5026 367 5079 nodis
387 5027 560 5097 egerit
584 5026 881 5097 explicare.
923 5024 1240 5097 Congruum
1282 5022 1464 5095 itaque
1490 5024 1619 5080 duxi
1655 5022 1790 5080 Acta

228 5112 543 5173 Pontificalia
572 5118 807 5187 triplicia
837 5118 1160 5189 subjungere
1182 5133 1195 5168 :
1221 5128 1454 5184 quorum
1478 5116 1653 5187 prima
1678 5115 1792 5170 col-

228 5204 436 5276 ligemus
454 5225 522 5263 ex
569 5207 866 5262 Bertholdo
903 5204 1309 5265 Constantiensi
1335 5247 1350 5273 ,
1387 5209 1505 5279 qui,
1538 5215 1599 5263 ut
1648 5204 1789 5260 infra

230 5294 438 5351 habetur
462 5315 518 5353 ιι.
549 5299 639 5364 18,
668 5298 737 5353 ab
759 5295 951 5354 Ottone
972 5298 1246 5371 Episcopo
1259 5292 1498 5354 Ostiensi
1516 5308 1569 5354 et
1586 5297 1789 5367 Legato

1893 4479 2120 4535 meritus
2144 4495 2158 4531 :
2183 4476 2311 4532 fecit
2333 4483 2388 4531 et
2414 4473 2712 4550 Teutonica
2738 4474 2943 4546 lingua,
2972 4474 3027 4530 in
3062 4489 3164 4530 suo
3188 4472 3467 4530 Romano-

1892 4584 2013 4624 rum
2038 4568 2364 4624 Pontilicum
2395 4564 2718 4637 Triumpho,
2743 4574 2929 4620 noster
2954 4563 3241 4621 Cornelius
3266 4564 3474 4622 Halar-

1891 4661 2020 4727 tius,
2053 4667 2347 4730 perpetuus
2378 4658 2432 4713 in
2457 4656 2643 4728 Belgio
2671 4655 3032 4711 hereticorum
3063 4656 3312 4722 malleus,
3339 4672 3472 4728 quo-

1890 4767 2014 4806 rum
2054 4750 2198 4806 circa
2242 4751 2388 4804 hunc
2431 4757 2752 4816 ceterosque
2789 4744 3082 4802 Pontifices
3127 4756 3475 4806 monstrosas

1891 4841 2194 4899 calumnias
2227 4841 2466 4897 dilucida
2503 4837 2875 4896 cenl‘utatione
2900 4840 3199 4911 redarguit.

1960 4936 2015 4990 5.
2066 4932 2415 5003 Paragrapho
2459 4932 2588 4987 huic
2643 4930 2711 4986 de
2763 4927 3169 5002 Scriptoribus,
3225 4929 3479 5001 Gregorii

1890 5024 2025 5081 Acta
2071 5022 2474 5094 colligentibus,
2519 5019 2956 5091 defendentibus,
3001 5021 3370 5087 laudantibus,
3407 5022 3475 5076 fl-

1892 5131 2017 5173 nem
2044 5113 2209 5170 faciat
2255 5114 2486 5184 insignis
2528 5112 2772 5185 Epistola
2811 5112 3091 5169 Wilhelmi
3130 5110 3377 5178 Abbatis,
3421 5114 3474 5169 in

1892 5205 2225 5262 monasterio
2267 5204 2324 5259 S.
2358 5205 2627 5276 Arnulphi
2657 5202 2812 5259 Metis
2843 5214 2971 5275 post
3014 5201 3322 5267 Wam'num,
3357 5203 3475 5272 jam

1890 5298 2109 5367 quidem
2134 5295 2191 5349 in
2221 5295 2398 5364 primo
2425 5294 2811 5353 Analectorum
2840 5294 3150 5353 Mahillonis
3175 5291 3346 5346 Temo
3372 5308 3479 5361 pu-
