3986 5386
485 384 549 441 si
656 371 662 379 ’
1681 386 1738 444 s.
1780 357 2180 446 cuiacomus
2216 391 2306 446 vn
2345 391 2546 450 pars.
2683 363 2685 366 ⁴
3029 423 3050 444 .
3661 378 3732 434 ιδ

481 495 586 562 sali
624 494 784 566 Papae
815 493 894 570 Gr
924 491 1014 550 W.
1053 503 1340 566 peccator,
1378 493 1587 550 devota:
1625 495 1893 552 orationis
1931 495 2064 550 affe-
2091 497 2139 554 A
2165 503 2224 548 ut
2245 502 2324 550 tot
2343 503 2589 549 monstra
2621 501 2676 549 et
2695 491 2883 550 bestia:
2903 493 3114 563 possint
3137 493 3219 546 vel
3238 491 3476 562 jugulari
3497 492 3579 547 vel
3601 494 3736 549 sul;-

481 595 653 653 ctum,
681 593 736 643 et
761 585 988 642 humilis
1011 586 1288 643 servitutis
1321 585 1594 640 eﬁ‘ectum.
1618 583 1770 640 Licet
1793 586 2058 655 sapientia
2153 586 2352 658 jugari.
2377 585 2589 641 Nuliius
2620 600 2750 656 ergo
2771 592 2941 650 metu,
2968 583 3170 638 nullius
3197 583 3360 638 minis
3381 583 3460 646 .ab
3485 583 3592 640 hoc
3615 583 3733 652 spi-

475 679 599 746 θεῖ,
627 677 882 736 universa
907 693 1030 748 qum
1051 693 1149 750 per
1173 677 1348 748 ipsam
1369 673 1510 730 facta
1533 683 1679 742 sunt,
1701 675 2060 745 dispositione

475 769 740 836 mirabili,
769 778 824 825 et
847 768 1036 825 ordine
1067 766 1495 839 imperturbabili
1531 765 1877 832 moderetur;
1914 782 2057 820 nun-

481 875 648 934 quam
691 869 872 916 tamen
917 859 1260 916 commodius
1297 857 1539 914 consulit
1577 857 1740 912 rebus
1777 854 2056 923 humanis,

481 966 647 1023 quam
679 966 804 1007 cum
837 953 1044 1024 eligens
1077 951 1254 1005 virum
1286 948 1390 1023 [an
1433 947 1638 1022 unum]
1677 947 1744 1002 de
1792 947 1966 1018 plebe,
2003 948 2058 1002 in

480 1043 668 1118 populi
705 1057 831 1098 eum
862 1043 947 1098 sui
983 1049 1147 1112 caput
1173 1041 1476 1107 constituit,
1512 1040 1566 1096 in
1605 1039 1763 1109 cujus
1801 1040 2058 1095 nimirum

480 1133 594 1188 vita
628 1141 686 1188 et
725 1133 996 1200 moribus,
1037 1149 1148 1204 quo
1193 1133 1475 1188 nitendum
1507 1131 1598 1198 sit,
1643 1131 1795 1201 plebs
1836 1128 2062 1184 inferior

479 1225 660 1279 valeat
679 1223 898 1280 intueri.
924 1224 1081 1291 Quod
1115 1224 1333 1294 quidem
1357 1223 1681 1278 beneﬁcium
1712 1221 1914 1276 nostris
1949 1219 2059 1276 Do-

481 1315 695 1375 minum
732 1316 1075 1372 concessisse
1108 1314 1468 1384 temporibus,
1500 1312 1753 1384 quisquis
1780 1328 1889 1366 non
1923 1311 2062 1365 invi-

471 1405 595 1473 det,
619 1405 800 1472 videt;
827 1406 958 1462 dum
993 1413 1067 1471 te,
1087 1405 1200 1475 jam
1227 1404 1357 1460 olim
1391 1403 1694 1475 disciplinis
1726 1397 2060 1458 ecclesiasti-

472 1496 564 1551 cis
589 1497 885 1563 eruditum,
916 1497 1062 1553 illius
1086 1511 1231 1551 nunc
1263 1495 1548 1550 Cathedrae
1571 1493 1699 1550 fecit
1725 1509 1844 1549 esse
1876 1507 2060 1550 sesso-

483 1602 632 1654 rem,
678 1603 706 1644 a
747 1603 854 1658 qua
891 1603 988 1659 per
1031 1588 1220 1642 orbem
1263 1595 1534 1642 terrarum
1575 1584 1758 1640 omnia
1798 1585 2059 1638 virtutum

482 1678 690 1734 lumina
719 1678 1130 1746 diﬁ‘unduntur;
1160 1686 1214 1732 et
1243 1677 1310 1732 ad
1340 1693 1528 1748 quam,
1563 1676 1712 1732 velut
1757 1675 1812 1729 in
1855 1675 2063 1730 circulo

482 1770 658 1836 lineas,
683 1771 752 1826 ad
782 1770 914 1825 illud
947 1769 1208 1836 medium,
1250 1769 1396 1840 quod
1438 1765 1702 1823 Centrum
1735 1765 2062 1822 Geometrici

465 1869 702 1929 ,vocant,
729 1861 986 1917 universa
1016 1867 1375 1931 convergunt.
1410 1858 1618 1914 Tantus
1649 1865 1852 1924 autem,
1880 1864 1941 1911 ut
1964 1843 2064 1911 no-

480 1953 567 2010 bis
591 1953 824 2014 relatum
854 1959 960 2018 est,
990 1952 1162 2009 totius
1199 1949 1386 2021 populi
1429 1951 1484 2005 in
1519 1957 1612 2004 tua
1645 1948 1908 2005 electione
1931 1961 2066 2021 con-

481 2041 712 2118 spiravit
734 2058 1018 2108 assensus,
1049 2049 1112 2096 ut
1132 2041 1315 2096 nullus
1339 2041 1564 2096 omnino
1593 2055 1660 2094 ex
1693 2047 1843 2094 tanta
1874 2037 2062 2092 multi-

483 2135 668 2190 tudine
693 2135 846 2193 visus
866 2131 1030 2188 fuerit
1048 2131 1361 2188 dissentire.
1383 2131 1452 2186 Et
1479 2131 1643 2198 unde,
1679 2143 1888 2200 quaeso,
1909 2136 2063 2184 tanta

481 2225 837 2292 unanimitas,
876 2232 1028 2280 tanta
1075 2223 1255 2294 potuit
1295 2238 1420 2278 esse
1468 2221 1798 2278 concordia?
1839 2220 1952 2276 nisi
1995 2233 2064 2274 ex

483 2301 719 2388 Spiritus
771 2315 920 2372 illius
977 2315 1276 2382 instinctu,
1327 2314 1488 2384 cujus
1541 2312 1673 2368 olim
1732 2311 2064 2382 aspiratione

479 2411 634 2482 plebs
658 2409 936 2481 primitiva
967 2407 1303 2464 credentium
1325 2421 1500 2460 unum
1533 2421 1630 2461 cor
1651 2413 1707 2460 ct
1738 2420 1904 2460 unam
1939 2403 2062 2459 ani-

450 2571 460 2580 _
483 2491 634 2558 mam
657 2499 914 2555 habuisse
943 2497 1288 2554 describitur.

448 2579 458 2581 ’ν
533 2591 605 2648 -6.
646 2610 666 2643 ι
707 2590 924 2646 Gratias
977 2604 1108 2662 ergo
1155 2587 1288 2654 Deo,
1345 2585 1840 2658 praecellentissimo
1879 2584 2059 2653 Pater,

479 2682 684 2756 gratias
709 2681 838 2748 Deo,
871 2697 966 2752 qun
991 2681 1072 2736 sic
1102 2688 1208 2736 tuae
1238 2677 1372 2734 favit
1403 2678 1681 2744 electioni,
1719 2685 1778 2732 ut
1811 2693 1923 2732 non
1960 2692 2062 2748 pa-

480 2781 620 2830 teret
651 2771 898 2828 Ecclesia
939 2772 1244 2828 schismati.
1289 2770 1553 2841 Quisquis
1595 2769 1710 2840 jam
1758 2769 1924 2840 igitur
1964 2775 2062 2824 tuo

483 2851 802 2921 Sacerdotio
851 2863 1200 2930 adversatur,
1252 2861 1545 2934 cujuslibet
1590 2875 1714 2918 esse
1754 2860 1935 2916 meriti
1975 2860 2063 2916 vel

485 2955 727 3013 scientia:
765 2956 1038 3024 videatur,
1082 2955 1148 3010 ad
1182 2955 1314 3010 illud
1359 2954 1580 3010 cceleste
1623 2951 1911 3009 :edilicium
1950 2965 2062 3009 non

477 3049 710 3118 aspirat,
745 3047 896 3118 quia,
937 3061 1031 3117 per
1065 3045 1298 3101 tumoris
1336 3044 1530 3100 vitium
1562 3053 1724 3114 atque
1755 3043 2060 3112 discordiae,

2157 677 2341 732 rituali
2371 675 2625 731 conﬂictu
2662 681 2962 746 sanctoque
2999 674 3298 730 certamine
3336 673 3650 739 retarderis,
3679 679 3737 729 et

2159 767 2430 824 Gedeouis
2465 767 2611 823 illius
2643 767 2699 820 in
2739 781 2948 821 morem
2981 765 3048 819 ad
3081 763 3326 836 praelium
3349 779 3732 835 processurus,

2157 859 2462 931 lagunculze
2485 875 2553 915 ne
2588 857 2782 914 timeas
2805 856 3148 912 fractionem.
3179 855 3318 912 Ecce
3341 863 3392 911 te
3422 856 3478 910 in
3513 855 3736 912 sublimi

2159 959 2214 1006 et
2235 951 2292 1004 in
2327 949 2547 1020 specula
2584 950 2824 1020 positum
2853 948 2998 1004 oculi
3032 947 3278 1002 omnium
3317 946 3610 1017 vultusque
3635 961 3734 1002 su—

2161 1041 2426 1112 spiciunt;
2455 1041 2658 1112 singuli
2680 1055 2876 1112 magna
2896 1039 2964 1093 de
2997 1047 3050 1093 te
3083 1039 3272 1094 audire
3299 1039 3640 1104 desiderant;
3667 1051 3736 1092 ex

2160 1132 2448 1204 praeteritis
2471 1133 2783 1204 colligentes
2827 1129 2957 1200 quid
2993 1143 3140 1183 nunc
3161 1129 3216 1182 in
3239 1128 3435 1198 majori
3457 1127 3636 1184 oﬁicio
3657 1129 3737 1184 sis

2161 1231 2406 1292 acturus,
2438 1223 2533 1295 qui
2569 1222 2844 1294 quondam
2873 1219 3082 1290 positus
3127 1235 3182 1274 ιιι
3224 1219 3424 1274 minori
3461 1233 3573 1274 non
3617 1220 3740 1275 sine

2161 1314 2333 1388 gloria
2367 1315 2633 1372 militasti.
2672 1315 2742 1368 At
2777 1312 2994 1383 ineptus
3035 1325 3157 1382 ego,
3209 1309 3304 1381 qui
3346 1317 3400 1366 te
3442 1307 3739 1365 admonere

2159 1422 2510 1477 praesumam,
2545 1413 2963 1474 currentemque
2997 1404 3143 1458 nitar
3179 1403 3455 1472 impellere
3482 1419 3496 1456 :
3522 1417 3651 1457 cum
3676 1408 3737 1454 tu

2161 1495 2375 1554 fervore
2409 1497 2648 1554 mirabili
2682 1496 2893 1566 majora
2925 1495 3169 1550 moliaris
3202 1510 3367 1566 quam
3401 1503 3589 1548 nostra
3639 1506 3739 1548 su.

2162 1589 2403 1659 Spicetirr
2422 1587 2740 1655 inﬁrmitas;
2764 1585 2838 1654 et,
2853 1587 3096 1657 aquilino
3113 1601 3265 1641 more
3273 1584 3456 1640 omnia
3477 1581 3740 1638 inferiora

2163 1681 2568 1746 transvolitans,
2605 1681 2662 1736 in
2697 1677 2870 1750 ipsius
2903 1677 3036 1734 solis
3073 1678 3326 1733 ardorem
3353 1683 3478 1730 tuos
3513 1674 3743 1746 inﬁgere

2161 1771 2378 1827 coneris
2400 1772 2646 1828 obtutus.
2669 1789 2691 1824 ι

2165 1884 2196 1958 5
2239 1883 2305 1940 Il.
2361 1883 2438 1940 De
2468 1881 3154 2006 Translatioaz’riqomolris,
3191 1891 3243 1938 et
3287 1879 3437 1936 cultu
3485 1878 3552 1935 Β.
3607 1877 3744 1935 Gre-

2791 1970 2929 2026 gem
2969 1970 3097 2007 γυ.

2235 2047 2286 2102 7.
2319 2045 2536 2104 Marcus
2549 2039 3741 2109 AntoniusMarsiliusColumna,anno1574.
3835 2081 3844 2090 .

2165 2137 2540 2194 Salernitanus
2592 2137 3049 2208 Archiepiscopus
3087 2135 3374 2205 salutatus,
3408 2141 3607 2204 praeter
3632 2131 3742 2186 alia

2162 2229 2500 2302 Episcopalis
2534 2215 2918 2286 sollicitudinis
2965 2241 3130 2298 opera
3189 2225 3392 2296 quibus
3425 2224 3742 2280 Prtelaturte

2163 2337 2276 2377 suae
2303 2337 2477 2377 annos
2503 2318 2914 2391 quattuordecim
2949 2317 3181 2372 reddidit
3213 2315 3446 2387 posteris
3467 2324 3744 2369 memora-

2161 2411 2323 2478 biles,
2345 2411 2544 2466 librum
2575 2409 2904 2480 conscripsit
2923 2409 2990 2464 de
3013 2407 3124 2463 vita
3145 2402 3201 2462 et
3227 2409 3393 2480 gestis
3415 2422 3478 2462 ac
3502 2405 3744 2460 transla—

2164 2503 2310 2560 tienc
2333 2502 2394 2558 Β.
2427 2501 2662 2558 Mattbzci
2702 2501 2949 2573 Apostoli
2977 2507 3033 2556 et
3077 2499 3472 2570 Evangelistae;
3506 2497 3740 2552 necdum

2161 2595 2381 2666 quidem
2403 2595 2562 2651 nobis
2590 2595 2791 2660 visum,
2814 2593 3092 2666 cognitum
3121 2599 3302 2647 tamen
3323 2606 3390 2646 ex
3417 2588 3742 2658 descriptio-

2162 2703 2231 2741 ne
2283 2685 2690 2756 elegantissima
2752 2683 3183 2754 Metropolitanus
3255 2682 3430 2752 ipsius
3473 2678 3738 2744 ecclesiae,

2161 2791 2326 2848 quam
2354 2777 2479 2832 inde
2502 2777 2838 2848 deprompsit
2873 2773 3248 2830 Ferdinandus
3279 2769 3560 2844 Ughellus,
3605 2786 3742 2840 piae-

2162 2867 2436 2938 mittitque
2468 2865 2730 2939 Catalogo
2775 2865 3242 2922 Salernitanorum
3284 2862 3740 2932 Archiepiscopo-

2162 2976 2309 3026 rum,
2340 2965 2475 3014 tom.
2501 2959 2552 3014 7.
2586 2957 2754 3014 Italiae
2781 2974 2970 3014 sacrm.
3020 2957 3120 3012 llic
3145 2971 3271 3012 cum
3317 2955 3594 3010 tribunam
3622 2952 3741 3006 sive

2165 3050 2408 3106 absidem
2444 3049 2629 3122 templi
2649 3049 3047 3120 descripsisset,
3089 3049 3165 3102 ita
3203 3046 3476 3116 loquitur:
3514 3063 3532 3096 ι
3568 3042 3673 3110 Qui
3704 3057 3736 3097 a

479 3137 725 3194 omnium
755 3153 889 3208 ροοθ
912 3137 1283 3192 membrorum
1321 3150 1380 3190 se
1413 3135 1610 3205 Ρΐίνθῑο
1649 3134 1806 3202 000d
1841 3134 2060 3206 quidem
2089 3161 2130 3220 (ς
2161 3143 2372 3200 dextris
2407 3142 2694 3198 conﬁcitur
2739 3141 2971 3214 angulus
3001 3141 3074 3195 'in
3124 3139 3236 3194 imo
3274 3137 3457 3208 templi
3505 3135 3738 3190 illustris

451 3229 753 3286 neminem
779 3243 1042 3282 ausurum
1077 3240 1200 3284 esse
1219 3225 1568 3292 conﬁdimus,
1593 3225 1703 3280 nisi
1729 3224 1845 3296 qui,
1873 3239 2061 3294 respe-

483 3325 576 3374 ctu
621 3318 838 3374 miscrae
871 3317 1239 3383 conscientiae,
1275 3315 1493 3386 pondus
1529 3323 1634 3369 ture
1670 3315 1773 3370 sibi
1806 3313 2066 3390 formidat

480 3411 772 3466 imminere
811 3409 1114 3466 sententiae.
1152 3406 1306 3462 Unde
1346 3414 1400 3462 ct
1443 3405 1532 3462 ille
1555 3407 1806 3463 diabolus
1838 3401 2060 3461 Vercel-

479 3502 650 3558 lensis
675 3515 798 3556 cum
822 3501 937 3557 suis
966 3496 1324 3570 complicibus
1358 3499 1604 3554 elaborat
1648 3507 1708 3552 ut
1743 3505 1799 3552 tu
1838 3496 1892 3550 in
1925 3493 2064 3552 Sede

449 3603 454 3608 ‘
481 3608 591 3648 non
613 3593 816 3648 debeas
840 3577 1200 3655 conﬁrmari,
1233 3603 1484 3646 metuens
1513 3604 1682 3647 miser
1714 3605 1784 3645 ne
1819 3587 1913 3643 illo
1947 3587 2062 3642 zelo

482 3693 600 3750 tuo,
637 3699 748 3756 quo
781 3684 836 3739 in
869 3684 1054 3739 hostes
1081 3677 1336 3738 Ecclesiae
1357 3682 1710 3738 exardescere
1733 3679 1895 3752 soles,
1918 3691 2064 3735 nunc

480 3777 601 3846 ejus
641 3776 870 3848 ﬂagitia,
913 3773 1035 3846 ejus
1079 3770 1378 3838 dedecora,
1425 3773 1544 3844 ejus
1581 3771 1835 3828 debeant
1863 3770 2062 3840 probra

453 3875 456 3878 ’
479 3865 749 3923 damnari.
775 3859 987 3921 Verum
1013 3863 1272 3921 omnibus
1302 3864 1463 3921 bonis
1484 3879 1550 3920 eo
1574 3865 1694 3935 ipso
1713 3864 1839 3934 plus
1859 3861 2061 3933 places,

481 3974 594 4032 quo
617 3957 873 4029 pessimis
906 3955 1159 4028 displices
1185 3975 1198 4010 :
1222 3955 1352 4028 quia
1371 3971 1482 4011 non
1514 3957 1630 4012 leve
1655 3956 1739 4010 vel
1773 3953 2062 4009 minimum

451 4049 858 4124 ltestimonium
889 4055 974 4104 est
1004 4047 1311 4119 probitatis,
1335 4047 1680 4119 displicuisse
1705 4045 1832 4102 ﬁliis
1861 4043 2064 4117 iniqui-

443 4150 449 4157 '
481 4142 630 4198 tatis.
662 4160 681 4192 ι
730 4138 859 4196 Haec
893 4139 1199 4196 Willelmus
1230 4137 1433 4207 Abbas,
1473 4141 1730 4212 graphice
1767 4137 2063 4210 depingens

481 4231 882 4289 Vercellensem
897 4229 1240 4304 Gregorium,
1267 4247 1333 4287 eo
1357 4231 1576 4288 nomine
1597 4231 1897 4304 indignum,
1919 4229 2065 4286 Hen-

482 4325 586 4380 rici
604 4323 958 4394 imperatoris
984 4324 1039 4378 in
1055 4320 1214 4378 Italia
1236 4321 1664 4390 Cancellarium;
1697 4323 1790 4394 qui
1807 4323 1918 4392 jam
1940 4321 2064 4377 inde

482 4415 555 4470 ab
599 4429 745 4472 anno
789 4415 912 4468 Ml.
949 4430 1046 4484 per
1076 4413 1362 4468 Nicolaum
1403 4413 1722 4470 Pontiﬁcem
1757 4413 1934 4470 fuerat
1965 4427 2062 4468 ex-

489 4505 1082 4570 communicatus,'una
1115 4518 1238 4560 cum
1267 4502 1674 4572 Mediolaneusi,
1711 4503 2060 4572 Taurinensl,

481 4593 828 4660 Novariensi,
855 4593 1144 4661 Brixiensi,
1175 4603 1230 4650 et
1264 4592 1533 4651 Laudensi
1570 4595 1893 4666 Episcopis:
1929 4595 2059 4667 quia

485 4685 700 4742 duobus
729 4693 852 4741 ante
886 4687 1044 4742 annis
1065 4695 1389 4742 conventum
1426 4685 1730 4742 habuerant
1751 4685 2057 4754 Fontaneti,

485 4776 541 4832 in
576 4789 688 4848 quo
708 4777 986 4833 communi
1010 4778 1277 4833 sententia
1312 4783 1616 4833 statuerant
1639 4778 1785 4848 quod
1831 4777 2060 4836 Clericis

484 4882 686 4924 uxores
705 4868 908 4924 habere
926 4867 1140 4936 liceret;
1164 4867 1257 4938 qui
1277 4875 1482 4936 tamen,
1513 4868 1673 4939 jussu
1703 4867 1923 4927 Henrici
1947 4869 2058 4926 lm-

484 4958 776 5028 peratoris,
822 4957 1070 5031 Gregorii
1112 4958 1428 5014 electionem
1463 4959 1799 5030 approbavit,
1847 4962 2059 5020 calamo

484 5043 670 5119 potius
699 5063 864 5119 quam
889 5049 1094 5116 animo,
1131 5048 1211 5104 uti
1245 5049 1330 5105 vel
1359 5066 1426 5106 ex
1461 5052 1566 5108 hac
1602 5049 1841 5122 Epistula
1867 5052 2056 5126 liquet,

485 5152 654 5208 quam
688 5136 996 5195 Willelmus
1037 5139 1119 5195 sic
1149 5140 1517 5210 prosequitur.
1561 5159 1582 5194 ς
1611 5139 1768 5197 Nunc
1795 5156 1926 5214 ergo
1962 5159 2058 5200 ac.

485 5228 704 5280 cingere
724 5229 904 5280 uladio
925 5237 1022 5280 tuo
1051 5245 1216 5280 suner
1239 5229 1418 5280 femur
1435 5241 1610 5280 tuum-
1648 5233 2054 5280 violentissime!

2158 3235 2318 3304 plane
2339 3233 2519 3290 factus
2542 3239 2646 3299 est,
2673 3233 2744 3288 ob
2769 3232 3088 3302 praeclaram
3109 3229 3370 3300 capellam
3392 3227 3738 3282 vermiculati

2159 3323 2364 3393 operis,
2395 3337 2559 3392 quam
2584 3321 2822 3377 Joannes
2867 3321 2934 3376 de
2957 3321 3184 3376 Procida
3213 3319 3591 3374 Salernitanus
3613 3333 3738 3372 erc-

2160 3413 2240 3468 xit
2291 3420 2456 3481 atque
2506 3411 2755 3478 dotavit;
2811 3419 2926 3464 tum
2968 3410 3040 3464 ob
3096 3408 3335 3478 plurium
3378 3407 3736 3462 Praelatorum

2160 3501 2628 3574 splendidissimus
2645 3515 2835 3566 urnas,
2856 3509 2973 3554 tum
2984 3514 3114 3555 vero
3128 3498 3396 3568 praacipue
3409 3497 3480 3550 ob
3494 3511 3738 3552 marmo-

2159 3609 2315 3648 reum
2347 3593 2638 3660 tumulum,
2677 3591 2734 3647 in
2763 3605 2874 3662 quo
2915 3590 3188 3647 Robertus
3223 3589 3560 3645 Guiscardus
3599 3587 3739 3646 Gre-

2160 3685 2298 3756 gorii
2327 3679 2439 3738 Vll‘.
2462 3684 2665 3740 summi
2692 3683 2990 3755 optimique
3011 3681 3288 3737 Pontiﬁcis
3318 3696 3522 3752 corpus
3565 3683 3738 3738 collo-

2159 3775 2323 3842 cavit,
2353 3789 2514 3845 quem
2543 3783 2606 3830 ut
2631 3771 2852 3830 Henrici
2879 3773 2968 3828 IV.
2987 3771 3470 3844 Romanorumque
3494 3774 3739 3844 perﬁdiae

2161 3869 2525 3936 subtraheret,
2583 3867 2742 3939 quasi
2791 3867 3076 3939 perfugum
3127 3868 3367 3938 hospitio
3414 3878 3732 3940 receperat:

2160 3959 2320 4030 cujus
2347 3973 2449 4016 nos
2474 3959 2578 4030 ipsi
2607 3957 2884 4029 reliquias,
2920 3959 3068 4013 nulla
3090 3974 3157 4014 ex
3182 3967 3335 4028 parte
3377 3960 3737 4018 labefactatas

2158 4047 2566 4122 Pontiﬁciisque
2613 4051 2947 4107 indumentis
2998 4059 3242 4118 ornatas,
3298 4053 3402 4108 hoc
3436 4069 3610 4121 anno,
3639 4055 3736 4124 qui

2159 4149 2246 4198 est
2291 4157 2322 4198 a
2377 4143 2740 4198 tumulatione
2787 4142 2900 4198 fere
2941 4142 3436 4215 quingentesimus,
3499 4146 3737 4216 propriis

2161 4233 2335 4289 oculis
2364 4233 2722 4304 inspeximus,
2761 4235 3104 4304 propriisque
3131 4235 3384 4290 manibus
3432 4244 3740 4292 contrecta-

2159 4324 2340 4380 vimus
2363 4343 2377 4391 ;
2400 4325 2694 4396 locumque
2731 4325 2930 4394 ipsum,
2956 4333 3224 4382 vetustate
3249 4343 3387 4396 pene
3411 4329 3736 4398 collapsum,

2161 4415 2542 4481 restituimus;
2564 4423 2620 4471 et
2647 4415 2702 4469 in
2731 4416 3066 4472 sanctissimi
3095 4433 3160 4473 ac
3183 4419 3436 4484 generosi
3455 4418 3738 4476 Pontiﬁcis

2093 4503 2137 4558 D
2162 4507 2448 4572 honorem,
2477 4521 2615 4576 pene
2641 4502 3065 4574 delitescentem,
3082 4508 3397 4578 hujusmodi
3418 4513 3741 4566 monumen-

2161 4605 2276 4652 tum
2300 4595 2598 4663 ereximus,
2633 4615 2654 4649 ι
2689 4597 2872 4670 (quale
2900 4598 3107 4655 scilicet
3131 4601 3186 4654 in
3217 4615 3523 4657 marmorea
3551 4603 3739 4659 tabula

2158 4687 2456 4744 etiamnum
2478 4695 2774 4758 spectatur,
2797 4695 2853 4746 et
2877 4705 2907 4744 a
2946 4689 3222 4746 Ludovico
3252 4689 3423 4748 Jacob
3451 4693 3508 4747 in
3534 4693 3740 4750 Biblio-

2158 4779 2316 4835 theca
2343 4777 2624 4835 Pontiﬁ‘cia
2643 4780 2805 4835 etiam
2829 4780 3110 4852 recitatur)
3140 4801 3158 4832 ‹
3188 4780 3453 4854 Gregorio
3480 4783 3572 4839 ΥΠ
3599 4783 3738 4840 Soa-

2157 4871 2338 4939 nensi,
2349 4870 2508 4927 Pent.
2522 4869 2645 4942 Opt.
2660 4870 2802 4926 Max.
2814 4913 2829 4937 ,
2843 4873 3227 4929 ecclesiasticae
3249 4875 3516 4932 libertatis
3533 4876 3738 4933 vindici

2161 4962 2448 5029 acerrimo,
2462 4963 2722 5020 assertori
2735 4965 3184 5020 constantissimo
3201 4983 3214 5019 :
3231 4965 3349 5036 qui,
3360 4967 3489 5022 dum
3502 4965 3738 5024 Romani

2159 5051 2441 5108 Pontiﬁcis
2485 5055 2867 5110 auctoritatem
2905 5056 3168 5112 adversus
3195 5055 3415 5114 Henrici
3451 5059 3736 5130 perﬁdiam

2161 5151 2383 5198 strenue
2407 5151 2606 5211 tuetur,
2660 5145 2871 5202 Salerni
2915 5157 3104 5202 sancte
3131 5148 3409 5217 ,decubuit
3441 5151 3506 5206 A.
3539 5151 3601 5206 Ι).
3625 5167 3732 5222 cra,

2159 5249 2282 5280 an-
2319 5251 2371 5280 ν-
2412 5251 2488 5280 vn
2519 5233 2812 5280 KnLJnnii
2868 5237 2919 5280 Μ
2977 5239 3076 5280 Ant
3127 5239 3390 5280 ﬂnlumnn
3437 5243 3709 5280 νηνείιίηε
