3986 5386
300 275 346 329 l7

1292 269 1823 336 PROLEGOMENA.
1860 299 1930 310 —
1968 267 2153 326 ACTA
2189 266 2248 324 S.
2286 265 2632 325 GBEGORII.

3494 268 3558 322 l8

352 387 403 442 8.
430 387 717 447 Robertus
753 360 1114 458 Gulscar’dns,
1142 388 1497 446 Normannici
1542 391 1599 446 in
1630 389 1880 445 Calabria
1909 391 1955 449 Α
1980 390 2119 446 verit
2163 390 2319 445 titulo
2372 390 2749 456 Cardinalitio,
2813 397 3257 461 concesseritque
3307 387 3564 445 uiantello

289 489 441 550 atque
460 479 653 537 Sicilia
683 481 951 549 Ducatus,
975 492 1162 554 postea
1180 482 1373 556 Regni,
1397 484 1664 549 conditor,
1687 482 1878 539 eodem

290 588 391 641 quo
417 571 723 643 Gregorius
750 584 847 630 aut
890 576 1082 632 saltem
1116 576 1291 632 altero
1338 583 1465 647 post
1492 591 1659 641 anno,
1691 590 1877 629 mense

287 660 423 717 Julio
444 664 623 731 obiit;
657 666 827 736 eique
866 667 1012 724 ﬁlius
1056 666 1325 738 Rogerius
1361 668 1650 735 successit,
1701 683 1877 738 usque

286 756 353 809 ad
384 756 513 809 H01
549 768 862 829 superstes.
916 759 983 814 Et
1013 761 1100 814 hic
1129 758 1270 815 forte
1316 761 1511 815 melius
1540 759 1876 816 adscribere-

286 852 374 900 tur
395 850 695 903 marmorei
719 852 957 921 sepulcri
979 852 1181 907 erectio
1202 872 1214 905 :
1236 868 1361 907 nam
1376 850 1669 907 Ordericus
1680 849 1874 906 Vitalis

284 938 448 993 seculi
476 939 565 994 12.
599 942 843 1012 scriptor
888 942 1141 999 Historia:
1182 943 1327 1000 Eccl.
1379 944 1473 998 lib.
1525 943 1578 998 8.
1633 943 1874 998 indicare

283 1031 515 1098 videtur,
544 1032 655 1087 alio
686 1035 811 1089 loco
841 1035 994 1105 prius
1022 1037 1302 1091 conditum
1348 1035 1613 1090 Sanctum
1652 1034 1825 1090 fuisse
1855 1054 1867 1090 :

283 1120 365 1175 sic
388 1122 535 1178 enim
564 1124 846 1195 loquitur:
880 1146 898 1177 ‹
930 1125 1179 1183 Defuncti
1214 1127 1374 1198 Papae
1409 1143 1609 1198 corpus
1637 1126 1690 1180 in
1721 1125 1869 1181 Con-

281 1212 516 1269 fessione
537 1215 601 1269 B.
654 1215 1042 1273 Bartbolommi
1093 1218 1342 1289 Apostoli
1402 1220 1733 1274 tumulatum
1763 1227 1866 1285 est,

282 1305 373 1359 ubi
401 1307 617 1362 meritis
642 1308 767 1378 ejus
788 1310 912 1365 ﬁdei
943 1311 1267 1380 petentium,
1292 1312 1683 1366 miraculorum
1712 1310 1867 1381 copia

280 1396 541 1453 divinitus
562 1408 814 1455 ostensa.
848 1399 985 1456 Nam
1015 1403 1216 1473 lepz'osi
1235 1403 1301 1459 de
1329 1419 1468 1473 aqua
1500 1402 1640 1456 unde
1667 1418 1867 1471 corpus

278 1489 395 1558 ejus
417 1490 669 1545 ablutum
710 1491 912 1558 fuerat,
945 1494 1217 1563 petierunt
1244 1512 1257 1561 ;
1287 1510 1395 1565 qua
1423 1502 1715 1549 consecuta
1736 1492 1868 1548 ﬁde-

278 1581 399 1635 liter
425 1582 520 1637 loti
538 1591 692 1650 sunt,
710 1593 765 1639 et
788 1586 1091 1656 Opitulante
1118 1585 1228 1640 Deo
1255 1570 1511 1656 protinus
1540 1586 1816 1641 mundati:
1839 1606 1857 1637 ι

278 1671 436 1742 iique
459 1673 716 1731 fortassis
757 1677 811 1730 in
834 1677 1188 1733 translatione
1209 1678 1457 1747 corporis
1492 1693 1557 1731 ex
1585 1677 1706 1731 loco
1753 1678 1863 1749 pri-

277 1780 377 1819 ma:
404 1766 706 1835 sepultura:
735 1767 791 1821 in
824 1767 943 1837 ipsa
963 1766 1342 1833 Confessione,
1373 1769 1441 1823 ad
1465 1769 1643 1824 locum
1674 1769 1727 1823 in
1758 1786 1867 1839 quo

276 1856 523 1912 ducentis
564 1857 683 1912 fere
712 1868 838 1928 post
866 1869 1098 1914 mortem
1129 1861 1377 1932 Gregorii
1412 1861 1572 1916 annis
1592 1862 1865 1917 tumulum

276 1950 390 2019 ejus
418 1952 626 2020 reperit
672 1950 917 2007 Joannes
954 1952 1227 2020 Prochita,
1266 1953 1731 2010 celebratissimus
1779 1954 1869 2011 ille

278 2038 646 2112 Vesperarum
695 2044 1008 2100 Sicularum
1063 2055 1273 2103 auctor.
1327 2045 1427 2102 llic
1494 2060 1624 2101 vero
1680 2047 1867 2101 nescio

273 2148 435 2202 quam
479 2135 652 2190 aliam
690 2137 932 2206 potuerit
970 2137 1168 2193 habere
1213 2154 1435 2195 causam
1486 2137 1607 2207 ejus
1660 2138 1864 2205 sacelli,

275 2223 392 2295 ipso
418 2228 661 2296 sepulcri
707 2228 854 2295 loco,
888 2238 996 2283 tam
1045 2230 1331 2301 magniﬁce
1365 2230 1671 2296 extruendi,
1701 2246 1867 2300 quam

274 2319 604 2386 peculiarem
635 2320 895 2376 aﬁ‘ectum
923 2337 1048 2392 erga
1080 2323 1154 2377 ibi
1204 2324 1477 2392 sepultum
1524 2321 1865 2389 Pontiﬁcem,

274 2409 519 2465 innixum
551 2412 764 2483 vulgari
791 2414 860 2469 de
901 2414 1144 2483 ejusdem
1176 2416 1463 2469 sanctitate
1491 2423 1545 2470 et
1588 2414 1866 2469 miraculis

276 2501 540 2569 opinioni,
613 2506 873 2572 quamvis
931 2506 1109 2574 ipsum
1169 2507 1429 2562 sacellum
1494 2507 1552 2561 S.
1617 2505 1865 2561 Micliaeli

274 2590 640 2665 Arcbangelo,
670 2613 780 2651 non
807 2607 991 2652 autem
1040 2600 1302 2670 Gregorio
1332 2599 1496 2653 fuerit
1534 2596 1862 2654 dedicatum.

274 2682 382 2739 Nec
416 2686 556 2740 nihil
577 2688 646 2743 ad
670 2690 1016 2759 probandum
1049 2691 1292 2760 ejusdem
1324 2691 1609 2761 antiquum
1656 2691 1863 2745 cultum

274 2773 420 2843 facit,
449 2780 599 2849 quod
629 2779 958 2837 Anastasius
987 2782 1131 2854 Papa
1176 2782 1265 2850 IV,
1297 2783 1457 2838 annis
1500 2783 1643 2837 haud
1689 2783 1864 2838 multo

273 2869 521 2938 pluribus
549 2889 717 2942 quam
759 2874 1041 2945 sexaginta
1089 2884 1212 2945 post
1263 2874 1606 2945 Gregorium,
1639 2873 1865 2945 picturis

272 2977 547 3018 exornans
589 2965 838 3023 absidem
875 2974 929 3021 et
973 2968 1143 3025 altare
1193 2967 1431 3022 Oratorii
1475 2966 1531 3020 S.
1572 2965 1778 3020 Nicolai
1808 2967 1863 3020 in

1900 1738 1942 1793 Β

1980 482 2148 537 rubro
2167 497 2232 537 ac
2283 482 2444 537 mitra
2480 481 2812 537 Damascena
2849 483 2949 550 uti,
3004 482 3286 555 privilegio
3338 495 3433 551 per
3465 478 3567 534 Lu-

1978 576 2126 630 cium
2156 573 2241 629 lll.
2274 583 2464 645 postea
2517 575 2860 629 conﬁrmato.
2914 574 3165 629 Manebat
3201 572 3421 627 interim
3476 586 3566 625 sa-

1977 684 2132 722 crum
2158 682 2378 738 corpus,
2409 667 2493 721 vel
2530 668 2585 722 in
2613 667 2732 737 ipso
2774 668 2868 722 ubi
2922 667 3055 721 illud
3106 665 3565 736 ArchicpiscOpus

1975 759 2251 816 Marsilius
2316 760 2595 816 invenerat
2637 767 3013 825 monumento,
3064 758 3150 813 vel
3202 758 3328 812 inde
3376 772 3563 811 exem-

1976 860 2128 923 ptum
2180 853 2503 907 servabatur
2535 852 2590 906 in
2634 851 2898 917 sacrario,
2940 865 3232 921 quousque
3277 849 3562 904 Romanus

1972 943 2222 999 Pontifex
2248 945 2533 999 annuisset
2568 944 2670 1000 sub
2691 944 2847 998 altari
2870 943 3051 999 condi.
3082 941 3138 997 Id
3166 956 3295 1000 vero
3322 940 3562 1012 primum

1973 1049 2120 1090 anno
2149 1036 2304 1091 ~l595.
2336 1050 2457 1091 esse
2484 1033 2689 1090 factum
2734 1035 2931 1090 asserit
2967 1040 3160 1089 auctor
3196 1030 3560 1088 recentissimi

1972 1127 2286 1193 marmoris,
2332 1128 2478 1198 quod
2510 1143 2655 1182 anno
2708 1122 2867 1183 1685.
2924 1126 3027 1181 sub
3072 1140 3238 1179 manu
3266 1121 3562 1194 scnlptoris

1971 1220 2311 1286 versabatur,
2338 1219 2500 1274 ﬁnem
2532 1220 2660 1274 huic
2711 1217 3062 1289 Paragrapho
3102 1216 3398 1271 facturum.
3430 1208 3563 1268 Erat

1972 1318 2101 1366 tunc
2128 1309 2409 1367 Romanus
2431 1309 2684 1367 Pontifex
2714 1310 2967 1367 Clemens
2997 1308 3132 1375 \‘llI,
3175 1309 3337 1379 cujus
3361 1304 3561 1362 rescri-

1969 1411 2120 1473 ptum
2152 1403 2373 1473 aliquod
2408 1403 2643 1475 proferri
2670 1413 2960 1474 optarem;
3012 1409 3132 1456 erat
3160 1401 3327 1456 etiam
3376 1397 3562 1453 Saler-

1968 1496 2189 1551 nitanus
2225 1495 2681 1566 Arcliiepiscopus
2709 1495 2913 1550 Marius
2952 1493 3327 1565 Bologuiuus;
3359 1491 3476 1563 qui,
3511 1485 3560 1546 si

1966 1589 2281 1658 praedictam
2323 1587 2759 1643 Translationem
2798 1586 2945 1653 fecit,
2975 1586 3155 1658 potuit
3202 1585 3369 1641 etiam
3419 1599 3561 1659 are-

1968 1679 2119 1751 liquo
2170 1679 2414 1750 Corpore
2465 1696 2748 1751 separasse
2790 1696 3009 1735 sacrum
3058 1678 3255 1748 Caput,
3300 1684 3559 1747 argenteo

1968 1773 2134 1845 capiti
2169 1773 2576 1839 includendum,
2629 1773 2995 1844 pretiosa-que
3043 1788 3110 1825 ex
3162 1785 3271 1825 tere
3298 1768 3557 1823 inaurato

1970 1866 2307 1936 gemmisque
2331 1874 2383 1920 et
2398 1865 2668 1936 lapidibus
2695 1872 2900 1920 ornata:
2921 1872 3112 1919 statuae
3128 1861 3553 1931 imponendum:

1970 1957 2133 2028 idque
2161 1958 2248 2013 die
2272 1959 2324 2013 4.
2381 1957 2528 2023 Maii,
2560 1973 2671 2028 quo
2708 1956 2797 2011 die
2845 1954 3284 2011 Translationcm
3327 1965 3559 2022 prauum

1969 2060 2260 2116 moratam,
2289 2066 2467 2105 annua
2483 2050 2791 2105 celebritate
2826 2048 3131 2112 colendam,
3153 2044 3349 2101 exinde
3370 2058 3559 2099 susce-

1967 2142 2046 2213 pit
2097 2142 2436 2198 Salernitana
2493 2142 2757 2207 Ecclesia,
2789 2141 2947 2195 solita
3005 2138 3123 2210 ipso
3164 2137 3251 2192 die
3296 2136 3349 2189 4.
3382 2133 3555 2201 Maii;

1969 2242 2132 2305 atque
2156 2235 2322 2290 etiam
2362 2234 2447 2289 die
2478 2235 2567 2289 ‘25.
2611 2231 2821 2288 deferre
2850 2250 2916 2287 ex
2949 2230 3192 2287 sacrario
3220 2226 3557 2299 praedictum

1967 2325 2145 2398 Caput
2194 2327 2261 2383 ad
2315 2326 2461 2381 istud
2497 2326 2689 2391 altare,
2735 2341 2862 2381 cum
2913 2339 3113 2395 pompa
3163 2317 3559 2393 pz'occssiouali

1968 2433 2275 2490 magnoque
2298 2418 2651 2472 luminarium
2681 2425 2945 2489 apparatu
2967 2425 3020 2470 et
3045 2414 3232 2485 pepuli
3259 2426 3557 2468 concursu.

1969 2510 2110 2567 Sunt
2154 2521 2335 2566 tamen
2366 2510 2461 2581 qui
2505 2508 2909 2565 Translationis
2948 2508 3106 2562 istius
3156 2514 3440 2560 auctorem
3472 2500 3561 2558 fa~

1965 2603 2120 2659 ciunt
2164 2604 2341 2673 ipsum
2386 2601 2874 2673 Arcbiepiscopum
2928 2598 3263 2653 Marsilium:
3303 2596 3391 2650 hic
3430 2610 3560 2650 vero

1965 2696 2165 2752 dicitur
2202 2696 2406 2751 obiisse
2448 2709 2595 2750 anno
2649 2693 2824 2761 1582;
2885 2692 3131 2762 adeoque
3187 2686 3559 2762 MartymIOgii

1966 2788 2287 2861 Gregoriani
2314 2788 2607 2843 editionem
2643 2795 3115 2858 prmmcmoratam
3146 2784 3265 2855 ipsa
3299 2781 3559 2839 Transla-

1965 2881 2043 2936 tio
2091 2880 2463 2952 prazcessisset
2502 2879 2719 2934 duobus
2743 2877 2944 2932 annis:
2979 2877 3073 2932 sed
3121 2884 3176 2931 et
3220 2876 3380 2929 istam
3420 2889 3559 2945 prie-

1965 2981 2244 3029 cesserant
2265 2972 2532 3027 editiones
2552 2968 2923 3041 Martyrologii
2953 2968 3094 3032 dure,
3124 2984 3359 3038 quarum
3379 2981 3557 3021 annos

275 3050 438 3120 ῖτδεν
477 3066 644 3125 Prom
671 3057 853 3127 ipsum
892 3074 1039 3114 $1163
1072 3056 1608 3128 ιειιιιιιαριρνθεευιιι
1650 3056 1771 3111 dedi
1809 3056 1861 3111 in
1892 3078 1935 3134 ο
1967 3064 2125 3119 nobis
2153 3063 2394 3119 indicare
2435 3077 2545 3118 non
2578 3060 2791 3117 curavit
2827 3059 3140 3124 Baronius;
3178 3066 3412 3128 utraque
3448 3073 3552 3111 au-

271 3144 583 3216 Appendice
609 3150 677 3205 ad
703 3152 940 3221 primam
966 3161 1174 3222 partem
1203 3149 1731 3207 Cbronicobistorici
1756 3149 1865 3205 C0-
1968 3165 2074 3212 tem
2103 3156 2189 3210 vel
2218 3156 2481 3209 alterutra
2494 3168 2681 3207 earum
2709 3153 2886 3223 potuit
2911 3149 3156 3221 Gregorii
3188 3148 3298 3202 V’ll.
3330 3149 3554 3205 nomine

274 3247 433 3295 natus
454 3241 524 3296 de
553 3240 821 3298 Romanis
862 3242 1242 3312 Pontiﬁcibus,
1273 3243 1499 3316 Grcgor.
1547 3241 1660 3309 VII,
1707 3258 1862 3313 aeque

274 3345 339 3386 ac
358 3329 596 3389 Sanctus
620 3335 758 3389 alios
785 3335 1074 3405 ipsamque
1092 3335 1403 3406 Deiparam,
1431 3333 1645 3406 depingi
1673 3333 1863 3389 fecerit

275 3438 395 3479 cum
424 3426 589 3481 titulo
621 3425 807 3482 Sancti
835 3416 1219 3482 et'diademate
1247 3426 1452 3482 circum
1486 3434 1650 3496 caput
1673 3425 1858 3480 ducto.

276 3513 380 3597 Sed
412 3517 519 3572 ista
546 3517 788 3574 Marsilio
810 3520 897 3574 vel
927 3519 1175 3589 ignorata
1198 3519 1415 3589 penitus
1443 3518 1527 3573 vel
1548 3517 1713 3573 dubia
1734 3532 1860 3572 cum

273 3618 472 3675 essent,
512 3612 812 3680 prudenter
829 3612 988 3669 titulo
1011 3611 1325 3669 istiusmodi
1364 3611 1648 3678 abstinuit,
1675 3617 1730 3664 et
1752 3607 1863 3663 Ro-

274 3715 445 3757 manae
477 3702 636 3758 Sedis
669 3705 963 3760 arbitrium
1020 3704 1125 3759 sibi
1163 3702 1393 3760 credidit
1440 3699 1857 3773 expectandum.

274 3791 443 3865 Ilujus
476 3804 663 3853 autem
691 3799 989 3865 sententia,
1021 3814 1091 3852 an
1129 3805 1185 3851 et
1206 3796 1482 3867 quomodo
1508 3795 1560 3849 ei
1581 3793 1743 3849 fuerit
1765 3793 1860 3849 de-

272 3887 491 3953 clarata,
527 3889 720 3961 ignoro
747 3910 760 3944 :
791 3906 966 3945 unum
985 3890 1163 3955 video,
1193 3888 1340 3960 quod
1366 3886 1626 3958 praefatus
1658 3885 1862 3956 Grego-

272 3980 382 4036 rius
414 3980 557 4048 XIII,
605 3983 794 4052 elapso
815 3983 934 4052 jam
969 3982 1232 4038 sexennio
1271 3997 1301 4035 a
1330 3988 1629 4035 memorata
1672 3977 1862 4032 inven-

272 4072 433 4142 tione,
458 4084 793 4146 mortuoque
822 4064 1087 4141 Marsilio,
1116 4090 1243 4130 cum
1287 4093 1306 4125 ‹
1342 4072 1628 4127 emendato
1670 4068 1864 4124 Kalen-

273 4164 435 4235 dario,
464 4167 780 4223 Romanum
810 4183 1033 4239 quoque
1056 4165 1498 4239 Martyrologium
1532 4161 1729 4233 corrigi
1764 4176 1862 4231 per

271 4259 409 4315 viros
433 4261 682 4317 eruditos
704 4266 931 4317 curaret
950 4275 1095 4314 anno
1156 4258 1315 4325 1584,
1348 4250 1781 4323 correctumque
1806 4260 1861 4307 et

1962 3255 2122 3303 aucta
2178 3245 2369 3312 fuisse,
2404 3227 2744 3316 priusquam
2772 3241 3213 3298 Translationem
3256 3240 3478 3311 faceret,
3506 3243 3554 3299 el

1962 3355 2083 3395 eam
2112 3338 2251 3393 forte
2276 3336 2423 3403 fecit,
2455 3335 2751 3405 Marsilius.
2830 3396 2833 3401 ,

2035 3430 2121 3488 10.
2170 3429 2267 3486 llis
2320 3428 2485 3485 veluti
2535 3427 2795 3500 gradibus
2839 3426 3103 3498 paulatim
3152 3436 3443 3498 provectus
3486 3424 3550 3482 Β.

1963 3522 2210 3595 Gregorii
2238 3520 2349 3575 VII.
2377 3521 2578 3587 cultus,
2607 3519 2842 3591 denique
2867 3518 2936 3573 ad
2969 3517 3337 3574 celebritatem
3380 3516 3553 3577 Olﬁcii

1962 3614 2225 3687 Duplicis,
2261 3613 2481 3684 proprie
2523 3612 2591 3668 de
2637 3612 2757 3681 ipso
2798 3611 3018 3682 agendi,
3062 3619 3277 3668 erectus
3316 3619 3420 3677 est,
3449 3610 3554 3665 sub

1960 3705 2170 3763 Joanne
2211 3703 2561 3761 Bellarminio
2609 3702 2893 3774 Bologuini
2934 3716 3270 3758 successore.
3318 3701 3401 3756 Ab
3447 3701 3553 3757 hoc

1963 3799 2232 3871 siquidem
2255 3798 2605 3868 impetratum
2634 3803 2689 3851 ct
2717 3795 2785 3850 ad
2809 3793 3061 3850 notitiam
3083 3809 3355 3865 usumque
3381 3793 3550 3848 totius

1962 3891 2106 3946 Cleri
2139 3889 2469 3945 Salernitani
2516 3887 2759 3959 imprimi
2789 3886 3009 3957 jussum
3044 3894 3130 3942 est
3172 3884 3362 3953 Breve,
3404 3901 3551 3941 anno

1965 3982 2123 4047 1610,
2151 3982 2309 4053 cujus
2336 3982 2667 4053 exemplum,
2693 3994 2821 4036 cum
2854 3976 2976 4034 aliis
3020 3978 3299 4034 nonnullis
3344 3977 3551 4034 instru-

1962 4075 2236 4130 ctionibus
2264 4075 2373 4129 huc
2401 4073 2795 4144 spectantibus,
2814 4080 2876 4126 ut
2892 4086 3060 4125 manu
3085 4079 3141 4125 et
3161 4071 3264 4125 ﬁde
3283 4068 3553 4125 Notariali

1961 4167 2294 4236 acciperem;
2326 4164 2451 4221 fecit
2484 4164 2545 4219 Β.
2588 4163 2650 4216 D.
2686 4162 2942 4217 Nicolaus
2980 4161 3279 4226 Lavianns,
3309 4159 3551 4216 Salerni-

1962 4258 2077 4312 tani
2103 4256 2329 4330 Collegit
2377 4256 2549 4313 nostri
2594 4254 2793 4310 Rcctor
2834 4268 2979 4309 anno
3025 4251 3184 4326 1685.
3226 4249 3412 4323 Ipsum
3442 4252 3551 4309 tale

272 4351 450 4406 multis
477 4353 615 4408 locis
635 4362 867 4408 auctum
892 4351 1152 4422 imprimi,
1200 4370 1218 4404 ι
1248 4349 1408 4421 quale
1436 4362 1603 4418 penes
1637 4360 1736 4399 nos
1761 4344 1857 4397 ba-
1958 4358 2046 4404 cst
2077 4368 2091 4405 :
2294 4406 2299 4413 ,
2490 4412 2495 4419 ν
2784 4412 2787 4415 _
2903 4410 2907 4414 ,

272 4441 455 4499 bemus
501 4446 831 4516 exemplar;
874 4444 1047 4500 eidem
1092 4450 1218 4513 post
1263 4441 1322 4495 S.
1364 4437 1703 4497 Bonifacium
1758 4433 1847 4489 IV.
1884 4431 1927 4486 D
1952 4440 2164 4501 Paetus
2203 4459 2341 4513 papa
2370 4441 2585 4513 quintus
2624 4440 2693 4495 ad
2722 4446 3031 4517 perpetuam
3082 4437 3159 4492 rei
3196 4429 3545 4495 memoriam}

272 4538 570 4604 permiserit
616 4539 791 4594 inseri
822 4537 987 4592 etiam
1034 4536 1360 4607 Gregorium
1414 4530 1526 4586 VII.
1577 4545 1704 4585 cum
1748 4529 1856 4583 hoc

272 4629 457 4701 elogio.
503 4651 520 4683 ε
560 4631 783 4687 Salerni
819 4630 1088 4700 depositio
1132 4628 1192 4682 Β.
1226 4625 1474 4697 Gregorii
1503 4623 1663 4693 Papa:
1689 4620 1856 4690 septi—

273 4722 363 4788 mi,
389 4725 502 4794 qui,
525 4725 847 4780 Alexandro
876 4723 1114 4778 secundo
1161 4718 1482 4785 succedens,
1515 4713 1859 4771 Eccl’csiasti-

274 4831 382 4871 cam
411 4817 721 4879 libertatem
753 4832 786 4871 a
812 4815 1064 4886 superbia
1111 4813 1430 4882 Principum
1485 4826 1586 4865 suo
1612 4818 1854 4877 tempore

276 4909 568 4977 vindicavit,
618 4918 677 4966 et
725 4908 966 4963 viriliter
1022 4905 1311 4963 Pontiﬁcfa
1379 4903 1703 4958 auctoritate
1759 4901 1854 4954 de-

276 5002 444 5059 fendit.
480 5024 500 5056 ι
527 5003 639 5059 Pro
676 5002 909 5073 quibus,
952 5000 1006 5054 in
1035 5000 1283 5069 ejusdem
1323 4993 1694 5068 Martyrologii
1738 4992 1854 5047 edi-

277 5094 403 5153 tione
439 5112 598 5163 nova,
629 5092 883 5150 Cresaris
918 5091 1075 5147 Card.
1120 5088 1344 5146 Baronii
1392 5084 1853 5144 Annotationibus

274 5190 384 5246 moi
410 5199 595 5256 aucta,
636 5187 807 5242 Sixto
854 5183 898 5235 ν
931 5185 1192 5254 probante
1230 5182 1499 5253 scriptum
1531 5180 1663 5236 fuit:
1703 5197 1721 5228 ί
1752 5175 1854 5231 Sa-

272 5279 387 5338 lerni
408 5282 689 5354 depositio
721 5278 788 5333 B.
839 5276 1080 5347 Gregorii
1105 5277 1267 5348 Papae
1311 5275 1548 5344 septimi,
1587 5268 1857 5328 Ecclesia-

2034 4552 2053 4586 ι
2104 4534 2318 4589 Domini
2359 4533 2533 4591 nostri
2580 4532 2709 4589 Jesu
2748 4530 2975 4596 Christi,
3024 4529 3121 4601 qui
3165 4545 3356 4587 servos
3413 4544 3549 4587 suos

1954 4633 2171 4693 aeterna:
2193 4627 2379 4697 gloria:
2411 4626 2637 4696 prmmio
2672 4624 2840 4679 donat
2865 4623 2919 4677 in
2946 4622 3122 4689 caelis,
3160 4621 3309 4678 vices
3346 4637 3544 4694 quam~

1954 4735 2119 4789 quam
2150 4718 2405 4773 immeriti
2437 4719 2491 4773 iu
2515 4718 2677 4773 terris
2706 4723 2955 4788 gerentes
2980 4733 2995 4780 ;
3025 4729 3093 4769 ex
3125 4714 3358 4793 injunct‘i
3387 4712 3555 4768 nobis

1954 4810 2113 4866 oﬂicii
2148 4811 2330 4866 debito
2354 4810 2581 4865 omnino
2610 4818 2862 4865 tenemur
2889 4821 3192 4877 procurare
3240 4812 3304 4858 ut
3324 4820 3356 4861 e
3395 4820 3549 4859 rum-

1953 4904 2074 4959 dcm
2101 4919 2384 4959 servorum
2409 4902 2615 4959 Christi
2661 4901 2841 4954 bonos
2883 4906 2937 4953 et
2986 4895 3267 4969 veneratio
3308 4897 3368 4950 in
3387 4893 3558 4951 terris

1953 5012 2173 5066 quoque
2197 5002 2625 5065 promoventur;
2663 4990 2894 5060 ideoque
2936 4988 3181 5069 ﬁdelium
3230 4987 3396 5052 votis,
3427 4972 3554 5055 quae

1953 5089 2281 5159 peculiarem
2322 5101 2449 5156 erga
2499 5086 2623 5141 illos
2671 5082 2881 5159 cultum
2939 5081 3263 5154 respiciunt,
3319 5078 3567 5161 libenter

1953 5181 2269 5245 annuimus,
2297 5184 2461 5248 prout
2504 5178 2561 5235 in
2613 5173 2848 5249 Domino
2875 5173 3247 5246 conspicimus
3269 5165 3548 5240 expedire.

1956 5271 2101 5329 Sane
2147 5271 2305 5326 nobis
2351 5284 2524 5338 nuper
2567 5270 2673 5326 fuit
2717 5258 3050 5337 expositum,
3082 5261 3306 5321 nomine
3340 5255 3552 5314 Fratris

1962 5362 2178 5386 I--__:-
2236 5357 2633 5386 A..-t.:,...:..--_:
2706 5357 3038 5386 αηιη-..ξοηκξ
3116 5370 3179 5386 ..η
3219 5351 3541 5386 Λίιοηηηιηπι
