3986 5386
470 333 538 390 i9
1673 345 1730 403 s.
1771 346 2170 407 cessemus
2211 347 2300 404 vn
2334 349 2514 406 mea
2711 331 2716 336 ’
3016 409 3039 416 ,
3637 360 3712 416 so

467 454 777 512 devotionis
811 466 1007 530 gerunt
1053 456 1326 526 affectum,
1368 457 1630 530 peculiari
1677 476 1750 532 qu
1772 476 1898 532 :que
1942 459 2048 516 ritu
2079 464 2126 520 Δ
2151 461 2391 530 tertiam,
2415 463 2575 534 cujus
2601 461 2805 520 donum
2827 461 3212 536 Episcopatum
3250 461 3496 534 pecuniis
3515 476 3737 518 coeme-

468 549 559 604 die
595 547 774 605 Natali
820 551 1017 622 ipsius,
1067 559 1124 608 ct
1163 551 1310 607 illius
1357 549 1732 608 Translationi
1775 567 1954 620 sacro,
1984 552 2052 608 de

465 641 660 698 eodem
694 643 864 700 Beato
893 644 1157 717 Gregorio
1203 653 1617 702 sacrosanctum
1652 644 1833 702 Missa;
1867 652 1924 701 et
1943 645 2050 701 alia

464 733 650 792 divina
675 735 862 794 Ofﬁcia
895 739 1102 794 tenoris
1148 739 1538 810 subsequentis
1584 739 1816 795 recitare
1839 737 2052 794 deside-

465 835 610 883 rant.
643 847 662 881 ι
693 827 941 885 Ofﬁcium
973 831 1172 900 duplex
1213 830 1552 887 recitandum
1600 847 1699 902 per
1739 829 2050 900 Capitulum

463 927 522 973 ct
546 918 768 976 Clerum
793 920 1048 978 Civitatis
1069 922 1280 978 Salerni
1303 923 1600 994 quotannis
1627 923 1681 978 in
1707 922 1794 978 die
1815 920 1976 987 festo,
1995 927 2052 976 et

464 1010 632 1067 ln.die
665 1011 1070 1071 Translationis
1103 1014 1164 1069 Β.
1192 1014 1440 1086 Gregorii
1461 1015 1621 1086 Papa:
1635 1013 1746 1071 VII.
1769 1013 1964 1070 Omnia
1982 1013 2050 1070 de

398 1151 411 1162 .
462 1100 758 1159 Communi
811 1105 1157 1163 Confessoris
1209 1106 1491 1165 Pontiﬁcis
1525 1116 1723 1180 praeter
1768 1107 1860 1164 illa
1927 1121 2051 1177 quae

461 1205 746 1266 ponuntur
777 1199 1018 1271 propria.
1055 1219 1074 1252 ‹
1107 1198 1338 1258 ORATIO.
1365 1199 1510 1256 Deus
1535 1201 1630 1272 qui
1665 1199 1890 1255 Beatum
1915 1196 2051 1254 Gre-

461 1288 678 1358 gorium
714 1287 1102 1348 Confessorem
1140 1300 1296 1348 tuum
1339 1301 1502 1364 atque
1535 1293 1878 1368 Pontiﬁcem,
1905 1289 2047 1345 San-

459 1387 674 1434 ctorum
701 1388 923 1437 tuorum
944 1383 1114 1454 gloria
1136 1385 1472 1448 sublimasti;
1521 1385 1758 1442 concede
1779 1382 2048 1456 propitius

461 1479 542 1536 ut,
573 1471 668 1542 qui
715 1483 1066 1543 peccatorum
1106 1487 1422 1534 nostrorum
1446 1478 1685 1550 pondere
1723 1475 2046 1548 premimur,

459 1565 581 1635 ejus
619 1567 761 1637 apud
786 1573 840 1623 te
874 1570 1128 1640 precibus
1159 1571 1527 1628 sublevemur.
1553 1570 1654 1626 Per
1675 1570 1988 1634 Dominum,
2022 1585 2040 1622 ι

457 1665 563 1712 etc.
617 1656 702 1713 Sit
730 1657 1196 1719 Commemoratio
1258 1662 1316 1719 S.
1367 1662 1574 1720 Urbani
1622 1663 1784 1734 Papze
1821 1669 1876 1718 et
1899 1659 2046 1716 Mar-

461 1750 598 1822 tyris
643 1750 698 1806 in
733 1752 924 1822 primis
960 1752 1235 1826 Vesperis,
1268 1765 1324 1812 et
1368 1755 1422 1812 in
1446 1755 1724 1811 Laudibus
1749 1754 1900 1827 (dum
1951 1767 2046 1807 oc-

457 1843 654 1915 currit)
685 1852 742 1900 et
784 1846 840 1900 in
879 1845 1144 1905 Matutino
1188 1847 1278 1904 IX.
1323 1847 1530 1904 Lectio.
1583 1845 1850 1904 Similiter
1877 1845 1932 1900 in
1961 1860 2049 1899 se-

457 1937 655 1992 cundis
689 1936 948 2009 Vesperis
981 1939 1039 1995 S.
1081 1939 1329 1997 Eleuther
1345 1941 1379 1996 ii
1407 1941 1469 1996 P.
1495 1948 1552 1997 et
1585 1939 1656 2006 Μ.

529 2030 615 2083 Η.
645 2030 725 2085 Ad
755 2028 1082 2089 Matutinum
1131 2033 1187 2088 in
1225 2035 1403 2105 primo
1449 2031 1730 2089 Nocturno
1761 2029 2048 2087 Lectiones

456 2122 524 2174 de
551 2121 714 2178 initio
751 2125 1004 2180 secundae
1034 2125 1290 2196 Epistula:
1319 2125 1380 2182 Il.
1406 2125 1555 2180 Petri
1575 2123 1847 2195 Apostoli,
1884 2129 2050 2192 prout

460 2214 622 2271 habet
667 2214 1007 2274 Breviarium
1052 2217 1361 2274 Romanum
1410 2219 1464 2273 in
1521 2217 1654 2273 feria
1705 2224 1856 2272 sexta
1904 2212 2048 2268 infra

457 2306 716 2364 Octavam
769 2307 1145 2368 Aseensionis.
1199 2310 1254 2366 In
1296 2311 1537 2366 secundo
1575 2307 1858 2364 Nocturno
1893 2325 1912 2358 ‹
1949 2305 2050 2362 LE-

455 2413 584 2455 crto
617 2416 688 2456 tv.
720 2401 1016 2474 Gregorius
1061 2403 1205 2474 Papa
1233 2402 1344 2471 \‘ll,
1385 2402 1583 2459 Soanze
1621 2401 1676 2456 in
1709 2398 1926 2455 Etruria
1949 2415 2049 2454 na-

457 2503 568 2559 t'ts,
613 2493 886 2561 doctrina,
929 2497 1219 2552 sanctitate
1255 2495 1518 2566 omnique
1561 2493 1824 2548 virtutum
1850 2507 2048 2562 genere

454 2585 780 2658 cumprimis
811 2587 1031 2654 nobilis,
1074 2587 1305 2645 miriﬁce
1341 2588 1648 2643 universam
1679 2583 1775 2640 Dci
1805 2584 2050 2639 illustra-

454 2681 533 2736 vit
567 2677 912 2750 Ecelesiam;
950 2697 1261 2753 supremam
1313 2696 1444 2737 vero
1488 2677 1801 2735 Sacerdotis
1851 2677 1936 2732 sui
1990 2678 2045 2733 in

459 2773 618 2829 terris
645 2773 964 2846 dignitatem
1005 2774 1418 2841 admirabiliter,
1450 2772 1545 2844 qui
1584 2779 1670 2828 est
1706 2769 2048 2827 admirabilis

457 2864 510 2919 in
533 2863 752 2922 Sanctis
773 2866 892 2924 suis
919 2867 1206 2934 Dominus,
1232 2875 1655 2939 praemonstrare
1669 2864 1922 2936 dignatus
1940 2871 2043 2920 est.

455 2955 592 3013 Nam
621 2975 747 3015 cu'u
773 2960 1056 3032 parvulus,
1081 2961 1148 3016 ad
1180 2960 1320 3016 fabri
1356 2960 1502 3032 ligna
1537 2958 1808 3015 edolantis
1859 2957 2044 3028 pedes,

449 3050 564 3120 jam
589 3050 897 3108 litterarum
941 3052 1152 3110 inscius
1202 3052 1448 3120 luderet;
1500 3067 1566 3106 ex
1601 3050 1818 3122 rejectis
1863 3058 2047 3104 tamen

2153 564 2258 622 rat,
2291 553 2536 626 proferre
2563 557 2715 611 nullo
2743 557 2906 612 modo
2941 555 3223 612 valuisset.
3250 555 3331 612 Tu
3355 563 3559 611 autem.

2225 649 2311 703 i3.
2341 667 2361 699 «
2392 647 2596 704 ιεετιο
2623 665 2697 704 vi.
2721 647 2963 720 Denique
2982 665 3014 704 a
3040 646 3266 704 Nicolao
3290 647 3530 704 secundo
3549 644 3739 702 Ponti-

2153 741 2252 797 ﬁce
2273 740 2706 797 Archidiaconus
2725 741 3052 807 Cardinalis,
3085 748 3141 796 et
3165 741 3234 796 ab
3265 739 3576 796 Alexandro
3601 738 3736 794 item

2152 834 2394 889 srcundo
2417 832 2785 890 Cancellarins
2819 831 2876 888 S.
2901 831 3163 888 Romana;
3199 830 3454 888 Ecclesia:
3491 838 3737 896 creatus,

2151 926 2328 981 cidem
2351 925 2404 982 in
2435 943 2711 982 summum
2751 924 3135 981 Pontiﬁcatum
3177 924 3470 980 succedere
3507 922 3735 978 meruit.

2151 1018 2230 1074 Ad
2258 1021 2393 1075 tanti
2421 1035 2552 1074 vero
2587 1019 2814 1075 honoris
2847 1018 3056 1088 apicem
3101 1023 3439 1086 assumptus,
3465 1015 3582 1085 jam
3620 1012 3741 1068 for-

2151 1128 2241 1168 ma
2264 1112 2442 1184 gregis
2470 1111 2667 1177 factus,
2691 1111 2838 1182 quod
2864 1111 3032 1166 verbo
3061 1109 3268 1176 docuit,
3296 1107 3460 1163 etiam
3483 1104 3740 1176 exemplo

2150 1204 2546 1262 demonstravit
2579 1220 2685 1272 ;ac
2712 1202 2870 1259 fortis
2911 1217 3009 1273 per
3051 1201 3236 1257 omnia
3287 1199 3512 1265 athleta,
3552 1213 3741 1268 scpro

2153 1312 2311 1353 muro
2351 1297 2537 1353 domui
2561 1295 2726 1353 Israel
2766 1310 2968 1366 ponere
3014 1309 3124 1349 non
3177 1292 3382 1348 timuit.
3437 1289 3738 1345 Henricum

2150 1387 2455 1446 Germania:
2475 1387 2674 1460 Regem
2701 1384 3249 1459 qnartum,Ecclesite
3269 1383 3550 1448 infestum,
3575 1379 3742 1436 Fide-

2148 1481 2286 1538 lium
2303 1481 2692 1538 communione
2718 1494 2995 1550 regnoque
3033 1477 3274 1550 privans,
3302 1475 3551 1533 subditos
3569 1488 3746 1544 popu-

2148 1575 2232 1631 los
2253 1576 2357 1632 ﬁde
2383 1574 2432 1630 ei
2453 1574 2580 1630 data
2628 1572 2898 1628 liberavit.
2927 1569 3065 1626 Cum
3107 1577 3298 1640 postea
3341 1568 3411 1624 ab
3436 1565 3612 1637 iniqui
3634 1563 3742 1620 Re-

2149 1669 2232 1740 gis
2255 1667 2496 1726 exercitu
2517 1665 2706 1722 Romae
2734 1663 2886 1737 gravi
2920 1661 3206 1719 obsidione
3233 1667 3611 1732 premeretur;
3639 1671 3742 1712 ex-

2149 1761 2376 1818 citatum
2393 1761 2463 1816 ab
2476 1759 2728 1816 hostibus
2745 1756 3058 1812 incendium
3075 1754 3234 1826 signo
3253 1751 3448 1808 Crucis
3467 1748 3737 1814 extinxit;

2149 1855 2272 1910 aliis
2297 1869 2537 1926 quoque,
2565 1861 2676 1907 tam
2709 1852 2866 1906 vivus
2909 1865 3076 1920 quam
3122 1853 3395 1911 mortuus,
3449 1841 3741 1900 miraculis

2147 1949 2349 2003 clarus.
2398 1945 2480 2001 Ex
2525 1943 2916 2014 Apostolorum
2964 1949 3124 1996 astate
3172 1938 3357 1994 nullus
3403 1933 3735 1994 Pontiﬁcum

2149 2040 2320 2096 fuisse
2349 2038 2601 2104 traditur,
2637 2035 2732 2107 qui
2761 2033 3000 2103 majores
3028 2039 3128 2102 pro
3168 2029 3410 2086 Ecclesia
3467 2026 3564 2081 Dei
3588 2025 3744 2081 labo-

2149 2149 2238 2189 res
2267 2130 2656 2199 molestiasque
2682 2125 2967 2198 pertulerit
2997 2143 3012 2191 ;
3043 2130 3137 2178 aut
3157 2123 3250 2193 qui
3302 2135 3404 2192 pro
3435 2119 3554 2189 ejus
3579 2117 3746 2172 liber-

2150 2233 2260 2279 tate
2289 2223 2472 2279 acrius
2493 2219 2833 2293 pugnaverit.
2865 2214 3290 2272 Innumerabilia
3335 2219 3466 2267 sunt
3495 2225 3618 2280 quae
3653 2211 3739 2264 vel

2149 2315 2361 2371 fortiter
2387 2314 2670 2380 sustinuit,
2696 2311 2782 2366 vel
2818 2309 3007 2365 multis
3047 2307 3252 2364 coactis
3295 2305 3350 2360 in
3382 2303 3528 2359 Urbe
3567 2300 3746 2374 Syno-

2147 2409 2234 2463 dis
2254 2407 2530 2478 sapienter
2553 2402 2862 2461 constituit.
2897 2401 2968 2455 De
2994 2416 3160 2455 manu
3199 2396 3418 2454 IIenrici
3454 2395 3673 2452 tandem
3705 2411 3740 2448 a

2151 2499 2388 2555 Iioberto
2410 2497 2713 2555 Guiscardo
2734 2495 2882 2551 Duce
2902 2492 3282 2548 Northmanno
3295 2497 3536 2560 ereptus,
3561 2486 3746 2542 Saler-

2151 2609 2284 2648 num
2307 2591 2554 2657 veniens,
2605 2589 2804 2645 ibidem
2847 2595 3044 2643 octavo
3099 2583 3374 2640 Kalendas
3410 2581 3579 2646 Junii,
3607 2595 3738 2635 cum

2149 2684 2458 2758 praefuisset
2477 2682 2735 2740 Ecclesiae
2749 2696 2924 2736 annos
2944 2677 3255 2742 duodecim,
3272 2689 3515 2732 mensem
3539 2688 3738 2737 unum,

2148 2779 2265 2834 dies
2307 2786 2438 2844 tres,
2490 2775 2692 2832 creatis
2737 2771 3114 2844 compluribus
3162 2769 3350 2824 Romae
3393 2776 3556 2836 atque
3606 2764 3738 2818 alibi

2148 2870 2532 2926 Cardinalibus
2577 2876 2632 2923 et
2678 2864 2988 2937 Episcopis,
3042 2862 3131 2917 die
3168 2859 3454 2916 Dominico
3482 2855 3743 2927 migravit

2149 2965 2214 3019 ad
2239 2961 2530 3019 Dominum
2564 2979 2580 3028 ;
2613 2959 2842 3031 ejusque
2866 2971 3084 3012 sacrum
3110 2955 3326 3023 Corpus
3347 2951 3403 3005 in
3423 2947 3738 3004 Cathedrali

2151 3055 2382 3112 Basilica
2427 3053 2772 3109 Salernitana
2814 3057 2900 3106 est
2943 3045 3246 3103 honorifice
3293 3041 3595 3099 conditum.
3653 3037 3738 3093 Tu

456 3143 754 3213 segmentis
782 3144 874 3199 illa
906 3144 1150 3202 Davidici
1175 3147 1446 3200 elementa
1470 3142 1692 3202 Oracul'i
1745 3163 1763 3196 ι
1787 3141 2048 3198 Domina-
2074 3157 2114 3213 (ζ
2148 3159 2353 3215 autem,
2385 3167 2404 3200 ι
2435 3155 2540 3202 etc.
2581 3145 2639 3200 In
2684 3143 2848 3199 tertio
2887 3139 3170 3196 Nocturno
3207 3134 3494 3190 Lectiones
3531 3131 3599 3187 de
3626 3129 3744 3186 ΗΟ-

455 3233 605 3289 bitur
625 3253 655 3290 a
688 3251 825 3291 mari
851 3252 1026 3306 usque
1045 3237 1113 3292 ad
1137 3253 1310 3303 mare,
1335 3256 1353 3288 ι
1379 3237 1642 3292 divinitus
1668 3236 2046 3292 conformasse

457 3335 733 3383 narratur.
758 3326 810 3383 Is
839 3328 910 3383 ab
952 3327 1176 3384 ineunte
1214 3336 1375 3384 astate
1425 3326 1616 3383 Romae
1651 3327 1896 3383 honestis
1926 3327 2048 3382 anis

456 3431 608 3473 mum
633 3417 942 3489 disciplinis
971 3420 1249 3488 excoleris,
1280 3420 1334 3476 in
1361 3419 1528 3475 domo
1555 3417 1612 3474 S.
1644 3417 1787 3472 Petri
1810 3426 1896 3474 est
1916 3433 2050 3474 enu-

455 3510 640 3578 tritus,
665 3510 758 3566 tali
785 3512 1054 3568 nutritore
1077 3512 1276 3584 dignus
1300 3512 1592 3568 alumnus:
1623 3519 1684 3566 ut
1705 3509 1866 3580 cujus
1893 3508 2047 3565 altis—

455 3603 678 3670 simam,
737 3603 850 3660 Deo
905 3604 1193 3676 largiente,
1253 3605 1634 3660 auctoritatem
1687 3609 2045 3671 suscepturus

455 3696 752 3768 aliquando
771 3705 910 3763 erat,
933 3697 1109 3770 ipsius
1125 3695 1440 3768 Apostolieo
1457 3697 1513 3754 in
1535 3698 1744 3769 gremio
1761 3697 2042 3765 educatus,

455 3787 787 3860 Apostolieis
811 3789 938 3858 illis,
963 3805 1104 3860 quas
1117 3799 1308 3861 postea
1330 3789 1384 3844 in
1406 3789 1642 3862 gerendo
1658 3805 1876 3846 summo
1895 3787 2043 3845 Pon-

456 3885 665 3941 tiﬁcatu
709 3882 978 3950 exhibuit,
1011 3881 1305 3940 virtutibus
1329 3882 1546 3954 plenius
1571 3882 1928 3940 imbueretur.
1961 3882 2042 3938 Tu

459 3987 643 4036 autem
660 4019 674 4046 ,
699 3976 950 4044 Domine,
985 3985 1090 4032 etc.

531 4071 618 4126 19..
655 4088 674 4122 ι
721 4068 924 4126 Lscno
975 4085 1027 4126 v.
1079 4067 1306 4125 Iuvenis
1355 4067 1613 4125 Ecclesiae
1649 4068 1980 4135 libertatem,
2011 4084 2042 4124 a

455 4163 640 4222 Laicis
666 4175 1008 4232 oppressam,
1050 4177 1117 4217 ac
1163 4161 1490 4234 depravatos
1534 4160 2042 4218 Eeclesiasticorum

457 4272 640 4316 mores
663 4255 1043 4312 vehementius
1069 4254 1282 4322 dolens,
1315 4254 1369 4308 in
1403 4253 1750 4312 Cluniacensi
1777 4253 2046 4311 Monaste-

457 4348 562 4414 rio,
591 4348 686 4404 ubi
716 4348 820 4404 sub
858 4347 1064 4420 Regula
1119 4345 1176 4401 S.
1237 4345 1512 4402 Benedicti
1555 4347 1875 4403 austerioris
1919 4345 2046 4401 vita:

455 4439 803 4496 observantia
836 4453 904 4495 eo
942 4447 1190 4510 tempore
1230 4436 1467 4495 maxime
1519 4438 1754 4510 vigebat,
1790 4437 2042 4494 Monachi

2147 3242 2297 3296 milia
2316 3240 2374 3296 S.
2407 3239 2608 3294 Leonis
2635 3236 2797 3308 Papae
2831 3235 2886 3290 in
2927 3229 3302 3302 Evangelium,
3333 3245 3352 3278 σ
3394 3223 3558 3280 Venit
3574 3221 3740 3277 Iesus

2147 3333 2202 3388 in
2231 3339 2416 3403 partes
2458 3329 2724 3386 Ctesareas
2775 3325 3032 3394 Philippi,
3063 3342 3083 3374 ι
3141 3335 3280 3390 quas
3309 3317 3474 3372 habet
3508 3313 3738 3368 Brevia-

2145 3425 2288 3483 rium
2315 3421 2627 3479 Romanum
2675 3418 2766 3474 die
2819 3415 2908 3472 22.
2956 3413 3117 3469 Febr.
3165 3411 3223 3466 in
3263 3408 3403 3464 festo
3441 3403 3740 3460 Cathedrae

2144 3514 2500 3574 Antiocheam
2527 3511 2585 3567 S.
2611 3509 2780 3565 Petri.

2219 3607 2306 3664 ιι.
2334 3605 2500 3662 Missa
2528 3603 2751 3668 dicitur,
2779 3615 2903 3672 qua:
2925 3596 3148 3669 ponitur
3169 3595 3222 3650 in
3247 3592 3451 3648 Missali
3479 3589 3736 3645 Romano

2144 3700 2232 3756 die
2282 3699 2342 3770 11
2377 3696 2605 3768 Aprilis,
2648 3695 2704 3754 in
2733 3693 2875 3750 festo
2907 3691 3094 3746 Sanct.
3142 3686 3344 3742 Leonis
3384 3684 3564 3755 Papae,
3591 3698 3734 3752 pra:—

2145 3803 2228 3848 ter
2245 3785 2782 3847 Orationes..0n.t'rto
2797 3800 2975 3841 enim.
3012 3801 3029 3833 ι
3053 3780 3196 3835 Deus
3220 3777 3314 3848 qui
3329 3774 3731 3846 B.Gregorium

2143 3895 2250 3942 etc.
2290 3904 2309 3937 ι
2347 3891 2408 3937 ιιι
2434 3897 2619 3952 supra.
2670 3898 2690 3930 ε
2730 3877 3000 3932 Saeuum.
3024 3872 3085 3928 B.
3115 3870 3360 3942 Gregorii
3382 3867 3733 3924 C'xnfessoris

2147 3978 2224 4034 tui
2251 3984 2413 4047 atque
2439 3971 2743 4036 Pontiﬁcis,
2777 3980 3118 4039 quaesumus,
3147 3961 3393 4026 Domine,
3435 3975 3615 4014 annua
3644 3975 3736 4014 so-

2145 4069 2401 4127 lemnitas
2425 4082 2527 4122 nos
2556 4062 2709 4138 [tibi]
2731 4061 2921 4117 reddat
2955 4064 3238 4126 acceptos;
3288 4061 3349 4107 ut
3371 4067 3466 4122 per
3487 4053 3601 4106 haec
3626 4051 3733 4120 piae

2147 4161 2472 4236 placationis
2493 4157 2691 4223 cilicia,
2705 4154 2924 4210 ctillum
2947 4151 3106 4206 beata
3129 4145 3418 4202 retributio
3440 4144 3734 4200 comitetur

2147 4235 2202 4312 et
2227 4256 2384 4310 nobis
2433 4251 2624 4324 gratia:
2659 4258 2766 4304 tute
2800 4247 2944 4302 dona
2971 4241 3240 4298 conciliet.
3286 4237 3391 4292 Per
3413 4235 3726 4290 Dominum.

2147 4351 2416 4406 Posrcon.
2455 4343 2554 4410 Da,
2579 4353 2918 4412 qumsnmus,
2957 4334 3205 4400 Domine,
3237 4330 3490 4386 ﬁdelibus
3513 4327 3733 4400 populis

2147 4443 2206 4498 Ii.
2234 4437 2580 4497 Coufessoris
2611 4433 2688 4489 tui
2719 4441 2883 4502 atque
2915 4425 3199 4483 Pontiﬁcis
3232 4422 3478 4494 Gregorii
3513 4435 3734 4490 semper

458 4533 707 4586 habitum
742 4531 996 4597 induens,
1031 4508 1185 4590 tanto
1214 4529 1430 4600 pietatis
1457 4508 1653 4586 ardore
1681 4531 1889 4586 Divina:
1923 4531 2040 4586 Ma-
2075 4508 2118 4562 Β
2145 4553 2190 4589 γι
2212 4533 2497 4595 iteratione
2526 4526 2699 4584 laztari
2726 4567 2741 4592 ,
2782 4532 2838 4579 et
2869 4522 2990 4593 ejus
3019 4526 3284 4592 perpetua
3330 4513 3733 4586 supplicatione

453 4623 638 4692 jestati
680 4618 1039 4690 de'serviebat,
1077 4631 1139 4677 ut
1182 4638 1212 4678 a
1261 4623 1466 4678 sanctis
1512 4623 1755 4694 ejusdem
1793 4622 2044 4684 Cmnobii

454 4713 714 4774 Patr-ibus
762 4715 924 4770 Prior
975 4715 1046 4771 sit
1087 4715 1322 4770 electus;
1366 4712 1494 4770 Inde
1535 4729 1659 4770 mox
1701 4731 1732 4770 a
1774 4715 1831 4770 S.
1863 4715 2044 4772 Leone

457 4807 603 4880 Papa
631 4823 798 4875 nono,
825 4806 955 4882 quia
976 4807 1198 4865 lucerna
1250 4807 1440 4862 lucens
1490 4815 1544 4860 et
1571 4807 1769 4864 ardens
1809 4807 1864 4862 in
1901 4807 2047 4864 clau-

457 4909 698 4959 strorum
729 4898 998 4972 angustiis
1028 4899 1198 4958 latere
1236 4913 1345 4954 non
1377 4897 1626 4963 debebat,
1650 4899 1742 4954 sed
1764 4896 1830 4954 'in
1855 4897 2043 4955 Eccle-

455 4993 554 5050 sia:
575 4991 847 5050 altissimo
889 4989 1092 5046 vertice
1131 4988 1226 5046 Dei
1270 4988 1430 5060 jussu
1475 4990 1706 5046 locanda
1753 5001 1890 5058 erat,
1929 4991 2042 5047 Ito-

379 5102 386 5124 ε
456 5099 605 5144 mam
632 5085 918 5151 adductus,
941 5092 997 5139 et
1021 5091 1225 5138 sancta:
1244 5080 1505 5138 Romanas
1539 5081 1794 5139 Ecclesia
1819 5083 2048 5140 Subdia-

1007 5176 1180 5210 ahlnm
1323 5173 1490 5210 11»Ληῖ
1544 5190 1607 5210 nn
1637 5177 2044 5210 ιη-ιιιιιυυυηιοῖιηιο

457 5191 630 5210 annua
675 5178 957 5210 nun-“nnth

2145 4624 2365 4684 muniri.
2397 4623 2500 4677 Per
2533 4618 2846 4682 Dominum,
2873 4623 2978 4670 etc.

2224 4718 2304 4774 l5.
2340 4735 2359 4768 ι
2387 4713 2637 4784 Cumque
2661 4719 2773 4765 tam
2801 4707 3042 4762 Joannes
3070 4701 3528 4772 Archi'cpiscopus
3559 4713 3728 4768 quam

2145 4812 2395 4865 Der-anus
2427 4814 2482 4861 et
2507 4802 2821 4874 Capitulum
2853 4815 2918 4854 ac
2940 4796 3135 4853 Clerus
3167 4793 3411 4866 praedicti
3437 4791 3596 4846 nobis
3624 4791 3732 4844 hu-

2145 4904 2347 4959 militer
2368 4895 2662 4970 supplicari
2699 4891 2926 4949 fecerint
2971 4898 3030 4944 ut
3065 4888 3134 4943 de
3185 4892 3492 4956 opportuna
3537 4881 3644 4937 sibi
3669 4882 3728 4936 in

2143 4991 2442 5066 praemissis
2477 4987 2694 5044 licentia
2724 4984 3006 5056 providere
3053 4978 3385 5048 benignitate
3415 4975 3730 5046 Apostoliea

2144 5079 2688 5158 dignaremur;Nos,
2743 5091 2934 5132 eorum
2975 5070 3244 5128 laudabile
3290 5067 3622 5123 desiderium
3671 5066 3730 5120 in

2149 5177 2379 5208 nnm=nn
2403 5173 2702 5206 ηιιιιιῖηπινη
2729 5165 3174 5204 nnmmmmlnnloc
3232 5169 3283 5200 nl
3309 5175 3500 5200 nni-um
3539 5159 3732 5198 cina".
