  <div class='ocr_page' id='page_1' title='image "/cluster/home/n/w/nwhite01/storage/ocr_20150623/148/hvd.32044015471840/016.png"; bbox 0 0 3986 5386; ppageno 0'>
   <div class='ocr_carea' id='block_1_1' title="bbox 221 280 3501 370">
    <p class='ocr_par' dir='ltr' id='par_1_1' title="bbox 221 280 3501 370">
     <span class='ocr_line' id='line_1_1' title="bbox 221 280 3501 370; baseline 0.005 -19"><span class='ocrx_word' id='word_1_1' title='bbox 221 280 281 335; x_wconf 74' lang='lat'><strong>21</strong></span> <span class='ocrx_word' id='word_1_2' title='bbox 1182 298 1716 359; x_wconf 66' lang='lat' dir='ltr'><strong>rnowcousna.</strong></span> <span class='ocrx_word' id='word_1_3' title='bbox 1753 331 1822 342; x_wconf 90' lang='grc'><strong><em>-</em></strong></span> <span class='ocrx_word' id='word_1_4' title='bbox 1858 300 2040 359; x_wconf 65' lang='lat' dir='ltr'><strong>acra</strong></span> <span class='ocrx_word' id='word_1_5' title='bbox 2080 300 2137 358; x_wconf 91' lang='lat' dir='ltr'><strong>s.</strong></span> <span class='ocrx_word' id='word_1_6' title='bbox 2180 302 2507 360; x_wconf 72' lang='lat' dir='ltr'><strong>cneconu</strong></span> <span class='ocrx_word' id='word_1_7' title='bbox 3431 312 3501 370; x_wconf 62' lang='grc' dir='ltr'><strong>εξ</strong></span> 
     </span>
    </p>
   </div>
   <div class='ocr_carea' id='block_1_2' title="bbox 223 394 3526 495">
    <p class='ocr_par' dir='ltr' id='par_1_2' title="bbox 223 394 3526 495">
     <span class='ocr_line' id='line_1_2' title="bbox 223 394 3526 495; baseline 0.009 -43"><span class='ocrx_word' id='word_1_8' title='bbox 223 394 627 495; x_wconf 67' lang='lat' dir='ltr'><strong>venerabilinm</strong></span> <span class='ocrx_word' id='word_1_9' title='bbox 676 398 936 458; x_wconf 76' lang='lat' dir='ltr'><strong>Fratrum</strong></span> <span class='ocrx_word' id='word_1_10' title='bbox 985 414 1300 463; x_wconf 91' lang='lat' dir='ltr'><strong>nostrorum</strong></span> <span class='ocrx_word' id='word_1_11' title='bbox 1349 408 1406 464; x_wconf 91' lang='lat' dir='ltr'><strong>S.</strong></span> <span class='ocrx_word' id='word_1_12' title='bbox 1455 408 1518 463; x_wconf 77' lang='grc' dir='ltr'><strong>Β.</strong></span> <span class='ocrx_word' id='word_1_13' title='bbox 1560 409 1817 467; x_wconf 63' lang='lat' dir='ltr'><strong>Ecclesiae</strong></span> <span class='ocrx_word' id='word_1_14' title='bbox 1845 414 2004 484; x_wconf 81' lang='lat' dir='ltr'><strong>Apie</strong></span> <span class='ocrx_word' id='word_1_15' title='bbox 2039 425 2095 472; x_wconf 91' lang='lat' dir='ltr'><strong>et</strong></span> <span class='ocrx_word' id='word_1_16' title='bbox 2143 418 2374 476; x_wconf 81' lang='lat' dir='ltr'><strong>fideliter</strong></span> <span class='ocrx_word' id='word_1_17' title='bbox 2423 419 2643 492; x_wconf 76' lang='lat' dir='ltr'><strong>exequi,</strong></span> <span class='ocrx_word' id='word_1_18' title='bbox 2697 420 3024 478; x_wconf 76' lang='lat' dir='ltr'><strong>auctoritate</strong></span> <span class='ocrx_word' id='word_1_19' title='bbox 3067 436 3178 493; x_wconf 88' lang='lat' dir='ltr'><strong>qua</strong></span> <span class='ocrx_word' id='word_1_20' title='bbox 3222 419 3526 495; x_wconf 81' lang='lat' dir='ltr'><strong>fungimur-</strong></span> 
     </span>
    </p>
   </div>
   <div class='ocr_carea' id='block_1_3' title="bbox 223 487 1814 574">
    <p class='ocr_par' dir='ltr' id='par_1_3' title="bbox 223 487 1814 574">
     <span class='ocr_line' id='line_1_3' title="bbox 223 487 1814 574; baseline 0.011 -32"><span class='ocrx_word' id='word_1_21' title='bbox 223 487 623 556; x_wconf 80' lang='lat' dir='ltr'><strong>Cardinalium,</strong></span> <span class='ocrx_word' id='word_1_22' title='bbox 671 494 848 549; x_wconf 85' lang='lat' dir='ltr'><strong>sacris</strong></span> <span class='ocrx_word' id='word_1_23' title='bbox 909 495 1121 553; x_wconf 79' lang='lat' dir='ltr'><strong>Bitibus</strong></span> <span class='ocrx_word' id='word_1_24' title='bbox 1160 497 1562 569; x_wconf 68' lang='lat' dir='ltr'><strong>przefectorum,</strong></span> <span class='ocrx_word' id='word_1_25' title='bbox 1613 496 1814 574; x_wconf 87' lang='lat' dir='ltr'><strong>quibus</strong></span> 
     </span>
    </p>
   </div>
   <div class='ocr_carea' id='block_1_4' title="bbox 227 579 1816 650">
    <p class='ocr_par' dir='ltr' id='par_1_4' title="bbox 227 579 1816 650">
     <span class='ocr_line' id='line_1_4' title="bbox 227 579 1816 650; baseline 0.012 -18"><span class='ocrx_word' id='word_1_26' title='bbox 227 594 333 632; x_wconf 88' lang='lat' dir='ltr'><strong>rem</strong></span> <span class='ocrx_word' id='word_1_27' title='bbox 361 579 800 638; x_wconf 81' lang='lat' dir='ltr'><strong>examinandam</strong></span> <span class='ocrx_word' id='word_1_28' title='bbox 827 594 881 640; x_wconf 88' lang='lat' dir='ltr'><strong>et</strong></span> <span class='ocrx_word' id='word_1_29' title='bbox 919 596 1132 645; x_wconf 88' lang='lat' dir='ltr'><strong>mature</strong></span> <span class='ocrx_word' id='word_1_30' title='bbox 1161 591 1560 648; x_wconf 80' lang='lat' dir='ltr'><strong>discutiendam</strong></span> <span class='ocrx_word' id='word_1_31' title='bbox 1586 597 1816 650; x_wconf 87' lang='lat' dir='ltr'><strong>commi-</strong></span> 
     </span>
    </p>
   </div>
   <div class='ocr_carea' id='block_1_5' title="bbox 228 673 1811 753">
    <p class='ocr_par' dir='ltr' id='par_1_5' title="bbox 228 673 1811 753">
     <span class='ocr_line' id='line_1_5' title="bbox 228 673 1811 753; baseline 0.011 -29"><span class='ocrx_word' id='word_1_32' title='bbox 228 673 390 726; x_wconf 87' lang='lat' dir='ltr'><strong>simus</strong></span> <span class='ocrx_word' id='word_1_33' title='bbox 423 675 690 739; x_wconf 91' lang='lat' dir='ltr'><strong>consilio,</strong></span> <span class='ocrx_word' id='word_1_34' title='bbox 724 678 930 733; x_wconf 84' lang='lat' dir='ltr'><strong>eisdem</strong></span> <span class='ocrx_word' id='word_1_35' title='bbox 961 688 1013 734; x_wconf 94' lang='lat' dir='ltr'><strong>et</strong></span> <span class='ocrx_word' id='word_1_36' title='bbox 1037 696 1136 751; x_wconf 89' lang='lat' dir='ltr'><strong>pro</strong></span> <span class='ocrx_word' id='word_1_37' title='bbox 1158 690 1400 753; x_wconf 91' lang='lat' dir='ltr'><strong>tempore</strong></span> <span class='ocrx_word' id='word_1_38' title='bbox 1434 684 1811 753; x_wconf 78' lang='lat' dir='ltr'><strong>existentibus,</strong></span> 
     </span>
    </p>
   </div>
   <div class='ocr_carea' id='block_1_6' title="bbox 229 764 1815 849">
    <p class='ocr_par' dir='ltr' id='par_1_6' title="bbox 229 764 1815 849">
     <span class='ocr_line' id='line_1_6' title="bbox 229 764 1815 849; baseline 0.011 -32"><span class='ocrx_word' id='word_1_39' title='bbox 229 764 653 837; x_wconf 80' lang='lat' dir='ltr'><strong>Arcbiepiscopo</strong></span> <span class='ocrx_word' id='word_1_40' title='bbox 700 767 1067 839; x_wconf 89' lang='lat' dir='ltr'><strong>Salernitano,</strong></span> <span class='ocrx_word' id='word_1_41' title='bbox 1107 789 1172 829; x_wconf 85' lang='lat' dir='ltr'><strong>ac</strong></span> <span class='ocrx_word' id='word_1_42' title='bbox 1213 774 1430 830; x_wconf 88' lang='lat' dir='ltr'><strong>Dccano</strong></span> <span class='ocrx_word' id='word_1_43' title='bbox 1465 785 1519 831; x_wconf 91' lang='lat' dir='ltr'><strong>et</strong></span> <span class='ocrx_word' id='word_1_44' title='bbox 1559 776 1815 849; x_wconf 86' lang='lat' dir='ltr'><strong>Capitqu</strong></span> 
     </span>
    </p>
   </div>
   <div class='ocr_carea' id='block_1_7' title="bbox 229 856 1812 933">
    <p class='ocr_par' dir='ltr' id='par_1_7' title="bbox 229 856 1812 933">
     <span class='ocr_line' id='line_1_7' title="bbox 229 856 1812 933; baseline 0.01 -22"><span class='ocrx_word' id='word_1_45' title='bbox 229 856 494 925; x_wconf 77' lang='lat' dir='ltr'><strong>Ecclesie,</strong></span> <span class='ocrx_word' id='word_1_46' title='bbox 519 869 576 913; x_wconf 87' lang='lat' dir='ltr'><strong>et</strong></span> <span class='ocrx_word' id='word_1_47' title='bbox 596 860 765 916; x_wconf 89' lang='lat' dir='ltr'><strong>Clero</strong></span> <span class='ocrx_word' id='word_1_48' title='bbox 788 861 1037 921; x_wconf 83' lang='lat' dir='ltr'><strong>Civitatis</strong></span> <span class='ocrx_word' id='word_1_49' title='bbox 1057 857 1445 933; x_wconf 80' lang='lat' dir='ltr'><strong>Salernitame,</strong></span> <span class='ocrx_word' id='word_1_50' title='bbox 1482 878 1542 924; x_wconf 93' lang='lat' dir='ltr'><strong>ut</strong></span> <span class='ocrx_word' id='word_1_51' title='bbox 1566 868 1812 927; x_wconf 84' lang='lat' dir='ltr'><strong>OlIicium</strong></span> 
     </span>
    </p>
   </div>
   <div class='ocr_carea' id='block_1_8' title="bbox 229 949 1811 1031">
    <p class='ocr_par' dir='ltr' id='par_1_8' title="bbox 229 949 1811 1031">
     <span class='ocr_line' id='line_1_8' title="bbox 229 949 1811 1031; baseline 0.01 -28"><span class='ocrx_word' id='word_1_52' title='bbox 229 949 536 1019; x_wconf 67' lang='lat' dir='ltr'><strong>praedictum</strong></span> <span class='ocrx_word' id='word_1_53' title='bbox 562 968 694 1006; x_wconf 91' lang='lat' dir='ltr'><strong>cum</strong></span> <span class='ocrx_word' id='word_1_54' title='bbox 734 952 901 1012; x_wconf 74' lang='lat' dir='ltr'><strong>Missa</strong></span> <span class='ocrx_word' id='word_1_55' title='bbox 923 956 988 1011; x_wconf 84' lang='lat' dir='ltr'><strong>de</strong></span> <span class='ocrx_word' id='word_1_56' title='bbox 1007 959 1285 1013; x_wconf 88' lang='lat' dir='ltr'><strong>communi</strong></span> <span class='ocrx_word' id='word_1_57' title='bbox 1316 961 1480 1016; x_wconf 91' lang='lat' dir='ltr'><strong>unius</strong></span> <span class='ocrx_word' id='word_1_58' title='bbox 1511 960 1811 1031; x_wconf 82' lang='lat' dir='ltr'><strong>Pontiﬁcis,</strong></span> 
     </span>
    </p>
   </div>
   <div class='ocr_carea' id='block_1_9' title="bbox 230 1039 1812 1113">
    <p class='ocr_par' dir='ltr' id='par_1_9' title="bbox 230 1039 1812 1113">
     <span class='ocr_line' id='line_1_9' title="bbox 230 1039 1812 1113; baseline 0.011 -19"><span class='ocrx_word' id='word_1_59' title='bbox 230 1056 341 1095; x_wconf 89' lang='lat' dir='ltr'><strong>cum</strong></span> <span class='ocrx_word' id='word_1_60' title='bbox 387 1039 780 1113; x_wconf 66' lang='lat' dir='ltr'><strong>0.‘ationibus,</strong></span> <span class='ocrx_word' id='word_1_61' title='bbox 803 1056 856 1102; x_wconf 88' lang='lat' dir='ltr'><strong>et</strong></span> <span class='ocrx_word' id='word_1_62' title='bbox 893 1046 1242 1106; x_wconf 83' lang='lat' dir='ltr'><strong>Lectionibus</strong></span> <span class='ocrx_word' id='word_1_63' title='bbox 1286 1054 1509 1108; x_wconf 87' lang='lat' dir='ltr'><strong>secundi</strong></span> <span class='ocrx_word' id='word_1_64' title='bbox 1548 1052 1812 1112; x_wconf 83' lang='lat' dir='ltr'><strong>Nocturni</strong></span> 
     </span>
    </p>
   </div>
   <div class='ocr_carea' id='block_1_10' title="bbox 230 1134 1811 1220">
    <p class='ocr_par' dir='ltr' id='par_1_10' title="bbox 230 1134 1811 1220">
     <span class='ocr_line' id='line_1_10' title="bbox 230 1134 1811 1220; baseline 0.011 -34"><span class='ocrx_word' id='word_1_65' title='bbox 230 1134 469 1203; x_wconf 75' lang='lat' dir='ltr'><strong>propriis,</strong></span> <span class='ocrx_word' id='word_1_66' title='bbox 519 1134 701 1192; x_wconf 76' lang='lat' dir='ltr'><strong>Annis</strong></span> <span class='ocrx_word' id='word_1_67' title='bbox 735 1138 984 1209; x_wconf 83' lang='lat' dir='ltr'><strong>singulis,</strong></span> <span class='ocrx_word' id='word_1_68' title='bbox 1026 1149 1137 1196; x_wconf 90' lang='lat' dir='ltr'><strong>tam</strong></span> <span class='ocrx_word' id='word_1_69' title='bbox 1175 1144 1421 1213; x_wconf 83' lang='lat' dir='ltr'><strong>ejusdem</strong></span> <span class='ocrx_word' id='word_1_70' title='bbox 1463 1144 1523 1201; x_wconf 83' lang='grc' dir='ltr'><strong>Β.</strong></span> <span class='ocrx_word' id='word_1_71' title='bbox 1567 1144 1811 1220; x_wconf 81' lang='lat' dir='ltr'><strong>Gregorii</strong></span> 
     </span>
    </p>
   </div>
   <div class='ocr_carea' id='block_1_11' title="bbox 227 1225 1813 1305">
    <p class='ocr_par' dir='ltr' id='par_1_11' title="bbox 227 1225 1813 1305">
     <span class='ocr_line' id='line_1_11' title="bbox 227 1225 1813 1305; baseline 0.013 -29"><span class='ocrx_word' id='word_1_72' title='bbox 227 1240 376 1294; x_wconf 82' lang='lat' dir='ltr'><strong>quam</strong></span> <span class='ocrx_word' id='word_1_73' title='bbox 406 1226 534 1296; x_wconf 89' lang='lat' dir='ltr'><strong>ejus</strong></span> <span class='ocrx_word' id='word_1_74' title='bbox 565 1225 972 1287; x_wconf 69' lang='lat' dir='ltr'><strong>Translationis</strong></span> <span class='ocrx_word' id='word_1_75' title='bbox 1006 1234 1198 1290; x_wconf 88' lang='lat' dir='ltr'><strong>diebus</strong></span> <span class='ocrx_word' id='word_1_76' title='bbox 1222 1234 1396 1305; x_wconf 81' lang='lat' dir='ltr'><strong>festis,</strong></span> <span class='ocrx_word' id='word_1_77' title='bbox 1426 1239 1529 1294; x_wconf 87' lang='lat' dir='ltr'><strong>sub</strong></span> <span class='ocrx_word' id='word_1_78' title='bbox 1555 1239 1662 1294; x_wconf 88' lang='lat' dir='ltr'><strong>ritu</strong></span> <span class='ocrx_word' id='word_1_79' title='bbox 1716 1242 1813 1297; x_wconf 92' lang='lat' dir='ltr'><strong>du-</strong></span> 
     </span>
    </p>
   </div>
   <div class='ocr_carea' id='block_1_12' title="bbox 230 1316 1811 1401">
    <p class='ocr_par' dir='ltr' id='par_1_12' title="bbox 230 1316 1811 1401">
     <span class='ocr_line' id='line_1_12' title="bbox 230 1316 1811 1401; baseline 0.013 -32"><span class='ocrx_word' id='word_1_80' title='bbox 230 1316 337 1385; x_wconf 62' lang='lat' dir='ltr'><strong>plici</strong></span> <span class='ocrx_word' id='word_1_81' title='bbox 371 1319 612 1374; x_wconf 79' lang='lat' dir='ltr'><strong>recitare</strong></span> <span class='ocrx_word' id='word_1_82' title='bbox 634 1320 809 1378; x_wconf 85' lang='lat' dir='ltr'><strong>libere</strong></span> <span class='ocrx_word' id='word_1_83' title='bbox 832 1333 885 1379; x_wconf 90' lang='lat' dir='ltr'><strong>et</strong></span> <span class='ocrx_word' id='word_1_84' title='bbox 925 1326 1068 1381; x_wconf 86' lang='lat' dir='ltr'><strong>licite</strong></span> <span class='ocrx_word' id='word_1_85' title='bbox 1089 1328 1324 1395; x_wconf 89' lang='lat' dir='ltr'><strong>valeant,</strong></span> <span class='ocrx_word' id='word_1_86' title='bbox 1360 1330 1671 1401; x_wconf 83' lang='lat' dir='ltr'><strong>Apostolica</strong></span> <span class='ocrx_word' id='word_1_87' title='bbox 1712 1350 1811 1389; x_wconf 81' lang='lat' dir='ltr'><strong>au-</strong></span> 
     </span>
    </p>
   </div>
   <div class='ocr_carea' id='block_1_13' title="bbox 228 1408 1812 1490">
    <p class='ocr_par' dir='ltr' id='par_1_13' title="bbox 228 1408 1812 1490">
     <span class='ocr_line' id='line_1_13' title="bbox 228 1408 1812 1490; baseline 0.013 -30"><span class='ocrx_word' id='word_1_88' title='bbox 228 1408 460 1465; x_wconf 80' lang='lat' dir='ltr'><strong>ctoritate</strong></span> <span class='ocrx_word' id='word_1_89' title='bbox 484 1420 679 1467; x_wconf 89' lang='lat' dir='ltr'><strong>tenore</strong></span> <span class='ocrx_word' id='word_1_90' title='bbox 709 1417 1080 1485; x_wconf 69' lang='lat' dir='ltr'><strong>praesentium,</strong></span> <span class='ocrx_word' id='word_1_91' title='bbox 1112 1430 1429 1490; x_wconf 85' lang='lat' dir='ltr'><strong>perpetuam</strong></span> <span class='ocrx_word' id='word_1_92' title='bbox 1459 1424 1732 1480; x_wconf 73' lang='lat' dir='ltr'><strong>licentiam</strong></span> <span class='ocrx_word' id='word_1_93' title='bbox 1757 1435 1812 1481; x_wconf 90' lang='lat' dir='ltr'><strong>et</strong></span> 
     </span>
    </p>
   </div>
   <div class='ocr_carea' id='block_1_14' title="bbox 228 1499 1811 1581">
    <p class='ocr_par' dir='ltr' id='par_1_14' title="bbox 228 1499 1811 1581">
     <span class='ocr_line' id='line_1_14' title="bbox 228 1499 1811 1581; baseline 0.015 -29"><span class='ocrx_word' id='word_1_94' title='bbox 228 1499 529 1557; x_wconf 81' lang='lat' dir='ltr'><strong>facultatem</strong></span> <span class='ocrx_word' id='word_1_95' title='bbox 557 1507 920 1564; x_wconf 82' lang='lat' dir='ltr'><strong>concedimus</strong></span> <span class='ocrx_word' id='word_1_96' title='bbox 944 1517 999 1564; x_wconf 93' lang='lat' dir='ltr'><strong>et</strong></span> <span class='ocrx_word' id='word_1_97' title='bbox 1020 1511 1397 1581; x_wconf 89' lang='lat' dir='ltr'><strong>impertimur:</strong></span> <span class='ocrx_word' id='word_1_98' title='bbox 1434 1531 1543 1570; x_wconf 75' lang='lat' dir='ltr'><strong>non</strong></span> <span class='ocrx_word' id='word_1_99' title='bbox 1582 1518 1811 1574; x_wconf 63' lang='lat' dir='ltr'><strong>obstan«</strong></span> 
     </span>
    </p>
   </div>
   <div class='ocr_carea' id='block_1_15' title="bbox 228 1591 1808 1679">
    <p class='ocr_par' dir='ltr' id='par_1_15' title="bbox 228 1591 1808 1679">
     <span class='ocr_line' id='line_1_15' title="bbox 228 1591 1808 1679; baseline 0.016 -36"><span class='ocrx_word' id='word_1_100' title='bbox 228 1591 359 1649; x_wconf 87' lang='lat' dir='ltr'><strong>tibus</strong></span> <span class='ocrx_word' id='word_1_101' title='bbox 387 1595 891 1655; x_wconf 62' lang='lat' dir='ltr'><strong>constitutionibus</strong></span> <span class='ocrx_word' id='word_1_102' title='bbox 916 1609 971 1655; x_wconf 86' lang='lat' dir='ltr'><strong>et</strong></span> <span class='ocrx_word' id='word_1_103' title='bbox 1003 1603 1443 1663; x_wconf 84' lang='lat' dir='ltr'><strong>ordinationibus</strong></span> <span class='ocrx_word' id='word_1_104' title='bbox 1474 1608 1808 1679; x_wconf 79' lang='lat' dir='ltr'><strong>Apostolicis</strong></span> 
     </span>
    </p>
   </div>
   <div class='ocr_carea' id='block_1_16' title="bbox 227 1685 1805 1765">
    <p class='ocr_par' dir='ltr' id='par_1_16' title="bbox 227 1685 1805 1765">
     <span class='ocr_line' id='line_1_16' title="bbox 227 1685 1805 1765; baseline 0.016 -30"><span class='ocrx_word' id='word_1_105' title='bbox 227 1697 313 1737; x_wconf 85' lang='lat' dir='ltr'><strong>nec</strong></span> <span class='ocrx_word' id='word_1_106' title='bbox 349 1700 458 1739; x_wconf 91' lang='lat' dir='ltr'><strong>non</strong></span> <span class='ocrx_word' id='word_1_107' title='bbox 483 1685 549 1739; x_wconf 91' lang='lat' dir='ltr'><strong>D.</strong></span> <span class='ocrx_word' id='word_1_108' title='bbox 611 1686 891 1758; x_wconf 65' lang='lat' dir='ltr'><strong>Ecclesiae,</strong></span> <span class='ocrx_word' id='word_1_109' title='bbox 945 1693 1109 1748; x_wconf 85' lang='lat' dir='ltr'><strong>etiam</strong></span> <span class='ocrx_word' id='word_1_110' title='bbox 1146 1693 1466 1765; x_wconf 86' lang='lat' dir='ltr'><strong>juramenti,</strong></span> <span class='ocrx_word' id='word_1_111' title='bbox 1509 1703 1805 1759; x_wconf 72' lang='lat' dir='ltr'><strong>cont‘u&#39;ma-</strong></span> 
     </span>
    </p>
   </div>
   <div class='ocr_carea' id='block_1_17' title="bbox 1915 510 3505 584">
    <p class='ocr_par' dir='ltr' id='par_1_17' title="bbox 1915 510 3505 584">
     <span class='ocr_line' id='line_1_17' title="bbox 1915 510 3505 584; baseline 0.006 -23"><span class='ocrx_word' id='word_1_112' title='bbox 1915 510 2240 567; x_wconf 85' lang='lat' dir='ltr'><strong>mandamus</strong></span> <span class='ocrx_word' id='word_1_113' title='bbox 2284 521 2447 583; x_wconf 88' lang='lat' dir='ltr'><strong>atque</strong></span> <span class='ocrx_word' id='word_1_114' title='bbox 2499 513 2843 584; x_wconf 68' lang='lat' dir='ltr'><strong>praecipimus</strong></span> <span class='ocrx_word' id='word_1_115' title='bbox 2896 514 3109 571; x_wconf 85' lang='lat' dir='ltr'><strong>dilectis</strong></span> <span class='ocrx_word' id='word_1_116' title='bbox 3153 515 3208 570; x_wconf 93' lang='lat' dir='ltr'><strong>in</strong></span> <span class='ocrx_word' id='word_1_117' title='bbox 3281 513 3505 571; x_wconf 85' lang='lat' dir='ltr'><strong>Christo</strong></span> 
     </span>
    </p>
   </div>
   <div class='ocr_carea' id='block_1_18' title="bbox 1915 598 3502 674">
    <p class='ocr_par' dir='ltr' id='par_1_18' title="bbox 1915 598 3502 674">
     <span class='ocr_line' id='line_1_18' title="bbox 1915 598 3502 674; baseline 0.006 -20"><span class='ocrx_word' id='word_1_118' title='bbox 1915 598 2064 666; x_wconf 82' lang='lat' dir='ltr'><strong>ﬁliis,</strong></span> <span class='ocrx_word' id='word_1_119' title='bbox 2082 601 2336 673; x_wconf 86' lang='lat' dir='ltr'><strong>Capitulo</strong></span> <span class='ocrx_word' id='word_1_120' title='bbox 2366 604 2591 660; x_wconf 87' lang='lat' dir='ltr'><strong>ctClero</strong></span> <span class='ocrx_word' id='word_1_121' title='bbox 2611 605 2849 662; x_wconf 75' lang='lat' dir='ltr'><strong>civitatis</strong></span> <span class='ocrx_word' id='word_1_122' title='bbox 2877 615 3082 662; x_wconf 74' lang='lat' dir='ltr'><strong>nostra:</strong></span> <span class='ocrx_word' id='word_1_123' title='bbox 3120 604 3502 674; x_wconf 69' lang='lat' dir='ltr'><strong>Salernitanm,</strong></span> 
     </span>
    </p>
   </div>
   <div class='ocr_carea' id='block_1_19' title="bbox 1915 695 3503 770">
    <p class='ocr_par' dir='ltr' id='par_1_19' title="bbox 1915 695 3503 770">
     <span class='ocr_line' id='line_1_19' title="bbox 1915 695 3503 770; baseline 0.006 -25"><span class='ocrx_word' id='word_1_124' title='bbox 1915 699 1976 746; x_wconf 92' lang='lat' dir='ltr'><strong>ut</strong></span> <span class='ocrx_word' id='word_1_125' title='bbox 2005 695 2333 763; x_wconf 87' lang='lat' dir='ltr'><strong>quotannis,</strong></span> <span class='ocrx_word' id='word_1_126' title='bbox 2378 696 2536 767; x_wconf 77' lang='lat' dir='ltr'><strong>juxta</strong></span> <span class='ocrx_word' id='word_1_127' title='bbox 2581 698 2993 752; x_wconf 88' lang='lat' dir='ltr'><strong>commemorati</strong></span> <span class='ocrx_word' id='word_1_128' title='bbox 3047 697 3360 770; x_wconf 89' lang='lat' dir='ltr'><strong>diplomatis</strong></span> <span class='ocrx_word' id='word_1_129' title='bbox 3415 714 3503 754; x_wconf 85' lang='lat' dir='ltr'><strong>se.-</strong></span> 
     </span>
    </p>
   </div>
   <div class='ocr_carea' id='block_1_20' title="bbox 1914 784 3504 862">
    <p class='ocr_par' dir='ltr' id='par_1_20' title="bbox 1914 784 3504 862">
     <span class='ocr_line' id='line_1_20' title="bbox 1914 784 3504 862; baseline 0.006 -24"><span class='ocrx_word' id='word_1_130' title='bbox 1914 784 2075 852; x_wconf 91' lang='lat' dir='ltr'><strong>riem,</strong></span> <span class='ocrx_word' id='word_1_131' title='bbox 2108 794 2218 840; x_wconf 89' lang='lat' dir='ltr'><strong>tam</strong></span> <span class='ocrx_word' id='word_1_132' title='bbox 2249 787 2304 841; x_wconf 93' lang='lat' dir='ltr'><strong>in</strong></span> <span class='ocrx_word' id='word_1_133' title='bbox 2326 786 2597 846; x_wconf 83' lang='lat' dir='ltr'><strong>Natalitiis</strong></span> <span class='ocrx_word' id='word_1_134' title='bbox 2629 788 2685 845; x_wconf 87' lang='lat' dir='ltr'><strong>S.</strong></span> <span class='ocrx_word' id='word_1_135' title='bbox 2713 787 2959 862; x_wconf 74' lang='lat' dir='ltr'><strong>Gregorii</strong></span> <span class='ocrx_word' id='word_1_136' title='bbox 2978 789 3134 862; x_wconf 75' lang='lat' dir='ltr'><strong>Papa:</strong></span> <span class='ocrx_word' id='word_1_137' title='bbox 3161 789 3504 848; x_wconf 83' lang='lat' dir='ltr'><strong>celebrandis</strong></span> 
     </span>
    </p>
   </div>
   <div class='ocr_carea' id='block_1_21' title="bbox 1913 864 3587 959">
    <p class='ocr_par' dir='ltr' id='par_1_21' title="bbox 1913 864 3587 959">
     <span class='ocr_line' id='line_1_21' title="bbox 1913 864 3587 959; baseline 0.002 -26"><span class='ocrx_word' id='word_1_138' title='bbox 1913 876 2000 933; x_wconf 90' lang='lat' dir='ltr'><strong>die</strong></span> <span class='ocrx_word' id='word_1_139' title='bbox 2047 876 2119 932; x_wconf 74' lang='lat'><strong>25</strong></span> <span class='ocrx_word' id='word_1_140' title='bbox 2189 880 2396 959; x_wconf 82' lang='lat' dir='ltr'><strong>mensis</strong></span> <span class='ocrx_word' id='word_1_141' title='bbox 2437 880 2563 936; x_wconf 72' lang='lat' dir='ltr'><strong>Maii</strong></span> <span class='ocrx_word' id='word_1_142' title='bbox 2612 864 2777 951; x_wconf 81' lang='lat' dir='ltr'><strong>quam</strong></span> <span class='ocrx_word' id='word_1_143' title='bbox 2822 880 2880 934; x_wconf 92' lang='lat' dir='ltr'><strong>in</strong></span> <span class='ocrx_word' id='word_1_144' title='bbox 2928 878 3070 936; x_wconf 78' lang='lat' dir='ltr'><strong>festo</strong></span> <span class='ocrx_word' id='word_1_145' title='bbox 3099 881 3501 936; x_wconf 85' lang='lat' dir='ltr'><strong>Translationis</strong></span> <span class='ocrx_word' id='word_1_146' title='bbox 3576 953 3587 959; x_wconf 31' lang='lat'><strong><em>.</em></strong></span> 
     </span>
    </p>
   </div>
   <div class='ocr_carea' id='block_1_22' title="bbox 1913 958 3503 1041">
    <p class='ocr_par' dir='ltr' id='par_1_22' title="bbox 1913 958 3503 1041">
     <span class='ocr_line' id='line_1_22' title="bbox 1913 958 3503 1041; baseline 0.002 -19"><span class='ocrx_word' id='word_1_147' title='bbox 1913 958 2158 1041; x_wconf 85' lang='lat' dir='ltr'><strong>ejusdem</strong></span> <span class='ocrx_word' id='word_1_148' title='bbox 2204 958 2529 1028; x_wconf 82' lang='lat' dir='ltr'><strong>celebrando</strong></span> <span class='ocrx_word' id='word_1_149' title='bbox 2563 972 2651 1027; x_wconf 89' lang='lat' dir='ltr'><strong>die</strong></span> <span class='ocrx_word' id='word_1_150' title='bbox 2678 973 2710 1027; x_wconf 71' lang='grc'><strong>1</strong></span> <span class='ocrx_word' id='word_1_151' title='bbox 2738 971 2946 1027; x_wconf 87' lang='lat' dir='ltr'><strong>mensis</strong></span> <span class='ocrx_word' id='word_1_152' title='bbox 2991 972 3140 1039; x_wconf 82' lang='lat' dir='ltr'><strong>Maii,</strong></span> <span class='ocrx_word' id='word_1_153' title='bbox 3193 971 3417 1029; x_wconf 82' lang='lat' dir='ltr'><strong>Missam</strong></span> <span class='ocrx_word' id='word_1_154' title='bbox 3447 981 3503 1026; x_wconf 87' lang='lat' dir='ltr'><strong>ct</strong></span> 
     </span>
    </p>
   </div>
   <div class='ocr_carea' id='block_1_23' title="bbox 1915 1060 3499 1137">
    <p class='ocr_par' dir='ltr' id='par_1_23' title="bbox 1915 1060 3499 1137">
     <span class='ocr_line' id='line_1_23' title="bbox 1915 1060 3499 1137; baseline 0.003 -21"><span class='ocrx_word' id='word_1_155' title='bbox 1915 1060 2163 1119; x_wconf 83' lang='lat' dir='ltr'><strong>Oﬂicium</strong></span> <span class='ocrx_word' id='word_1_156' title='bbox 2202 1066 2482 1136; x_wconf 91' lang='lat' dir='ltr'><strong>proprium</strong></span> <span class='ocrx_word' id='word_1_157' title='bbox 2538 1066 2642 1120; x_wconf 91' lang='lat' dir='ltr'><strong>sub</strong></span> <span class='ocrx_word' id='word_1_158' title='bbox 2688 1066 2890 1137; x_wconf 89' lang='lat' dir='ltr'><strong>duplici</strong></span> <span class='ocrx_word' id='word_1_159' title='bbox 2945 1062 3077 1132; x_wconf 89' lang='lat' dir='ltr'><strong>ritu,</strong></span> <span class='ocrx_word' id='word_1_160' title='bbox 3110 1075 3303 1120; x_wconf 92' lang='lat' dir='ltr'><strong>nostro</strong></span> <span class='ocrx_word' id='word_1_161' title='bbox 3337 1066 3499 1136; x_wconf 87' lang='lat' dir='ltr'><strong>jussu</strong></span> 
     </span>
    </p>
   </div>
   <div class='ocr_carea' id='block_1_24' title="bbox 1912 1156 3502 1229">
    <p class='ocr_par' dir='ltr' id='par_1_24' title="bbox 1912 1156 3502 1229">
     <span class='ocr_line' id='line_1_24' title="bbox 1912 1156 3502 1229; baseline 0 -18"><span class='ocrx_word' id='word_1_162' title='bbox 1912 1156 2056 1227; x_wconf 83' lang='lat' dir='ltr'><strong>typis</strong></span> <span class='ocrx_word' id='word_1_163' title='bbox 2089 1172 2313 1223; x_wconf 77' lang='lat' dir='ltr'><strong>excusa,</strong></span> <span class='ocrx_word' id='word_1_164' title='bbox 2344 1167 2471 1229; x_wconf 87' lang='lat' dir='ltr'><strong>post</strong></span> <span class='ocrx_word' id='word_1_165' title='bbox 2498 1158 2601 1215; x_wconf 88' lang='lat' dir='ltr'><strong>hac</strong></span> <span class='ocrx_word' id='word_1_166' title='bbox 2630 1158 2699 1213; x_wconf 90' lang='lat' dir='ltr'><strong>ad</strong></span> <span class='ocrx_word' id='word_1_167' title='bbox 2745 1158 2917 1228; x_wconf 89' lang='lat' dir='ltr'><strong>ipsius</strong></span> <span class='ocrx_word' id='word_1_168' title='bbox 2954 1157 3177 1229; x_wconf 74' lang='lat' dir='ltr'><strong>gloriosi</strong></span> <span class='ocrx_word' id='word_1_169' title='bbox 3218 1156 3502 1214; x_wconf 80' lang='lat' dir='ltr'><strong>Pontiﬁcis</strong></span> 
     </span>
    </p>
   </div>
   <div class='ocr_carea' id='block_1_25' title="bbox 1913 1249 3501 1320">
    <p class='ocr_par' dir='ltr' id='par_1_25' title="bbox 1913 1249 3501 1320">
     <span class='ocr_line' id='line_1_25' title="bbox 1913 1249 3501 1320; baseline -0.001 -16"><span class='ocrx_word' id='word_1_170' title='bbox 1913 1250 2178 1306; x_wconf 90' lang='lat' dir='ltr'><strong>honorem</strong></span> <span class='ocrx_word' id='word_1_171' title='bbox 2208 1259 2428 1307; x_wconf 87' lang='lat' dir='ltr'><strong>cantare</strong></span> <span class='ocrx_word' id='word_1_172' title='bbox 2458 1251 2545 1306; x_wconf 91' lang='lat' dir='ltr'><strong>vel</strong></span> <span class='ocrx_word' id='word_1_173' title='bbox 2584 1251 2817 1307; x_wconf 82' lang='lat' dir='ltr'><strong>recitare</strong></span> <span class='ocrx_word' id='word_1_174' title='bbox 2838 1258 3148 1305; x_wconf 82' lang='lat' dir='ltr'><strong>teneantur.</strong></span> <span class='ocrx_word' id='word_1_175' title='bbox 3175 1249 3233 1304; x_wconf 95' lang='lat' dir='ltr'><strong>Si</strong></span> <span class='ocrx_word' id='word_1_176' title='bbox 3254 1249 3377 1320; x_wconf 83' lang='lat' dir='ltr'><strong>quis</strong></span> <span class='ocrx_word' id='word_1_177' title='bbox 3401 1266 3501 1304; x_wconf 85' lang='lat' dir='ltr'><strong>au-</strong></span> 
     </span>
    </p>
   </div>
   <div class='ocr_carea' id='block_1_26' title="bbox 1914 1341 3502 1413">
    <p class='ocr_par' dir='ltr' id='par_1_26' title="bbox 1914 1341 3502 1413">
     <span class='ocr_line' id='line_1_26' title="bbox 1914 1341 3502 1413; baseline -0.003 -14"><span class='ocrx_word' id='word_1_178' title='bbox 1914 1354 2019 1399; x_wconf 90' lang='lat' dir='ltr'><strong>tem</strong></span> <span class='ocrx_word' id='word_1_179' title='bbox 2042 1344 2171 1398; x_wconf 83' lang='lat' dir='ltr'><strong>huic</strong></span> <span class='ocrx_word' id='word_1_180' title='bbox 2203 1351 2404 1399; x_wconf 73' lang='lat' dir='ltr'><strong>nostrze</strong></span> <span class='ocrx_word' id='word_1_181' title='bbox 2433 1358 2651 1413; x_wconf 81' lang='lat' dir='ltr'><strong>semper</strong></span> <span class='ocrx_word' id='word_1_182' title='bbox 2690 1342 2938 1398; x_wconf 77' lang='lat' dir='ltr'><strong>valitura:</strong></span> <span class='ocrx_word' id='word_1_183' title='bbox 2980 1341 3362 1397; x_wconf 83' lang='lat' dir='ltr'><strong>constitutioni</strong></span> <span class='ocrx_word' id='word_1_184' title='bbox 3405 1357 3502 1411; x_wconf 76' lang='lat' dir='ltr'><strong>pa-</strong></span> 
     </span>
    </p>
   </div>
   <div class='ocr_carea' id='block_1_27' title="bbox 1910 1434 3503 1507">
    <p class='ocr_par' dir='ltr' id='par_1_27' title="bbox 1910 1434 3503 1507">
     <span class='ocr_line' id='line_1_27' title="bbox 1910 1434 3503 1507; baseline -0.002 -17"><span class='ocrx_word' id='word_1_185' title='bbox 1910 1450 2031 1491; x_wconf 88' lang='lat' dir='ltr'><strong>rcre</strong></span> <span class='ocrx_word' id='word_1_186' title='bbox 2061 1435 2471 1507; x_wconf 83' lang='lat' dir='ltr'><strong>contempserit,</strong></span> <span class='ocrx_word' id='word_1_187' title='bbox 2535 1435 2582 1490; x_wconf 90' lang='lat' dir='ltr'><strong>is</strong></span> <span class='ocrx_word' id='word_1_188' title='bbox 2630 1434 2850 1505; x_wconf 73' lang='lat' dir='ltr'><strong>quidem</strong></span> <span class='ocrx_word' id='word_1_189' title='bbox 2892 1434 3160 1506; x_wconf 80' lang='lat' dir='ltr'><strong>gravioris</strong></span> <span class='ocrx_word' id='word_1_190' title='bbox 3186 1435 3358 1505; x_wconf 75' lang='lat' dir='ltr'><strong>culpa:</strong></span> <span class='ocrx_word' id='word_1_191' title='bbox 3380 1435 3503 1488; x_wconf 86' lang='lat' dir='ltr'><strong>vin-</strong></span> 
     </span>
    </p>
   </div>
   <div class='ocr_carea' id='block_1_28' title="bbox 1909 1526 3499 1598">
    <p class='ocr_par' dir='ltr' id='par_1_28' title="bbox 1909 1526 3499 1598">
     <span class='ocr_line' id='line_1_28' title="bbox 1909 1526 3499 1598; baseline -0.003 -13"><span class='ocrx_word' id='word_1_192' title='bbox 1909 1528 2034 1585; x_wconf 88' lang='lat' dir='ltr'><strong>culo</strong></span> <span class='ocrx_word' id='word_1_193' title='bbox 2070 1528 2213 1598; x_wconf 88' lang='lat' dir='ltr'><strong>apud</strong></span> <span class='ocrx_word' id='word_1_194' title='bbox 2259 1528 2601 1583; x_wconf 75' lang='lat' dir='ltr'><strong>tremendum</strong></span> <span class='ocrx_word' id='word_1_195' title='bbox 2657 1527 2752 1582; x_wconf 91' lang='lat' dir='ltr'><strong>Dei</strong></span> <span class='ocrx_word' id='word_1_196' title='bbox 2796 1527 3188 1598; x_wconf 82' lang='lat' dir='ltr'><strong>omnipotentis</strong></span> <span class='ocrx_word' id='word_1_197' title='bbox 3236 1526 3499 1583; x_wconf 82' lang='lat' dir='ltr'><strong>Tribunal</strong></span> 
     </span>
    </p>
   </div>
   <div class='ocr_carea' id='block_1_29' title="bbox 1910 1618 3529 1692">
    <p class='ocr_par' dir='ltr' id='par_1_29' title="bbox 1910 1618 3529 1692">
     <span class='ocr_line' id='line_1_29' title="bbox 1910 1618 3529 1692; baseline 0 -17"><span class='ocrx_word' id='word_1_198' title='bbox 1910 1635 2032 1677; x_wconf 87' lang='lat' dir='ltr'><strong>sese</strong></span> <span class='ocrx_word' id='word_1_199' title='bbox 2060 1620 2273 1676; x_wconf 85' lang='lat' dir='ltr'><strong>noverit</strong></span> <span class='ocrx_word' id='word_1_200' title='bbox 2300 1621 2591 1692; x_wconf 71' lang='lat' dir='ltr'><strong>illigatum,</strong></span> <span class='ocrx_word' id='word_1_201' title='bbox 2630 1619 2827 1675; x_wconf 84' lang='lat' dir='ltr'><strong>Datum</strong></span> <span class='ocrx_word' id='word_1_202' title='bbox 2860 1619 3104 1686; x_wconf 88' lang='lat' dir='ltr'><strong>Salerni,</strong></span> <span class='ocrx_word' id='word_1_203' title='bbox 3132 1619 3193 1674; x_wconf 85' lang='grc'><strong>11</strong></span> <span class='ocrx_word' id='word_1_204' title='bbox 3256 1619 3370 1674; x_wconf 77' lang='lat' dir='ltr'><strong>Kal.</strong></span> <span class='ocrx_word' id='word_1_205' title='bbox 3409 1618 3529 1678; x_wconf 56' lang='lat' dir='ltr'><strong>Seu</strong></span> 
     </span>
    </p>
   </div>
   <div class='ocr_carea' id='block_1_30' title="bbox 1908 1713 2460 1782">
    <p class='ocr_par' dir='ltr' id='par_1_30' title="bbox 1908 1713 2460 1782">
     <span class='ocr_line' id='line_1_30' title="bbox 1908 1713 2460 1782; baseline -0.005 -13"><span class='ocrx_word' id='word_1_206' title='bbox 1908 1714 2196 1782; x_wconf 87' lang='lat' dir='ltr'><strong>ptembris,</strong></span> <span class='ocrx_word' id='word_1_207' title='bbox 2232 1713 2389 1767; x_wconf 80' lang='grc'><strong>1610.</strong></span> <span class='ocrx_word' id='word_1_208' title='bbox 2441 1735 2460 1765; x_wconf 76' lang='grc' dir='ltr'><strong><em>ι</em></strong></span> 
     </span>
    </p>
   </div>
   <div class='ocr_carea' id='block_1_31' title="bbox 226 1762 3509 1876">
    <p class='ocr_par' dir='ltr' id='par_1_31' title="bbox 226 1762 3509 1876">
     <span class='ocr_line' id='line_1_31' title="bbox 226 1762 3509 1876; baseline 0.01 -50"><span class='ocrx_word' id='word_1_209' title='bbox 226 1772 355 1828; x_wconf 84' lang='lat' dir='ltr'><strong>tione</strong></span> <span class='ocrx_word' id='word_1_210' title='bbox 386 1775 732 1847; x_wconf 76' lang='lat' dir='ltr'><strong>Apostolica,</strong></span> <span class='ocrx_word' id='word_1_211' title='bbox 773 1781 856 1836; x_wconf 84' lang='lat' dir='ltr'><strong>vel</strong></span> <span class='ocrx_word' id='word_1_212' title='bbox 879 1784 1072 1852; x_wconf 83' lang='lat' dir='ltr'><strong>quavis</strong></span> <span class='ocrx_word' id='word_1_213' title='bbox 1096 1786 1351 1843; x_wconf 77' lang='lat' dir='ltr'><strong>ﬁrmitate</strong></span> <span class='ocrx_word' id='word_1_214' title='bbox 1374 1790 1479 1844; x_wconf 88' lang='lat' dir='ltr'><strong>olia</strong></span> <span class='ocrx_word' id='word_1_215' title='bbox 1510 1793 1800 1863; x_wconf 86' lang='lat' dir='ltr'><strong>roboratis,</strong></span> <span class='ocrx_word' id='word_1_216' title='bbox 1839 1762 1881 1817; x_wconf 79' lang='grc' dir='ltr'>Β</span> <span class='ocrx_word' id='word_1_217' title='bbox 1909 1762 1937 1782; x_wconf 52' lang='lat' dir='ltr'>r</span> <span class='ocrx_word' id='word_1_218' title='bbox 1977 1805 2066 1860; x_wconf 76' lang='lat'><strong>{7.</strong></span> <span class='ocrx_word' id='word_1_219' title='bbox 2106 1762 2202 1860; x_wconf 63' lang='lat' dir='ltr'><strong>Hi;</strong></span> <span class='ocrx_word' id='word_1_220' title='bbox 2237 1818 2346 1860; x_wconf 84' lang='lat' dir='ltr'><strong>non</strong></span> <span class='ocrx_word' id='word_1_221' title='bbox 2369 1814 2660 1861; x_wconf 76' lang='lat' dir='ltr'><strong>contentus</strong></span> <span class='ocrx_word' id='word_1_222' title='bbox 2691 1803 3099 1870; x_wconf 78' lang='lat' dir='ltr'><strong>Beltraxninins,</strong></span> <span class='ocrx_word' id='word_1_223' title='bbox 3128 1805 3398 1876; x_wconf 76' lang='lat' dir='ltr'><strong>egregiam</strong></span> <span class='ocrx_word' id='word_1_224' title='bbox 3429 1820 3509 1861; x_wconf 77' lang='lat' dir='ltr'><strong>er</strong></span> 
     </span>
    </p>
   </div>
   <div class='ocr_carea' id='block_1_32' title="bbox 224 1867 1803 1951">
    <p class='ocr_par' dir='ltr' id='par_1_32' title="bbox 224 1867 1803 1951">
     <span class='ocr_line' id='line_1_32' title="bbox 224 1867 1803 1951; baseline 0.015 -32"><span class='ocrx_word' id='word_1_225' title='bbox 224 1867 453 1932; x_wconf 83' lang='lat' dir='ltr'><strong>statutis,</strong></span> <span class='ocrx_word' id='word_1_226' title='bbox 514 1877 569 1923; x_wconf 88' lang='lat' dir='ltr'><strong>et</strong></span> <span class='ocrx_word' id='word_1_227' title='bbox 614 1875 1126 1943; x_wconf 86' lang='lat' dir='ltr'><strong>consuetudinibus,</strong></span> <span class='ocrx_word' id='word_1_228' title='bbox 1161 1880 1466 1951; x_wconf 83' lang='lat' dir='ltr'><strong>ceterisque</strong></span> <span class='ocrx_word' id='word_1_229' title='bbox 1509 1888 1803 1944; x_wconf 72' lang='lat' dir='ltr'><strong>contrariis</strong></span> 
     </span>
    </p>
   </div>
   <div class='ocr_carea' id='block_1_33' title="bbox 220 1956 1803 2045">
    <p class='ocr_par' dir='ltr' id='par_1_33' title="bbox 220 1956 1803 2045">
     <span class='ocr_line' id='line_1_33' title="bbox 220 1956 1803 2045; baseline 0.018 -37"><span class='ocrx_word' id='word_1_230' title='bbox 220 1956 674 2031; x_wconf 84' lang='lat' dir='ltr'><strong>quibuscumque.</strong></span> <span class='ocrx_word' id='word_1_231' title='bbox 711 1961 909 2020; x_wconf 86' lang='lat' dir='ltr'><strong>Datum</strong></span> <span class='ocrx_word' id='word_1_232' title='bbox 945 1966 1130 2023; x_wconf 74' lang='lat' dir='ltr'><strong>Romze</strong></span> <span class='ocrx_word' id='word_1_233' title='bbox 1151 1971 1290 2040; x_wconf 89' lang='lat' dir='ltr'><strong>apud</strong></span> <span class='ocrx_word' id='word_1_234' title='bbox 1325 1971 1382 2026; x_wconf 89' lang='lat' dir='ltr'><strong>S.</strong></span> <span class='ocrx_word' id='word_1_235' title='bbox 1408 1972 1670 2045; x_wconf 81' lang='lat' dir='ltr'><strong>Marcum,</strong></span> <span class='ocrx_word' id='word_1_236' title='bbox 1699 1980 1803 2036; x_wconf 85' lang='lat' dir='ltr'><strong>sub</strong></span> 
     </span>
    </p>
   </div>
   <div class='ocr_carea' id='block_1_34' title="bbox 219 2047 1801 2129">
    <p class='ocr_par' dir='ltr' id='par_1_34' title="bbox 219 2047 1801 2129">
     <span class='ocr_line' id='line_1_34' title="bbox 219 2047 1801 2129; baseline 0.019 -30"><span class='ocrx_word' id='word_1_237' title='bbox 219 2047 426 2103; x_wconf 76' lang='lat' dir='ltr'><strong>Annulo</strong></span> <span class='ocrx_word' id='word_1_238' title='bbox 457 2050 785 2121; x_wconf 72' lang='lat' dir='ltr'><strong>Piscatoris,</strong></span> <span class='ocrx_word' id='word_1_239' title='bbox 828 2057 915 2113; x_wconf 89' lang='lat' dir='ltr'><strong>die</strong></span> <span class='ocrx_word' id='word_1_240' title='bbox 944 2060 1007 2113; x_wconf 90' lang='grc'><strong>18</strong></span> <span class='ocrx_word' id='word_1_241' title='bbox 1049 2059 1197 2128; x_wconf 84' lang='lat' dir='ltr'><strong>Julii,</strong></span> <span class='ocrx_word' id='word_1_242' title='bbox 1245 2064 1402 2120; x_wconf 74' lang='grc'><strong>1609.</strong></span> <span class='ocrx_word' id='word_1_243' title='bbox 1443 2065 1801 2129; x_wconf 77' lang='lat' dir='ltr'><strong>Pontificatus</strong></span> 
     </span>
    </p>
   </div>
   <div class='ocr_carea' id='block_1_35' title="bbox 220 2142 1187 2209">
    <p class='ocr_par' dir='ltr' id='par_1_35' title="bbox 220 2142 1187 2209">
     <span class='ocr_line' id='line_1_35' title="bbox 220 2142 1187 2209; baseline 0.018 -18"><span class='ocrx_word' id='word_1_244' title='bbox 220 2142 379 2194; x_wconf 78' lang='lat' dir='ltr'><strong>nostri</strong></span> <span class='ocrx_word' id='word_1_245' title='bbox 405 2158 557 2197; x_wconf 87' lang='lat' dir='ltr'><strong>anno</strong></span> <span class='ocrx_word' id='word_1_246' title='bbox 581 2145 633 2200; x_wconf 90' lang='lat'><strong>5.</strong></span> <span class='ocrx_word' id='word_1_247' title='bbox 683 2165 702 2198; x_wconf 74' lang='grc' dir='ltr'><strong><em>ι</em></strong></span> <span class='ocrx_word' id='word_1_248' title='bbox 745 2146 804 2202; x_wconf 89' lang='lat' dir='ltr'><strong>S.</strong></span> <span class='ocrx_word' id='word_1_249' title='bbox 844 2148 1187 2209; x_wconf 76' lang='lat' dir='ltr'><strong>Cabellutius.</strong></span> 
     </span>
    </p>
   </div>
   <div class='ocr_carea' id='block_1_36' title="bbox 280 2232 1799 2318">
    <p class='ocr_par' dir='ltr' id='par_1_36' title="bbox 280 2232 1799 2318">
     <span class='ocr_line' id='line_1_36' title="bbox 280 2232 1799 2318; baseline 0.019 -33"><span class='ocrx_word' id='word_1_250' title='bbox 280 2232 363 2286; x_wconf 86' lang='lat' dir='ltr'><strong>l6.</strong></span> <span class='ocrx_word' id='word_1_251' title='bbox 413 2253 431 2283; x_wconf 85' lang='grc'><strong><em>‹</em></strong></span> <span class='ocrx_word' id='word_1_252' title='bbox 464 2232 709 2292; x_wconf 82' lang='lat' dir='ltr'><strong>Joannes</strong></span> <span class='ocrx_word' id='word_1_253' title='bbox 732 2237 1018 2297; x_wconf 86' lang='lat' dir='ltr'><strong>Beltranus</strong></span> <span class='ocrx_word' id='word_1_254' title='bbox 1043 2245 1110 2299; x_wconf 90' lang='lat' dir='ltr'><strong>de</strong></span> <span class='ocrx_word' id='word_1_255' title='bbox 1154 2245 1425 2318; x_wconf 82' lang='lat' dir='ltr'><strong>Cucvara,</strong></span> <span class='ocrx_word' id='word_1_256' title='bbox 1453 2252 1799 2315; x_wconf 80' lang='lat' dir='ltr'><strong>Miseratione</strong></span> 
     </span>
    </p>
   </div>
   <div class='ocr_carea' id='block_1_37' title="bbox 217 2318 1801 2407">
    <p class='ocr_par' dir='ltr' id='par_1_37' title="bbox 217 2318 1801 2407">
     <span class='ocr_line' id='line_1_37' title="bbox 217 2318 1801 2407; baseline 0.021 -34"><span class='ocrx_word' id='word_1_257' title='bbox 217 2318 393 2377; x_wconf 83' lang='lat' dir='ltr'><strong>Divina</strong></span> <span class='ocrx_word' id='word_1_258' title='bbox 418 2333 473 2378; x_wconf 89' lang='lat' dir='ltr'><strong>et</strong></span> <span class='ocrx_word' id='word_1_259' title='bbox 495 2324 829 2395; x_wconf 70' lang='lat' dir='ltr'><strong>Apostolicze</strong></span> <span class='ocrx_word' id='word_1_260' title='bbox 873 2330 1028 2389; x_wconf 85' lang='lat' dir='ltr'><strong>Sedis</strong></span> <span class='ocrx_word' id='word_1_261' title='bbox 1071 2339 1243 2407; x_wconf 80' lang='lat' dir='ltr'><strong>gratia</strong></span> <span class='ocrx_word' id='word_1_262' title='bbox 1296 2339 1671 2404; x_wconf 87' lang='lat' dir='ltr'><strong>Salemitanus</strong></span> <span class='ocrx_word' id='word_1_263' title='bbox 1697 2349 1801 2405; x_wconf 80' lang='lat' dir='ltr'><strong>Ar-</strong></span> 
     </span>
    </p>
   </div>
   <div class='ocr_carea' id='block_1_38' title="bbox 217 2415 1797 2510">
    <p class='ocr_par' dir='ltr' id='par_1_38' title="bbox 217 2415 1797 2510">
     <span class='ocr_line' id='line_1_38' title="bbox 217 2415 1797 2510; baseline 0.02 -43"><span class='ocrx_word' id='word_1_264' title='bbox 217 2415 619 2488; x_wconf 67' lang='lat' dir='ltr'><strong>ebiepiscop&#39;zs,</strong></span> <span class='ocrx_word' id='word_1_265' title='bbox 668 2420 875 2493; x_wconf 82' lang='lat' dir='ltr'><strong>Regius</strong></span> <span class='ocrx_word' id='word_1_266' title='bbox 916 2425 1297 2500; x_wconf 85' lang='lat' dir='ltr'><strong>Consiliarius,</strong></span> <span class='ocrx_word' id='word_1_267' title='bbox 1340 2445 1395 2491; x_wconf 90' lang='lat' dir='ltr'><strong>et</strong></span> <span class='ocrx_word' id='word_1_268' title='bbox 1448 2438 1502 2492; x_wconf 91' lang='lat' dir='ltr'><strong>in</strong></span> <span class='ocrx_word' id='word_1_269' title='bbox 1543 2443 1797 2510; x_wconf 65' lang='lat' dir='ltr'><strong>praesenti</strong></span> 
     </span>
    </p>
   </div>
   <div class='ocr_carea' id='block_1_39' title="bbox 216 2505 1797 2603">
    <p class='ocr_par' dir='ltr' id='par_1_39' title="bbox 216 2505 1797 2603">
     <span class='ocr_line' id='line_1_39' title="bbox 216 2505 1797 2603; baseline 0.022 -44"><span class='ocrx_word' id='word_1_270' title='bbox 216 2505 568 2603; x_wconf 53' lang='lat' dir='ltr'><strong>lfeapolitano</strong></span> <span class='ocrx_word' id='word_1_271' title='bbox 600 2530 770 2585; x_wconf 77' lang='lat' dir='ltr'><strong>regno</strong></span> <span class='ocrx_word' id='word_1_272' title='bbox 805 2532 903 2587; x_wconf 87' lang='lat' dir='ltr'><strong>per</strong></span> <span class='ocrx_word' id='word_1_273' title='bbox 955 2532 1168 2577; x_wconf 85' lang='lat' dir='ltr'><strong>sacram</strong></span> <span class='ocrx_word' id='word_1_274' title='bbox 1207 2524 1430 2598; x_wconf 81' lang='lat' dir='ltr'><strong>Regiam</strong></span> <span class='ocrx_word' id='word_1_275' title='bbox 1459 2505 1797 2603; x_wconf 79' lang='lat' dir='ltr'><strong>Majestatem</strong></span> 
     </span>
    </p>
   </div>
   <div class='ocr_carea' id='block_1_40' title="bbox 215 2598 1799 2699">
    <p class='ocr_par' dir='ltr' id='par_1_40' title="bbox 215 2598 1799 2699">
     <span class='ocr_line' id='line_1_40' title="bbox 215 2598 1799 2699; baseline 0.021 -46"><span class='ocrx_word' id='word_1_276' title='bbox 215 2598 489 2658; x_wconf 80' lang='lat' dir='ltr'><strong>Generalis</strong></span> <span class='ocrx_word' id='word_1_277' title='bbox 509 2602 797 2674; x_wconf 76' lang='lat' dir='ltr'><strong>Visitator,</strong></span> <span class='ocrx_word' id='word_1_278' title='bbox 847 2609 987 2665; x_wconf 90' lang='lat' dir='ltr'><strong>inter</strong></span> <span class='ocrx_word' id='word_1_279' title='bbox 1010 2612 1147 2670; x_wconf 92' lang='lat' dir='ltr'><strong>alios</strong></span> <span class='ocrx_word' id='word_1_280' title='bbox 1172 2618 1414 2699; x_wconf 47' lang='lat' dir='ltr'><strong>caelestes</strong></span> <span class='ocrx_word' id='word_1_281' title='bbox 1459 2640 1525 2680; x_wconf 88' lang='lat' dir='ltr'><strong>ac</strong></span> <span class='ocrx_word' id='word_1_282' title='bbox 1542 2598 1696 2697; x_wconf 32' lang='lat' dir='ltr'><strong>vpenc</strong></span> <span class='ocrx_word' id='word_1_283' title='bbox 1721 2630 1799 2686; x_wconf 81' lang='lat' dir='ltr'><strong>in-</strong></span> 
     </span>
    </p>
   </div>
   <div class='ocr_carea' id='block_1_41' title="bbox 212 2696 1795 2789">
    <p class='ocr_par' dir='ltr' id='par_1_41' title="bbox 212 2696 1795 2789">
     <span class='ocr_line' id='line_1_41' title="bbox 212 2696 1795 2789; baseline 0.023 -45"><span class='ocrx_word' id='word_1_284' title='bbox 212 2705 465 2748; x_wconf 77' lang='lat' dir='ltr'><strong>numeres</strong></span> <span class='ocrx_word' id='word_1_285' title='bbox 506 2696 807 2755; x_wconf 86' lang='lat' dir='ltr'><strong>thesauros</strong></span> <span class='ocrx_word' id='word_1_286' title='bbox 841 2703 1041 2772; x_wconf 85' lang='lat' dir='ltr'><strong>quibus</strong></span> <span class='ocrx_word' id='word_1_287' title='bbox 1085 2696 1281 2771; x_wconf 74' lang='lat' dir='ltr'><strong>divinae</strong></span> <span class='ocrx_word' id='word_1_288' title='bbox 1324 2696 1642 2789; x_wconf 80' lang='lat' dir='ltr'><strong>benignitati</strong></span> <span class='ocrx_word' id='word_1_289' title='bbox 1697 2722 1795 2781; x_wconf 84' lang='lat' dir='ltr'><strong>Sa-</strong></span> 
     </span>
    </p>
   </div>
   <div class='ocr_carea' id='block_1_42' title="bbox 209 2781 1792 2886">
    <p class='ocr_par' dir='ltr' id='par_1_42' title="bbox 209 2781 1792 2886">
     <span class='ocr_line' id='line_1_42' title="bbox 209 2781 1792 2886; baseline 0.024 -52"><span class='ocrx_word' id='word_1_290' title='bbox 209 2781 528 2886; x_wconf 73' lang='lat' dir='ltr'><strong>lemitanam</strong></span> <span class='ocrx_word' id='word_1_291' title='bbox 553 2786 863 2848; x_wconf 63' lang='lat' dir='ltr'><strong>Ecclesiam</strong></span> <span class='ocrx_word' id='word_1_292' title='bbox 886 2794 1058 2852; x_wconf 82' lang='lat' dir='ltr'><strong>ditare</strong></span> <span class='ocrx_word' id='word_1_293' title='bbox 1079 2808 1242 2871; x_wconf 88' lang='lat' dir='ltr'><strong>atque</strong></span> <span class='ocrx_word' id='word_1_294' title='bbox 1268 2781 1543 2866; x_wconf 70' lang='lat' dir='ltr'><strong>illustrare</strong></span> <span class='ocrx_word' id='word_1_295' title='bbox 1570 2814 1792 2886; x_wconf 86' lang='lat' dir='ltr'><strong>placuit,</strong></span> 
     </span>
    </p>
   </div>
   <div class='ocr_carea' id='block_1_43' title="bbox 209 2873 1795 2970">
    <p class='ocr_par' dir='ltr' id='par_1_43' title="bbox 209 2873 1795 2970">
     <span class='ocr_line' id='line_1_43' title="bbox 209 2873 1795 2970; baseline 0.025 -44"><span class='ocrx_word' id='word_1_296' title='bbox 209 2873 344 2929; x_wconf 78' lang='lat' dir='ltr'><strong>haud</strong></span> <span class='ocrx_word' id='word_1_297' title='bbox 362 2888 657 2970; x_wconf 70' lang='lat' dir='ltr'><strong>postremo</strong></span> <span class='ocrx_word' id='word_1_298' title='bbox 686 2883 810 2939; x_wconf 91' lang='lat' dir='ltr'><strong>loco</strong></span> <span class='ocrx_word' id='word_1_299' title='bbox 860 2893 1256 2950; x_wconf 90' lang='lat' dir='ltr'><strong>numerandum</strong></span> <span class='ocrx_word' id='word_1_300' title='bbox 1291 2899 1538 2970; x_wconf 83' lang='lat' dir='ltr'><strong>profecto</strong></span> <span class='ocrx_word' id='word_1_301' title='bbox 1570 2873 1795 2966; x_wconf 53' lang='lat' dir='ltr'><strong>videtur</strong></span> 
     </span>
    </p>
   </div>
   <div class='ocr_carea' id='block_1_44' title="bbox 207 2968 1788 3069">
    <p class='ocr_par' dir='ltr' id='par_1_44' title="bbox 207 2968 1788 3069">
     <span class='ocr_line' id='line_1_44' title="bbox 207 2968 1788 3069; baseline 0.024 -51"><span class='ocrx_word' id='word_1_302' title='bbox 207 2969 374 3069; x_wconf 80' lang='lat' dir='ltr'><strong>sancti</strong></span> <span class='ocrx_word' id='word_1_303' title='bbox 404 2968 658 3043; x_wconf 80' lang='lat' dir='ltr'><strong>Gregorii</strong></span> <span class='ocrx_word' id='word_1_304' title='bbox 686 2974 777 3029; x_wconf 68' lang='grc' dir='ltr'><strong>ΥΠ</strong></span> <span class='ocrx_word' id='word_1_305' title='bbox 820 2993 1039 3038; x_wconf 89' lang='lat' dir='ltr'><strong>sacrum</strong></span> <span class='ocrx_word' id='word_1_306' title='bbox 1072 3000 1137 3042; x_wconf 92' lang='lat' dir='ltr'><strong>ac</strong></span> <span class='ocrx_word' id='word_1_307' title='bbox 1162 2968 1533 3049; x_wconf 80' lang='lat' dir='ltr'><strong>venerandum</strong></span> <span class='ocrx_word' id='word_1_308' title='bbox 1554 3011 1788 3069; x_wconf 89' lang='lat' dir='ltr'><strong>corpus;</strong></span> 
     </span>
    </p>
   </div>
   <div class='ocr_carea' id='block_1_45' title="bbox 1905 1897 3494 1969">
    <p class='ocr_par' dir='ltr' id='par_1_45' title="bbox 1905 1897 3494 1969">
     <span class='ocr_line' id='line_1_45' title="bbox 1905 1897 3494 1969; baseline 0.001 -17"><span class='ocrx_word' id='word_1_309' title='bbox 1905 1912 2179 1953; x_wconf 89' lang='lat' dir='ltr'><strong>marmore</strong></span> <span class='ocrx_word' id='word_1_310' title='bbox 2210 1905 2472 1964; x_wconf 86' lang='lat' dir='ltr'><strong>statuam,</strong></span> <span class='ocrx_word' id='word_1_311' title='bbox 2500 1914 2623 1969; x_wconf 76' lang='lat' dir='ltr'><strong>quae</strong></span> <span class='ocrx_word' id='word_1_312' title='bbox 2648 1898 2920 1967; x_wconf 84' lang='lat' dir='ltr'><strong>hodieque</strong></span> <span class='ocrx_word' id='word_1_313' title='bbox 2939 1905 3109 1962; x_wconf 81' lang='lat' dir='ltr'><strong>extat,</strong></span> <span class='ocrx_word' id='word_1_314' title='bbox 3141 1897 3494 1967; x_wconf 70' lang='lat' dir='ltr'><strong>sculpendam</strong></span> 
     </span>
    </p>
   </div>
   <div class='ocr_carea' id='block_1_46' title="bbox 1902 1988 3493 2062">
    <p class='ocr_par' dir='ltr' id='par_1_46' title="bbox 1902 1988 3493 2062">
     <span class='ocr_line' id='line_1_46' title="bbox 1902 1988 3493 2062; baseline 0 -18"><span class='ocrx_word' id='word_1_315' title='bbox 1902 1999 2137 2057; x_wconf 73' lang='lat' dir='ltr'><strong>curavrt,</strong></span> <span class='ocrx_word' id='word_1_316' title='bbox 2167 1991 2396 2062; x_wconf 89' lang='lat' dir='ltr'><strong>ipsoque</strong></span> <span class='ocrx_word' id='word_1_317' title='bbox 2431 1991 2486 2045; x_wconf 88' lang='lat' dir='ltr'><strong>in</strong></span> <span class='ocrx_word' id='word_1_318' title='bbox 2515 1991 2716 2046; x_wconf 88' lang='lat' dir='ltr'><strong>sacello</strong></span> <span class='ocrx_word' id='word_1_319' title='bbox 2745 1990 3142 2055; x_wconf 83' lang='lat' dir='ltr'><strong>collccandam,</strong></span> <span class='ocrx_word' id='word_1_320' title='bbox 3175 2004 3309 2043; x_wconf 86' lang='lat' dir='ltr'><strong>usus</strong></span> <span class='ocrx_word' id='word_1_321' title='bbox 3332 1988 3493 2059; x_wconf 89' lang='lat' dir='ltr'><strong>periti</strong></span> 
     </span>
    </p>
   </div>
   <div class='ocr_carea' id='block_1_47' title="bbox 1901 2078 3492 2154">
    <p class='ocr_par' dir='ltr' id='par_1_47' title="bbox 1901 2078 3492 2154">
     <span class='ocr_line' id='line_1_47' title="bbox 1901 2078 3492 2154; baseline -0.001 -17"><span class='ocrx_word' id='word_1_322' title='bbox 1901 2082 2196 2154; x_wconf 62' lang='lat' dir='ltr'><strong>sculptoris</strong></span> <span class='ocrx_word' id='word_1_323' title='bbox 2227 2100 2414 2151; x_wconf 88' lang='lat' dir='ltr'><strong>manu,</strong></span> <span class='ocrx_word' id='word_1_324' title='bbox 2445 2083 2634 2139; x_wconf 87' lang='lat' dir='ltr'><strong>nescio</strong></span> <span class='ocrx_word' id='word_1_325' title='bbox 2653 2098 2723 2137; x_wconf 90' lang='lat' dir='ltr'><strong>an</strong></span> <span class='ocrx_word' id='word_1_326' title='bbox 2747 2082 2912 2137; x_wconf 87' lang='lat' dir='ltr'><strong>etiam</strong></span> <span class='ocrx_word' id='word_1_327' title='bbox 2942 2097 3072 2138; x_wconf 88' lang='lat' dir='ltr'><strong>vera</strong></span> <span class='ocrx_word' id='word_1_328' title='bbox 3104 2082 3276 2151; x_wconf 76' lang='lat' dir='ltr'><strong>eﬂigie</strong></span> <span class='ocrx_word' id='word_1_329' title='bbox 3305 2078 3492 2136; x_wconf 84' lang='lat' dir='ltr'><strong>viven-</strong></span> 
     </span>
    </p>
   </div>
   <div class='ocr_carea' id='block_1_48' title="bbox 1900 2173 3490 2247">
    <p class='ocr_par' dir='ltr' id='par_1_48' title="bbox 1900 2173 3490 2247">
     <span class='ocr_line' id='line_1_48' title="bbox 1900 2173 3490 2247; baseline 0.001 -19"><span class='ocrx_word' id='word_1_330' title='bbox 1900 2173 1972 2230; x_wconf 91' lang='lat' dir='ltr'><strong>tis</strong></span> <span class='ocrx_word' id='word_1_331' title='bbox 1994 2174 2262 2247; x_wconf 79' lang='lat' dir='ltr'><strong>Gregorii,</strong></span> <span class='ocrx_word' id='word_1_332' title='bbox 2299 2176 2480 2247; x_wconf 90' lang='lat' dir='ltr'><strong>qualis</strong></span> <span class='ocrx_word' id='word_1_333' title='bbox 2511 2174 2723 2230; x_wconf 86' lang='lat' dir='ltr'><strong>Salerni</strong></span> <span class='ocrx_word' id='word_1_334' title='bbox 2758 2174 2935 2244; x_wconf 90' lang='lat' dir='ltr'><strong>potuit</strong></span> <span class='ocrx_word' id='word_1_335' title='bbox 2950 2174 3120 2229; x_wconf 81' lang='lat' dir='ltr'><strong>fuisse</strong></span> <span class='ocrx_word' id='word_1_336' title='bbox 3144 2182 3490 2229; x_wconf 79' lang='lat' dir='ltr'><strong>conservata.</strong></span> 
     </span>
    </p>
   </div>
   <div class='ocr_carea' id='block_1_49' title="bbox 1901 2266 3491 2341">
    <p class='ocr_par' dir='ltr' id='par_1_49' title="bbox 1901 2266 3491 2341">
     <span class='ocr_line' id='line_1_49' title="bbox 1901 2266 3491 2341; baseline 0 -21"><span class='ocrx_word' id='word_1_337' title='bbox 1901 2266 2049 2325; x_wconf 89' lang='lat' dir='ltr'><strong>Talis</strong></span> <span class='ocrx_word' id='word_1_338' title='bbox 2090 2277 2238 2326; x_wconf 87' lang='lat' dir='ltr'><strong>certe</strong></span> <span class='ocrx_word' id='word_1_339' title='bbox 2266 2269 2430 2341; x_wconf 78' lang='lat' dir='ltr'><strong>digna</strong></span> <span class='ocrx_word' id='word_1_340' title='bbox 2479 2276 2625 2325; x_wconf 88' lang='lat' dir='ltr'><strong>esset</strong></span> <span class='ocrx_word' id='word_1_341' title='bbox 2660 2283 2826 2338; x_wconf 87' lang='lat' dir='ltr'><strong>quam</strong></span> <span class='ocrx_word' id='word_1_342' title='bbox 2865 2267 2953 2323; x_wconf 89' lang='lat' dir='ltr'><strong>hic</strong></span> <span class='ocrx_word' id='word_1_343' title='bbox 2984 2267 3250 2323; x_wconf 85' lang='lat' dir='ltr'><strong>vellemus</strong></span> <span class='ocrx_word' id='word_1_344' title='bbox 3276 2266 3371 2322; x_wconf 77' lang='lat' dir='ltr'><strong>:eri</strong></span> <span class='ocrx_word' id='word_1_345' title='bbox 3402 2267 3491 2321; x_wconf 90' lang='lat' dir='ltr'><strong>in-</strong></span> 
     </span>
    </p>
   </div>
   <div class='ocr_carea' id='block_1_50' title="bbox 1898 2358 3494 2433">
    <p class='ocr_par' dir='ltr' id='par_1_50' title="bbox 1898 2358 3494 2433">
     <span class='ocr_line' id='line_1_50' title="bbox 1898 2358 3494 2433; baseline 0.001 -19"><span class='ocrx_word' id='word_1_346' title='bbox 1898 2359 2070 2415; x_wconf 87' lang='lat' dir='ltr'><strong>cisam</strong></span> <span class='ocrx_word' id='word_1_347' title='bbox 2100 2372 2514 2432; x_wconf 76' lang='lat' dir='ltr'><strong>reprzesentare,</strong></span> <span class='ocrx_word' id='word_1_348' title='bbox 2545 2361 2732 2433; x_wconf 88' lang='lat' dir='ltr'><strong>potius</strong></span> <span class='ocrx_word' id='word_1_349' title='bbox 2758 2376 2925 2432; x_wconf 88' lang='lat' dir='ltr'><strong>quam</strong></span> <span class='ocrx_word' id='word_1_350' title='bbox 2940 2360 3223 2417; x_wconf 87' lang='lat' dir='ltr'><strong>inventum</strong></span> <span class='ocrx_word' id='word_1_351' title='bbox 3254 2358 3297 2414; x_wconf 89' lang='grc' dir='ltr'><strong>ι.</strong></span> <span class='ocrx_word' id='word_1_352' title='bbox 3320 2360 3382 2414; x_wconf 91' lang='grc' dir='ltr'><strong>Β.</strong></span> <span class='ocrx_word' id='word_1_353' title='bbox 3420 2359 3494 2415; x_wconf 84' lang='lat' dir='ltr'><strong>de</strong></span> 
     </span>
    </p>
   </div>
   <div class='ocr_carea' id='block_1_51' title="bbox 1897 2452 3485 2527">
    <p class='ocr_par' dir='ltr' id='par_1_51' title="bbox 1897 2452 3485 2527">
     <span class='ocr_line' id='line_1_51' title="bbox 1897 2452 3485 2527; baseline 0 -20"><span class='ocrx_word' id='word_1_354' title='bbox 1897 2452 2234 2520; x_wconf 86' lang='lat' dir='ltr'><strong>Cavalleriis,</strong></span> <span class='ocrx_word' id='word_1_355' title='bbox 2272 2455 2366 2526; x_wconf 88' lang='lat' dir='ltr'><strong>qui</strong></span> <span class='ocrx_word' id='word_1_356' title='bbox 2393 2455 2716 2527; x_wconf 78' lang='lat' dir='ltr'><strong>Gregorium</strong></span> <span class='ocrx_word' id='word_1_357' title='bbox 2748 2454 3138 2526; x_wconf 75' lang='lat' dir='ltr'><strong>proximosque</strong></span> <span class='ocrx_word' id='word_1_358' title='bbox 3165 2453 3485 2509; x_wconf 85' lang='lat' dir='ltr'><strong>decessores</strong></span> 
     </span>
    </p>
   </div>
   <div class='ocr_carea' id='block_1_52' title="bbox 1896 2547 3479 2620">
    <p class='ocr_par' dir='ltr' id='par_1_52' title="bbox 1896 2547 3479 2620">
     <span class='ocr_line' id='line_1_52' title="bbox 1896 2547 3479 2620; baseline -0.003 -17"><span class='ocrx_word' id='word_1_359' title='bbox 1896 2560 1961 2603; x_wconf 87' lang='lat' dir='ltr'><strong>ac</strong></span> <span class='ocrx_word' id='word_1_360' title='bbox 1972 2563 2320 2606; x_wconf 88' lang='lat' dir='ltr'><strong>successores</strong></span> <span class='ocrx_word' id='word_1_361' title='bbox 2343 2548 2752 2620; x_wconf 68' lang='lat' dir='ltr'><strong>repraesentavit</strong></span> <span class='ocrx_word' id='word_1_362' title='bbox 2771 2547 2939 2603; x_wconf 86' lang='lat' dir='ltr'><strong>barba</strong></span> <span class='ocrx_word' id='word_1_363' title='bbox 2955 2563 3098 2613; x_wconf 88' lang='lat' dir='ltr'><strong>rasa,</strong></span> <span class='ocrx_word' id='word_1_364' title='bbox 3114 2557 3305 2601; x_wconf 79' lang='lat' dir='ltr'><strong>contra</strong></span> <span class='ocrx_word' id='word_1_365' title='bbox 3335 2552 3479 2599; x_wconf 86' lang='lat' dir='ltr'><strong>tem-</strong></span> 
     </span>
    </p>
   </div>
   <div class='ocr_carea' id='block_1_53' title="bbox 1895 2636 3481 2711">
    <p class='ocr_par' dir='ltr' id='par_1_53' title="bbox 1895 2636 3481 2711">
     <span class='ocr_line' id='line_1_53' title="bbox 1895 2636 3481 2711; baseline -0.003 -16"><span class='ocrx_word' id='word_1_366' title='bbox 1895 2639 2045 2711; x_wconf 91' lang='lat' dir='ltr'><strong>poris</strong></span> <span class='ocrx_word' id='word_1_367' title='bbox 2093 2642 2243 2697; x_wconf 91' lang='lat' dir='ltr'><strong>illius</strong></span> <span class='ocrx_word' id='word_1_368' title='bbox 2274 2657 2508 2708; x_wconf 85' lang='lat' dir='ltr'><strong>morem,</strong></span> <span class='ocrx_word' id='word_1_369' title='bbox 2550 2657 2618 2696; x_wconf 81' lang='lat' dir='ltr'><strong>ex</strong></span> <span class='ocrx_word' id='word_1_370' title='bbox 2668 2639 3030 2696; x_wconf 82' lang='lat' dir='ltr'><strong>Anastasiana</strong></span> <span class='ocrx_word' id='word_1_371' title='bbox 3080 2638 3138 2694; x_wconf 92' lang='lat' dir='ltr'><strong>S.</strong></span> <span class='ocrx_word' id='word_1_372' title='bbox 3188 2636 3395 2694; x_wconf 81' lang='lat' dir='ltr'><strong>Nicolai</strong></span> <span class='ocrx_word' id='word_1_373' title='bbox 3426 2638 3481 2691; x_wconf 86' lang='lat' dir='ltr'><strong>in</strong></span> 
     </span>
    </p>
   </div>
   <div class='ocr_carea' id='block_1_54' title="bbox 1898 2729 3485 2804">
    <p class='ocr_par' dir='ltr' id='par_1_54' title="bbox 1898 2729 3485 2804">
     <span class='ocr_line' id='line_1_54' title="bbox 1898 2729 3485 2804; baseline 0.001 -18"><span class='ocrx_word' id='word_1_374' title='bbox 1898 2729 2042 2789; x_wconf 88' lang='lat' dir='ltr'><strong>Urbe</strong></span> <span class='ocrx_word' id='word_1_375' title='bbox 2064 2733 2272 2801; x_wconf 89' lang='lat' dir='ltr'><strong>tabula,</strong></span> <span class='ocrx_word' id='word_1_376' title='bbox 2295 2734 2455 2804; x_wconf 88' lang='lat' dir='ltr'><strong>cujus</strong></span> <span class='ocrx_word' id='word_1_377' title='bbox 2485 2733 2615 2788; x_wconf 86' lang='lat' dir='ltr'><strong>alibi</strong></span> <span class='ocrx_word' id='word_1_378' title='bbox 2646 2732 2905 2789; x_wconf 58' lang='lat' dir='ltr'><strong>exhibita;</strong></span> <span class='ocrx_word' id='word_1_379' title='bbox 2918 2748 3082 2803; x_wconf 90' lang='lat' dir='ltr'><strong>supra</strong></span> <span class='ocrx_word' id='word_1_380' title='bbox 3109 2731 3485 2797; x_wconf 82' lang='lat' dir='ltr'><strong>meminimus,</strong></span> 
     </span>
    </p>
   </div>
   <div class='ocr_carea' id='block_1_55' title="bbox 1894 2818 3482 2899">
    <p class='ocr_par' dir='ltr' id='par_1_55' title="bbox 1894 2818 3482 2899">
     <span class='ocr_line' id='line_1_55' title="bbox 1894 2818 3482 2899; baseline -0.003 -17"><span class='ocrx_word' id='word_1_381' title='bbox 1894 2828 2357 2899; x_wconf 79' lang='lat' dir='ltr'><strong>cognoscendum.</strong></span> <span class='ocrx_word' id='word_1_382' title='bbox 2390 2826 2766 2892; x_wconf 84' lang='lat' dir='ltr'><strong>Beltraminio,</strong></span> <span class='ocrx_word' id='word_1_383' title='bbox 2798 2826 2865 2881; x_wconf 90' lang='lat' dir='ltr'><strong>ad</strong></span> <span class='ocrx_word' id='word_1_384' title='bbox 2883 2818 3180 2881; x_wconf 74' lang='lat' dir='ltr'><strong>Pacensem</strong></span> <span class='ocrx_word' id='word_1_385' title='bbox 3213 2823 3482 2895; x_wconf 52' lang='lat' dir='ltr'><strong>inilispa,</strong></span> 
     </span>
    </p>
   </div>
   <div class='ocr_carea' id='block_1_56' title="bbox 1894 2916 3484 2985">
    <p class='ocr_par' dir='ltr' id='par_1_56' title="bbox 1894 2916 3484 2985">
     <span class='ocr_line' id='line_1_56' title="bbox 1894 2916 3484 2985; baseline -0.001 -10"><span class='ocrx_word' id='word_1_386' title='bbox 1894 2919 1985 2975; x_wconf 90' lang='lat' dir='ltr'><strong>nia</strong></span> <span class='ocrx_word' id='word_1_387' title='bbox 2004 2919 2302 2975; x_wconf 85' lang='lat' dir='ltr'><strong>Ecclesiam</strong></span> <span class='ocrx_word' id='word_1_388' title='bbox 2328 2919 2617 2985; x_wconf 84' lang='lat' dir='ltr'><strong>translato,</strong></span> <span class='ocrx_word' id='word_1_389' title='bbox 2641 2918 2909 2974; x_wconf 88' lang='lat' dir='ltr'><strong>successit</strong></span> <span class='ocrx_word' id='word_1_390' title='bbox 2926 2933 3074 2974; x_wconf 87' lang='lat' dir='ltr'><strong>anno</strong></span> <span class='ocrx_word' id='word_1_391' title='bbox 3098 2917 3237 2972; x_wconf 72' lang='grc'><strong>1612</strong></span> <span class='ocrx_word' id='word_1_392' title='bbox 3281 2916 3484 2974; x_wconf 79' lang='lat' dir='ltr'><strong>Lucius</strong></span> 
     </span>
    </p>
   </div>
   <div class='ocr_carea' id='block_1_57' title="bbox 1891 3008 3500 3081">
    <p class='ocr_par' dir='ltr' id='par_1_57' title="bbox 1891 3008 3500 3081">
     <span class='ocr_line' id='line_1_57' title="bbox 1891 3008 3500 3081; baseline 0.001 -16"><span class='ocrx_word' id='word_1_393' title='bbox 1891 3010 2198 3067; x_wconf 85' lang='lat' dir='ltr'><strong>Cardinalis</strong></span> <span class='ocrx_word' id='word_1_394' title='bbox 2235 3010 2633 3067; x_wconf 79' lang='lat' dir='ltr'><strong>Sanseverinus</strong></span> <span class='ocrx_word' id='word_1_395' title='bbox 2676 3030 2689 3064; x_wconf 89' lang='lat'><strong>:</strong></span> <span class='ocrx_word' id='word_1_396' title='bbox 2745 3011 2841 3081; x_wconf 89' lang='lat' dir='ltr'><strong>qui</strong></span> <span class='ocrx_word' id='word_1_397' title='bbox 2885 3009 3161 3067; x_wconf 46' lang='lat' dir='ltr'><strong>t.*rtio.sui</strong></span> <span class='ocrx_word' id='word_1_398' title='bbox 3192 3008 3500 3077; x_wconf 47' lang='lat' dir='ltr'><strong>Archiepis.</strong></span> 
     </span>
    </p>
   </div>
   <div class='ocr_carea' id='block_1_58' title="bbox 205 3058 1794 3172">
    <p class='ocr_par' dir='ltr' id='par_1_58' title="bbox 205 3058 1788 3172">
     <span class='ocr_line' id='line_1_58' title="bbox 205 3058 1788 3172; baseline 0.024 -62"><span class='ocrx_word' id='word_1_399' title='bbox 205 3058 293 3127; x_wconf 84' lang='lat' dir='ltr'><strong>qui</strong></span> <span class='ocrx_word' id='word_1_400' title='bbox 321 3070 445 3130; x_wconf 84' lang='lat' dir='ltr'><strong>post</strong></span> <span class='ocrx_word' id='word_1_401' title='bbox 469 3069 548 3172; x_wconf 67' lang='lat' dir='ltr'><strong>tot</strong></span> <span class='ocrx_word' id='word_1_402' title='bbox 569 3066 809 3137; x_wconf 88' lang='lat' dir='ltr'><strong>labores,</strong></span> <span class='ocrx_word' id='word_1_403' title='bbox 835 3079 916 3127; x_wconf 91' lang='lat' dir='ltr'><strong>tot</strong></span> <span class='ocrx_word' id='word_1_404' title='bbox 944 3076 1215 3136; x_wconf 64' lang='lat' dir='ltr'><strong>aerumnas</strong></span> <span class='ocrx_word' id='word_1_405' title='bbox 1249 3091 1414 3155; x_wconf 90' lang='lat' dir='ltr'><strong>atque</strong></span> <span class='ocrx_word' id='word_1_406' title='bbox 1451 3058 1788 3158; x_wconf 46' lang='lat' dir='ltr'><strong>persecutio:</strong></span> 
     </span>
    </p>
   </div>
   <div class='ocr_carea' id='block_1_59' title="bbox 1893 3058 3478 3172">
    <p class='ocr_par' dir='ltr' id='par_1_59' title="bbox 1893 3058 3478 3172">
     <span class='ocr_line' id='line_1_59' title="bbox 1898 3058 3469 3081; baseline -0.003 -16"><span class='ocrx_word' id='word_1_407' title='bbox 1898 3058 2198 3067; x_wconf 37' lang='grc' dir='ltr'><strong>---νυ-η-</strong></span> <span class='ocrx_word' id='word_1_408' title='bbox 2237 3058 2633 3067; x_wconf 40' lang='lat' dir='ltr'><strong>suum---&quot;</strong></span> <span class='ocrx_word' id='word_1_409' title='bbox 2677 3058 2689 3064; x_wconf 88' lang='lat'>_</span> <span class='ocrx_word' id='word_1_410' title='bbox 2749 3058 2841 3081; x_wconf 52' lang='grc' dir='ltr'><strong>Ἰ--</strong></span> <span class='ocrx_word' id='word_1_411' title='bbox 2888 3058 2906 3064; x_wconf 84' lang='grc'><strong>-</strong></span> <span class='ocrx_word' id='word_1_412' title='bbox 2941 3058 3161 3067; x_wconf 59' lang='grc'><em>,,,,,,-,</em></span> <span class='ocrx_word' id='word_1_413' title='bbox 3192 3058 3469 3077; x_wconf 72' lang='grc'><strong>,-,,,--,,-,</strong></span> 
     </span>
     <span class='ocr_line' id='line_1_60' title="bbox 1893 3099 3478 3172; baseline -0.001 -16"><span class='ocrx_word' id='word_1_414' title='bbox 1893 3111 2151 3172; x_wconf 85' lang='lat' dir='ltr'><strong>seopatus</strong></span> <span class='ocrx_word' id='word_1_415' title='bbox 2201 3118 2383 3168; x_wconf 89' lang='lat' dir='ltr'><strong>anno,</strong></span> <span class='ocrx_word' id='word_1_416' title='bbox 2435 3116 2597 3158; x_wconf 87' lang='lat' dir='ltr'><strong>suam</strong></span> <span class='ocrx_word' id='word_1_417' title='bbox 2627 3114 2849 3171; x_wconf 84' lang='lat' dir='ltr'><strong>quoque</strong></span> <span class='ocrx_word' id='word_1_418' title='bbox 2891 3101 3207 3172; x_wconf 72' lang='lat' dir='ltr'><strong>religionem</strong></span> <span class='ocrx_word' id='word_1_419' title='bbox 3250 3099 3478 3169; x_wconf 70' lang='lat' dir='ltr'><strong>ergall.</strong></span> 
     </span>
    </p>
   </div>
   <div class='ocr_carea' id='block_1_60' title="bbox 206 3154 3489 3264">
    <p class='ocr_par' dir='ltr' id='par_1_60' title="bbox 206 3154 3489 3264">
     <span class='ocr_line' id='line_1_61' title="bbox 206 3154 3489 3264; baseline 0.009 -48"><span class='ocrx_word' id='word_1_420' title='bbox 206 3164 318 3254; x_wconf 48' lang='lat' dir='ltr'><strong>P83:</strong></span> <span class='ocrx_word' id='word_1_421' title='bbox 360 3168 468 3259; x_wconf 59' lang='lat' dir='ltr'><strong>bro</strong></span> <span class='ocrx_word' id='word_1_422' title='bbox 498 3154 593 3211; x_wconf 85' lang='lat' dir='ltr'><strong>Dei</strong></span> <span class='ocrx_word' id='word_1_423' title='bbox 634 3158 882 3264; x_wconf 67' lang='lat' dir='ltr'><strong>Ecclesia</strong></span> <span class='ocrx_word' id='word_1_424' title='bbox 930 3165 1227 3228; x_wconf 81' lang='lat' dir='ltr'><strong>fortissime</strong></span> <span class='ocrx_word' id='word_1_425' title='bbox 1260 3154 1789 3239; x_wconf 80' lang='lat' dir='ltr'><strong>etconstantissimo</strong></span> <span class='ocrx_word' id='word_1_426' title='bbox 1824 3154 1858 3162; x_wconf 44' lang='grc' dir='ltr'>ν</span> <span class='ocrx_word' id='word_1_427' title='bbox 2235 3154 2488 3248; x_wconf 68' lang='lat' dir='ltr'><strong>testatum</strong></span> <span class='ocrx_word' id='word_1_428' title='bbox 2511 3154 2661 3260; x_wconf 60' lang='lat' dir='ltr'><strong>facit:</strong></span> <span class='ocrx_word' id='word_1_429' title='bbox 2698 3154 3021 3263; x_wconf 64' lang='lat' dir='ltr'><strong>htijusmodi</strong></span> <span class='ocrx_word' id='word_1_430' title='bbox 3034 3192 3212 3257; x_wconf 77' lang='lat' dir='ltr'><strong>titulo,</strong></span> <span class='ocrx_word' id='word_1_431' title='bbox 3242 3191 3346 3245; x_wconf 86' lang='lat' dir='ltr'><strong>sub</strong></span> <span class='ocrx_word' id='word_1_432' title='bbox 3372 3206 3489 3247; x_wconf 61' lang='lat' dir='ltr'><strong>am.</strong></span> 
     </span>
    </p>
   </div>
   <div class='ocr_carea' id='block_1_61' title="bbox 204 3246 3474 3355">
    <p class='ocr_par' dir='ltr' id='par_1_61' title="bbox 204 3246 3474 3355">
     <span class='ocr_line' id='line_1_62' title="bbox 204 3246 3474 3355; baseline 0.018 -60"><span class='ocrx_word' id='word_1_433' title='bbox 204 3246 568 3355; x_wconf 56' lang='lat' dir='ltr'><strong>invictissi&#39;rno</strong></span> <span class='ocrx_word' id='word_1_434' title='bbox 594 3252 780 3354; x_wconf 75' lang='lat' dir='ltr'><strong>animo</strong></span> <span class='ocrx_word' id='word_1_435' title='bbox 804 3257 1081 3327; x_wconf 88' lang='lat' dir='ltr'><strong>toleratas,</strong></span> <span class='ocrx_word' id='word_1_436' title='bbox 1120 3266 1336 3322; x_wconf 90' lang='lat' dir='ltr'><strong>tandem</strong></span> <span class='ocrx_word' id='word_1_437' title='bbox 1352 3270 1555 3339; x_wconf 86' lang='lat' dir='ltr'><strong>(divina</strong></span> <span class='ocrx_word' id='word_1_438' title='bbox 1572 3273 1652 3328; x_wconf 89' lang='lat' dir='ltr'><strong>sic</strong></span> <span class='ocrx_word' id='word_1_439' title='bbox 1675 3272 1788 3330; x_wconf 51' lang='lat' dir='ltr'><strong>dis?</strong></span> <span class='ocrx_word' id='word_1_440' title='bbox 1889 3246 2114 3355; x_wconf 56' lang='lat' dir='ltr'><strong>tiquiori</strong></span> <span class='ocrx_word' id='word_1_441' title='bbox 2138 3283 2364 3341; x_wconf 78' lang='lat' dir='ltr'><strong>Marsilii</strong></span> <span class='ocrx_word' id='word_1_442' title='bbox 2394 3285 2597 3349; x_wconf 83' lang='lat' dir='ltr'><strong>tabula,</strong></span> <span class='ocrx_word' id='word_1_443' title='bbox 2628 3285 2682 3343; x_wconf 86' lang='lat' dir='ltr'><strong>in</strong></span> <span class='ocrx_word' id='word_1_444' title='bbox 2721 3284 2825 3341; x_wconf 81' lang='lat' dir='ltr'><strong>alia</strong></span> <span class='ocrx_word' id='word_1_445' title='bbox 2847 3285 3098 3340; x_wconf 62' lang='lat' dir='ltr'><strong>similiter</strong></span> <span class='ocrx_word' id='word_1_446' title='bbox 3123 3298 3432 3339; x_wconf 69' lang='lat' dir='ltr'><strong>mai‘mm‘Ca</strong></span> <span class='ocrx_word' id='word_1_447' title='bbox 3459 3307 3474 3343; x_wconf 71' lang='grc' dir='ltr'><strong>ί</strong></span> 
     </span>
    </p>
   </div>
   <div class='ocr_carea' id='block_1_62' title="bbox 201 3338 3482 3448">
    <p class='ocr_par' dir='ltr' id='par_1_62' title="bbox 201 3338 3482 3448">
     <span class='ocr_line' id='line_1_63' title="bbox 201 3338 3482 3448; baseline 0.01 -59"><span class='ocrx_word' id='word_1_448' title='bbox 201 3345 426 3448; x_wconf 60' lang='lat' dir='ltr'><strong>ponente</strong></span> <span class='ocrx_word' id='word_1_449' title='bbox 460 3338 836 3448; x_wconf 57' lang='lat' dir='ltr'><strong>Erovilentia)</strong></span> <span class='ocrx_word' id='word_1_450' title='bbox 874 3348 928 3403; x_wconf 92' lang='lat' dir='ltr'><strong>in</strong></span> <span class='ocrx_word' id='word_1_451' title='bbox 985 3350 1331 3413; x_wconf 87' lang='lat' dir='ltr'><strong>Salernitana</strong></span> <span class='ocrx_word' id='word_1_452' title='bbox 1349 3338 1568 3418; x_wconf 88' lang='lat' dir='ltr'><strong>civitate</strong></span> <span class='ocrx_word' id='word_1_453' title='bbox 1588 3365 1788 3421; x_wconf 78' lang='lat' dir='ltr'><strong>obdor—</strong></span> <span class='ocrx_word' id='word_1_454' title='bbox 1895 3346 1923 3425; x_wconf 75' lang='grc' dir='ltr'><strong>ι¹</strong></span> <span class='ocrx_word' id='word_1_455' title='bbox 1948 3338 2072 3447; x_wconf 50' lang='lat' dir='ltr'><strong>Ego</strong></span> <span class='ocrx_word' id='word_1_456' title='bbox 2105 3338 2308 3433; x_wconf 78' lang='lat' dir='ltr'><strong>Lucius</strong></span> <span class='ocrx_word' id='word_1_457' title='bbox 2359 3338 2784 3442; x_wconf 78' lang='lat' dir='ltr'><strong>Sanseverinus,</strong></span> <span class='ocrx_word' id='word_1_458' title='bbox 2812 3376 3276 3448; x_wconf 82' lang='lat' dir='ltr'><strong>Archiepiscopus</strong></span> <span class='ocrx_word' id='word_1_459' title='bbox 3303 3373 3482 3433; x_wconf 69' lang='lat' dir='ltr'><strong>Salep.</strong></span> 
     </span>
    </p>
   </div>
   <div class='ocr_carea' id='block_1_63' title="bbox 200 3429 3478 3540">
    <p class='ocr_par' dir='ltr' id='par_1_63' title="bbox 200 3429 3478 3540">
     <span class='ocr_line' id='line_1_64' title="bbox 200 3429 3478 3540; baseline 0.015 -61"><span class='ocrx_word' id='word_1_460' title='bbox 200 3429 347 3482; x_wconf 78' lang='lat' dir='ltr'><strong>mivit</strong></span> <span class='ocrx_word' id='word_1_461' title='bbox 373 3429 732 3540; x_wconf 38' lang='lat' dir='ltr'><strong>irini-Manno;</strong></span> <span class='ocrx_word' id='word_1_462' title='bbox 761 3446 1011 3540; x_wconf 77' lang='lat' dir='ltr'><strong>utquam</strong></span> <span class='ocrx_word' id='word_1_463' title='bbox 1043 3443 1099 3499; x_wconf 91' lang='lat' dir='ltr'><strong>in</strong></span> <span class='ocrx_word' id='word_1_464' title='bbox 1143 3461 1372 3518; x_wconf 80' lang='lat' dir='ltr'><strong>corpore</strong></span> <span class='ocrx_word' id='word_1_465' title='bbox 1400 3455 1638 3522; x_wconf 89' lang='lat' dir='ltr'><strong>mortali,</strong></span> <span class='ocrx_word' id='word_1_466' title='bbox 1683 3472 1785 3513; x_wconf 89' lang='lat' dir='ltr'><strong>sua</strong></span> <span class='ocrx_word' id='word_1_467' title='bbox 1887 3429 2131 3535; x_wconf 57' lang='lat' dir='ltr'><strong>nitanus,</strong></span> <span class='ocrx_word' id='word_1_468' title='bbox 2185 3468 2355 3524; x_wconf 86' lang='lat' dir='ltr'><strong>altare</strong></span> <span class='ocrx_word' id='word_1_469' title='bbox 2398 3467 2589 3524; x_wconf 90' lang='lat' dir='ltr'><strong>hocin</strong></span> <span class='ocrx_word' id='word_1_470' title='bbox 2636 3469 2903 3524; x_wconf 87' lang='lat' dir='ltr'><strong>honorem</strong></span> <span class='ocrx_word' id='word_1_471' title='bbox 2954 3468 3014 3523; x_wconf 89' lang='lat' dir='ltr'><strong>B.</strong></span> <span class='ocrx_word' id='word_1_472' title='bbox 3042 3468 3292 3539; x_wconf 82' lang='lat' dir='ltr'><strong>Gregorii</strong></span> <span class='ocrx_word' id='word_1_473' title='bbox 3316 3467 3478 3540; x_wconf 72' lang='lat' dir='ltr'><strong>Papae</strong></span> 
     </span>
    </p>
   </div>
   <div class='ocr_carea' id='block_1_64' title="bbox 197 3521 1794 3632">
    <p class='ocr_par' dir='ltr' id='par_1_64' title="bbox 197 3521 1782 3612">
     <span class='ocr_line' id='line_1_65' title="bbox 197 3521 1782 3612; baseline 0.023 -42"><span class='ocrx_word' id='word_1_474' title='bbox 197 3521 492 3577; x_wconf 67' lang='lat' dir='ltr'><strong>venerabili</strong></span> <span class='ocrx_word' id='word_1_475' title='bbox 517 3529 834 3596; x_wconf 67' lang='lat' dir='ltr'><strong>praesentia,</strong></span> <span class='ocrx_word' id='word_1_476' title='bbox 858 3530 926 3587; x_wconf 89' lang='lat' dir='ltr'><strong>ad</strong></span> <span class='ocrx_word' id='word_1_477' title='bbox 952 3541 1166 3606; x_wconf 90' lang='lat' dir='ltr'><strong>tempus</strong></span> <span class='ocrx_word' id='word_1_478' title='bbox 1194 3539 1562 3601; x_wconf 68' lang='lat' dir='ltr'><strong>laetiﬁcaverat</strong></span> <span class='ocrx_word' id='word_1_479' title='bbox 1585 3588 1601 3612; x_wconf 96' lang='lat'><strong>,</strong></span> <span class='ocrx_word' id='word_1_480' title='bbox 1619 3521 1782 3606; x_wconf 78' lang='lat' dir='ltr'><strong>etiam</strong></span> 
     </span>
    </p>
   </div>
   <div class='ocr_carea' id='block_1_65' title="bbox 1893 3521 3511 3632">
    <p class='ocr_par' dir='ltr' id='par_1_65' title="bbox 1893 3555 3511 3632">
     <span class='ocr_line' id='line_1_66' title="bbox 1893 3555 3511 3632; baseline 0.004 -22"><span class='ocrx_word' id='word_1_481' title='bbox 1893 3555 1991 3612; x_wconf 64' lang='grc' dir='ltr'><strong>ΥΠ.</strong></span> <span class='ocrx_word' id='word_1_482' title='bbox 2033 3560 2386 3627; x_wconf 84' lang='lat' dir='ltr'><strong>consecravi;</strong></span> <span class='ocrx_word' id='word_1_483' title='bbox 2415 3560 2646 3631; x_wconf 86' lang='lat' dir='ltr'><strong>ejusque</strong></span> <span class='ocrx_word' id='word_1_484' title='bbox 2691 3575 2909 3616; x_wconf 87' lang='lat' dir='ltr'><strong>sacrum</strong></span> <span class='ocrx_word' id='word_1_485' title='bbox 2959 3575 3158 3632; x_wconf 81' lang='lat' dir='ltr'><strong>corpus</strong></span> <span class='ocrx_word' id='word_1_486' title='bbox 3207 3561 3357 3621; x_wconf 81' lang='lat' dir='ltr'><strong>ineo</strong></span> <span class='ocrx_word' id='word_1_487' title='bbox 3400 3562 3511 3623; x_wconf 59' lang='lat' dir='ltr'><strong>in.--</strong></span> 
     </span>
    </p>
   </div>
   <div class='ocr_carea' id='block_1_66' title="bbox 195 3611 1782 3710">
    <p class='ocr_par' dir='ltr' id='par_1_66' title="bbox 195 3611 1782 3710">
     <span class='ocr_line' id='line_1_67' title="bbox 195 3611 1782 3710; baseline 0.022 -48"><span class='ocrx_word' id='word_1_488' title='bbox 195 3611 431 3677; x_wconf 80' lang='lat' dir='ltr'><strong>pretiosa</strong></span> <span class='ocrx_word' id='word_1_489' title='bbox 478 3625 677 3684; x_wconf 89' lang='lat' dir='ltr'><strong>morte,</strong></span> <span class='ocrx_word' id='word_1_490' title='bbox 697 3621 765 3674; x_wconf 89' lang='lat' dir='ltr'><strong>ad</strong></span> <span class='ocrx_word' id='word_1_491' title='bbox 799 3636 1013 3679; x_wconf 60' lang='lat' dir='ltr'><strong>caenam</strong></span> <span class='ocrx_word' id='word_1_492' title='bbox 1033 3630 1348 3699; x_wconf 89' lang='lat' dir='ltr'><strong>nuptiarum</strong></span> <span class='ocrx_word' id='word_1_493' title='bbox 1374 3633 1511 3706; x_wconf 68' lang='grc' dir='ltr'><strong>Λευὶ</strong></span> <span class='ocrx_word' id='word_1_494' title='bbox 1535 3650 1782 3710; x_wconf 71' lang='lat' dir='ltr'><strong>vocatus,</strong></span> 
     </span>
    </p>
   </div>
   <div class='ocr_carea' id='block_1_67' title="bbox 195 3700 1781 3797">
    <p class='ocr_par' dir='ltr' id='par_1_67' title="bbox 195 3700 1781 3797">
     <span class='ocr_line' id='line_1_68' title="bbox 195 3700 1781 3797; baseline 0.021 -44"><span class='ocrx_word' id='word_1_495' title='bbox 277 3715 603 3797; x_wconf 85' lang='lat' dir='ltr'><strong>perpetuum</strong></span> <span class='ocrx_word' id='word_1_496' title='bbox 657 3711 978 3771; x_wconf 86' lang='lat' dir='ltr'><strong>illustraret.</strong></span> <span class='ocrx_word' id='word_1_497' title='bbox 1032 3716 1144 3775; x_wconf 89' lang='lat' dir='ltr'><strong>Nos</strong></span> <span class='ocrx_word' id='word_1_498' title='bbox 1169 3730 1374 3790; x_wconf 86' lang='lat' dir='ltr'><strong>autem,</strong></span> <span class='ocrx_word' id='word_1_499' title='bbox 1402 3700 1656 3797; x_wconf 73' lang='lat' dir='ltr'><strong>quamvis</strong></span> <span class='ocrx_word' id='word_1_500' title='bbox 1696 3700 1781 3787; x_wconf 50' lang='lat' dir='ltr'><strong>in;</strong></span> 
     </span>
    </p>
   </div>
   <div class='ocr_carea' id='block_1_68' title="bbox 193 3792 1779 3892">
    <p class='ocr_par' dir='ltr' id='par_1_68' title="bbox 193 3792 1779 3892">
     <span class='ocr_line' id='line_1_69' title="bbox 193 3792 1779 3892; baseline 0.021 -45"><span class='ocrx_word' id='word_1_501' title='bbox 193 3792 353 3865; x_wconf 79' lang='lat' dir='ltr'><strong>digni,</strong></span> <span class='ocrx_word' id='word_1_502' title='bbox 386 3798 445 3851; x_wconf 91' lang='lat' dir='ltr'><strong>in</strong></span> <span class='ocrx_word' id='word_1_503' title='bbox 477 3800 842 3861; x_wconf 72' lang='lat' dir='ltr'><strong>Saiernitanze</strong></span> <span class='ocrx_word' id='word_1_504' title='bbox 869 3805 1126 3866; x_wconf 67' lang='lat' dir='ltr'><strong>Ecclesiae</strong></span> <span class='ocrx_word' id='word_1_505' title='bbox 1165 3792 1439 3884; x_wconf 68' lang='lat' dir='ltr'><strong>regimine</strong></span> <span class='ocrx_word' id='word_1_506' title='bbox 1476 3822 1779 3892; x_wconf 86' lang='lat' dir='ltr'><strong>constituti,</strong></span> 
     </span>
    </p>
   </div>
   <div class='ocr_carea' id='block_1_69' title="bbox 192 3890 1781 3984">
    <p class='ocr_par' dir='ltr' id='par_1_69' title="bbox 192 3890 1781 3984">
     <span class='ocr_line' id='line_1_70' title="bbox 192 3890 1781 3984; baseline 0.021 -46"><span class='ocrx_word' id='word_1_507' title='bbox 192 3900 330 3984; x_wconf 58' lang='lat' dir='ltr'><strong>eum,</strong></span> <span class='ocrx_word' id='word_1_508' title='bbox 354 3890 480 3947; x_wconf 87' lang='lat' dir='ltr'><strong>loca</strong></span> <span class='ocrx_word' id='word_1_509' title='bbox 506 3891 714 3951; x_wconf 68' lang='lat' dir='ltr'><strong>Divina-</strong></span> <span class='ocrx_word' id='word_1_510' title='bbox 736 3896 1010 3967; x_wconf 81' lang='lat' dir='ltr'><strong>Majestati</strong></span> <span class='ocrx_word' id='word_1_511' title='bbox 1036 3903 1210 3959; x_wconf 87' lang='lat' dir='ltr'><strong>dicata</strong></span> <span class='ocrx_word' id='word_1_512' title='bbox 1239 3906 1538 3977; x_wconf 84' lang='lat' dir='ltr'><strong>visitantes,</strong></span> <span class='ocrx_word' id='word_1_513' title='bbox 1568 3912 1623 3968; x_wconf 91' lang='lat' dir='ltr'><strong>in</strong></span> <span class='ocrx_word' id='word_1_514' title='bbox 1664 3890 1781 3984; x_wconf 86' lang='lat' dir='ltr'><strong>ipsa</strong></span> 
     </span>
    </p>
   </div>
   <div class='ocr_carea' id='block_1_70' title="bbox 190 3974 1785 4065">
    <p class='ocr_par' dir='ltr' id='par_1_70' title="bbox 190 3974 1785 4065">
     <span class='ocr_line' id='line_1_71' title="bbox 190 3974 1785 4065; baseline 0.019 -32"><span class='ocrx_word' id='word_1_515' title='bbox 190 3974 501 4037; x_wconf 80' lang='lat' dir='ltr'><strong>Catbedrali</strong></span> <span class='ocrx_word' id='word_1_516' title='bbox 544 3996 735 4043; x_wconf 89' lang='lat' dir='ltr'><strong>nostra</strong></span> <span class='ocrx_word' id='word_1_517' title='bbox 768 3986 1001 4047; x_wconf 82' lang='lat' dir='ltr'><strong>Basilica</strong></span> <span class='ocrx_word' id='word_1_518' title='bbox 1043 4007 1462 4056; x_wconf 90' lang='lat' dir='ltr'><strong>monumentum</strong></span> <span class='ocrx_word' id='word_1_519' title='bbox 1492 3974 1785 4065; x_wconf 74' lang='lat' dir='ltr'><strong>memorati</strong></span> 
     </span>
    </p>
   </div>
   <div class='ocr_carea' id='block_1_71' title="bbox 190 4068 1778 4161">
    <p class='ocr_par' dir='ltr' id='par_1_71' title="bbox 190 4068 1778 4161">
     <span class='ocr_line' id='line_1_72' title="bbox 190 4068 1778 4161; baseline 0.021 -39"><span class='ocrx_word' id='word_1_520' title='bbox 190 4068 408 4161; x_wconf 50' lang='lat' dir='ltr'><strong>gloriosi</strong></span> <span class='ocrx_word' id='word_1_521' title='bbox 432 4073 721 4135; x_wconf 84' lang='lat' dir='ltr'><strong>Pontiﬁcis</strong></span> <span class='ocrx_word' id='word_1_522' title='bbox 748 4092 1003 4139; x_wconf 86' lang='lat' dir='ltr'><strong>accurate</strong></span> <span class='ocrx_word' id='word_1_523' title='bbox 1030 4088 1485 4161; x_wconf 88' lang='lat' dir='ltr'><strong>perspiceremus,</strong></span> <span class='ocrx_word' id='word_1_524' title='bbox 1507 4104 1561 4151; x_wconf 91' lang='lat' dir='ltr'><strong>et</strong></span> <span class='ocrx_word' id='word_1_525' title='bbox 1595 4097 1778 4156; x_wconf 91' lang='lat' dir='ltr'><strong>debito</strong></span> 
     </span>
    </p>
   </div>
   <div class='ocr_carea' id='block_1_72' title="bbox 189 4157 1778 4250">
    <p class='ocr_par' dir='ltr' id='par_1_72' title="bbox 189 4157 1778 4250">
     <span class='ocr_line' id='line_1_73' title="bbox 189 4157 1778 4250; baseline 0.023 -36"><span class='ocrx_word' id='word_1_526' title='bbox 189 4157 464 4220; x_wconf 61' lang='lat' dir='ltr'><strong>leitibus</strong></span> <span class='ocrx_word' id='word_1_527' title='bbox 502 4168 713 4228; x_wconf 85' lang='lat' dir='ltr'><strong>honore</strong></span> <span class='ocrx_word' id='word_1_528' title='bbox 735 4189 802 4229; x_wconf 90' lang='lat' dir='ltr'><strong>ac</strong></span> <span class='ocrx_word' id='word_1_529' title='bbox 831 4180 1178 4235; x_wconf 89' lang='lat' dir='ltr'><strong>veneratione</strong></span> <span class='ocrx_word' id='word_1_530' title='bbox 1206 4182 1358 4238; x_wconf 91' lang='lat' dir='ltr'><strong>illum</strong></span> <span class='ocrx_word' id='word_1_531' title='bbox 1399 4201 1588 4244; x_wconf 89' lang='lat' dir='ltr'><strong>carere</strong></span> <span class='ocrx_word' id='word_1_532' title='bbox 1632 4191 1778 4250; x_wconf 89' lang='lat' dir='ltr'><strong>baud</strong></span> 
     </span>
    </p>
   </div>
   <div class='ocr_carea' id='block_1_73' title="bbox 186 4258 1780 4343">
    <p class='ocr_par' dir='ltr' id='par_1_73' title="bbox 186 4258 1780 4343">
     <span class='ocr_line' id='line_1_74' title="bbox 186 4258 1780 4343; baseline 0.021 -37"><span class='ocrx_word' id='word_1_533' title='bbox 186 4266 332 4323; x_wconf 63' lang='lat' dir='ltr'><strong>equo</strong></span> <span class='ocrx_word' id='word_1_534' title='bbox 363 4258 483 4327; x_wconf 86' lang='lat' dir='ltr'><strong>pati</strong></span> <span class='ocrx_word' id='word_1_535' title='bbox 521 4260 709 4319; x_wconf 90' lang='lat' dir='ltr'><strong>animo</strong></span> <span class='ocrx_word' id='word_1_536' title='bbox 739 4280 1059 4338; x_wconf 84' lang='lat' dir='ltr'><strong>possemus;</strong></span> <span class='ocrx_word' id='word_1_537' title='bbox 1087 4287 1152 4326; x_wconf 81' lang='lat' dir='ltr'><strong>ex</strong></span> <span class='ocrx_word' id='word_1_538' title='bbox 1188 4274 1503 4343; x_wconf 85' lang='lat' dir='ltr'><strong>Apostolica</strong></span> <span class='ocrx_word' id='word_1_539' title='bbox 1544 4278 1683 4337; x_wconf 86' lang='lat' dir='ltr'><strong>Sede</strong></span> <span class='ocrx_word' id='word_1_540' title='bbox 1701 4284 1780 4339; x_wconf 82' lang='lat' dir='ltr'><strong>di-</strong></span> 
     </span>
    </p>
   </div>
   <div class='ocr_carea' id='block_1_74' title="bbox 188 4343 1775 4434">
    <p class='ocr_par' dir='ltr' id='par_1_74' title="bbox 188 4343 1775 4434">
     <span class='ocr_line' id='line_1_75' title="bbox 188 4343 1775 4434; baseline 0.021 -36"><span class='ocrx_word' id='word_1_541' title='bbox 188 4343 357 4412; x_wconf 85' lang='lat' dir='ltr'><strong>ploma</strong></span> <span class='ocrx_word' id='word_1_542' title='bbox 383 4350 553 4407; x_wconf 89' lang='lat' dir='ltr'><strong>nobis</strong></span> <span class='ocrx_word' id='word_1_543' title='bbox 588 4354 736 4412; x_wconf 89' lang='lat' dir='ltr'><strong>haud</strong></span> <span class='ocrx_word' id='word_1_544' title='bbox 758 4359 1002 4430; x_wconf 75' lang='lat' dir='ltr'><strong>segniter</strong></span> <span class='ocrx_word' id='word_1_545' title='bbox 1030 4362 1435 4434; x_wconf 87' lang='lat' dir='ltr'><strong>impetrandum</strong></span> <span class='ocrx_word' id='word_1_546' title='bbox 1480 4386 1605 4427; x_wconf 84' lang='lat' dir='ltr'><strong>esse</strong></span> <span class='ocrx_word' id='word_1_547' title='bbox 1643 4390 1775 4432; x_wconf 88' lang='lat' dir='ltr'><strong>cen-</strong></span> 
     </span>
    </p>
   </div>
   <div class='ocr_carea' id='block_1_75' title="bbox 1884 3649 3475 3721">
    <p class='ocr_par' dir='ltr' id='par_1_75' title="bbox 1884 3649 3475 3721">
     <span class='ocr_line' id='line_1_76' title="bbox 1884 3649 3475 3721; baseline 0.006 -17"><span class='ocrx_word' id='word_1_548' title='bbox 1884 3649 2053 3717; x_wconf 81' lang='lat' dir='ltr'><strong>clusi;</strong></span> <span class='ocrx_word' id='word_1_549' title='bbox 2099 3652 2483 3721; x_wconf 68' lang='lat' dir='ltr'><strong>praesentibus,</strong></span> <span class='ocrx_word' id='word_1_550' title='bbox 2552 3667 2759 3707; x_wconf 90' lang='lat' dir='ltr'><strong>annum</strong></span> <span class='ocrx_word' id='word_1_551' title='bbox 2812 3668 3024 3720; x_wconf 88' lang='lat' dir='ltr'><strong>unum;</strong></span> <span class='ocrx_word' id='word_1_552' title='bbox 3097 3653 3475 3714; x_wconf 78' lang='lat' dir='ltr'><strong>anniversaria</strong></span> 
     </span>
    </p>
   </div>
   <div class='ocr_carea' id='block_1_76' title="bbox 1883 3741 3475 3815">
    <p class='ocr_par' dir='ltr' id='par_1_76' title="bbox 1883 3741 3475 3815">
     <span class='ocr_line' id='line_1_77' title="bbox 1883 3741 3475 3815; baseline 0.004 -20"><span class='ocrx_word' id='word_1_553' title='bbox 1883 3741 2140 3813; x_wconf 88' lang='lat' dir='ltr'><strong>deinceps</strong></span> <span class='ocrx_word' id='word_1_554' title='bbox 2166 3744 2597 3800; x_wconf 86' lang='lat' dir='ltr'><strong>consecrationis</strong></span> <span class='ocrx_word' id='word_1_555' title='bbox 2635 3744 2743 3810; x_wconf 89' lang='lat' dir='ltr'><strong>die,</strong></span> <span class='ocrx_word' id='word_1_556' title='bbox 2776 3744 2954 3814; x_wconf 87' lang='lat' dir='ltr'><strong>ipsum</strong></span> <span class='ocrx_word' id='word_1_557' title='bbox 2985 3745 3071 3815; x_wconf 88' lang='lat' dir='ltr'><strong>pie</strong></span> <span class='ocrx_word' id='word_1_558' title='bbox 3097 3746 3475 3813; x_wconf 70' lang='lat' dir='ltr'><strong>visitantibus,</strong></span> 
     </span>
    </p>
   </div>
   <div class='ocr_carea' id='block_1_77' title="bbox 1881 3834 3475 3907">
    <p class='ocr_par' dir='ltr' id='par_1_77' title="bbox 1881 3834 3475 3907">
     <span class='ocr_line' id='line_1_78' title="bbox 1881 3834 3475 3907; baseline 0.006 -18"><span class='ocrx_word' id='word_1_559' title='bbox 1881 3834 2241 3906; x_wconf 73' lang='lat' dir='ltr'><strong>quadraginta</strong></span> <span class='ocrx_word' id='word_1_560' title='bbox 2268 3836 2389 3891; x_wconf 88' lang='lat' dir='ltr'><strong>dies</strong></span> <span class='ocrx_word' id='word_1_561' title='bbox 2415 3852 2559 3892; x_wconf 76' lang='lat' dir='ltr'><strong>verm</strong></span> <span class='ocrx_word' id='word_1_562' title='bbox 2585 3835 2938 3907; x_wconf 63' lang='lat' dir='ltr'><strong>indulgentiae</strong></span> <span class='ocrx_word' id='word_1_563' title='bbox 2959 3839 3024 3893; x_wconf 91' lang='lat' dir='ltr'><strong>de</strong></span> <span class='ocrx_word' id='word_1_564' title='bbox 3035 3836 3293 3894; x_wconf 71' lang='lat' dir='ltr'><strong>Ecclesia:</strong></span> <span class='ocrx_word' id='word_1_565' title='bbox 3320 3855 3475 3899; x_wconf 73' lang='lat' dir='ltr'><strong>more</strong></span> 
     </span>
    </p>
   </div>
   <div class='ocr_carea' id='block_1_78' title="bbox 1880 3926 3467 3990">
    <p class='ocr_par' dir='ltr' id='par_1_78' title="bbox 1880 3926 3467 3990">
     <span class='ocr_line' id='line_1_79' title="bbox 1880 3926 3467 3990; baseline 0.005 -9"><span class='ocrx_word' id='word_1_566' title='bbox 1880 3926 2146 3982; x_wconf 86' lang='lat' dir='ltr'><strong>concessi.</strong></span> <span class='ocrx_word' id='word_1_567' title='bbox 2185 3928 2251 3981; x_wconf 86' lang='lat' dir='ltr'><strong>A.</strong></span> <span class='ocrx_word' id='word_1_568' title='bbox 2283 3926 2346 3983; x_wconf 89' lang='lat' dir='ltr'><strong>D.</strong></span> <span class='ocrx_word' id='word_1_569' title='bbox 2386 3927 2545 3983; x_wconf 74' lang='grc'><strong>1614.</strong></span> <span class='ocrx_word' id='word_1_570' title='bbox 2598 3929 2686 3984; x_wconf 88' lang='lat' dir='ltr'><strong>die</strong></span> <span class='ocrx_word' id='word_1_571' title='bbox 2713 3929 2749 3983; x_wconf 70' lang='grc'><strong>4</strong></span> <span class='ocrx_word' id='word_1_572' title='bbox 2783 3930 2988 3985; x_wconf 89' lang='lat' dir='ltr'><strong>mensis</strong></span> <span class='ocrx_word' id='word_1_573' title='bbox 3012 3929 3158 3990; x_wconf 81' lang='lat' dir='ltr'><strong>Maii.</strong></span> <span class='ocrx_word' id='word_1_574' title='bbox 3210 3949 3229 3981; x_wconf 75' lang='grc' dir='ltr'><strong><em>ι</em></strong></span> <span class='ocrx_word' id='word_1_575' title='bbox 3256 3929 3467 3989; x_wconf 85' lang='lat' dir='ltr'><strong>Novum</strong></span> 
     </span>
    </p>
   </div>
   <div class='ocr_carea' id='block_1_79' title="bbox 1880 4015 3473 4091">
    <p class='ocr_par' dir='ltr' id='par_1_79' title="bbox 1880 4015 3473 4091">
     <span class='ocr_line' id='line_1_80' title="bbox 1880 4015 3473 4091; baseline 0.003 -19"><span class='ocrx_word' id='word_1_576' title='bbox 1880 4015 1986 4073; x_wconf 88' lang='lat' dir='ltr'><strong>hoc</strong></span> <span class='ocrx_word' id='word_1_577' title='bbox 2013 4019 2185 4074; x_wconf 88' lang='lat' dir='ltr'><strong>altare</strong></span> <span class='ocrx_word' id='word_1_578' title='bbox 2212 4018 2395 4087; x_wconf 83' lang='lat' dir='ltr'><strong>fuerit,</strong></span> <span class='ocrx_word' id='word_1_579' title='bbox 2418 4021 2565 4091; x_wconf 91' lang='lat' dir='ltr'><strong>quod</strong></span> <span class='ocrx_word' id='word_1_580' title='bbox 2595 4020 2858 4076; x_wconf 72' lang='lat' dir='ltr'><strong>iteranda:</strong></span> <span class='ocrx_word' id='word_1_581' title='bbox 2881 4020 3284 4080; x_wconf 85' lang='lat' dir='ltr'><strong>Translationis</strong></span> <span class='ocrx_word' id='word_1_582' title='bbox 3317 4036 3473 4078; x_wconf 70' lang='lat' dir='ltr'><strong>ocra-</strong></span> 
     </span>
    </p>
   </div>
   <div class='ocr_carea' id='block_1_80' title="bbox 1879 4108 3466 4184">
    <p class='ocr_par' dir='ltr' id='par_1_80' title="bbox 1879 4108 3466 4184">
     <span class='ocr_line' id='line_1_81' title="bbox 1879 4108 3466 4184; baseline 0.004 -23"><span class='ocrx_word' id='word_1_583' title='bbox 1879 4108 2091 4165; x_wconf 88' lang='lat' dir='ltr'><strong>sionem</strong></span> <span class='ocrx_word' id='word_1_584' title='bbox 2121 4111 2380 4167; x_wconf 78' lang='lat' dir='ltr'><strong>deditzea</strong></span> <span class='ocrx_word' id='word_1_585' title='bbox 2429 4121 2613 4168; x_wconf 89' lang='lat' dir='ltr'><strong>autem</strong></span> <span class='ocrx_word' id='word_1_586' title='bbox 2665 4113 2965 4184; x_wconf 87' lang='lat' dir='ltr'><strong>prudenter</strong></span> <span class='ocrx_word' id='word_1_587' title='bbox 3001 4113 3106 4170; x_wconf 82' lang='lat' dir='ltr'><strong>fuit</strong></span> <span class='ocrx_word' id='word_1_588' title='bbox 3132 4115 3186 4169; x_wconf 91' lang='lat' dir='ltr'><strong>in</strong></span> <span class='ocrx_word' id='word_1_589' title='bbox 3211 4115 3466 4171; x_wconf 84' lang='lat' dir='ltr'><strong>eumdem</strong></span> 
     </span>
    </p>
   </div>
   <div class='ocr_carea' id='block_1_81' title="bbox 1877 4199 3475 4277">
    <p class='ocr_par' dir='ltr' id='par_1_81' title="bbox 1877 4199 3475 4277">
     <span class='ocr_line' id='line_1_82' title="bbox 1877 4199 3475 4277; baseline 0.005 -24"><span class='ocrx_word' id='word_1_590' title='bbox 1877 4199 2023 4256; x_wconf 87' lang='lat' dir='ltr'><strong>diem</strong></span> <span class='ocrx_word' id='word_1_591' title='bbox 2068 4202 2269 4257; x_wconf 82' lang='lat' dir='ltr'><strong>indicta</strong></span> <span class='ocrx_word' id='word_1_592' title='bbox 2299 4218 2410 4274; x_wconf 91' lang='lat' dir='ltr'><strong>quo</strong></span> <span class='ocrx_word' id='word_1_593' title='bbox 2445 4205 2617 4274; x_wconf 85' lang='lat' dir='ltr'><strong>prior,</strong></span> <span class='ocrx_word' id='word_1_594' title='bbox 2654 4221 2724 4260; x_wconf 90' lang='lat' dir='ltr'><strong>ne</strong></span> <span class='ocrx_word' id='word_1_595' title='bbox 2771 4204 2911 4262; x_wconf 81' lang='lat' dir='ltr'><strong>l‘esta</strong></span> <span class='ocrx_word' id='word_1_596' title='bbox 2939 4206 3300 4277; x_wconf 88' lang='lat' dir='ltr'><strong>multiplicare</strong></span> <span class='ocrx_word' id='word_1_597' title='bbox 3328 4221 3475 4276; x_wconf 74' lang='lat' dir='ltr'><strong>opus</strong></span> 
     </span>
    </p>
   </div>
   <div class='ocr_carea' id='block_1_82' title="bbox 1876 4286 3469 4354">
    <p class='ocr_par' dir='ltr' id='par_1_82' title="bbox 1876 4286 3469 4354">
     <span class='ocr_line' id='line_1_83' title="bbox 1876 4286 3469 4354; baseline 0.006 -11"><span class='ocrx_word' id='word_1_598' title='bbox 1876 4286 2036 4346; x_wconf 82' lang='lat' dir='ltr'><strong>foret.</strong></span> <span class='ocrx_word' id='word_1_599' title='bbox 2082 4291 2282 4348; x_wconf 87' lang='lat' dir='ltr'><strong>Eadem</strong></span> <span class='ocrx_word' id='word_1_600' title='bbox 2313 4296 2602 4350; x_wconf 86' lang='lat' dir='ltr'><strong>occasione</strong></span> <span class='ocrx_word' id='word_1_601' title='bbox 2631 4296 2916 4352; x_wconf 86' lang='lat' dir='ltr'><strong>crederent</strong></span> <span class='ocrx_word' id='word_1_602' title='bbox 2958 4296 3126 4354; x_wconf 82' lang='lat' dir='ltr'><strong>fuisse</strong></span> <span class='ocrx_word' id='word_1_603' title='bbox 3153 4313 3185 4353; x_wconf 87' lang='lat' dir='ltr'><strong>a</strong></span> <span class='ocrx_word' id='word_1_604' title='bbox 3225 4296 3469 4354; x_wconf 86' lang='lat' dir='ltr'><strong>Soancn-</strong></span> 
     </span>
    </p>
   </div>
   <div class='ocr_carea' id='block_1_83' title="bbox 1877 4381 3463 4457">
    <p class='ocr_par' dir='ltr' id='par_1_83' title="bbox 1877 4381 3463 4457">
     <span class='ocr_line' id='line_1_84' title="bbox 1877 4381 3463 4457; baseline 0.006 -21"><span class='ocrx_word' id='word_1_605' title='bbox 1877 4381 2031 4439; x_wconf 90' lang='lat' dir='ltr'><strong>sibus</strong></span> <span class='ocrx_word' id='word_1_606' title='bbox 2081 4384 2431 4457; x_wconf 88' lang='lat' dir='ltr'><strong>impetratum</strong></span> <span class='ocrx_word' id='word_1_607' title='bbox 2484 4385 2940 4455; x_wconf 87' lang='lat' dir='ltr'><strong>Brachium;nisi</strong></span> <span class='ocrx_word' id='word_1_608' title='bbox 2978 4389 3164 4445; x_wconf 72' lang='lat' dir='ltr'><strong>missae</strong></span> <span class='ocrx_word' id='word_1_609' title='bbox 3190 4389 3325 4447; x_wconf 87' lang='lat' dir='ltr'><strong>mihi</strong></span> <span class='ocrx_word' id='word_1_610' title='bbox 3373 4389 3463 4445; x_wconf 82' lang='lat' dir='ltr'><strong>in-</strong></span> 
     </span>
    </p>
   </div>
   <div class='ocr_carea' id='block_1_84' title="bbox 186 4436 3465 4549">
    <p class='ocr_par' dir='ltr' id='par_1_84' title="bbox 186 4436 3465 4549">
     <span class='ocr_line' id='line_1_85' title="bbox 186 4436 3465 4549; baseline 0.015 -58"><span class='ocrx_word' id='word_1_611' title='bbox 186 4436 412 4549; x_wconf 53' lang='lat' dir='ltr'><strong>inimus,</strong></span> <span class='ocrx_word' id='word_1_612' title='bbox 430 4451 513 4549; x_wconf 54' lang='lat' dir='ltr'><strong>‘ut</strong></span> <span class='ocrx_word' id='word_1_613' title='bbox 536 4453 588 4499; x_wconf 88' lang='lat' dir='ltr'><strong>et</strong></span> <span class='ocrx_word' id='word_1_614' title='bbox 612 4462 895 4549; x_wconf 76' lang='lat' dir='ltr'><strong>congruus</strong></span> <span class='ocrx_word' id='word_1_615' title='bbox 929 4463 1118 4549; x_wconf 71' lang='lat' dir='ltr'><strong>sancto</strong></span> <span class='ocrx_word' id='word_1_616' title='bbox 1146 4456 1395 4515; x_wconf 76' lang='lat' dir='ltr'><strong>Pontifici</strong></span> <span class='ocrx_word' id='word_1_617' title='bbox 1423 4462 1775 4522; x_wconf 80' lang='lat' dir='ltr'><strong>exhiberetur</strong></span> <span class='ocrx_word' id='word_1_618' title='bbox 1804 4493 1848 4547; x_wconf 74' lang='grc' dir='ltr'><strong>Ι)</strong></span> <span class='ocrx_word' id='word_1_619' title='bbox 1874 4436 2206 4533; x_wconf 49' lang='lat' dir='ltr'><strong>structione;</strong></span> <span class='ocrx_word' id='word_1_620' title='bbox 2254 4478 2499 4535; x_wconf 87' lang='lat' dir='ltr'><strong>dicerent</strong></span> <span class='ocrx_word' id='word_1_621' title='bbox 2537 4436 2881 4539; x_wconf 68' lang='lat' dir='ltr'><strong>Cardinalem</strong></span> <span class='ocrx_word' id='word_1_622' title='bbox 2919 4480 3277 4549; x_wconf 81' lang='lat' dir='ltr'><strong>Soanensem,</strong></span> <span class='ocrx_word' id='word_1_623' title='bbox 3306 4480 3465 4537; x_wconf 83' lang='lat' dir='ltr'><strong>Pauli</strong></span> 
     </span>
    </p>
   </div>
   <div class='ocr_carea' id='block_1_85' title="bbox 186 4525 1776 4615">
    <p class='ocr_par' dir='ltr' id='par_1_85' title="bbox 186 4525 1776 4615">
     <span class='ocr_line' id='line_1_86' title="bbox 186 4525 1776 4615; baseline 0.021 -33"><span class='ocrx_word' id='word_1_624' title='bbox 186 4525 352 4586; x_wconf 85' lang='lat' dir='ltr'><strong>honos</strong></span> <span class='ocrx_word' id='word_1_625' title='bbox 392 4534 465 4589; x_wconf 89' lang='lat' dir='ltr'><strong>ab</strong></span> <span class='ocrx_word' id='word_1_626' title='bbox 518 4540 805 4609; x_wconf 89' lang='lat' dir='ltr'><strong>omnibus,</strong></span> <span class='ocrx_word' id='word_1_627' title='bbox 862 4551 916 4597; x_wconf 91' lang='lat' dir='ltr'><strong>et</strong></span> <span class='ocrx_word' id='word_1_628' title='bbox 957 4543 1297 4608; x_wconf 87' lang='lat' dir='ltr'><strong>Salernitana</strong></span> <span class='ocrx_word' id='word_1_629' title='bbox 1326 4552 1520 4610; x_wconf 78' lang='lat' dir='ltr'><strong>civitas</strong></span> <span class='ocrx_word' id='word_1_630' title='bbox 1560 4572 1628 4612; x_wconf 75' lang='lat' dir='ltr'><strong>ex</strong></span> <span class='ocrx_word' id='word_1_631' title='bbox 1671 4560 1776 4615; x_wconf 90' lang='lat' dir='ltr'><strong>hoc</strong></span> 
     </span>
    </p>
   </div>
   <div class='ocr_carea' id='block_1_86' title="bbox 186 4622 1776 4715">
    <p class='ocr_par' dir='ltr' id='par_1_86' title="bbox 186 4622 1776 4715">
     <span class='ocr_line' id='line_1_87' title="bbox 186 4622 1776 4715; baseline 0.024 -45"><span class='ocrx_word' id='word_1_632' title='bbox 186 4622 369 4680; x_wconf 85' lang='lat' dir='ltr'><strong>indies</strong></span> <span class='ocrx_word' id='word_1_633' title='bbox 394 4625 649 4698; x_wconf 82' lang='lat' dir='ltr'><strong>singulos</strong></span> <span class='ocrx_word' id='word_1_634' title='bbox 669 4633 849 4705; x_wconf 79' lang='lat' dir='ltr'><strong>magis</strong></span> <span class='ocrx_word' id='word_1_635' title='bbox 870 4639 1156 4711; x_wconf 82' lang='lat' dir='ltr'><strong>magisque</strong></span> <span class='ocrx_word' id='word_1_636' title='bbox 1169 4640 1267 4699; x_wconf 91' lang='lat' dir='ltr'><strong>Dei</strong></span> <span class='ocrx_word' id='word_1_637' title='bbox 1295 4656 1639 4715; x_wconf 89' lang='lat' dir='ltr'><strong>promeretur</strong></span> <span class='ocrx_word' id='word_1_638' title='bbox 1664 4651 1776 4707; x_wconf 88' lang='lat' dir='ltr'><strong>cle-</strong></span> 
     </span>
    </p>
   </div>
   <div class='ocr_carea' id='block_1_87' title="bbox 184 4716 1773 4811">
    <p class='ocr_par' dir='ltr' id='par_1_87' title="bbox 184 4716 1773 4811">
     <span class='ocr_line' id='line_1_88' title="bbox 184 4716 1773 4811; baseline 0.021 -45"><span class='ocrx_word' id='word_1_639' title='bbox 184 4716 461 4811; x_wconf 60' lang='lat' dir='ltr'><strong>tuentium,</strong></span> <span class='ocrx_word' id='word_1_640' title='bbox 497 4728 610 4776; x_wconf 88' lang='lat' dir='ltr'><strong>tam</strong></span> <span class='ocrx_word' id='word_1_641' title='bbox 632 4726 885 4794; x_wconf 70' lang='lat' dir='ltr'><strong>prmelari</strong></span> <span class='ocrx_word' id='word_1_642' title='bbox 907 4728 1258 4791; x_wconf 86' lang='lat' dir='ltr'><strong>Confessoris</strong></span> <span class='ocrx_word' id='word_1_643' title='bbox 1286 4745 1450 4811; x_wconf 87' lang='lat' dir='ltr'><strong>atque</strong></span> <span class='ocrx_word' id='word_1_644' title='bbox 1494 4740 1773 4799; x_wconf 81' lang='lat' dir='ltr'><strong>Pontiﬁcis</strong></span> 
     </span>
    </p>
   </div>
   <div class='ocr_carea' id='block_1_88' title="bbox 183 4800 1773 4904">
    <p class='ocr_par' dir='ltr' id='par_1_88' title="bbox 183 4800 1773 4904">
     <span class='ocr_line' id='line_1_89' title="bbox 183 4800 1773 4904; baseline 0.02 -44"><span class='ocrx_word' id='word_1_645' title='bbox 183 4800 393 4904; x_wconf 55' lang='lat' dir='ltr'><strong>Peoque</strong></span> <span class='ocrx_word' id='word_1_646' title='bbox 421 4827 552 4904; x_wconf 88' lang='lat' dir='ltr'><strong>cum</strong></span> <span class='ocrx_word' id='word_1_647' title='bbox 612 4816 810 4884; x_wconf 91' lang='lat' dir='ltr'><strong>primis</strong></span> <span class='ocrx_word' id='word_1_648' title='bbox 858 4825 1064 4893; x_wconf 90' lang='lat' dir='ltr'><strong>accepti</strong></span> <span class='ocrx_word' id='word_1_649' title='bbox 1110 4828 1299 4898; x_wconf 88' lang='lat' dir='ltr'><strong>adjuta</strong></span> <span class='ocrx_word' id='word_1_650' title='bbox 1347 4800 1643 4904; x_wconf 67' lang='lat' dir='ltr'><strong>subiugiis.</strong></span> <span class='ocrx_word' id='word_1_651' title='bbox 1693 4833 1773 4892; x_wconf 82' lang='lat' dir='ltr'><strong>Ne</strong></span> 
     </span>
    </p>
   </div>
   <div class='ocr_carea' id='block_1_89' title="bbox 184 4891 1769 4990">
    <p class='ocr_par' dir='ltr' id='par_1_89' title="bbox 184 4891 1769 4990">
     <span class='ocr_line' id='line_1_90' title="bbox 184 4891 1769 4990; baseline 0.023 -43"><span class='ocrx_word' id='word_1_652' title='bbox 184 4891 315 4953; x_wconf 87' lang='lat' dir='ltr'><strong>illam</strong></span> <span class='ocrx_word' id='word_1_653' title='bbox 339 4903 572 4971; x_wconf 87' lang='lat' dir='ltr'><strong>quidem</strong></span> <span class='ocrx_word' id='word_1_654' title='bbox 619 4923 848 4966; x_wconf 83' lang='lat' dir='ltr'><strong>causam</strong></span> <span class='ocrx_word' id='word_1_655' title='bbox 897 4907 1116 4973; x_wconf 78' lang='lat' dir='ltr'><strong>silentio</strong></span> <span class='ocrx_word' id='word_1_656' title='bbox 1144 4924 1578 4990; x_wconf 67' lang='lat' dir='ltr'><strong>praetereundam</strong></span> <span class='ocrx_word' id='word_1_657' title='bbox 1618 4928 1769 4984; x_wconf 81' lang='lat' dir='ltr'><strong>arbi-</strong></span> 
     </span>
    </p>
   </div>
   <div class='ocr_carea' id='block_1_90' title="bbox 185 4992 1767 5086">
    <p class='ocr_par' dir='ltr' id='par_1_90' title="bbox 185 4992 1767 5086">
     <span class='ocr_line' id='line_1_91' title="bbox 185 4992 1767 5086; baseline 0.021 -44"><span class='ocrx_word' id='word_1_658' title='bbox 185 4992 400 5060; x_wconf 69' lang='lat' dir='ltr'><strong>tramur,</strong></span> <span class='ocrx_word' id='word_1_659' title='bbox 434 5012 610 5065; x_wconf 89' lang='lat' dir='ltr'><strong>quam</strong></span> <span class='ocrx_word' id='word_1_660' title='bbox 670 5001 819 5056; x_wconf 82' lang='lat' dir='ltr'><strong>nulla</strong></span> <span class='ocrx_word' id='word_1_661' title='bbox 879 5021 1121 5077; x_wconf 89' lang='lat' dir='ltr'><strong>unquam</strong></span> <span class='ocrx_word' id='word_1_662' title='bbox 1176 5013 1321 5081; x_wconf 87' lang='lat' dir='ltr'><strong>apud</strong></span> <span class='ocrx_word' id='word_1_663' title='bbox 1364 5031 1463 5071; x_wconf 80' lang='lat' dir='ltr'><strong>vos</strong></span> <span class='ocrx_word' id='word_1_664' title='bbox 1502 5026 1767 5086; x_wconf 85' lang='lat' dir='ltr'><strong>vetustas,</strong></span> 
     </span>
    </p>
   </div>
   <div class='ocr_carea' id='block_1_91' title="bbox 184 5082 1769 5178">
    <p class='ocr_par' dir='ltr' id='par_1_91' title="bbox 184 5082 1769 5178">
     <span class='ocr_line' id='line_1_92' title="bbox 184 5082 1769 5178; baseline 0.02 -45"><span class='ocrx_word' id='word_1_665' title='bbox 184 5082 312 5178; x_wconf 66' lang='lat' dir='ltr'><strong>nulla</strong></span> <span class='ocrx_word' id='word_1_666' title='bbox 338 5102 594 5158; x_wconf 86' lang='lat' dir='ltr'><strong>unquam</strong></span> <span class='ocrx_word' id='word_1_667' title='bbox 618 5091 801 5149; x_wconf 89' lang='lat' dir='ltr'><strong>delere</strong></span> <span class='ocrx_word' id='word_1_668' title='bbox 824 5096 1035 5157; x_wconf 85' lang='lat' dir='ltr'><strong>debebit</strong></span> <span class='ocrx_word' id='word_1_669' title='bbox 1057 5103 1263 5160; x_wconf 89' lang='lat' dir='ltr'><strong>oblivio</strong></span> <span class='ocrx_word' id='word_1_670' title='bbox 1286 5123 1301 5163; x_wconf 87' lang='lat'><strong>:</strong></span> <span class='ocrx_word' id='word_1_671' title='bbox 1332 5108 1503 5177; x_wconf 82' lang='lat' dir='ltr'><strong>quod,</strong></span> <span class='ocrx_word' id='word_1_672' title='bbox 1523 5125 1647 5165; x_wconf 88' lang='lat' dir='ltr'><strong>cum</strong></span> <span class='ocrx_word' id='word_1_673' title='bbox 1669 5082 1769 5164; x_wconf 49' lang='lat' dir='ltr'><strong>Sa;</strong></span> 
     </span>
    </p>
   </div>
   <div class='ocr_carea' id='block_1_92' title="bbox 1878 4562 3463 4646">
    <p class='ocr_par' dir='ltr' id='par_1_92' title="bbox 1878 4562 3463 4646">
     <span class='ocr_line' id='line_1_93' title="bbox 1878 4562 3463 4646; baseline 0.006 -27"><span class='ocrx_word' id='word_1_674' title='bbox 1878 4562 1923 4619; x_wconf 83' lang='lat' dir='ltr'><strong>V</strong></span> <span class='ocrx_word' id='word_1_675' title='bbox 1971 4568 2250 4627; x_wconf 88' lang='lat' dir='ltr'><strong>creatione</strong></span> <span class='ocrx_word' id='word_1_676' title='bbox 2299 4586 2459 4627; x_wconf 90' lang='lat' dir='ltr'><strong>sacro</strong></span> <span class='ocrx_word' id='word_1_677' title='bbox 2497 4570 2740 4643; x_wconf 79' lang='lat' dir='ltr'><strong>Collegia</strong></span> <span class='ocrx_word' id='word_1_678' title='bbox 2797 4574 3152 4644; x_wconf 82' lang='lat' dir='ltr'><strong>adscriptum,</strong></span> <span class='ocrx_word' id='word_1_679' title='bbox 3190 4575 3282 4646; x_wconf 90' lang='lat' dir='ltr'><strong>pio</strong></span> <span class='ocrx_word' id='word_1_680' title='bbox 3308 4589 3463 4646; x_wconf 75' lang='lat' dir='ltr'><strong>erga</strong></span> 
     </span>
    </p>
   </div>
   <div class='ocr_carea' id='block_1_93' title="bbox 1874 4660 3465 4734">
    <p class='ocr_par' dir='ltr' id='par_1_93' title="bbox 1874 4660 3465 4734">
     <span class='ocr_line' id='line_1_94' title="bbox 1874 4660 3465 4734; baseline 0.006 -21"><span class='ocrx_word' id='word_1_681' title='bbox 1874 4660 2156 4716; x_wconf 88' lang='lat' dir='ltr'><strong>concivem</strong></span> <span class='ocrx_word' id='word_1_682' title='bbox 2182 4661 2504 4720; x_wconf 73' lang='lat' dir='ltr'><strong>Pontiilcem</strong></span> <span class='ocrx_word' id='word_1_683' title='bbox 2531 4664 2730 4723; x_wconf 80' lang='lat' dir='ltr'><strong>aﬂ&#39;ectu</strong></span> <span class='ocrx_word' id='word_1_684' title='bbox 2762 4674 2994 4734; x_wconf 89' lang='lat' dir='ltr'><strong>motum,</strong></span> <span class='ocrx_word' id='word_1_685' title='bbox 3022 4683 3149 4725; x_wconf 86' lang='lat' dir='ltr'><strong>cum</strong></span> <span class='ocrx_word' id='word_1_686' title='bbox 3177 4666 3318 4724; x_wconf 85' lang='lat' dir='ltr'><strong>Sede</strong></span> <span class='ocrx_word' id='word_1_687' title='bbox 3365 4683 3465 4723; x_wconf 84' lang='lat' dir='ltr'><strong>va-</strong></span> 
     </span>
    </p>
   </div>
   <div class='ocr_carea' id='block_1_94' title="bbox 1871 4751 3464 4829">
    <p class='ocr_par' dir='ltr' id='par_1_94' title="bbox 1871 4751 3464 4829">
     <span class='ocr_line' id='line_1_95' title="bbox 1871 4751 3464 4829; baseline 0.007 -25"><span class='ocrx_word' id='word_1_688' title='bbox 1871 4759 2031 4807; x_wconf 89' lang='lat' dir='ltr'><strong>cante</strong></span> <span class='ocrx_word' id='word_1_689' title='bbox 2056 4751 2269 4808; x_wconf 88' lang='lat' dir='ltr'><strong>Salerni</strong></span> <span class='ocrx_word' id='word_1_690' title='bbox 2313 4755 2599 4823; x_wconf 86' lang='lat' dir='ltr'><strong>resideret,</strong></span> <span class='ocrx_word' id='word_1_691' title='bbox 2651 4758 2722 4813; x_wconf 87' lang='lat' dir='ltr'><strong>ab</strong></span> <span class='ocrx_word' id='word_1_692' title='bbox 2749 4757 2939 4814; x_wconf 88' lang='lat' dir='ltr'><strong>eodem</strong></span> <span class='ocrx_word' id='word_1_693' title='bbox 2981 4758 3149 4816; x_wconf 83' lang='lat' dir='ltr'><strong>Paulo</strong></span> <span class='ocrx_word' id='word_1_694' title='bbox 3197 4759 3241 4814; x_wconf 86' lang='lat' dir='ltr'><strong>V</strong></span> <span class='ocrx_word' id='word_1_695' title='bbox 3287 4761 3464 4829; x_wconf 75' lang='lat' dir='ltr'><strong>impe-</strong></span> 
     </span>
    </p>
   </div>
   <div class='ocr_carea' id='block_1_95' title="bbox 1872 4843 3467 4922">
    <p class='ocr_par' dir='ltr' id='par_1_95' title="bbox 1872 4843 3467 4922">
     <span class='ocr_line' id='line_1_96' title="bbox 1872 4843 3467 4922; baseline 0.008 -26"><span class='ocrx_word' id='word_1_696' title='bbox 1872 4849 2048 4899; x_wconf 88' lang='lat' dir='ltr'><strong>trasse</strong></span> <span class='ocrx_word' id='word_1_697' title='bbox 2080 4843 2434 4901; x_wconf 82' lang='lat' dir='ltr'><strong>Pontiﬁcium</strong></span> <span class='ocrx_word' id='word_1_698' title='bbox 2473 4846 2647 4904; x_wconf 82' lang='lat' dir='ltr'><strong>Breve</strong></span> <span class='ocrx_word' id='word_1_699' title='bbox 2697 4849 2768 4905; x_wconf 85' lang='lat' dir='ltr'><strong>ad</strong></span> <span class='ocrx_word' id='word_1_700' title='bbox 2810 4848 3125 4922; x_wconf 85' lang='lat' dir='ltr'><strong>Capitulum</strong></span> <span class='ocrx_word' id='word_1_701' title='bbox 3157 4851 3467 4909; x_wconf 49' lang='lat' dir='ltr'><strong>Salernita-s</strong></span> 
     </span>
    </p>
   </div>
   <div class='ocr_carea' id='block_1_96' title="bbox 1870 4938 3467 5009">
    <p class='ocr_par' dir='ltr' id='par_1_96' title="bbox 1870 4938 3467 5009">
     <span class='ocr_line' id='line_1_97' title="bbox 1870 4938 3467 5009; baseline 0.009 -22"><span class='ocrx_word' id='word_1_702' title='bbox 1870 4948 2024 5003; x_wconf 86' lang='lat' dir='ltr'><strong>num,</strong></span> <span class='ocrx_word' id='word_1_703' title='bbox 2054 4952 2166 5007; x_wconf 88' lang='lat' dir='ltr'><strong>quo</strong></span> <span class='ocrx_word' id='word_1_704' title='bbox 2204 4938 2473 5009; x_wconf 72' lang='lat' dir='ltr'><strong>iubentur</strong></span> <span class='ocrx_word' id='word_1_705' title='bbox 2498 4939 2784 5008; x_wconf 87' lang='lat' dir='ltr'><strong>Canonici,</strong></span> <span class='ocrx_word' id='word_1_706' title='bbox 2812 4943 2882 4998; x_wconf 90' lang='lat' dir='ltr'><strong>ad</strong></span> <span class='ocrx_word' id='word_1_707' title='bbox 2932 4945 3190 5000; x_wconf 89' lang='lat' dir='ltr'><strong>solatium</strong></span> <span class='ocrx_word' id='word_1_708' title='bbox 3225 4945 3467 5002; x_wconf 83' lang='lat' dir='ltr'><strong>civitatis</strong></span> 
     </span>
    </p>
   </div>
   <div class='ocr_carea' id='block_1_97' title="bbox 1870 5022 3467 5108">
    <p class='ocr_par' dir='ltr' id='par_1_97' title="bbox 1870 5022 3467 5108">
     <span class='ocr_line' id='line_1_98' title="bbox 1870 5022 3467 5108; baseline 0.011 -30"><span class='ocrx_word' id='word_1_709' title='bbox 1870 5022 2188 5096; x_wconf 85' lang='lat' dir='ltr'><strong>Soanensis,</strong></span> <span class='ocrx_word' id='word_1_710' title='bbox 2217 5030 2501 5102; x_wconf 86' lang='lat' dir='ltr'><strong>ipsiusque</strong></span> <span class='ocrx_word' id='word_1_711' title='bbox 2522 5031 2583 5089; x_wconf 81' lang='grc' dir='ltr'><strong>Β.</strong></span> <span class='ocrx_word' id='word_1_712' title='bbox 2607 5030 3157 5104; x_wconf 76' lang='lat' dir='ltr'><strong>Gregoriihonorem,</strong></span> <span class='ocrx_word' id='word_1_713' title='bbox 3189 5036 3467 5108; x_wconf 76' lang='lat' dir='ltr'><strong>insignem</strong></span> 
     </span>
    </p>
   </div>
   <div class='ocr_carea' id='block_1_98' title="bbox 1868 5117 3465 5178">
    <p class='ocr_par' dir='ltr' id='par_1_98' title="bbox 1868 5117 3465 5178">
     <span class='ocr_line' id='line_1_99' title="bbox 1868 5117 3465 5178; baseline 0.004 -7"><span class='ocrx_word' id='word_1_714' title='bbox 1868 5117 2109 5178; x_wconf 78' lang='lat' dir='ltr'><strong>aliquam</strong></span> <span class='ocrx_word' id='word_1_715' title='bbox 2152 5122 2275 5178; x_wconf 89' lang='lat' dir='ltr'><strong>eius</strong></span> <span class='ocrx_word' id='word_1_716' title='bbox 2330 5121 2637 5178; x_wconf 77' lang='lat' dir='ltr'><strong>Relinuiam</strong></span> <span class='ocrx_word' id='word_1_717' title='bbox 2684 5125 2893 5178; x_wconf 64' lang='lat' dir='ltr'><strong>largiri.</strong></span> <span class='ocrx_word' id='word_1_718' title='bbox 2940 5127 3056 5178; x_wconf 82' lang='lat' dir='ltr'><strong>Hoc</strong></span> <span class='ocrx_word' id='word_1_719' title='bbox 3115 5126 3306 5178; x_wconf 72' lang='lat' dir='ltr'><strong>Breve-</strong></span> <span class='ocrx_word' id='word_1_720' title='bbox 3353 5145 3465 5178; x_wconf 75' lang='lat' dir='ltr'><strong>una</strong></span> 
     </span>
    </p>
   </div>
  </div>
