3986 5386
478 322 552 378 23
1665 314 1680 320 “
1693 321 1751 380 S.
1789 322 2065 380 GRECOR

2167 325 2187 378 i
2229 319 2316 377 \‘ll
2352 320 2548 378 PAPA.
3677 319 3752 374 ﬂ

482 441 696 508 oportet
721 442 782 489 ut
805 425 952 490 facta
985 434 1096 490 sint
1131 428 1379 507 digresso
1407 432 1462 489 in
1499 430 1819 504 Hispaniam
1852 432 2063 490 Beltr‘a-
2093 435 2138 491 Α
2163 441 2219 489 et
2243 434 2490 490 molestia
2531 430 2982 506 peregrinationis
3007 439 3063 488 et
3093 431 3352 489 instantia
3379 431 3750 502 eruditionis;

482 527 678 594 minio,
711 525 881 582 Lucio
915 534 1100 582 autem
1155 527 1386 582 necdum
1434 526 1684 594 suﬁeetn,
1728 527 1783 584 id
1805 538 1890 584 est
1915 543 2063 586 anno
2161 523 2290 581 inde
2325 533 2450 596 post
2482 525 2693 596 aliquot
2716 540 2892 581 annos
2921 523 3152 580 Romam
3177 524 3480 593 rediturus,
3533 540 3752 581 moram

476 617 643 674 '16l2.
679 616 787 674 Sed
813 618 938 690 quis
958 626 1076 673 tum
1103 617 1266 674 fuerit
1287 617 1428 674 inter
1446 617 1783 686 Cardiuales,
1807 616 1897 676 cui
1921 619 2062 676 Soa-
2162 616 2291 674 fecit
2319 617 2660 688 aliquantum
2710 614 2972 688 temporis
3029 616 3086 672 in
3142 617 3268 672 aula
3319 615 3538 674 Henrici
3584 615 3751 674 ιιι...

481 726 554 767 na
575 710 740 766 fuerit
765 711 964 782 patria,
996 709 1206 767 discere
1231 725 1344 766 non
1372 711 1526 782 potui
1553 727 1622 767 ex
1668 727 1812 768 novo
1832 711 2061 770 Ciacco—
2162 705 2295 764 Post
2320 709 2440 764 hate
2465 707 2695 764 Romam
2725 724 2983 766 reversus
3015 725 3172 764 :cum
3195 709 3377 765 studio
3395 708 3758 780 perfectionis

485 803 579 859 nio
593 801 1054 879 Oldoini,nullum
1067 799 1338 872 ejusmodi
1365 802 1720 870 nominantis,
1739 805 1886 862 inter
1905 821 2064 862 sexa-
2161 799 2506 857 insisteret...
2555 801 2766 872 ingredi
2812 801 3002 858 statuit
3025 801 3093 868 ',in
3145 810 3329 872 partes
3355 799 3666 858 Germaniae
3696 810 3758 858 et

485 895 640 968 ginta
672 888 814 966 quos
863 893 1068 950 Paulus
1101 894 1308 951 creavit
1346 905 1833 967 :quare'optarem
1881 899 2062 970 ipsum
2163 891 2379 962 Galliae;
2428 909 2666 965 cumque
2720 893 2964 950 venisset
3005 893 3074 950 ad
3129 893 3680 964 Aquas—pendentes,
3726 913 3748 948 ι

481 988 910 1046 instrumentum
923 984 1129 1058 videre,
1154 1002 1222 1043 ex
1255 1001 1432 1059 eoque
1459 988 1612 1044 dubii
1632 989 1798 1061 hujus
1840 991 2065 1047 solutio-
2162 985 2362 1056 triplici
2389 985 2602 1042 visione
2629 985 2938 1056 prohibitus
2959 987 3103 1041 ultra
3127 1001 3372 1058 pergere,
3411 1005 3431 1038 ‹
3466 987 3657 1058 sicque
3693 986 3756 1042 in

482 1094 605 1134 nem
627 1087 852 1150 petere.’
2163 1076 2426 1134 Romana;
2474 1077 2732 1139 Ecclesiae
2785 1079 3040 1134 solatium
3095 1086 3474 1145 revueatus,...
3521 1079 3759 1136 Subdiu-

554 1170 640 1225 l8.
682 1169 816 1238 Quae
835 1185 1002 1242 porro
1029 1173 1202 1243 ipsius
1225 1172 1421 1229 Sacelli
1454 1172 1568 1244 jam
1589 1175 1751 1232 toties
1775 1177 2062 1234 memorati
2163 1185 2337 1226 conus
2371 1186 2402 1224 a
2434 1169 2616 1226 Leone
2643 1169 2786 1242 Papa
2829 1169 2921 1224 IX.
2975 1169 3281 1238 ordinatus,
3315 1171 3650 1227 monasterio
3689 1171 3752 1228 S.

476 1259 698 1317 fortuna
721 1261 906 1331 fuerit,
935 1262 1134 1319 ibidem
1167 1273 1290 1336 post
1327 1260 1430 1322 hac
1467 1267 1666 1339 legitur
1686 1267 1742 1322 in
1764 1283 2061 1337 marmore,
2163 1260 2318 1317 Pauli
2347 1262 2728 1319 miserabiliter
2752 1262 3000 1319 desolato
3041 1263 3301 1334 praelatus
3335 1271 3438 1318 est.
3472 1283 3491 1314 ι
3520 1261 3648 1319 Haec
3681 1265 3758 1319 le-

476 1353 836 1424 sequentibus
848 1355 1051 1422 verbis,
1091 1371 1189 1427 per
1225 1355 1288 1412 D.
1318 1356 1621 1414 Fabritium
1648 1358 1869 1416 Pintum
1897 1361 2065 1418 dieta-

2167 1369 2319 1426 gens,
2345 1353 2611 1410 Abbatem
2642 1353 2850 1411 factum
2873 1354 3056 1422 vides;
3090 1355 3185 1410 sed
3211 1354 3520 1426 Regularis,
3551 1371 3621 1410 an
3647 1343 3758 1412 Se-

476 1443 551 1499 tis
575 1454 820 1500 exarata.
869 1465 888 1498 ι
936 1446 1209 1504 Sacellum
1235 1449 1340 1505 hoe
1367 1449 1503 1507 Divo
1527 1451 1777 1510 Micbacli
1812 1452 2062 1510 Ατοιιειη-
2163 1447 2367 1503 cularis
2386 1462 2482 1502 seu
2508 1445 3043 1514 Commendatarius,
3071 1447 3268 1502 merito
3294 1447 3590 1516 dubitabis,
3617 1448 3754 1503 dum

477 1536 620 1608 gelo,
655 1535 792 1593 Duci
838 1539 1218 1608 invictissime,
1249 1557 1278 1597 a
1305 1551 1531 1600 strenuo
1557 1544 1724 1602 Milite
1755 1545 1968 1602 Joanne
1996 1547 2065 1603 de
2166 1539 2222 1594 in
2259 1539 2575 1612 praegressis
2624 1539 2762 1595 nihil
2807 1539 3021 1596 invenis
3068 1539 3215 1594 unde
3251 1539 3523 1610 intelligas
3568 1538 3760 1595 Iliona-

435 1643 454 1658 ο
477 1625 732 1697 Procida,
751 1628 1099 1688 Saleruitano
1118 1631 1378 1702 Patricio,
1408 1651 1473 1691 ac
1499 1637 1690 1708 patriae
1716 1647 2062 1705 ornamento,
2163 1632 2330 1688 chum
2354 1645 2542 1687 revera
2566 1629 2758 1687 fuisse.
2800 1630 3128 1688 Monachum
3152 1639 3334 1688 tamen
3373 1647 3632 1702 expresse
3653 1647 3758 1686 vo-

479 1721 611 1776 olim
641 1721 915 1789 dicatum;
953 1739 1102 1779 anno
1136 1725 1292 1782 1505.
1323 1742 1479 1784 sacra
1516 1727 1828 1785 Beatissimi
1851 1728 2061 1801 Grego-

2167 1732 2274 1790 cat,
2302 1722 2397 1793 qui
2424 1722 2566 1778 scire
2588 1723 2790 1793 optime
2811 1723 3010 1794 potuit,
3031 1723 3161 1779 dum
3185 1723 3262 1778 ait
3294 1742 3307 1779 :
3346 1744 3364 1776 ι
3394 1723 3453 1778 lu
3503 1723 3612 1780 illis
3632 1724 3758 1779 die-

475 1813 569 1882 rii,
602 1829 714 1870 non
761 1813 972 1887 Magni,
1011 1817 1104 1872 sed
1157 1817 1443 1875 Pontiﬁcis
1497 1819 1786 1893 plusquam
1819 1821 2062 1890 Maximi,
2097 1813 2141 1834 ”
2166 1816 2271 1872 bus
2305 1823 2423 1870 erat
2451 1834 2468 1865 ι
2505 1813 2602 1882 ibi,
2637 1814 2847 1870 scilicet
2869 1814 3190 1870 Wormatite
3209 1823 3265 1870 et
3287 1831 3432 1871 anno
3446 1815 3604 1872 1047.
3625 1832 3757 1872 cum

474 1907 743 1963 translata
778 1909 883 1963 sub
911 1924 1064 1964 aram
1093 1911 1302 1981 accepit
1327 1925 1492 1976 ossa;
1533 1920 1595 1968 ut
1633 1913 1690 1968 in
1737 1913 2064 1986 Archangeli
2167 1907 2280 1964 Leo
2311 1904 2562 1962 Pontifex
2587 1908 2774 1962 coram
2803 1906 3138 1978 lmperatore
3167 1907 3567 1979 designaretur,
3599 1927 3618 1958 ι
3645 1907 3762 1964 ilio-

475 1997 646 2053 tutela
667 1998 876 2068 jacerct
897 2008 1169 2068 mortuus,
1203 2001 1299 2072 qui
1329 2001 1517 2058 Romae
1537 2004 1669 2060 dum
1694 2004 1902 2061 viveret
1939 2021 2066 2063 arce
2168 2000 2380 2056 melius
2429 1999 2652 2070 (illide
2699 1997 3018 2068 Romanus.
3075 1999 3276 2056 “Obilis
3325 1999 3526 2056 indOIis
3576 2000 3764 2056 86010-

479 2086 540 2143 S.
563 2089 754 2164 Angeli
782 2106 812 2145 a
837 2091 1187 2148 schismatico
1201 2091 1533 2163 lmperatore
1554 2093 1859 2152 Henrieose
1887 2107 2062 2154 tutum
2165 2107 2350 2159 scens,
2373 2089 2774 2147 ilildebrandus
2801 2091 3044 2158 nomine,
3081 2091 3216 2150 clari
3257 2091 3463 2163 ingenii
3517 2101 3759 2147 sanetae-

477 2177 744 2248 reddidit;
777 2189 833 2236 et
889 2180 1320 2254 Propugnatoris
1373 2185 1758 2244 ecclesiasticae
1795 2188 2065 2246 libertatis
2167 2199 2276 2254 que
2327 2182 2626 2253 religionis.
2701 2181 2859 2239 Hunc
2919 2183 3086 2255 igitur
3147 2183 3340 2238 beatus
3393 2181 3701 2254 Episcopus
3731 2203 3752 2236 ι

476 2269 724 2340 reliquias
775 2271 1120 2330 defensorem
1156 2275 1423 2332 haberent
1471 2277 1622 2334 illum
1666 2295 1765 2350 per
1803 2296 1969 2351 quem
2033 2297 2066 2338 a
2167 2274 2352 2331 Bruno
2375 2273 2668 2340 Τυὶιοῐιείει
2700 2283 2887 2344 Postea
2912 2273 3024 2330 L00
3049 2274 3248 2342 (Ῑίεῑυε,
3281 2295 3302 2327 ι
3329 2275 3634 2331 νοοπίιδά
3671 2290 3757 2344 εθν

477 2356 868 2420 rebellantibus
890 2363 1004 2420 Deo
1029 2365 1316 2438 Spiritibus
1339 2367 1574 2426 liberum
1595 2385 1654 2426 se
1693 2372 1943 2442 agnoscit
1966 2389 2069 2430 eae-

479 2452 596 2508 lum
626 2456 826 2526 ipsum.
876 2455 1119 2514 Tandem
1167 2457 1599 2522 Eminentissimi
1628 2461 1936 2522 Cardinalis
1967 2466 2068 2522 Fa-

475 2543 624 2601 britii
664 2547 866 2604 Sabelli
895 2549 1288 2618 muniﬁcentia,
1323 2549 1669 2609 Salernitano
1715 2555 2067 2614 Reverendis-

475 2634 623 2692 simo
649 2637 903 2710 Capitulo
937 2637 1134 2696 Sacelli
1164 2641 1290 2713 jure
1319 2642 1546 2710 donato,
1589 2647 1798 2702 auctori
1840 2645 2065 2719 Vesperi

477 2723 649 2784 Siculi
687 2746 1034 2801 possessores
1074 2747 1389 2790 successere
1421 2735 1720 2805 Canenici;
1760 2739 1856 2810 qui
1880 2740 2068 2798 Cardi-

475 2819 682 2877 nalitiis
709 2830 764 2877 et
791 2824 1013 2880 nomine
1035 2833 1092 2880 et
1114 2825 1367 2898 insiguiis
1388 2827 1458 2882 ab
1487 2829 1678 2884 eodem
1713 2831 1894 2886 ornati
1915 2830 2064 2888 Pon-

475 2910 650 2981 tiﬁce;
682 2911 929 2985 Gregorii
941 2914 1169 2986 Septimi
1195 2917 1396 2990 glorias
1421 2929 1682 2991 perpetuo
1709 2937 1930 2991 canent,
1953 2941 2065 2984 non

482 3003 778 3072 gloriosam
794 3007 862 3062 de
882 3005 1053 3064 Gallis
1077 3017 1412 3080 reportatam
1425 3026 1457 3066 a
1475 3010 1686 3069 Joanne
1699 3015 2004 3074 victoriam.
2039 3039 2058 3073 ι

2165 2367 2380 2439 rogavit
2406 2375 2467 2422 ut
2494 2366 2658 2422 simul
2690 2365 2920 2421 Romam
2952 2367 3174 2422 rediret.
3223 2385 3242 2418 t

2239 2458 2329 2514 ΞΟ.
2370 2457 2672 2513 Monachus
2701 2473 2832 2528 ergo
2857 2455 3260 2513 Hildebrandus
3295 2455 3418 2524 fuit,
3453 2467 3509 2514 et
3531 2458 3757 2529 quidem

2166 2552 2467 2608 Monachus
2493 2550 2806 2618 Romanus;
2844 2550 3032 2621 utique
3054 2549 3297 2620 ejusdem
3330 2551 3647 2605 monasterii
3698 2553 3756 2607 in

2167 2660 2278 2716 quo
2302 2643 2482 2699 fuerat
2514 2657 2652 2714 puer
2693 2641 2990 2709 educatus;
3016 2656 3118 2696 nec
3145 2639 3250 2696 nisi
3280 2640 3578 2699 Monachus
3601 2650 3759 2698 trau-

2167 2739 2261 2794 siit
2289 2737 2345 2792 in
2371 2735 2679 2802 Franciam,
2710 2749 2810 2792 nec
2856 2734 3016 2789 aliter
3042 2741 3128 2789 est
3155 2733 3210 2788 in
3237 2735 3362 2789 aula
3406 2732 3622 2790 llenrici
3652 2734 3760 2790 lm-

2167 2830 2436 2903 peratoris
2473 2836 2832 2884 conversatus
2861 2846 2874 2882 :
2921 2826 3150 2898 proinde
3183 2827 3612 2883 monasticorum
3657 2827 3760 2883 Fa-

2167 2933 2380 2981 storum
2420 2929 2703 2988 Auctores,
2740 2919 3066 2992 Dorganius,
3093 2917 3406 2985 Menardus,
3435 2917 3754 2986 Bueelinus,

2169 3015 2365 3070 merito
2393 3015 2547 3070 illum
2583 3011 2923 3084 adscripsere
2977 3011 3112 3066 suis.
3165 3009 3397 3065 Maxime
3430 3026 3555 3066 cum
3584 3008 3758 3067 Ottho

480 3091 608 3151 ﬂzec
638 3094 860 3166 Pintus;
897 3115 1042 3170 quae,
1097 3100 1179 3158 sic
1213 3101 1484 3159 intellecta
1539 3107 1718 3176 quasi,
1769 3123 1944 3181 usque
1994 3112 2063 3168 ad
2091 3115 2134 3173 C
2163 3106 2532 3178 Frisingensis
2572 3105 2719 3162 dicat
2749 3119 2877 3162 eum
2930 3121 2949 3156 ι
3002 3101 3250 3158 Cluniaci
3297 3101 3582 3158 Prioratus
3618 3103 3756 3158 obe-

476 3185 918 3253 Translationem
971 3193 1308 3262 pradidtam,
1351 3196 1481 3252 alibi
1519 3213 1685 3268 quam
1718 3201 1840 3272 ipso
1864 3203 1920 3258 in
1967 3204 2069 3260 Sa-

478 3281 874 3351 cello'jacuerit
897 3283 1146 3355 Gregorii
1171 3301 1529 3357 corpus;non
1557 3290 1690 3346 satis
1717 3306 1959 3349 consona
1987 3310 2071 3350 es-

481 3380 606 3427 sent
646 3374 980 3442 praelaudato
1007 3375 1423 3449 certissimoque
1454 3377 1679 3436 Marsilii
1719 3383 2065 3454 testimonio;

475 3463 710 3533 proinde
744 3465 1059 3536 accipienda
1111 3477 1242 3523 sunt
1269 3468 1408 3525 citra
1454 3469 1725 3541 ejusmodi
1773 3476 2072 3532 restrictio-

480 3564 629 3612 uem.
666 3555 836 3612 Miror
871 3573 1038 3629 porro
1064 3559 1270 3615 nullam
1298 3559 1388 3616 hic
1403 3561 1520 3617 ﬁeri
1536 3563 1865 3622 mentionem
1895 3583 2069 3639 nuper

479 3646 724 3706 defuncti
751 3648 1160 3720 Arehiepiscopi
1175 3650 1422 3726 Gregorii
1447 3651 1694 3721 Car-amis,
1717 3657 1876 3730 cujus
1903 3667 2069 3732 atque

480 3741 824 3796 memorabili
879 3742 1251 3798 muniﬁcentia
1303 3743 1445 3800 idem
1503 3743 1808 3816 Sacellum,
1839 3757 1900 3805 ut
1931 3751 2068 3808 mihi

480 3833 760 3902 scribitur,
791 3849 932 3891 nova
957 3836 1197 3908 undique
1223 3836 1434 3908 pictura
1475 3853 1752 3911 aureoque
1780 3843 2069 3913 splendore

477 3934 804 3982 exornatum
831 3927 1139 3998 resplendet
1167 3946 1180 3982 :
1203 3929 1434 3999 picturis
1449 3939 1632 3988 autem
1657 3931 1764 3989 illis
1796 3935 2068 4006 praecipue

477 4026 902 4088 repraesentatur
929 4019 1231 4077 honoriﬁca
1257 4020 1538 4079 Pontiﬁcis
1573 4022 1626 4077 in
1667 4022 1868 4081 Urbem
1903 4042 2065 4084 exce-

479 4109 614 4181 ptio,
647 4115 755 4163 una
788 4125 914 4164 cum
939 4108 1180 4167 Roberto
1209 4111 1357 4170 Duce
1379 4114 1553 4186 ipsam
1583 4115 1886 4173 subventus
1916 4117 2064 4190 (sic),

474 4199 626 4255 inter
653 4199 828 4256 fidelis
869 4201 1057 4272 populi
1099 4202 1523 4260 acclamationes
1565 4204 1810 4276 festivas,
1857 4207 2066 4268 Christi

479 4287 760 4346 Yicarium
791 4293 1109 4365 suppliciter
1143 4295 1476 4352 venerantis.

483 4403 628 4478 5111.
663 4405 744 4463 De
772 4408 1141 4484 _m9nachattt__
1161 4406 1237 4484 S._
1271 4407 1525 4484 Gregorii
1574 4410 1708 4479 VH,
1736 4422 1787 4484 et
1837 4421 2064 4484 tempore

763 4475 1047 4532 Prioratus
1077 4475 1443 4534 Cluniacensi;
1470 4481 1536 4534 ab
1563 4497 1624 4536 eo
1653 4475 1804 4554 gesti.

525 4555 640 4622 '19.
680 4565 815 4634 Quae
860 4568 928 4623 de
966 4567 1070 4624 hoc
1097 4578 1423 4640 argumento
1452 4572 1734 4627 continent
1778 4571 2065 4630 Lectiones

480 4673 648 4728 supra
677 4668 1014 4726 memoratae,
1052 4661 1168 4718 suis
1198 4662 1412 4718 mendis
1455 4678 1566 4718 non
1595 4675 1786 4722 carent
1819 4684 1832 4719 :
1862 4681 1988 4721 nam
2011 4676 2067 4723 et

479 4750 728 4806 habitum
747 4751 994 4808 Cluniaci
1021 4762 1332 4824 susceptum
1359 4770 1388 4808 a
1418 4753 1682 4827 Gregorio
1709 4765 1986 4827 asserunt,
2011 4768 2064 4816 et

480 4841 727 4899 Priorem
779 4845 910 4900 inibi
953 4845 1474 4902 electum'videntur
1505 4847 1708 4915 dicere,
1742 4849 2061 4922 priusquam

483 4935 733 4991 Romano
767 4937 926 4993 Clero
956 4936 1376 5006 adscriberetur,
1412 4954 1647 5010 quorum
1688 4950 1944 4999 neutrum
1969 4959 2067 5014 pu—

482 5041 664 5088 tamus
689 5045 814 5086 cum
866 5038 1096 5086 veritate
1132 5030 1430 5088 subsistere
1466 5050 1478 5086 :
1516 5041 1849 5104 quapropter
1898 5034 2062 5106 digna

482 5125 697 5182 videtur
719 5139 886 5179 causa
923 5138 1046 5194 qute
1069 5121 1158 5178 hic
1185 5125 1494 5182 accuratius
1537 5125 1900 5182 examinctur.
1926 5125 2063 5186 Vitae

483 5225 675 5274 auctor
695 5215 920 5281 Paulus,
947 5213 1132 5270 Sancti
1160 5214 1325 5285 hujus
1343 5214 1622 5272 Pontiﬁcis
1647 5216 1945 5290 primordia
1972 5221 2063 5276 de-

481 5309 726 5340 ρληῖηηνιο
783 5325 911 5342 num
967 5306 1000 5342 Ω
1059 5307 1253 5344 necarit
1301 5307 1447 5344 nIrnr‘
1481 5326 1500 5344 ι
1547 5310 1602 5344 θη
1635 5311 1867 5346 nutu-ilio
1895 5327 2063 5348 «vnn-

2169 3197 2430 3254 dieutiam
2458 3197 2897 3264 administrasse,
2929 3215 2947 3248 ι
2981 3195 3204 3266 quando
3232 3193 3344 3249 Leo
3380 3192 3634 3249 Pontifex
3657 3195 3757 3250 de-

2169 3289 2510 3358 signabatur.
2545 3287 2651 3344 Sed
2674 3288 2902 3342 dubium
2945 3295 3032 3341 est
3076 3286 3298 3356 quando
3327 3286 3380 3340 id
3413 3301 3602 3341 verum
3628 3303 3756 3343 esse

2149 3379 2408 3452 [potuerit
2436 3379 2484 3434 si
2512 3393 2702 3432 verum
2728 3385 2834 3442 est,
2882 3377 3032 3446 quod
3052 3376 3228 3432 solum
3253 3391 3398 3430 anno
3412 3375 3550 3430 1046
3577 3385 3761 3432 trans-

2168 3485 2389 3542 gressus
2443 3477 2528 3525 est
2547 3468 2711 3538 Alpes
2735 3483 2863 3523 cum
2889 3466 3154 3538 Gregorio
3181 3464 3276 3532 Vl;
3305 3475 3360 3520 et
3403 3465 3584 3522 adhuc
3631 3477 3760 3524 erat

2167 3562 2517 3628 adolescens,
2544 3559 2766 3630 quando
2811 3574 2938 3614 eum
2980 3556 3300 3613 Wormatise
3355 3557 3595 3614 secundo
3625 3569 3760 3629 post

2167 3668 2314 3710 anno
2337 3653 2544 3709 invenit
2565 3651 2770 3706 Bruno.
2796 3649 2973 3718 Quid?
2989 3648 3072 3704 An
3095 3647 3390 3704 venerandi
3430 3649 3508 3704 illi
3534 3647 3756 3719 Patres,

2167 3747 2222 3802 in
2249 3754 2358 3802 tam
2385 3743 2576 3817 grandi
2591 3743 2804 3799 abbatis
2819 3741 2906 3799 sui
2934 3740 2992 3796 S.
3020 3739 3268 3797 0dilonis
3283 3747 3464 3808 astate,
3485 3749 3754 3811 quautam

2167 3837 2360 3894 habuit
2391 3832 3580 3904 moriensanno1048.exeunte,peregriuum
3625 3833 3758 3890 ado-

2165 3930 2480 3996 lescentem,
2509 3926 2854 4000 paucisapud
2869 3926 3222 3982 semensibus
3252 3932 3552 3992 versatum,
3591 3923 3752 3982 Prio-

2165 4039 2279 4078 rem
2320 4023 2427 4078 sibi
2455 4020 2862 4086 constituerint,
2893 4027 2948 4074 et
2975 4033 3102 4073 mox
3130 4017 3199 4072 ad
3246 4017 3428 4072 aulam
3457 4015 3755 4087 Imperato-

2165 4116 2242 4172 ris
2268 4113 2550 4170 miserint?
2575 4112 2741 4183 Atqui
2764 4119 2819 4167 et
2862 4111 2920 4166 in
2953 4111 3078 4166 aula
3121 4109 3461 4180 aliquantum
3487 4109 3752 4178 temporis

2165 4215 2348 4262 actum
2384 4206 2576 4262 scribit
2599 4203 2803 4260 Paulus
2834 4203 3170 4274 praecitatus,
3220 4209 3274 4256 et
3311 4200 3520 4270 aliquot
3573 4215 3751 4256 annos

2165 4297 2218 4353 in
2246 4297 2476 4354 Francia
2510 4297 2812 4363 traductos,
2841 4295 3165 4366 priusquam
3187 4291 3418 4348 Romam
3445 4300 3749 4350 revertere-

2165 4398 2274 4445 tur.
2301 4387 2544 4444 Diﬁicilis
2570 4387 2748 4443 nodus
2781 4405 2794 4442 :
2825 4387 2920 4443 sed
2967 4385 3062 4458 qui
3115 4385 3333 4440 videtur
3377 4383 3512 4440 solvi
3559 4398 3748 4454 posse,

2167 4481 2329 4550 paulo
2339 4479 2516 4534 laxius
2536 4477 2850 4549 accipiendo
2862 4493 3062 4534 nomen
3081 4475 3510 4542 «Adolescentis;
3523 4494 3542 4528 ι
3571 4485 3626 4531 et
3639 4476 3748 4531 du-

2167 4571 2364 4641 plicem
2383 4569 2734 4626 Hildebrandi
2761 4569 3154 4642 profectionem
3175 4575 3327 4624 trans
3361 4567 3526 4638 Alpes
3545 4567 3748 4623 distiu-

2167 4663 2401 4733 guendo.
2435 4661 2578 4718 sicut
2601 4661 2748 4717 circa
2791 4677 2996 4718 annum
3028 4660 3184 4715 l020.
3224 4668 3408 4722 natus,
3458 4666 3648 4730 postea
3673 4675 3750 4715 te-

2166 4757 2294 4810 tutis
2325 4754 2411 4810 16.
2441 4751 2646 4810 Christi
2698 4754 2855 4809 1056.
2911 4753 3134 4825 quando
3204 4751 3452 4806 Romana
3497 4749 3750 4808 Ecclesia

2165 4845 2486 4903 fmdissimis
2509 4846 2815 4917 agitabatur
2834 4846 3109 4917 procellis,
3131 4845 3234 4900 sub
3256 4842 3540 4916 tyrannide
3562 4843 3750 4913 potius

2165 4954 2331 5012 quam
2357 4938 2682 4994 Pontiﬁcatu
2714 4937 2992 4994 Benedicti
3045 4935 3139 5004 1X,
3182 4935 3498 5008 migraverit
3517 4934 3746 4989 Clunia-

2164 5048 2291 5088 cum
2325 5033 2504 5088 adhuc
2540 5031 2678 5097 tiro;
2720 5037 2775 5085 et
2813 5029 3068 5085 fortassis
3112 5044 3180 5084 ex
3222 5027 3454 5084 consilio
3487 5027 3746 5083 avunculi

2163 5124 2281 5192 sui,
2306 5139 2375 5180 ne
2399 5123 2662 5179 Romana:
2694 5121 2848 5177 urbis
2875 5119 3309 5190 corruptissimis
3342 5127 3472 5174 tunc
3495 5119 3746 5176 moribus

2163 5216 2281 5288 (ubi
2333 5215 2512 5271 omnis
2552 5229 2688 5286 pene
2736 5212 2929 5268 Clerus
2973 5220 3069 5267 aut
3093 5211 3438 5267 Simoniacus
3481 5220 3602 5267 erat
3647 5221 3746 5268 aut

2162 5306 2586 5348 nnnmuhinarine
2660 5312 2755 5348 sint.
2806 5305 2968 5348 etiam
3010 5304 3142 5348 vitin
3187 5310 3418 5348 Itlrmup.
3462 5302 3740 5348 smnio-hall
