3986 5386
206 300 268 356 25
1151 296 1685 356 PROLEGOIENA.
1725 323 1794 339 αα-
1836 295 2016 353 ACTA
2055 294 2114 352 S.
2154 293 2503 353 GREGORII.
3391 292 3462 349 26

206 429 324 473 nam
345 409 779 469 Cluniacensem
821 411 877 468 iu
913 412 1167 469 avunculi
1198 412 1604 469 monasterium
1635 411 1790 467 mdu-
1818 415 1863 474 Α
1889 410 1970 465 sic
1992 409 2158 464 etiam
2192 410 2329 464 verti
2356 407 2503 464 laudi
2531 406 2691 463 debet
2713 406 2880 479 quod,
2915 405 3107 463 videns
3130 422 3285 463 suam
3336 423 3467 477 pro-

202 505 457 573 ,cendam;
495 505 665 573 prius
679 513 860 560 tamen
881 506 1173 561 occasione
1205 506 1388 576 aliqua
1421 504 1633 561 dederit
1653 520 1712 560 se
1732 506 1789 560 in

206 598 377 654 aulam
396 590 788 665 Imperatoris,
815 613 881 653 ac
905 598 1124 653 tandem
1159 597 1389 653 Romam
1411 597 1621 654 venerit
1644 598 1790 654 circa

208 704 403 745 annum
426 689 611 743 aetatis
634 689 733 744 24.
764 689 969 746 Christi
998 691 1153 746 1044.
1184 689 1283 747 Hic
1304 707 1435 747 vero
1462 708 1587 747 cum
1617 691 1790 763 pejori

210 780 385 837 omnia
406 779 462 833 in
486 789 640 836 statu
672 783 1148 853 reperissetquam
1176 791 1358 850 antea,
1382 784 1598 840 duobus
1626 784 1792 839 simul

209 872 463 942 Papatum
493 876 844 944 gerentibus,
871 892 939 931 eo
963 877 1169 931 scilicet
1205 892 1370 947 quem
1400 876 1514 932 dixi
1559 875 1792 931 Benedi-

208 976 292 1023 cw
324 963 416 1018 IX.
445 974 503 1020 et
537 981 742 1023 recens
771 976 961 1024 contra
988 969 1135 1024 hunc
1153 985 1185 1024 a
1207 969 1471 1026 Romanis
1492 970 1667 1026 electo
1688 969 1795 1025 Sil-

209 1067 387 1121 vestre
428 1058 534 1126 III;
608 1060 814 1116 iterum
870 1062 1171 1118 deseruerit
1207 1061 1590 1135 Babylonicam
1631 1063 1793 1119 istam

210 1148 606 1219 confusionem,
651 1152 709 1207 in
764 1151 991 1207 Galliam
1031 1153 1117 1208 vel
1149 1152 1497 1209 Germaniam
1541 1170 1601 1210 se
1655 1169 1799 1212 recc-

209 1249 393 1314 pturus
418 1261 432 1296 :
457 1244 557 1298 sed
580 1244 655 1301 iis
674 1260 820 1315 quas
854 1245 966 1301 dixi
992 1245 1301 1301 visionibus
1327 1262 1395 1302 ex
1422 1248 1615 1304 itinere
1639 1264 1798 1304 revo-

209 1343 376 1400 catus,
398 1343 454 1390 et
477 1334 537 1390 in
583 1336 815 1408 Clerum
851 1337 1166 1399 Romanum
1195 1339 1266 1394 sit
1288 1340 1594 1410 adscriptus
1619 1357 1651 1396 a
1669 1341 1800 1397 Grc-

208 1428 355 1498 gorio
381 1426 452 1482 V'l
479 1447 495 1483 :
519 1429 620 1500 qui
643 1431 754 1486 sub
797 1431 940 1487 idem
964 1439 1182 1502 tempus
1201 1432 1420 1503 utrique
1449 1432 1800 1505 Pseudopon-

209 1519 333 1574 tiﬁci
375 1531 737 1590 persuaserat
785 1522 926 1578 male
964 1523 1157 1580 inraso
1206 1523 1329 1580 loco
1364 1525 1577 1592 cedere,
1623 1541 1800 1598 eoque

209 1615 557 1669 commeritus
591 1613 778 1671 fuerat
834 1625 896 1672 ut
943 1615 1062 1688 ipse
1105 1616 1159 1672 in
1202 1617 1455 1673 eumdem
1477 1619 1801 1675 eveheretur

209 1704 372 1760 libera
396 1706 693 1762 electione.

1889 504 2191 559 motionem
2220 487 2512 572 displicere
2548 500 2789 572 Principi
2823 500 3151 574 Synodoque
3173 498 3469 571 Episcopo-

1890 612 2036 663 rum,
2064 596 2189 651 licet
2208 596 2276 651 de
2300 611 2466 651 causa
2498 594 2827 663 informatis,
2850 596 3165 650 renuntiare
3194 592 3468 660 maluerit,

1888 704 2056 759 quam
2104 705 2136 745 a
2177 704 2237 744 se
2284 689 2641 745 constitutam
2687 704 2880 745 uacem
2929 686 3225 743 obtinendo
3274 684 3471 741 dissoP

1893 796 2038 836 vere.

1890 911 1895 914 -
1959 875 2050 929 22.
2092 873 2205 931 Hac
2227 884 2407 930 autem
2439 875 2497 931 in
2530 883 2644 931 tota
2695 891 2756 931 re
2786 873 3011 929 maximi
3041 870 3346 930 faciendum
3391 882 3477 926 est

1894 966 2264 1035 Hildebrandi,
2294 969 2421 1023 licet
2462 968 2643 1023 adhuc
2691 968 2930 1039 juvenis,
2982 964 3279 1037 judicium;
3328 963 3475 1032 quod

1894 1060 2081 1115 senior
2112 1068 2302 1143 postea
2328 1077 2557 1118 summae
2589 1061 2928 1117 auctoritatis
2973 1058 3232 1129 sutl‘ragio
3276 1054 3477 1111 conﬁr-

1888 1152 2084 1219 mavit,
2117 1150 2476 1226 probavitque
2513 1162 2716 1224 quanta
2737 1155 2901 1208 etiam
2922 1152 3138 1223 juvenis
3168 1149 3476 1207 constantia

1897 1240 2079 1298 fuerit.
2112 1242 2202 1301 Sic
2230 1246 2378 1301 enim
2409 1247 2600 1302 scribit
2624 1244 2789 1301 Ottho
2821 1246 3187 1317 praalaudatus
3217 1264 3230 1299 :
3275 1263 3293 1295 ‹
3323 1241 3479 1297 Hunc

1896 1332 2239 1405 Gratianum,
2286 1339 2452 1410 Alpes
2495 1340 2953 1406 trascendentem,
3014 1346 3262 1393 secutum
3306 1336 3482 1391 fuisse

1894 1430 2121 1485 tradunt
2152 1430 2595 1500 Hildebrandum,
2620 1433 2715 1504 qui
2741 1440 2929 1503 postea
2953 1447 3202 1487 summus
3228 1426 3482 1484 Pontifex

1896 1519 2098 1591 factus,
2132 1525 2204 1579 ob
2223 1525 2340 1595 ejus
2351 1526 2756 1597 amorem,quia
2776 1525 2843 1581 de
2863 1523 3126 1595 Catalogo
3153 1522 3482 1579 Pontiﬁcum

1900 1624 2145 1673 semotus
2170 1616 2366 1686 fuerat,
2404 1635 2464 1675 se
2496 1618 2818 1691 Gregorium
2851 1619 3144 1691 septimum
3174 1616 3361 1673 vocari
3386 1629 3486 1668 vo-
3518 1602 3527 1610 ’

1901 1708 2029 1776 luit;
2064 1719 2146 1778 et,
2179 1711 2321 1767 sicut
2340 1711 2398 1766 in
2424 1710 2647 1767 Lucano
2675 1711 2865 1780 habes,

270 1797 358 1851 2i.
400 1797 565 1855 Certe
608 1800 1012 1859 Hildehrandus
1051 1776 1188 1871 ipse,
1238 1799 1417 1859 factus
1439 1752 1628 1873 postea
1662 1804 1798 1860 Gre—
1828 1773 1872 1831 B
1972 1752 2438 1861 «’Vicirixvcausa
2471 1805 2576 1861 diis
2634 1752 2865 1876 placui:
2909 1806 3003 1861 sed
3050 1805 3194 1859 victa
3253 1798 3481 1857 Catoni:

208 1889 389 1959 gorius
413 1890 528 1958 VII,
555 1894 612 1948 in
635 1893 888 1950 Concilio
909 1893 1159 1950 Romano
1192 1902 1547 1965 protestatur,
1570 1897 1755 1955 dicens
1778 1916 1792 1953 :

215 2000 232 2032 ι
279 1981 384 2039 Vos
412 1986 568 2042 scitis
594 1986 727 2056 quia
782 2003 893 2044 non
922 1989 1152 2044 libenter
1199 1989 1268 2044 ad
1294 2004 1515 2045 sacrum
1538 1989 1795 2046 Ordinem

101 2138 109 2149 ,
209 2078 432 2141 accessi,
470 2088 528 2133 et
566 2080 775 2137 invitus
829 2083 968 2137 ultra
1005 2090 1221 2138 montes
1249 2098 1377 2137 cum
1402 2081 1634 2140 Domino
1672 2099 1797 2140 meo

212 2164 352 2236 Papa
405 2169 679 2242 Gregorio
729 2175 842 2229 abii
878 2194 934 2230 ε»
975 2176 1178 2247 quibus
1219 2176 1401 2231 verbis
1443 2177 1579 2232 satis
1613 2185 1798 2247 aperte

215 2260 478 2331 signiﬁcat
505 2279 589 2331 se,
637 2266 963 2337 priusquam
995 2269 1235 2324 secunda
1264 2284 1330 2324 ac
1364 2270 1570 2339 passim
1594 2270 1798 2325 notiori

217 2354 323 2407 vice
368 2352 547 2410 Roma
592 2357 792 2425 abiret,
828 2367 1130 2415 extractum
1154 2375 1185 2414 e
1226 2362 1561 2417 monasterio
1603 2362 1795 2429 fuisse,

216 2443 277 2499 ad
303 2446 478 2515 ipsius
506 2445 759 2519 Gregorii
799 2448 870 2502 VI
912 2450 1258 2519 famulatum,
1314 2461 1370 2508 et
1411 2453 1673 2513 Romana:
1695 2457 1800 2513 Ec-

216 2536 386 2592 clesia:
411 2537 576 2595 Clero
624 2542 911 2597 donatum.
955 2543 1243 2610 Quomodo
1283 2555 1465 2602 autem
1514 2565 1639 2605 cum
1678 2550 1801 2621 ipso

218 2629 474 2700 Gregorio
506 2649 732 2688 rursum
756 2635 924 2705 Alpes
937 2638 1239 2706 transierit,
1264 2643 1458 2711 paucis
1482 2644 1571 2699 hic
1585 2646 1801 2700 videtur

216 2724 614 2793 explicandum.
647 2727 852 2783 Fuerat
883 2728 1181 2801 Gregorius
1214 2732 1278 2787 Vl
1326 2733 1381 2789 in
1406 2744 1516 2790 tam
1547 2738 1800 2807 praesenti

218 2818 537 2873 necessitate
571 2818 854 2887 Ecclesiae,
874 2822 1137 2894 justeque
1164 2835 1336 2894 metu,
1370 2843 1438 2883 ne
1473 2828 1800 2887 Benedictus

220 2915 419 2963 mutata
442 2911 727 2968 voluntate
751 2915 1057 2971 cessionem
1087 2925 1427 2988 retractarct,
1451 2938 1560 2977 non
1586 2924 1800 2994 praeba-

219 2998 329 3055 bito
357 3015 637 3059 consensu
649 3003 815 3077 Regis
837 3004 1079 3077 Henrici,
1112 3009 1217 3067 hoc
1230 3011 1453 3069 nomine
1478 3012 1640 3087 Regis
1662 3015 1799 3070 Ger-

1896 1893 1970 1951 ita
1995 1906 2049 1952 ct
2075 1897 2202 1952 huic
2241 1892 2626 1963 Hildehrando,
2670 1898 2764 1969 qui
2787 1914 2999 1968 semper
3030 1892 3084 1951 in
3113 1894 3487 1952 ecclesiastico

1894 1988 2077 2059 rigore
2116 1990 2598 2047 constantissimus
2626 1989 2749 2058 fuit,
2791 2005 2957 2045 causa
2986 1989 3111 2055 ista,
3144 1988 3197 2043 in
3227 2004 3333 2058 qua
3362 2003 3488 2042 sen-

1895 2082 2064 2136 tentia
2095 2078 2365 2154 Principis
2407 2091 2461 2138 et
2494 2083 2875 2153 episcoporum
2912 2080 3228 2153 praevaluit,
3272 2095 3489 2150 semper

1896 2174 2193 2245 displicuit.
2251 2194 2271 2227 ι
2336 2173 2439 2231 Ms.
2482 2183 2736 2230 nostrum
2790 2166 2879 2230 de
2912 2174 3173 2229 Gratiano
3228 2171 3488 2243 praedicto

1899 2279 2086 2337 agens,
2144 2267 2279 2323 dicit
2312 2267 2461 2338 quod
2485 2275 2611 2338 post
2657 2265 3057 2322 abdicationem
3087 2265 3285 2321 ductus
3311 2265 3491 2320 extitit

1899 2357 1954 2411 ii
1980 2356 2216 2429 Cisalpis
2237 2359 2516 2429 partibus;
2559 2368 2748 2430 utique
2785 2359 2855 2414 ab
2890 2358 3242 2429 imperatore,
3282 2372 3490 2410 novan-

1898 2449 2092 2506 darum
2128 2466 2314 2507 rerum
2348 2453 2695 2508 occasionem
2739 2450 2821 2507 sic
2857 2449 3139 2507 auferente
3183 2451 3252 2505 iis
3288 2450 3490 2523 quibus

1900 2541 2234 2615 intelligehat
2272 2558 2381 2598 non
2422 2544 2581 2615 plane
2616 2543 2836 2615 probari
2881 2543 3105 2599 factum.
3143 2542 3243 2599 llic
3267 2543 3312 2597 si
3338 2559 3490 2597 men—

1899 2634 2031 2689 dum
2056 2636 2263 2691 nullum
2292 2638 2442 2705 latet,
2472 2637 2761 2693 dicendum
2803 2637 2907 2692 erit
2943 2635 3261 2692 Gratianum
3297 2645 3351 2691 ct
3376 2636 3493 2690 I‘Iil-

1900 2726 2239 2795 debrandum
2268 2731 2336 2785 ad
2362 2730 2585 2801 aliquod
2625 2724 3168 2800 Longobardicorum
3213 2740 3493 2799 monaste:

1901 2818 2111 2876 riorum
2144 2837 2203 2878 se
2239 2823 2530 2893 recepisse,
2573 2831 2704 2893 puta
2743 2821 2799 2877 S.
2845 2822 3145 2879 Salvatoris
3181 2824 3338 2894 juxta
3383 2821 3492 2879 Pa-

1902 2912 2086 2983 piam;
2136 2913 2336 2985 quippe
2374 2916 2521 2986 quod
2563 2923 2688 2970 ante
2718 2931 2893 2971 annos
2936 2916 3155 2971 circiter
3189 2917 3490 2987 sexaginta,

1902 3018 1969 3058 ex
1996 3004 2373 3062 Cluniacensis
2410 3008 2769 3062 institutionis
2805 3006 2979 3062 forma
3017 3024 3115 3077 per
3145 3006 3201 3061 S.
3235 3007 3493 3079 Majolum

211 3092 408 3165 inania
430 3092 627 3163 Tertii,
650 3096 1004 3168 Imperatoris
1040 3100 1297 3170 Secundi,
1333 3106 1619 3164 ordinatus
1653 3107 1800 3162 Ροη..
1828 3120 1869 3176 C
1903 3096 2260 3152 reformatum
2288 3140 2302 3165 ,
2352 3099 2556 3169 ubique
2602 3100 2980 3155 celebrabatur
3018 3098 3164 3154 fama
3203 3099 3494 3155 severioris

222 3183 365 3239 tifex.
389 3184 953 3258 Cumquemaximam
975 3193 1338 3253 reformandaa
1366 3197 1626 3256 Ecclesia:
1648 3202 1800 3271 spem

222 3274 626 3348 lnmisfaccret,
679 3284 840 3339 malis
856 3300 991 3341 vero
1016 3296 1255 3355 metum;
1306 3290 1346 3344 ii
1389 3292 1485 3362 qui
1534 3292 1801 3350 sibi.con-

348 3380 511 3426 erant
538 3371 912 3433 Ecclesiarum
938 3378 1231 3450 dignitates
1273 3380 1585 3440 Simoniace
1622 3383 1804 3455 possi-

223 3458 363 3529 dere,
387 3464 477 3519 vel
496 3463 797 3524 formearie
821 3469 1144 3540 inquinare,
1173 3472 1337 3530 facile
1380 3474 1627 3533 animum
1652 3476 1802 3532 Hen-

223 3552 337 3642 rici,
362 3570 422 3611 se
445 3558 785 3627 prateritum
821 3562 1080 3632 dolentis,
1102 3580 1170 3621 eo
1192 3566 1461 3625 ﬂexerunt
1482 3578 1562 3639 ut,
1583 3570 1804 3642 quando

224 3641 461 3703 Romana
493 3648 741 3709 Ecclesia
765 3653 883 3724 jam
924 3655 1210 3714 dicebatur
1240 3667 1353 3716 tres
1383 3663 1547 3718 simul
1603 3641 1805 3719 habere

224 3733 540 3808 Pontiﬁces,
596 3743 654 3799 in
714 3743 929 3803 Italiam
971 3749 1088 3820 ipse
1130 3766 1191 3807 se
1243 3753 1536 3824 conferret,
1591 3762 1803 3811 tantum

226 3831 536 3915 scandalum
578 3836 905 3896 amoliturus
940 3841 997 3896 in
1045 3841 1284 3914 legitima
1323 3844 1542 3918 Synodo
1573 3844 1805 3918 Episco‘

226 3934 429 3989 pomm.
457 3924 585 3982 Non
607 3928 884 4000 displicuit
905 3948 970 3989 ea
1003 3948 1092 3991 res
1120 3935 1385 4009 Gregorio
1411 3937 1481 3992 Vl
1529 3939 1664 3995 nihil
1695 3941 1803 3996 du-

225 4012 410 4084 bitanti
461 4020 600 4088 quin
654 4038 814 4079 suam
842 4041 1066 4083 causam
1114 4027 1274 4084 facile
1301 4031 1632 4102 probaturus
1661 4039 1809 4089 esset

230 4103 374 4178 Regi,
399 4111 930 4188 conﬁrmandusque
977 4119 1033 4174 in
1053 4119 1280 4192 Papatu.
1330 4121 1436 4179 Sed
1479 4124 1641 4196 longe
1682 4124 1806 4196 upi-

230 4196 383 4255 nione
412 4201 594 4259 falsus
618 4215 725 4263 est.
754 4207 992 4279 Etenim,
1024 4223 1321 4270 convocata
1358 4215 1529 4271 Sutrii
1561 4216 1805 4289 Synodo,

232 4302 514 4351 accusatus
577 4305 665 4354 est
714 4300 834 4370 ipse
877 4305 1164 4373 pecuniam
1222 4307 1438 4365 dedisse
1490 4308 1805 4378 Benedicto,

233 4383 468 4457 adeoque
489 4389 727 4462 incaan
757 4392 931 4451 fuisse
958 4396 1236 4454 obtinendi
1260 4399 1519 4472 Papatus.
1546 4399 1662 4457 Hoc
1684 4403 1807 4458 ino-

1900 3189 2219 3259 diseiplinre.
2291 3188 2349 3244 In
2402 3206 2469 3246 eo
2518 3201 2701 3248 tamen
2768 3191 3025 3247 diuturna
3083 3207 3237 3247 mora
3287 3192 3489 3247 eisdem

1901 3280 2074 3337 fuisse
2106 3296 2214 3337 non
2248 3284 2426 3354 potuit
2458 3303 2471 3339 :
2509 3285 2639 3356 quia
2686 3302 2796 3340 non
2842 3284 3046 3356 placuit
3087 3282 3388 3341 discedenti
3428 3300 3495 3339 ex

1902 3374 2055 3430 Italia
2080 3373 2416 3447 imperatori,
2447 3378 2528 3433 cis
2554 3376 2717 3450 Alpes
2745 3377 2975 3447 relinqui
3007 3377 3348 3433 Gratianum.

1908 3486 1911 3487 '
1970 3468 2062 3523 25.
2101 3466 2223 3536 Quo
2250 3480 2448 3525 autem
2480 3486 2607 3526 eum
2638 3470 2869 3526 deduxit
2895 3469 3334 3526 Hildebrandus?
3381 3489 3399 3518 σ
3435 3467 3495 3527 In

1903 3559 2098 3627 Gallia,
2134 3580 2152 3610 ι
2200 3559 2380 3632 inquit
2411 3562 2477 3617 ad
2522 3578 2612 3618 an.
2659 3562 2798 3618 1049
2825 3561 3118 3632 Baronius,
3166 3583 3184 3615 ‹
3222 3562 3498 3641 profectus

1904 3666 2029 3707 eum
2058 3648 2335 3725 Gregorio
2361 3653 2431 3708 Vl
2477 3655 2619 3725 apud
2673 3654 3096 3725 Cluniacenses,
3138 3671 3307 3726 penes
3359 3650 3500 3735 quos

1904 3747 2115 3803 sciebat
2144 3747 2501 3802 monasticam
2544 3749 2727 3820 vigere
2752 3748 3180 3816 observantiam,
3212 3746 3497 3821 habitavit,

1904 3839 2214 3896 monachus
2278 3830 2421 3895 inter
2464 3841 2767 3896 monachos
2806 3840 3039 3912 degens.
3089 3858 3108 3893 ›
3162 3838 3318 3895 Addo
3374 3837 3499 3910 ego,

1914 3953 1934 3985 ‹
1958 3942 2013 3989 et
2036 3932 2248 4004 pridem
2271 3940 2435 3989 notus
2463 3934 2685 4003 hospes,
2711 3923 2874 4003 atque
2904 3933 3159 3987 omnibus
3179 3948 3276 4002 pro
3303 3932 3505 4011 merito

1906 4028 2124 4084 eximite
2143 4026 2364 4081 virtutis
2385 4026 2770 4096 sapientiaeque
2791 4024 3153 4081 charissimus
3180 4043 3192 4078 :
3227 4044 3244 4074 ι
3266 4022 3343 4078 Ad
3361 4038 3500 4093 quas

1908 4123 2031 4191 ejus
2058 4119 2446 4190 praerogativas
2476 4133 2599 4173 cum
2639 4118 2916 4173 accederet
2956 4116 3130 4189 gratia
3156 4108 3502 4181 auctoritasu,

1910 4228 2019 4284 que
2050 4211 2321 4282 Gregorii,
2349 4210 2474 4264 licet
2504 4210 2618 4279 jam
2649 4209 2903 4277 depositi,
2934 4209 3077 4278 apud
3108 4207 3504 4271 Cluniacenscs

1911 4304 2215 4360 monachos
2242 4318 2341 4372 pro
2367 4302 2562 4357 merito
2595 4301 2815 4372 ingens;
2851 4300 3050 4355 mirum
3084 4316 3194 4354 non
3225 4297 3410 4365 fuerit,
3450 4301 3501 4379 si

1912 4412 2039 4453 eum
2071 4395 2129 4450 S.
2167 4394 2325 4450 Odilo
2357 4395 2595 4465 priorem
2643 4392 3021 4460 constituerit,
3065 4397 3498 4447 sustentaturum

234 4476 408 4544 piuato
472 4498 739 4542 successu
797 4490 1086 4557 perculsus
1134 4489 1452 4564 Gregorius,
1504 4494 1811 4564 vidensque
1842 4475 1887 4531 Ῐ)
1914 4490 2100 4561 vigore
2134 4487 2513 4543 adolescentiae
2549 4486 2679 4557 (qua
2709 4494 2888 4540 tamen
2909 4480 3303 4556 jam'attigerat
3323 4483 3502 4539 aetatis

235 4567 522 4646 Episcopus
552 4580 621 4634 ad
647 4578 814 4659 Regis
841 4589 1029 4638 votum
1056 4584 1111 4639 in
1156 4585 1240 4640 sui
1283 4586 1690 4641 damnationem
1715 4582 1811 4642 dc-J

234 4666 662 4742 positionemque
692 4687 1025 4744 propensos;
1059 4677 1207 4732 ultro
1246 4679 1467 4742 cedens,
1497 4690 1813 4735 corum'aro

233 4753 388 4814 litt-io
417 4776 480 4817 se
514 4766 798 4835 permisit;
829 4770 1076 4839 quamvis
1138 4785 1205 4825 eo
1251 4771 1397 4842 quod
1449 4771 1815 4827 accusabatur

237 4845 390 4919 Iacto,
413 4870 524 4910 non
557 4859 905 4917 commisisse
938 4860 1241 4918 Simoniam
1262 4905 1277 4930 ,
1326 4864 1421 4918 sed
1456 4864 1634 4919 solum
1665 4860 1813 4933 inju-

236 4939 368 4998 riam
387 4948 649 5006 avertisse
678 4951 752 5007 ab
772 4950 1044 5022 Ecclesia;
1067 4969 1249 5025 neque
1277 4954 1478 5011 emisse
1512 4969 1543 5010 a
1579 4952 1815 5009 Benedi-

238 5040 326 5088 cto
382 5038 730 5111 dignitatem,
797 5045 892 5100 sed
941 5048 1187 5103 eamdem
1231 5062 1298 5102 ex
1335 5049 1530 5103 merito
1572 5062 1604 5103 a
1655 5045 1816 5101 Clero

242 5122 480 5187 Romano
532 5136 844 5193 obtinuisse
867 5138 1153 5210 plusquam
1196 5141 1585 5196 verosimiliter
1644 5137 1828 5195 susti-‘

242 5230 400 5277 neant
416 5225 533 5294 alii;
559 5229 709 5285 unde
735 5237 791 5285 et
819 5245 851 5285 a
895 5229 952 5286 S.
983 5230 1142 5290 Petro
1178 5231 1433 5288 Damiani
1459 5234 1734 5297 laudatur,
1766 5239 1821 5287 et

244 5310 592 5356 FMmiacrtn:
649 5330 830 5356 οσαιιεο
870 5322 1314 5356 ηηνηηηηοεηνιηνη
1346 5327 1414 5356 ..ιι
1450 5343 1512 5356 ..Α
1556 5316 1819 5356 agunt...“

272 5314 592 5356 Μραίαειίοε

649 5330 830 5356 οσηίιιε
870 5322 1314 5356 νῆ’ΛηΜΑοξΛνιΛΜ
1346 5327 1414 5356 ιιι-ι
1450 5343 1512 5356 ΛΑ
1556 5325 1819 5356 ι-Λῑιιιξοοη

1913 4594 2117 4636 annum
2146 4581 2238 4652 27)
2282 4587 2616 4635 senectutem
2650 4595 2804 4635 suam
2848 4578 3060 4649 ipsique
3091 4576 3353 4649 Gregorio
3383 4592 3504 4631 man

1908 4674 2017 4744 jori
2068 4690 2192 4730 cum
2245 4682 2510 4744 potestate
2545 4672 2985 4727 ministraturum
3027 4669 3359 4726 necessaria.
3413 4666 3505 4722 In.

1914 4767 2072 4821 terim
2111 4768 2341 4837 contigit
2378 4764 2567 4822 Romze
2616 4764 2790 4830 mori,
2831 4780 2941 4819 non
2988 4765 3165 4820 solum
3215 4762 3502 4839 sullectum

1917 4861 2179 4932 Gregorio
2219 4860 2553 4916 Clementem
2605 4857 2698 4913 sed
2750 4856 2914 4912 etiam
2978 4858 3300 4935 Damasum,
3340 4844 3509 4907 ambo

1915 4955 2035 5024 ejus
2064 4953 2301 5009 nominis
2328 4953 2618 5017 secundos,
2668 4950 2962 5019 omniaque
2999 4947 3217 5006 misceri
3258 4962 3289 5001 a
3327 4944 3509 5015 Bene-3

1916 5046 2094 5113 dicto,
2143 5046 2340 5100 iterum
2388 5045 2443 5098 in
2474 5043 2668 5099 Sedcm
2705 5041 3076 5113 Apostolicam
3120 5038 3331 5110 regredi
3380 5049 3505 5090 mo—

1918 5139 2081 5214 licnte
2112 5158 2125 5193 :
2154 5154 2323 5209 quare
2351 5134 2580 5191 Romani
2624 5135 2890 5209 optimum
2918 5148 3201 5197 censuere,
3239 5126 3513 5201 legatione

1918 5231 2111 5298 missa,
2152 5242 2346 5299 rogare
2380 5243 2583 5305 regem,
2614 5227 2926 5298 designaret
2971 5229 3087 5298 ipse
3116 5237 3278 5292 quem
3313 5217 3438 5303 eligi
3475 5231 3509 5305 a

1920 5339 1979 5356 οΛ
2006 5322 2320 5356 Ὸηηιῖίῖιιηηι
2355 5321 2512 5356 vallat
2564 5319 2736 5356 "nine
2773 5326 2957 5356 quinm
2997 5318 3072 5356 vni
3116 5313 3257 5356 fama
3286 5307 3508 5356 Elimia-
