3986 5386
472 291 536 344 2"
1677 311 1736 367 s.
1776 309 2089 370 GREGORI!

2209 309 2302 365 γιι
2332 307 2530 366 PAPA.
3673 311 3748 368 28

474 405 571 497 sine
609 405 727 462 zelo
771 419 1022 470 :estuare.
1083 416 1188 474 Sed
1250 417 1419 474 alium
1462 418 1592 475 huic
1627 418 1810 477 itineri
1851 421 2058 478 exitum
2087 424 2134 482 Α
2159 422 2470 479 Amalﬁtani
2510 421 2942 495 archiepiscopi;
2978 440 3120 497 quos
3166 425 3362 482 ambos
3400 433 3517 484 tum
3557 425 3752 486 Romae

396 549 403 567 ,
474 493 842 588 destinaverat
873 505 1044 576 Deus;
1079 512 1207 580 quia
1233 526 1330 581 per
1355 511 1521 566 talem
1543 513 1888 568 occasionem
1916 514 2066 569 venit
2163 531 2286 570 esse
2308 516 2533 584 sciebat,
2558 525 2613 571 et
2640 493 2743 586 pro
2763 493 3320 588 egregiae—sanctitatis
3345 519 3544 576 merito
3567 519 3752 576 maxi-

478 585 532 643 in
561 595 808 650 notitiam
829 601 959 660 novi
980 601 1282 671 Pontiﬁcis,
1310 612 1541 660 exeunte
1573 621 1718 660 anno
1750 604 1888 660 1047
1921 605 2068 661 desi-

477 683 665 752 gnati;
709 687 824 756 qui,
867 690 1142 749 hominem
1179 703 1372 750 nactus
1397 694 1657 752 Romanae
1679 697 1832 754 urbis
1861 697 1992 752 vitia
2013 706 2068 753 et

478 779 818 847 corruptelas
857 797 966 837 non
1015 785 1274 842 scientem
1315 787 1500 844 minus
1561 805 1727 859 quam
1769 789 2063 856 odientem,

479 867 771 926 crediderit
795 889 917 929 eum
947 876 1050 932 sibi
1073 880 1304 935 consilio
1337 889 1392 936 ct
1451 882 1656 936 auxilio
1715 882 2068 938 utilissimum

479 971 604 1014 esse
628 976 807 1031 posse,
844 965 890 1021 si
915 983 1101 1024 secum
1126 973 1315 1027 venire
1347 975 1730 1044 persuasisset.

551 1051 640 1107 24.
683 1052 848 1113 Ottbo
887 1059 1254 1134 Frisingensis
1294 1065 1460 1136 paulo
1503 1067 1662 1120 aliter
1704 1081 1818 1122 rem
1862 1074 2070 1133 narrat,

482 1144 642 1212 quasi
684 1162 782 1216 per
828 1150 1030 1209 Gallias
1062 1155 1163 1210 iter
1207 1156 1438 1211 Romam
1469 1166 1662 1213 tenens
1687 1157 1900 1212 noviter
1927 1157 2075 1213 desi—

483 1243 680 1302 gnatus
709 1235 978 1311 Pontifex,
1014 1256 1066 1302 et
1097 1246 1360 1304 Cluniaco
1395 1249 1688 1317 transiens,
1713 1249 1786 1304 ibi
1810 1247 2076 1305 invenerit

484 1321 908 1390 Iiildebrandum
968 1341 1204 1408 priorem
1240 1361 1252 1396 :
1283 1342 1540 1412 additque
1589 1341 1738 1414 quod
1788 1341 1880 1397 hic
1922 1341 2075 1396 illum

491 1437 509 1468 ι
550 1420 758 1490 adiens,
781 1430 1128 1489 aemulatione
1157 1433 1254 1489 Dei
1290 1436 1503 1507 plenus,
1531 1442 1847 1490 constanter
1882 1433 1950 1488 de
1988 1433 2074 1486 in—

487 1520 667 1581 cuepto
708 1519 1017 1593 redarguit;
1073 1527 1322 1582 illicitum
1359 1543 1481 1583 esse
1511 1527 1766 1598 inquiens
1828 1542 1926 1597 per
1961 1540 2079 1580 ma-

489 1618 620 1658 num
664 1606 860 1668 laicam
911 1613 1200 1674 Summum
1239 1617 1560 1674 Pontiﬁcem
1614 1619 1681 1674 ad
1724 1616 2078 1690 gubernatio-

2166 624 2254 663 ma
2284 607 2483 663 ibidem
2523 608 2726 678 pollere
2756 609 3083 665 auctoritate
3115 625 3182 666 ac
3210 611 3405 682 gratia.
3440 609 3755 682 Utrumque

2165 715 2234 756 ex
2273 697 2331 769 _S.
2357 697 2604 755 0dilouis
2635 699 2758 755 Vita
2791 701 3031 758 scimus:
3055 702 3184 772 quia
3205 719 3332 758 cum
3352 703 3444 758 hic
3471 701 3757 759 Silviniaci

2169 793 2226 847 in
2274 791 2446 847 Gallia
2477 793 2630 860 obiit,
2664 793 2854 848 ultima
2897 793 2986 849 die
3024 795 3154 848 anni
3198 794 3338 850 1048
3371 796 3476 850 sub
3511 804 3755 862 noctem,

2170 885 2401 940 necdum
2429 885 2636 956 integer
2675 901 2854 941 annus
2877 885 3160 941 eﬂluxerat
3186 887 3334 958 quod
3361 887 3536 942 Roma
3579 887 3760 943 redie-

2171 984 2297 1044 rat;
2333 975 2660 1032 Laurentius
2681 984 2863 1033 autem
2909 976 3076 1048 (utin
3113 978 3302 1033 eadem
3349 977 3464 1034 Vita
3502 978 3760 1049 habetur)

2171 1068 2348 1126 cidem
2395 1067 2470 1124 ibi
2507 1069 2792 1139 :egrotanti
2832 1084 2932 1139 per
2962 1085 3182 1125 menses
3227 1068 3472 1140 quinque
3515 1069 3763 1126 maximo

2165 1161 2372 1218 solatio
2406 1159 2607 1227 fuerat,
2638 1161 2745 1228 vir,
2798 1160 2856 1216 ὃ.
2901 1160 3064 1215 Petro
3111 1160 3359 1216 Damiani
3393 1170 3552 1228 teste,
3611 1181 3630 1213 ι
3665 1161 3766 1232 qui

2175 1261 2370 1322 potens
2409 1252 2464 1307 iu
2515 1251 2711 1306 litteris
2754 1267 2820 1307 ac
2863 1251 3170 1324 bigiossus,
3208 1251 3394 1309 Grtece
3430 1261 3658 1308 noverat
3712 1259 3771 1307 et

2177 1343 2399 1411 Latine;
2430 1352 2504 1410 et,
2537 1344 2683 1414 quod
2726 1345 2892 1414 longo
2937 1345 3286 1414 praestantius
3326 1354 3430 1411 est,
3475 1343 3770 1400 laudabilis

2177 1436 2302 1492 vita:
2339 1436 2586 1492 claritate
2635 1436 2902 1506 pollebat,
2951 1455 2970 1487 ι
3022 1445 3273 1491 mortuus
3329 1435 3528 1492 ibidem
3577 1435 3772 1492 Roma:

2179 1527 2428 1600 proxima
2455 1537 2580 1598 post
2623 1537 2856 1583 mortem
2907 1525 2964 1582 S.
3007 1525 3256 1584 0dilouis
3283 1527 3718 1595 Quadragcsima
3753 1545 3769 1582 :

2181 1621 2237 1675 in
2290 1619 2450 1690 cujus
2495 1619 2664 1675 altera
2695 1630 2751 1675 et
2807 1619 3106 1690 antiqu'ori
3146 1618 3269 1676 Vita
3301 1637 3401 1691 per
3429 1619 3772 1686 Liziardum,

489 1713 613 1756 nem
669 1705 928 1765 Ecclesiae
971 1711 1234 1766 violenter
1282 1712 1512 1767 introire
1554 1730 1568 1766 :
1610 1727 1802 1767 verum
1828 1753 1842 1778 ,
1881 1710 1928 1766 si
1963 1709 2082 1766 suis
2106 1779 2144 1787 __
2183 1713 2326 1768 idem
2355 1711 2686 1767 Laurcnlius
2711 1711 3014 1782 appellatur
3046 1731 3064 1764 ι
3091 1713 3177 1768 vir
3205 1729 3303 1787 per
3329 1713 3515 1768 omnia
3537 1711 3777 1767 sanctis—

489 1799 711 1856 credere
751 1802 880 1858 velit
906 1805 1172 1870 consiliis,
1199 1813 1514 1876 utrumque,
1547 1813 1601 1860 ct
1631 1804 1779 1875 quod
1817 1803 2075 1874 majcslas
2106 1779 2150 1834 Β
2177 1805 2356 1860 simus
2421 1805 2478 1859 in
2522 1779 2824 1875 Scripturis
2864 1805 3157 1874 utriusque
3205 1779 3405 1877 linguae
3439 1804 3778 1861 facundissi-

490 1891 788 1962 imperialis
812 1893 867 1948 in
897 1895 1016 1966 ipso
1043 1913 1154 1952 non
1177 1897 1550 1962 cxacerbetur,
1572 1896 1828 1968 quodque
1852 1896 2076 1952 libertas

490 1981 748 2041 Ecclesia:
775 1987 831 2042 in
861 1989 1125 2045 electione
1154 1989 1417 2046 canonica
1466 2001 1776 2056 renovetur,
1819 2005 1877 2046 se
1921 1989 2079 2060 polli-

490 2085 646 2132 cetur
670 2078 1012 2143 eﬁ‘eeturum.
1068 2081 1362 2138 lnelinatus
1408 2082 1496 2136 ille
1520 2123 1534 2148 ,
1575 2081 1644 2138 ad
1679 2082 1920 2137 monitus
1958 2083 2079 2154 ejus

491 2185 792 2241 purpuram
807 2173 1065 2243 deponit;
1090 2175 1473 2246 peregrinique
1501 2174 1746 2230 habitum
1769 2189 2078 2241 assumens,

491 2269 546 2316 et
573 2261 780 2320 ducens
807 2280 993 2320 secum
1043 2264 1486 2334 llildebrandum,
1524 2267 1626 2322 iter
1671 2267 1861 2336 carpit.
1913 2265 2083 2336 Igitur

493 2352 560 2406 ad
599 2352 798 2410 Urbem
849 2373 1024 2428 usque
1059 2358 1354 2425 venientes,
1395 2358 1628 2414 consilio
1657 2357 2008 2413 Hildebrandi
2051 2374 2082 2414 a

493 2444 642 2502 clero
685 2457 741 2503 et
787 2451 990 2520 populo
1041 2450 1094 2506 in
1138 2450 1426 2506 Summum
1467 2449 1787 2506 Pontiﬁccm
1815 2449 2020 2516 Bruuo,
2059 2470 2078 2502 ι

497 2553 624 2594 mox
663 2539 774 2596 Leo
809 2541 1008 2610 dictus,
1053 2562 1072 2595 ‹
1109 2543 1347 2614 eligitur.
1387 2563 1406 2596 ›
1452 2542 1596 2598 Nihil
1633 2543 1852 2614 quidem
1890 2543 1957 2598 de
1997 2559 2087 2599 as-

497 2641 716 2704 sumpta
737 2650 981 2705 purpura
1007 2635 1170 2691 habet
1204 2635 1326 2691 Vita
1366 2635 1598 2703 Leonis;
1629 2645 1685 2690 et
1713 2637 1895 2707 quoad
1933 2635 2089 2692 babi-

499 2730 613 2778 tum
661 2726 962 2797 peregrini,
1001 2744 1127 2783 eum
1170 2735 1485 2798 susceptum
1527 2727 1641 2794 ait,
1691 2737 1817 2798 post
1850 2727 2088 2784 natalem

497 2815 709 2871 domini
757 2815 898 2873 Tulli
940 2820 1292 2876 celebratum.
1354 2819 1533 2874 Nolim
1575 2828 1756 2874 tamen
1803 2829 2090 2890 propterea

500 2906 728 2978 rejicere
761 2900 930 2966 totam
961 2913 1336 2968 narrationem
1363 2912 1607 2968 auctoris
1641 2919 1751 2968 tam
1785 2911 2016 2983 antiqui,
2039 2919 2094 2967 et

500 3015 609 3053 non
638 3001 816 3057 solum
843 3004 1032 3059 seculo
1053 3012 1178 3076 post
1211 3021 1324 3060 rem
1347 3014 1555 3076 gestam
1573 3005 1896 3074 scribentis;
1931 3004 2094 3059 modo

2179 1914 2324 1964 mus,
2347 1897 2616 1967 istiusque
2639 1895 2816 1951 Patris
2841 1896 3304 1952 familiarissimus
3327 1916 3342 1966 ;
3369 1913 3604 1968 quorum
3631 1905 3783 1952 uter-

2179 2007 2287 2061 que
2323 1990 2546 2045 animus
2571 1989 3054 2060 conglutinabatur
3102 1989 3369 2045 individui
3403 1990 3612 2046 amoris
3657 1989 3780 2060 spi-

2183 2085 2310 2138 ritu.
2344 2103 2363 2134 ›
2393 2082 2449 2137 Si
2475 2082 2780 2153 interrogas
2830 2082 2921 2136 ubi
2966 2090 3020 2136 et
3041 2083 3260 2152 quando
3283 2083 3604 2142 magistrum
3631 2081 3785 2136 Lau-

2183 2176 2420 2230 rentium
2464 2174 2720 2230 habuerit
2749 2173 3190 2236 llildebrandus;
3238 2189 3306 2230 ex
3353 2174 3785 2230 mendacissimo

2183 2266 2459 2322 Bcnnonis
2494 2281 2589 2320 ore
2615 2266 3162 2322 disec'eertissimam
3204 2267 3505 2322 veritatem.
3540 2266 3792 2322 Accusat

2185 2357 2275 2412 hic
2310 2358 2638 2428 Gregorium
2691 2367 2908 2413 sextum
2959 2359 3105 2428 quod
3156 2379 3174 2409 ‹
3204 2357 3558 2414 Laurentium
3590 2357 3790 2416 Roma:

2187 2457 2435 2520 agentem
2458 2449 2608 2506 domi
2640 2466 2856 2521 semper
2877 2449 3121 2515 retinuit,
3158 2450 3212 2504 in
3252 2465 3356 2506 suo
3395 2451 3788 2524 archipresby—

2188 2541 2330 2597 terio
2375 2541 2434 2596 S.
2459 2541 2707 2609 Joannis,
2739 2553 2864 2598 ante
2894 2549 3109 2613 portam
3135 2541 3432 2608 .Latinam;
3473 2563 3492 2595 ι
3546 2558 3646 2598 nec
3673 2544 3788 2600 du-

2189 2635 2340 2690 bium
2366 2635 2498 2706 quin
2523 2635 2688 2690 etiam
2711 2635 2768 2690 in
2792 2634 3150 2690 Laterancusi
3174 2635 3666 2704 patriarchio,eum
3693 2652 3793 2692 es-

2191 2736 2275 2782 set
2311 2725 2562 2782 Pontifex
2601 2727 3076 2798 domesticumque
3109 2727 3370 2783 clericum
3409 2728 3494 2782 vel
3541 2737 3790 2783 secreta-

2194 2820 2337 2874 rium
2383 2819 2608 2876 haberet
2646 2817 3097 2874 llildebrandum.
3146 2818 3302 2876 lluuc
3329 2829 3509 2875 autem
3539 2821 3792 2875 nescire-

2194 2927 2319 2966 mus
2357 2910 2529 2967 fuisse
2568 2909 2849 2966 Laurentii
2879 2910 3233 2981 discipulum,
3263 2911 3370 2967 nisi
3401 2912 3544 2966 idem
3577 2909 3792 2977 Benno,

2197 3004 2442 3060 satanico
2480 3002 2666 3058 furore
2705 3011 2896 3060 contra
2925 3003 3078 3058 illum
3115 3012 3291 3070 actus,
3334 3019 3438 3059 nos
3475 3003 3528 3058 id
3561 3003 3794 3058 docuis-

501 3094 777 3161 permittat
801 3111 1063 3152 excusare
1086 3105 1135 3153 et
1165 3097 1436 3169 corrigere
1462 3099 1579 3152 leve
1605 3106 1846 3152 erratum
1870 3098 1923 3152 in
1950 3098 2092 3163 loco,
2123 3121 2165 3179 ο
2198 3105 2316 3163 set;
2359 3096 2490 3152 dum
2521 3095 2759 3170 Duronio
2798 3103 2936 3152 teste
2977 3096 3177 3166 (neque
3206 3095 3352 3151 enim
3387 3095 3564 3166 ipsum
3591 3095 3800 3166 dignor

501 3193 556 3240 et
595 3187 742 3258 quod
783 3189 872 3244 ille
895 3188 1140 3246 Cluniaci
1173 3189 1377 3246 factum
1404 3189 1500 3258 ait,
1549 3199 1732 3246 actum
1780 3189 2098 3247 Wormatize

501 3279 742 3333 credere.
786 3279 1082 3336 Proﬁtetur
1109 3281 1165 3335 in
1200 3281 1447 3336 Romana
1473 3282 1684 3352 synodo
1727 3297 1893 3350 supra
1932 3283 2096 3336 citata

511 3385 531 3418 ί
568 3368 865 3440 Gregorius
892 3369 1004 3426 VII.
1039 3391 1058 3425 ι
1116 3373 1262 3442 quod
1298 3371 1392 3442 qui
1427 3393 1444 3423 ‹
1479 3372 1684 3427 invitus
1709 3373 1849 3427 ultra
1886 3381 2100 3428 montes

505 3474 631 3514 cum
659 3461 882 3517 domino
911 3477 1010 3518 suo
1045 3479 1184 3534 papa
1221 3463 1484 3535 Gregorio
1518 3461 1588 3518 Vl
1621 3463 1775 3528 abiit,
1813 3464 1987 3536 magis
2011 3464 2099 3518 in-

507 3551 655 3607 vitus
681 3569 808 3608 cum
851 3554 1076 3610 domino
1113 3570 1216 3610 suo
1259 3571 1399 3628 papa
1442 3555 1624 3611 Leone
1652 3555 1718 3611 ad
1749 3556 2036 3626 specialem
2075 3575 2094 3608 ι

510 3642 743 3702 Romani
772 3647 902 3702 cleri
935 3666 954 3700 ‹
990 3649 1280 3704 ecclesiam
1311 3648 1487 3703 rediit.
1526 3667 1545 3700 ι
1580 3647 1754 3704 Credo
1779 3657 1961 3704 autem
1991 3665 2100 3706 non

509 3737 615 3792 alia
643 3738 954 3795 conditione
974 3741 1402 3796 consensisse-in
1429 3740 1684 3808 reditum,
1701 3756 1866 3813 quam
1895 3741 1941 3796 si
1969 3739 2099 3807 Leo,

511 3829 744 3885 consilio
769 3831 860 3886 isti
887 3846 988 3886 suo
1009 3829 1340 3904 obsequens,
1365 3831 1596 3888 Romam
1617 3833 1865 3905 privatus
1892 3833 2103 3905 ingredi

511 3921 848 3988 decerneret,
880 3923 1012 3978 cleri
1041 3940 1370 3982 consensum
1404 3925 1636 3980 liberum
1674 3925 1730 3980 in
1763 3924 1848 3981 sui
1881 3925 2103 3982 electio—

515 4028 637 4066 nem
669 4015 1072 4085 requisiturus;
1105 4018 1357 4088 quamvis
1419 4017 1471 4072 id
1524 4017 1776 4073 fortassis
1830 4033 1940 4073 non
1985 4027 2104 4074 erat

513 4105 738 4160 omnino
771 4109 1160 4177 necessarium,
1198 4111 1245 4166 si
1271 4125 1367 4181 per
1390 4110 1850 4180 eompromissum
1896 4109 2102 4166 Roma-

517 4212 714 4251 norum
762 4199 1010 4269 ipsorum
1053 4202 1342 4257 arbitrium
1383 4202 1618 4274 eligendi
1666 4201 1948 4260 Pontiﬁcis
1996 4202 2105 4258 fuit

516 4286 836 4358 imperatori
881 4292 1118 4348 delatum
1148 4337 1162 4362 ,
1202 4295 1280 4350 uti
1337 4295 1653 4350 existimant
1697 4295 1866 4365 aliqui
1910 4305 2104 4351 contra

517 4389 754 4437 mentem
795 4383 1033 4440 Barouii.
1060 4384 1159 4441 llis.
1199 4394 1454 4440 nostrum
1491 4387 1558 4441 de
1586 4386 1722 4443 Vitis
1751 4385 2099 4455 Pontiﬁcum,

2201 3187 2490 3260 inspicere)
2519 3189 2572 3243 in
2595 3189 2752 3244 illum
2771 3188 3059 3252 declamat,
3094 3196 3153 3242 ut
3183 3207 3202 3240 ι
3228 3187 3497 3259 insignem
3544 3203 3794 3258 magum,

2203 3281 2472 3334 malorum
2499 3281 2746 3334 omnium
2788 3279 3066 3335 Benedicti
3100 3279 3170 3333 IX
3211 3279 3556 3350 complicem,
3592 3280 3798 3336 doctos-

2203 3387 2316 3426 rem
2343 3380 2396 3426 et
2421 3371 2722 3442 principem
2749 3371 3162 3438 maleﬁciorum,
3194 3371 3288 3440 qui
3323 3380 3378 3425 et
3412 3371 3800 3440 aruspicinam

2201 3462 2413 3532 publice
2443 3469 2753 3527 exerceret,
2789 3461 3134 3532 magiamquc
3174 3469 3230 3517 et
3257 3461 3364 3515 alia
3396 3461 3448 3515 id
3487 3477 3664 3532 genus
3694 3477 3802 3520 ve-

2203 3555 2300 3609 tita
2324 3553 2510 3608 Romae
2540 3553 2718 3624 palam
2751 3552 2963 3607 cunctis
2991 3553 3200 3608 discere
3233 3552 3543 3608 volentibus
3565 3555 3802 3624 proﬁte-

2203 3647 2395 3712 batur;
2435 3662 2464 3702 a
2502 3661 2614 3716 quo
2641 3655 2689 3700 et
2732 3643 3136 3700 Hildebrandus
3186 3645 3308 3715 ejus
3341 3645 3644 3716 discipulus
3667 3661 3800 3702 cas-

2202 3737 2324 3793 dem
2356 3737 2596 3808 magicas
2623 3746 2790 3800 artes.
2821 3737 3033 3806 legibus
3053 3736 3256 3792 divinis
3293 3746 3352 3791 et
3397 3737 3656 3792 humanis
3687 3737 3800 3792 im-

2201 3831 2489 3900 probatas,
2505 3829 2772 3884 didicerit.
2807 3849 2826 3880 ι
2867 3827 3074 3884 llorum
3114 3829 3281 3899 igitur
3317 3829 3554 3884 duorum
3587 3837 3640 3884 et
3659 3829 3802 3884 alio-

2203 3939 2327 3978 rum
2358 3922 2587 3978 forsitan
2616 3922 2942 3978 eximiorum
2979 3921 3244 3986 virorum,
3283 3921 3470 3977 Romae
3495 3931 3624 3978 tunc
3651 3923 3804 3992 pari-

2203 4025 2288 4072 ter
2319 4015 2805 4080 commorantium,
2834 4029 3059 4084 operam
3101 4014 3205 4070 sibi
3243 4014 3298 4068 in
3341 4016 3479 4069 tanti
3532 4016 3802 4070 momenti

2204 4108 2426 4181 negotio
2451 4107 2800 4178 procurando
2825 4107 3052 4163 minimc
3081 4105 3396 4162 defuturum
3424 4122 3652 4178 sperans
3677 4106 3802 4161 "il:-

2203 4200 2548 4266 debrandus,
2603 4199 2780 4271 potuit
2809 4200 2955 4270 quod
2989 4198 3261 4269 pollicitus
3293 4207 3403 4266 est,
3439 4214 3564 4254 eum
3601 4199 3803 4254 ﬁducia

2206 4293 2400 4366 optimi
2437 4307 2750 4358 successus,
2799 4291 3069 4360 spondere
3113 4289 3302 4346 Leoni.
3335 4289 3418 4345 An
3461 4289 3804 4345 autem.Ro-

2207 4402 2352 4442 mam
2378 4384 2728 4440 advenientes
2757 4383 2831 4438 ibi
2855 4381 3130 4439 adhuc-5..
3164 4379 3450 4438 Milonem
3479 4381 3799 4452 repere-rint;

515 4473 584 4526 de
615 4472 797 4528 Leone
827 4490 995 4546 agens
1026 4495 1038 4530 :
1090 4495 1108 4527 ι
1137 4475 1236 4531 llic
1259 4491 1291 4530 a
1316 4475 1447 4542 Deo,
1483 4477 1677 4547 inquit,
1709 4477 1916 4533 electus
1951 4477 2100 4533 Pon-
2133 4471 2178 4526 ι)
2205 4477 2472 4534 incertum
2503 4475 2635 4532 mihi
2667 4483 2782 4543 est;
2816 4473 3170 4532 Laurentium
3195 4475 3355 4545 plane
3371 4473 3677 4529 debuerunt
3711 4472 3802 4528 in-

517 4561 755 4630 tifex,ad
782 4566 970 4620 urbem
1009 4567 1225 4623 devenit
1251 4566 1576 4634 Romanam,
1607 4584 1792 4624 secum
1833 4569 2107 4626 deducens

518 4653 968 4724 llildebramlum,
991 4659 1082 4729 qui
1110 4677 1234 4716 eum
1262 4675 1400 4730 papa
1431 4659 1694 4731 Gregorio
1725 4661 1790 4715 ad
1822 4671 2007 4730 partes
2036 4663 2104 4716 il-

519 4748 603 4808 las
628 4751 830 4808 ierat...
862 4759 918 4806 et
939 4749 1184 4820 ejusdem
1207 4752 1557 4808 Hildebrandi
1582 4753 1813 4808 consilio
1835 4753 2020 4808 omnia
2049 4754 2106 4810 in

520 4845 716 4902 itinere
741 4854 796 4901 et
831 4846 884 4900 iu
921 4845 1023 4900 hac
1059 4845 1276 4901 civitate
1313 4844 1456 4900 fecit.
1492 4863 1509 4896 ι

589 4936 681 4992 25.
723 4937 826 4993 Sed
863 4946 1073 5009 quierat
1117 4938 1205 4993 hic
1239 4937 1490 4994 fortassis
1525 4937 1725 5007 aliquis
1765 4955 1873 5010 qua
1910 4941 2106 4998 ﬁducia

521 5026 942 5098 Ilildebrandus,
1014 5032 1350 5102 sesquiauno
1394 5030 1661 5086 duntaxat
1701 5031 1756 5086 in
1791 5033 1944 5088 curia
1999 5033 2110 5090 Ro-

523 5137 680 5148 MA..-
710 5140 745 5148 --
762 5132 957 5148 ..ιιι-Ι---
991 5140 1106 5148 ..-ο-..Α
1467 5123 1697 5148 ξ-ισΙΑκ--ιι
1736 5123 1840 5148 2....-
1875 5125 2011 5148 Αιι.--
2033 5143 2098 5146 -.--

2207 4585 2441 4626 νεηιεεθ.

2260 4662 2350 4716 26.
2393 4659 2566 4715 Porro
2597 4660 2666 4716 ad
2713 4639 3124 4717 excusationem
3163 4655 3384 4714 Ottonis
3407 4657 3781 4730 Frisingensis

2205 4769 2488 4824 permram
2533 4752 2798 4825 Cluniaeo
2839 4753 3192 4808 attribuentis
3229 4751 3378 4824 quod
3405 4749 3611 4806 factum
3637 4749 3805 4804 Wor-

2207 4845 2388 4901 matire
2423 4853 2560 4911 erat,
2585 4846 2690 4901 hoc
2718 4845 2885 4900 etiam
2911 4843 3080 4911 facit,
3129 4843 3275 4914 quod
3306 4842 3532 4898 minimc
3560 4841 3804 4897 dubitari

2206 4937 2381 5007 possit
2423 4938 2557 5008 quin
2585 4953 2654 4992 ex
2689 4937 2903 5003 itinere,
2947 4952 3046 5007 per
3087 4933 3502 5006 Lotharingiam
3550 4932 3805 5004 Burgun-

2205 5029 2464 5100 diamque
2501 5029 2751 5086 instituto
2778 5070 2794 5096 ,
2845 5028 3166 5084 Cluuiacum
3228 5025 3549 5082 deﬁexerlnt
3598 5023 3710 5080 Leo
3749 5032 3806 5080 et

2208 5120 2452 5144 II'II,1,,-
2521 5121 2535 5138 1
2673 5120 2706 5134 η
2871 5119 2886 5132 α
3029 5119 3041 5128 -
3162 5118 3174 5126 .
3294 5118 3306 5124 -
3593 5116 3622 5117 η

2673 5120 2706 5134 Π
