3986 5386
187 372 259 428 99
944 372 1480 441 PROLEGOMENA.
1522 398 1592 410 -—
1629 367 1976 427 APOLOGIA
2012 368 2149 427 PRO
2186 371 2540 434 GREGORIO
2576 377 2687 437 VII.
3389 380 3459 435 50

174 488 482 546 necessitas
517 486 818 544 abdicandi
842 487 1147 558 Prioratus,
1177 498 1230 546 et
1259 498 1463 546 statum
1498 501 1778 545 monastc-
1809 492 1854 548 Α
1881 490 1967 545 sui
1990 488 2198 544 ordinis
2233 488 2526 558 scriptorcs
2563 487 2901 559 antiquiores
2925 504 3036 560 pra:
3056 490 3231 547 oculis
3252 491 3460 548 habens

186 584 253 637 rii
277 579 676 647 constituendi,
714 582 948 637 necdum
981 597 1049 636 ex
1087 579 1241 636 italia
1282 597 1502 637 reverso
1552 581 1780 638 OJilone

187 675 391 729 abbate.
422 670 652 739 Quanto
678 672 875 728 deinde
908 671 1108 729 Leonis
1156 672 1430 743 pontiﬁcis
1471 689 1616 729 anno
1660 672 1777 729 Ilii-

188 764 489 821 dcbrandus
511 762 814 833 praefectus
839 763 912 820 sit
926 765 1260 820 monasterio
1287 763 1344 819 8.
1368 764 1520 820 Pauli
1542 768 1778 838 regendo

189 854 668 925 reformandoque,
716 856 902 911 nullus
949 856 1203 927 explicat.
1252 855 1531 911 Visioncm
1561 857 1779 927 ipsimct

188 963 246 1001 ea
266 945 331 1001 de
356 960 417 999 re
437 943 651 1000 factam
675 944 881 1003 Paulus
910 945 1320 1003 Bernriedensis
1341 946 1507 1002 refert
1535 964 1686 1003 num.
1718 950 1774 1018 8,

190 1036 415 1092 similem
436 1036 605 1091 aliam
638 1034 818 1093 Leoni
839 1038 1075 1094 oblatam
1129 1038 1210 1094 sic
1245 1038 1505 1094 describit
1539 1038 1639 1094 Ms.
1683 1057 1777 1095 no-

188 1137 352 1184 strum
376 1144 394 1181 :
429 1146 449 1179 ο
469 1126 697 1195 Postea,
718 1128 789 1184 ad
817 1129 1129 1200 regendum,
1157 1129 1443 1187 ecclesiam
1471 1128 1527 1185 8.
1563 1130 1718 1187 Pauli
1749 1153 1766 1185 ι

189 1218 290 1275 Leo
317 1237 335 1269 ι
360 1218 588 1274 tradidit
617 1238 637 1271 ι
689 1218 1077 1289 Hildebrando,
1107 1240 1126 1273 ι
1160 1236 1261 1293 pro
1285 1222 1521 1293 quadam
1563 1223 1775 1280 visione

189 1326 341 1381 quam
360 1310 612 1372 viderat:
661 1312 917 1368 videlicet
938 1313 1065 1383 quia
1093 1312 1151 1367 Β.
1184 1311 1407 1368 Petrum
1438 1314 1492 1368 in
1516 1315 1773 1385 praedicta

187 1401 383 1456 visione
411 1400 645 1457 hilarem
670 1402 909 1469 videbat,
956 1402 1016 1457 Β.
1062 1402 1290 1459 Paulum
1331 1405 1545 1462 tristem
1570 1414 1625 1462 et
1651 1416 1768 1462 tur-

188 1491 455 1548 bulentum
473 1507 604 1563 erga
630 1508 696 1548 se
723 1493 1104 1565 prospiciebat.
1138 1514 1156 1547 ι

192 1605 218 1677 ς
259 1603 346 1660 IV.
396 1604 679 1672 Quomodo
711 1607 889 1682 ordini
927 1607 1363 1682 Vallumbrosano
1409 1627 1573 1682 nuper
1595 1630 1771 1667 αδετι-

671 1687 797 1746 ptas
826 1677 1053 1733 Sanctus
1081 1680 1165 1733 hic
1193 1681 1282 1733 sit.

243 1766 334 1819 27.
375 1765 695 1832 Pmmissa,
730 1768 944 1824 collatis
988 1769 1230 1840 undique
1277 1779 1565 1827 auctorum
1616 1776 1770 1831 testi-

1880 580 2213 636 Locatellum
2255 579 2534 652 praefatus,
2573 580 2679 635 isto
2707 580 2791 635 vel
2836 580 2944 636 alio
2986 581 3076 636 ubi
3117 598 3207 639 res
3254 581 3461 640 ferebat

1878 673 1999 728 loco
2023 673 2277 727 dixerunt
2300 672 2534 741 uspiam,
2567 671 2774 726 ordinis
2800 669 3234 729 Vallumbrosani
3268 690 3461 730 mona-

1878 764 2043 819 chum
2073 762 2243 819 fuisse
2266 761 2710 818 Hildebrandum.
2759 760 2948 818 Solum
2977 780 3097 835 cap.
3123 764 3212 832 67,
3240 766 3460 822 invenio
3484 798 3493 823 ,ι

1876 855 2126 911 eumdem
2159 852 2494 909 Locatellum
2529 869 2754 909 narrare
2780 896 2795 921 ,
2835 857 3113 925 quomodo
3162 856 3305 911 idem
3344 855 3459 911 Hil-

1875 946 2205 1014 debrandus,
2252 944 2585 1000 Florentium
2629 946 2853 1001 veniens
2883 962 3007 1001 cum
3036 947 3292 1017 prmdicto
3319 964 3459 1019 papa

1875 1036 2206 1103 Alexandro,
2235 1037 2303 1092 ad
2337 1036 2769 1107 componendam
2802 1037 3133 1092 discordiam
3179 1039 3322 1093 inter
3345 1055 3459 1095 tro-

1874 1127 2080 1184 nachos
2105 1137 2159 1183 et
2196 1129 2511 1201 episcopum
2537 1143 2681 1182 anno
2713 1127 2932 1183 circiter
2956 1128 3111 1195 1065,
3136 1130 3457 1186 tentandum

1875 1222 1979 1277 sibi
2010 1221 2356 1293 proposuerit
2384 1219 2441 1275 8.
2470 1219 2699 1275 Joannis
2720 1218 2998 1275 Gualberti
3028 1222 3364 1290 patientiam,
3389 1223 3458 1279 ad

1873 1314 2196 1385 capiendum
2229 1312 2666 1384 experimentum
2691 1311 2879 1367 solida:
2909 1310 3170 1367 fucataave
3197 1314 3459 1369 sanctita-

1874 1405 1967 1472 tis,
1988 1404 2307 1477 compositis
2327 1405 2392 1459 ad
2425 1404 2636 1474 injuriae
2656 1403 2889 1473 speciem
2912 1403 3090 1459 verbis
3120 1422 3133 1458 :
3164 1424 3182 1455 ‹
3211 1403 3456 1470 Quorum

1872 1506 2052 1552 tamen
2084 1496 2329 1551 omnium
2387 1495 2553 1566 (sicut
2595 1495 2826 1566 ipsemet
2864 1503 3054 1566 postea
3094 1496 3299 1566 retulit)
3343 1512 3458 1552 mc-

1872 1589 2046 1644 moria
2066 1587 2117 1643 ei
2141 1587 2421 1654 exciderit,
2444 1602 2572 1642 mox
2599 1595 2765 1659 atque
2805 1587 2859 1642 in
2896 1596 3073 1643 sancti
3102 1596 3457 1657 conspectum

1867 1679 2035 1734 venit.
2067 1677 2242 1745 Quam
2264 1678 2399 1734 adeo
2423 1678 2548 1746 sibi,
2574 1678 2817 1748 alioquin
2844 1678 3140 1749 eloquenti,
3174 1678 3456 1734 insolitam

1871 1770 2355 1826 obmutescentiam
2382 1785 2482 1840 pro
2504 1768 2769 1824 miraculo
2791 1770 3063 1841 accipiens
3084 1770 3397 1838 cardinalis,
3431 1790 3451 1823 ι

184 1859 396 1923 maniis,
420 1859 601 1913 solum
632 1859 840 1915 habere
869 1860 951 1915 vel
990 1876 1088 1932 per
1111 1862 1477 1933 conjecturam
1508 1867 1661 1935 potui
1698 1870 1765 1924 de
1800 1859 1841 1885 ”
1869 1862 2045 1932 inquit
2064 1860 2388 1927 Loeatcllus,
2426 1880 2444 1912 ‹
2467 1876 2566 1930 pro
2587 1861 2786 1917 indicio
2811 1877 2932 1917 eam
2963 1861 3154 1916 habuit
3179 1860 3293 1927 Dei,
3324 1878 3455 1917 san-

182 1949 420 2020 Gregorii
463 1949 549 2003 Vl!
597 1952 970 2019 monacbatu;
1018 1953 1221 2017 donec,
1266 1964 1391 2010 ante
1426 1972 1535 2011 non
1565 1961 1766 2015 multos

183 2057 368 2107 annos,
402 2043 617 2098 amicus
644 2053 843 2098 noster
874 2042 1126 2099 Tiberius
1166 2043 1496 2116 Petraccins,
1524 2051 1608 2105 sui
1636 2050 1763 2106 Val-

182 2133 514 2187 lumbrosani
537 2134 757 2191 ordinis
785 2143 918 2190 tunc
946 2144 1271 2206 procurator
1307 2140 1593 2209 generalis,
1622 2158 1766 2199 nunc

180 2225 342 2279 abbas
368 2224 429 2278 8.
460 2223 748 2282 Michaelis
770 2226 1015 2293 Pistorii,
1044 2227 1279 2282 obtinuit
1313 2244 1344 2283 a
1376 2244 1531 2285 sacra
1562 2231 1765 2290 rituum

180 2314 610 2386 Congregatione
673 2316 1004 2384 Decretum,
1070 2318 1344 2389 signatum
1408 2320 1473 2375 21
1522 2319 1765 2382 Januarii

184 2405 330 2460 {693.
355 2405 481 2472 Quo
524 2414 642 2462 tum
676 2410 929 2464 nonnulli
956 2410 1164 2466 ordinis
1197 2411 1358 2465 istius
1397 2414 1572 2467 sancti
1604 2414 1765 2484 jube-

184 2496 373 2553 bantur
404 2496 804 2571 Martyrologio
828 2500 1074 2557 Romano
1110 2501 1354 2569 inscribi,
1386 2512 1500 2558 tum
1540 2506 1605 2559 ad
1648 2508 1764 2562 elo-

187 2589 320 2656 gium
341 2587 592 2661 Gregorii
618 2592 799 2647 nostri
830 2608 993 2663 supra
1020 2594 1255 2648 relatum
1296 2610 1551 2665 expresse
1594 2596 1762 2665 addit,

188 2678 319 2747 quod
366 2678 474 2734 fuit
533 2700 553 2733 ι
585 2683 801 2739 ordinis
843 2683 1254 2741 Vallumbrosaa.
1288 2705 1306 2737 ι
1351 2686 1545 2742 Postea
1574 2690 1607 2743 4
1631 2689 1768 2746 Mar-

189 2770 239 2823 tii
264 2770 508 2839 ejusdem
548 2774 702 2840 anni,
762 2775 994 2829 alterum
1040 2777 1316 2830 emanavit
1353 2778 1652 2847 decretum,
1698 2781 1766 2837 ad

191 2861 417 2931 ejusdem
437 2866 820 2933 procuratoris
860 2866 1212 2935 instantiam;
1256 2884 1367 2938 quo
1395 2871 1769 2940 approbantur

191 2954 656 3026 mdonturque
676 2956 942 3012 lectiones
968 2958 1205 3028 propriae
1227 2958 1294 3014 dc
1315 2960 1518 3015 eisdem
1540 2965 1765 3033 sanctis,

195 3059 250 3098 ac
274 3046 599 3101 nominatim
625 3046 696 3102 de
730 3067 751 3099 ι
787 3047 844 3103 8.
870 3048 1132 3120 Gregorio
1158 3066 1296 3121 papa
1327 3050 1438 3119 VII,
1471 3072 1490 3104 ι
1518 3055 1611 3109 ubi
1640 3056 1770 3112 dici-

196 3144 272 3190 tur
288 3138 452 3208 quod,
506 3157 527 3189 ι
553 3154 681 3194 cum
708 3155 741 3194 a
774 3140 976 3195 sarculo
1010 3141 1222 3196 alienus
1265 3143 1368 3198 soli
1410 3143 1524 3199 Deo
1561 3147 1767 3203 servire
1794 3180 1834 3236 ϐ

196 3237 413 3299 cuperet,
461 3231 832 3287 monasticam
866 3232 1037 3288 vitam
1084 3232 1406 3303 professus,
1454 3239 1765 3295 coanobium

202 3319 250 3373 S.
287 3320 558 3377 Benedicti
610 3325 669 3378 in
701 3324 880 3395 patria
909 3340 1008 3380 sua
1037 3326 1330 3394 exstruxit,
1382 3328 1485 3383 sub
1514 3329 1767 3387 instituto

197 3409 653 3481 Vallumbrosano,
713 3416 862 3487 quod
905 3416 1115 3487 pridem
1159 3418 1444 3489 amplexus
1497 3420 1693 3477 fuerat.
1742 3443 1760 3474 ι

197 3502 425 3559 Historia:
459 3504 936 3563 Vallumbrosana:
985 3522 1185 3578 parens
1212 3517 1265 3563 et
1301 3510 1621 3567 eruderator
1644 3514 1767 3568 dili-

195 3597 528 3665 gentissimus
552 3597 883 3653 Ambrosius
909 3598 1237 3665 Locatellus,
1265 3610 1482 3657 centum
1525 3604 1595 3659 ab
1639 3606 1767 3662 hinc

193 3688 351 3753 annis,
388 3709 407 3739 ε
432 3688 686 3760 Gregorii
727 3688 823 3743 Yll
857 3707 876 3742 ι
924 3705 1068 3761 saepe
1117 3693 1368 3748 meminit
1410 3710 1535 3749 cum
1583 3697 1763 3767 laude,

192 3787 433 3850 tanquam
477 3795 583 3835 suo
619 3781 801 3836 ordini
841 3782 1044 3853 optimc
1088 3783 1300 3851 affecti;
1340 3800 1404 3840 ac
1443 3787 1763 3844 nominatim

189 3887 293 3941 cap.
316 3873 407 3937 65,
434 3872 628 3927 eadem
650 3872 839 3928 ltalice
869 3872 1129 3941 referens,
1154 3890 1277 3946 qua:
1300 3876 1356 3930 in
1385 3876 1508 3933 Vita
1537 3895 1665 3934 mox
1689 3884 1767 3937 al-

188 3962 397 4033 leganda
435 3964 827 4033 exprimuntur
852 3965 1039 4031 latine,
1059 3965 1129 4020 de
1150 3966 1315 4037 gestis
1342 3967 1396 4021 in
1423 3971 1630 4040 synodo
1652 3971 1764 4028 Bo-

190 4069 333 4109 mana
361 4055 469 4109 sub
503 4054 820 4110 Alexandro
847 4054 913 4122 ll,
946 4056 1039 4110 ubi
1084 4057 1332 4127 plerique
1374 4061 1584 4128 praelati
1631 4063 1769 4133 ipse-

189 4160 280 4213 que
295 4145 457 4200 etiam
481 4144 540 4199 8.
574 4143 769 4201 Petrus
802 4144 1055 4201 Damiani
1109 4148 1451 4204 obsistebant
1482 4157 1766 4215 monachis

192 4254 217 4288 a
242 4236 295 4290 S.
331 4236 545 4292 Joanne
578 4238 766 4293 missis
792 4238 862 4293 ad
891 4236 1113 4293 Petrum
1147 4239 1463 4310 episeOpum
1495 4244 1765 4302 Florenti-

192 4344 306 4383 uum
346 4328 611 4385 Simoniaa
633 4330 1006 4386 accusandum
1031 4347 1046 4384 :
1069 4332 1453 4401 exprimuntur
1474 4345 1654 4393 autem
1682 4340 1767 4397 his

1865 1954 2107 2008 ctitatem
2156 1952 2260 2007 viri
2305 1951 2743 2022 comprobantis;
2787 1968 3023 2024 eumque
3076 1953 3333 2022 deinceps
3371 1952 3470 2021 di-_

1865 2045 1997 2100 lcxit
2030 2053 2091 2099 ut
2124 2043 2370 2109 fratrem,
2395 2050 2448 2097 et
2472 2058 2539 2097 ex
2577 2043 2713 2097 hora
2755 2044 3103 2098 annumerari
3127 2044 3302 2098 voluit
3327 2044 3455 2100 filiis

1866 2145 2067 2191 nostra:
2086 2135 2364 2206 religionis
2377 2133 2865 2189 Vallumbrosante.
2904 2154 2921 2186 ι
2959 2133 3030 2189 Ut
3051 2151 3180 2190 vera
3198 2136 3312 2189 haec
3334 2151 3456 2190 esse

1866 2227 2229 2297 probarentur
2262 2226 2466 2293 omnia,
2504 2226 2805 2296 spiritualis
2842 2234 3021 2280 tamen
3050 2226 3326 2281 tiliationis
3357 2242 3457 2279 no-

1866 2333 2027 2385 men,
2086 2333 2196 2389 quo
2258 2317 2537 2372 nonnullis
2581 2316 2851 2387 religiosis
2912 2317 3195 2372 ordinibus
3257 2317 3457 2372 ascribi

1866 2425 1926 2464 se
1964 2408 2173 2464 faciunt
2207 2408 2586 2479 cujuscunque
2616 2406 2947 2464 conditionis
2981 2422 3044 2464 ac
3082 2424 3245 2463 sexus
3273 2409 3456 2463 ﬁdeles

1866 2501 1961 2571 pii,
1985 2502 2120 2557 adeo
2149 2500 2255 2555 late
2290 2515 2349 2555 se
2382 2500 2643 2565 extendit,
2687 2500 2851 2554 etiam
2882 2501 2948 2555 ad
2984 2500 3155 2555 laicos
3189 2508 3237 2554 et
3267 2500 3459 2571 conju-

1865 2600 2039 2663 gatos,
2078 2601 2138 2647 ut
2181 2607 2245 2646 ea
2276 2591 2392 2645 sola
2433 2592 2574 2645 ratio
2616 2606 2759 2662 aegre
2792 2584 3042 2647 videatur
3076 2591 3322 2646 sulliccre
3388 2591 3456 2646 ad

1854 2681 2099 2754 'aliqucm
2127 2690 2378 2738 sanctum
2401 2683 2496 2737 uni
2522 2672 2836 2752 particulari
2865 2683 3044 2737 ordini
3070 2681 3453 2738 ascribendum

1866 2784 1927 2830 ut
1955 2775 2266 2845 proprium;
2318 2774 2400 2829 sic
2436 2774 2582 2829 enim
2622 2788 2731 2828 una
2777 2774 3077 2844 eademque
3114 2789 3350 2844 persona
3400 2790 3456 2828 tn

1865 2868 2069 2922 multos
2099 2873 2288 2937 posset
2314 2865 2533 2921 ordines
2554 2864 2807 2932 distrahi,
2838 2874 2892 2920 et
2922 2866 3332 2921 contentionum
3373 2863 3454 2919 fa-

1868 2968 2086 3014 tuarum
2125 2972 2315 3012 ansam
2371 2957 2631 3026 przebere,
2662 2957 2998 3012 certantibus
3046 2957 3311 3027 partibus,
3346 2955 3455 3009 utri

1866 3051 1989 3120 plus
2025 3050 2170 3120 juris
2212 3050 2265 3103 in
2305 3048 2481 3117 ipsam
2512 3056 2805 3117 competat.
2851 3047 2932 3102 Ad
2960 3063 3181 3101 manum
3208 3048 3453 3115 exempla

1868 3150 2015 3208 sunt,
2054 3141 2147 3196 sed
2193 3139 2330 3194 nihil
2389 3139 2581 3194 attinet
2615 3153 2679 3193 ea
2733 3154 2880 3195 nunc
2921 3139 3229 3205 adducere;
3273 3137 3450 3192 solum

1867 3234 1991 3290 dico
2021 3231 2187 3304 quod,
2234 3232 2280 3287 si
2309 3219 2621 3287 Petracci‘us
2665 3231 2812 3286 aliud
2842 3231 3050 3285 nullum
3095 3229 3286 3285 habuit
3324 3228 3453 3283 fun-

1867 3326 2183 3381 damentum
2222 3339 2337 3378 suae
2363 3322 2733 3393 prmtentionis
2767 3337 2933 3392 quam
2961 3321 3167 3376 dictum
3191 3320 3452 3375 Locatelli

1867 3415 2262 3481 testimonium,
2300 3414 2579 3469 infirmum
2624 3414 2758 3468 illud
2807 3413 3032 3468 omnino
3084 3412 3293 3467 habuit.
3347 3409 3453 3466 Sed

1867 3508 2021 3579 prius
2050 3522 2215 3576 quam
2245 3505 2298 3560 id
2322 3506 2716 3572 demonstrem,
2746 3504 3053 3561 exhibenda
3076 3511 3162 3558 est
3197 3502 3448 3573 quendam

1868 3599 2041 3670 ipsius
2080 3597 2427 3652 Hildcbrandi
2460 3597 2571 3666 jam
2605 3613 2758 3668 papm
2797 3595 3040 3666 Epistola
3073 3602 3194 3666 post
3222 3602 3452 3649 mortem

1868 3692 2043 3748 sancti
2077 3689 2383 3746 fundatoris
2412 3689 2613 3759 scripta
2641 3690 2746 3744 hoc
2777 3697 2964 3742 tenore
2990 3705 3004 3741 :

1933 3783 2029 3839 29.
2067 3801 2086 3833 ι
2120 3780 2415 3851 Gregorius
2448 3781 2760 3850 episcopus,
2786 3795 2977 3835 servus
3005 3792 3290 3833 servorum
3334 3774 3452 3844 Dei,

1868 3876 2102 3941 clericis,
2144 3873 2430 3929 monachis
2459 3888 2522 3927 ac
2552 3872 2822 3943 religiosis
2864 3870 3020 3926 laicis
3044 3912 3057 3936 ,
3105 3869 3449 3938 disciplinam

1867 3976 2071 4024 sancta:
2104 3965 2499 4021 recordationis
2520 3963 2747 4019 Joannis
2783 3963 3062 4019 Gualberti
3088 3961 3302 4016 abbatis
3331 3959 3457 4013 imi-

1868 4060 2147 4126 tantibus,
2193 4058 2424 4113 salutcm
2472 4067 2528 4111 et
2587 4057 2944 4126 apostolicam
2998 4053 3451 4108 benedictionem.

1862 4152 2015 4207 Licet
2033 4149 2352 4205 venerandm
2372 4148 2650 4202 memoriae
2675 4148 2924 4202 eumdem
2949 4144 3212 4199 Joannem
3238 4143 3452 4197 Patrem

1866 4251 2109 4299 vestrum
2131 4241 2409 4310 corporeis
2435 4240 2610 4293 oculis
2637 4255 2744 4293 non
2767 4238 3086 4302 viderimus,
3110 4237 3239 4305 quia
3272 4245 3451 4288 tamen

1868 4335 1991 4390 fidei
2021 4333 2139 4403 ejus
2172 4332 2385 4403 puritas
2414 4329 2469 4384 in
2496 4329 2710 4385 Tuscia;
2737 4329 2983 4399 partibus
3012 4325 3335 4381 mirabiliter
3363 4340 3451 4378 re-

193 4421 351 4477 verbis
380 4440 394 4475 :
437 4440 457 4472 ι
488 4420 701 4477 Interea
740 4422 1045 4477 insurrexit
1088 4422 1145 4477 in
1177 4424 1410 4479 concilio
1434 4427 1655 4497 quidam
1686 4431 1768 4486 vir
1869 4425 2159 4496 splenduit,
2197 4423 2369 4477 multo
2396 4438 2521 4477 eum
2560 4436 2746 4477 amore
2776 4418 3086 4475 dileximus.
3126 4416 3297 4487 Cujus
3325 4430 3453 4470 san-

193 4512 418 4583 rgregius
442 4521 497 4568 et
521 4513 1020 4570 excellentissimus
1045 4555 1060 4581 ,
1117 4514 1255 4570 alter
1292 4518 1450 4587 quasi
1504 4519 1766 4578 Gamaliel
1799 4517 1842 4571 D
1867 4529 1968 4573 cla!
1991 4515 2427 4573 conversationis
2453 4515 2703 4585 quamvis
2730 4528 2829 4568 vos
2862 4512 3164 4566 imitatores
3190 4522 3311 4564 esse
3338 4514 3454 4561 stu-

196 4604 392 4659 nomine
447 4605 655 4660 scilicet
696 4604 1118 4673 Hildebrandus,
1164 4609 1469 4665 monachus
1508 4623 1561 4667 et
1586 4614 1765 4669 arcbi-
1866 4610 2053 4665 diosas
2094 4624 2203 4663 non
2232 4608 2589 4679 ambigimus;
2620 4614 2683 4661 ut
2708 4606 2865 4677 vigor
2891 4600 3233 4658 rectitudinis
3260 4607 3455 4655 vestra;

196 4695 434 4752 diaconus
472 4696 735 4753 Ecclesia:
762 4695 1026 4753 Romanae
1046 4705 1102 4752 et
1116 4699 1412 4756 cardinalis
1444 4721 1457 4756 :
1490 4704 1584 4773 qui
1614 4705 1766 4774 prius
1865 4702 1931 4755 a.l
1956 4700 2360 4769 exstirpandam
2383 4700 2450 4755 de
2478 4715 2610 4770 agro
2632 4696 2916 4753 Dominico
2948 4695 3215 4749 zizaniam
3247 4691 3451 4746 sollici-

198 4786 285 4841 fuit
302 4788 448 4858 prior
474 4788 801 4845 monasterii
826 4786 1202 4845 Cluniacensis
1248 4791 1458 4848 ordinis
1499 4793 1555 4850 8.
1590 4795 1763 4851 Bene-
1863 4793 1973 4849 tius
2025 4791 2271 4862 invigilet
2321 4791 2694 4860 attentiusQuc
2737 4788 2941 4843 ferveat
2988 4794 3228 4857 paternae
3292 4781 3449 4835 vobis

196 4878 324 4946 dicti,
342 4889 396 4935 et
421 4882 521 4952 qui
552 4889 681 4951 post
709 4880 996 4937 decessum
1030 4881 1323 4937 Alexandri
1348 4882 1391 4936 ll
1448 4886 1762 4957 Apostoliea
1862 4883 2265 4940 exhortationis
2303 4883 2469 4937 verba
2510 4880 2897 4952 impendimus.
2941 4877 3052 4933 Vos
3082 4878 3285 4945 itaque,
3316 4872 3454 4928 dile-
3502 4872 3513 4891 ⁷

197 4978 267 5024 est
295 4972 553 5044 dignitate
582 4973 870 5045 przeditus.
901 4971 967 5026 Et
991 4974 1121 5043 quia
1149 4974 1354 5045 placuit
1381 4976 1485 5032 sibi
1524 4987 1582 5033 ut
1616 4980 1768 5036 ﬁeret
1865 4976 2120 5043 ctissimi,
2147 4975 2203 5029 in
2227 4981 2494 5046 quantum
2516 4966 2851 5047 possibilitas
2872 4969 3167 5041 permittet,
3194 4967 3362 5019 vitam
3390 4963 3456 5015 il-

198 5062 421 5120 del‘ensor
446 5080 631 5121 causa
672 5064 915 5131 Christi,
948 5063 1127 5122 factus
1168 5074 1253 5122 est
1287 5076 1477 5136 postea
1513 5070 1765 5128 Vicarius
1865 5070 1973 5124 lius
2005 5076 2293 5139 sequentes
2316 5108 2331 5131 ,
2376 5072 2431 5119 et
2470 5079 2597 5119 vere
2627 5062 2770 5117 tllios
2792 5062 2914 5131 ejus
2936 5068 2991 5116 et
3020 5058 3262 5114 hmredes
3288 5054 3479 5109 simili

198 5153 413 5223 ejusdem
446 5154 684 5223 Christi,
709 5156 820 5212 hoc
857 5165 942 5212 est
979 5156 1142 5229 Papa,
1179 5166 1238 5213 et
1266 5169 1492 5217 vocatus
1522 5171 1603 5219 est
1626 5162 1762 5219 Gre-
1864 5176 1963 5216 vos
1977 5156 2391 5215 conversatione
2404 5157 2719 5225 probantes,
2741 5154 2974 5208 viriliter
2991 5150 3132 5222 agite
3153 5157 3209 5202 et
3229 5144 3455 5203 confor-

200 5247 343 5274 αισι-ξαν
374 5247 465 5266 Ἦν..
529 5247 636 5274 n..:
688 5248 815 5274 ...ο-ι.
855 5257 989 5274 ιιι-..ιιι
1021 5251 1310 5274 ---Δι....12..
1373 5252 1510 5274 1.-..-
1549 5262 1663 5274 ---ιι
1711 5271 1721 5273 μ

1870 5252 2054 5274 .-μεμε
2088 5250 2137 5272 ε..
2170 5247 2396 5272 ,ια-⁸2..-
2429 5255 2477 5270 ..Δ
2500 5247 2551 5270 :-
2576 5245 2811 5270 ..-ΔΑ-ιε-
2849 5242 3067 5268 --ξμΔ--Δξο-
3101 5240 3212 5266 ηε..-
3272 5237 3419 5264 “Ana-

1866 5252 2054 5274 .-μεμε
2088 5250 2137 5272 ε..
2170 5248 2396 5272 τμη-Λ..-
2429 5255 2477 5270 ..Δ
2500 5248 2551 5270 2..
2576 5254 2735 5270 μ-.--

1373 5252 1510 5274 1.-..-
1549 5262 1663 5274 ---ιι
1711 5271 1721 5273 μ

688 5248 815 5274 4....-
855 5257 989 5274 ιιι-..ιιι
1021 5251 1310 5274 ---Δι....ιε..
