3986 5386
517 331 578 389 51
1709 322 1767 380 S.
1804 320 2090 379 GREGOR

2191 325 2204 377 ἱ
2236 322 2327 378 Vll
2364 322 2563 377 PAPA.
3703 316 3777 371 δὲ

519 451 749 518 ponunt,
791 455 944 498 more
980 437 1222 517 praedicti
1275 434 1452 490 Patris
1515 431 1682 489 vestri
1719 431 2005 500 suscipite,
2036 438 2092 486 et
2118 435 2165 491 Α
2193 429 2391 485 Sancto
2430 430 2737 486 Fundatore
2781 430 3026 499 ﬂorebat,
3070 431 3137 507 in
3167 430 3543 502 expugnandis
3588 427 3775 487 Simo-

515 516 584 594 de
616 538 695 593 iis
735 549 856 604 qua:
886 533 957 589 ad
1008 516 1242 589 salutem
1283 541 1474 583 eorum
1521 524 1792 596 pertinere
1843 525 2095 581 videntur

517 627 723 686 sanctis
771 622 1246 681 exhortationibus
1302 618 1593 685 instruite;
1647 623 1709 671 ut
1759 630 1869 670 non
1915 617 2091 671 solum

514 728 717 785 vestra,
757 717 852 773 sed
885 726 939 771 et
975 730 1071 769 vos
1112 712 1455 783 sequentium
1490 708 1866 778 circumpositi
1910 708 2093 778 populi

515 810 929 866 considerantes
969 813 1157 862 sancta
1191 820 1380 874 opera,
1412 804 1713 874 gloriﬁcent
1748 804 1965 857 Patrem
1998 816 2092 856 ve-

515 910 691 959 strum
721 900 816 968 qui
849 899 907 952 in
934 897 1089 952 caelis
1116 904 1218 952 est.
1261 894 1373 950 Nos
1412 904 1594 951 autem
1641 896 1820 971 ipsum
1848 907 2093 951 amorem

514 1005 674 1062 quem
700 988 849 1044 Patri
869 996 1052 1044 vestro
1077 996 1132 1042 et
1158 987 1313 1042 vobis
1352 987 1481 1041 olim
1512 987 1898 1057 impendimus,
1920 986 2094 1041 donec

514 1089 734 1136 nostros
770 1080 996 1149 spiritus
1027 1079 1228 1133 rexerit
1264 1086 1418 1134 artus
1440 1119 1454 1143 ,
1507 1079 1765 1134 exhibere
1815 1077 2093 1133 desidera-

514 1186 674 1238 mus;
704 1178 759 1225 et
788 1178 939 1225 tanto
969 1170 1186 1239 quidem
1212 1169 1468 1239 deinceps
1492 1170 1689 1240 majori
1712 1184 1812 1225 vos
1830 1167 2094 1224 charitate

513 1260 839 1327 fovebimus,
867 1268 1073 1330 quanto
1110 1275 1209 1315 vos
1257 1260 1313 1315 in
1356 1260 1555 1317 divinis
1600 1262 1833 1333 negotiis
1876 1260 2092 1315 ferven-

515 1352 681 1406 tiores
713 1366 836 1406 esse
884 1351 1275 1421 probabimus;
1317 1352 1518 1422 quibus
1558 1368 1670 1407 non
1708 1353 1884 1409 solum
1929 1351 2091 1422 spiri-

513 1442 679 1508 tuale,
714 1442 808 1497 sed
835 1449 890 1497 et
928 1443 1210 1510 sreculare,
1256 1442 1304 1498 si
1339 1456 1560 1501 necesse
1596 1443 1779 1511 fuerit,
1805 1444 2090 1512 auxilium,

512 1531 626 1588 Deo
651 1533 963 1602 adiuvante,
997 1533 1452 1590 ministrabimus.
1495 1533 1606 1591 Vos
1640 1536 1807 1607 igitur
1837 1535 2090 1605 omnipo-

512 1632 712 1679 tentem
738 1623 1031 1680 Dominum
1052 1634 1275 1681 exorate
1301 1632 1360 1680 ut
1391 1626 1507 1697 ipse
1534 1628 1678 1683 vires
1706 1635 1761 1683 et
1806 1625 2092 1683 facultates

512 1715 671 1770 nobis
707 1715 928 1784 tribuat,
953 1725 1223 1786 quatenus
1253 1717 1490 1789 suscepti
1520 1718 1803 1789 regiminis
1832 1718 2092 1788 importa-

511 1806 619 1861 bile
642 1807 858 1875 pondus
879 1807 1160 1877 possimus
1184 1808 1435 1876 tolerare,
1457 1817 1512 1864 et
1538 1817 1784 1865 sanctam
1806 1809 2090 1865 ecclesiam

511 1897 567 1953 in
596 1905 798 1952 statum
827 1899 1067 1969 antiqua:
1091 1898 1371 1970 religionis
1405 1900 1684 1957 reducere.
1716 1899 1922 1956 Valete.
1960 1919 1981 1953 ι

578 1989 667 2043 50.
707 1986 854 2045 Obiit
887 1988 945 2045 8.
974 1988 1213 2047 Joannes
1239 1991 1519 2048 Gualberti
1550 1992 1618 2047 12
1652 1990 1802 2061 Julii,
1834 1992 1954 2063 ipso
1979 2007 2091 2063 quo

509 2079 753 2153 pontifex
783 2081 1078 2153 Gregorius
1105 2081 1285 2137 fuerat
1313 2098 1459 2138 anno
1495 2083 1655 2151 1072,
1685 2085 1875 2155 paucis
1898 2084 2091 2140 diebus

509 2179 635 2243 post
653 2173 1013 2244 episcopalem
1044 2189 1139 2231 seu
1178 2174 1546 2244 pontiﬁcalem
1574 2175 1692 2245 ejus
1724 2184 2091 2231 consecratio-

509 2280 657 2331 nem,
687 2263 906 2331 factam,
938 2265 1081 2321 sicut
1106 2264 1248 2321 infra
1276 2267 1655 2333 ostendemus,
1691 2267 1781 2322 die
1805 2265 1875 2322 50
1896 2265 2088 2335 Junii;

509 2354 647 2435 adeo
679 2364 737 2410 ut
766 2356 882 2413 haec
909 2355 1072 2412 fuerit
1099 2373 1207 2412 una
1227 2373 1294 2413 ex
1318 2357 1511 2428 primis
1533 2357 1801 2430 Gregorii,
1829 2358 1944 2429 jam
1973 2359 2092 2430 cpia

509 2463 736 2517 scopum
771 2463 829 2503 se
868 2449 1178 2514 scribentis,
1223 2449 1487 2520 epistolis.
1525 2447 1677 2508 Hane
1717 2459 1902 2507 autem
1930 2452 2091 2508 nobis

509 2540 999 2610 suggessiLsancti
1021 2539 1349 2596 Fundatoris
1384 2539 1526 2610 Vita,
1565 2558 1731 2613 quam
1757 2559 1825 2599 ex
1856 2560 1961 2600 ms.
1994 2560 2088 2601 ec-

508 2631 717 2702 grapho
744 2630 1053 2701 Ripolensis
1076 2647 1245 2702 prope
1272 2631 1609 2688 Florentiam
1643 2634 1909 2704 Abbatiaa,
1945 2636 2089 2707 apud

512 2719 892 2777 Reverendiss.
917 2722 1182 2778 Abbatem
1207 2722 1508 2779 Ascanium
1531 2723 1928 2782 Tamburinum
1962 2727 2089 2783 Flo-

509 2813 698 2868 rentia:
726 2822 1025 2880 asscrvato,
1078 2814 1346 2873 habemus
1386 2815 1652 2873 beneﬁcio
1701 2818 1981 2874 illustriss.
2020 2818 2084 2874 D.

506 2901 786 2960 Francisci
820 2904 994 2959 Redii.
1032 2904 1165 2960 Vitae
1198 2905 1344 2963 illius
1385 2906 1591 2963 Auctor
1620 2908 1695 2964 ita
1724 2908 1792 2964 de
1815 2908 1995 2979 seipse
2028 2910 2088 2965 in

506 2992 741 3066 Prologo
763 2996 1005 3066 loquitur
1040 3015 1053 3051 :
1084 3016 1103 3049 ι
1134 2996 1380 3069 Rogante
1424 2997 1744 3055 Reverendo
1772 2999 1828 3055 in
1863 2997 2087 3056 Christo

505 3084 666 3141 Patre
702 3086 765 3141 D.
812 3086 1211 3144 Bartholomreo
1253 3089 1463 3145 Abbate
1504 3092 1826 3147 monasterii
1865 3090 1923 3148 8.
1950 3092 2088 3149 Bar-

506 3178 783 3234 tholomtei
806 3180 874 3235 de
908 3179 1160 3248 Fossato,
1187 3179 1407 3237 Ordinis
1438 3180 1834 3240 Vallumbrosaz
1861 3193 1917 3240 et
1942 3186 2086 3242 dioe-

505 3268 648 3324 cesis
678 3269 969 3326 Janucnsis
990 3290 1004 3338 ;
1028 3286 1130 3342 ego
1172 3272 1236 3325 D.
1284 3273 1548 3327 Andraaas
1575 3275 1643 3328 de
1677 3273 1734 3328 S.
1770 3274 2086 3341 Ambrosio,

506 3359 726 3417 natione
749 3359 883 3414 civis
904 3358 1215 3427 Januensis,
1240 3370 1297 3416 et
1325 3362 1547 3419 humilis
1577 3362 1738 3419 Prior
1768 3366 2089 3421 monasterii

508 3447 567 3504 S.
606 3449 845 3506 Matthazi
897 3452 1151 3508 dimeesis
1199 3452 1512 3523 Januensis,
1561 3455 1782 3513 Ordinis
1827 3455 1885 3511 S.
1914 3456 2088 3513 Bene-

504 3542 659 3597 dicti.
704 3583 716 3598 .
762 3583 775 3597 .
818 3543 1156 3601 novissimus
1179 3553 1234 3600 et
1273 3546 1519 3602 tantillus
1550 3546 1692 3602 inter
1720 3555 1902 3603 tantos
1935 3548 2088 3618 ejus-

506 3633 632 3689 dem
686 3632 746 3689 B.
796 3633 1023 3692 Joannis
1056 3636 1374 3709 discipulos,
1401 3638 1495 3708 qui
1519 3638 1638 3709 ejus
1661 3646 1835 3711 gesta,
1862 3639 2091 3695 virtutes

505 3733 563 3780 et
615 3725 771 3796 signa
824 3726 1186 3797 descripscre,
1242 3729 1529 3801 aggrediar
1584 3731 1643 3786 in
1694 3731 1917 3785 nomine
1977 3730 2089 3785 Do-

508 3815 667 3882 mini,
692 3856 706 3869 .
747 3856 761 3871 .
801 3856 816 3872 .
861 3857 875 3872 .
944 3816 1214 3875 fabricare
1268 3820 1492 3876 unicum
1555 3837 1695 3893 opus
1757 3823 1825 3877 de
1872 3823 2092 3892 scriptis

507 3906 782 3962 dictorum
824 3908 1241 3980 discipulorum,
1298 3928 1365 3968 ac
1409 3912 1573 3968 etiam
1621 3913 1688 3968 de
1739 3914 1860 3970 aliis
1923 3916 2091 3985 gestis

508 3997 752 4067 ejusdem
788 3998 848 4053 B.
873 3998 1099 4055 Joannis
1124 4002 1328 4059 habitis
1352 4019 1420 4059 ex
1441 4004 1700 4059 archiviis
1724 4004 1948 4074 majoris
1972 4020 2092 4058 mo-

509 4090 735 4144 nasterii
796 4088 1258 4161 Vallisumbrosae,
1327 4095 1463 4150 mihi
1530 4095 1744 4151 traditis
1805 4094 2095 4152 Florentiae

507 4192 655 4232 anno
690 4178 906 4235 Domini
958 4183 1096 4239 1119
1122 4185 1188 4239 de
1219 4201 1406 4243 mense
1432 4186 1796 4258 Septembris;
1827 4203 1893 4243 ac
1926 4188 2093 4244 etiam

508 4284 576 4323 cx
607 4269 728 4328 aliis
762 4273 949 4343 gestis,
996 4276 1195 4332 habitis
1230 4293 1296 4333 ex
1332 4279 1553 4335 scriniis
1589 4278 1719 4334 dicti
1775 4280 2094 4336 monasterii

513 4360 571 4415 S.
599 4360 981 4421 Bartholonnei
1012 4366 1079 4422 de
1113 4366 1365 4425 FosSato.
1396 4410 1421 4425 η.
1462 4411 1479 4425 .
1520 4411 1538 4426 .
1580 4369 1686 4425 Sed
1709 4377 1771 4425 ut
1792 4371 2092 4426 dubitatio-

512 4543 712 4611 scribo,
762 4547 962 4615 quibus
992 4549 1126 4603 mihi
1174 4550 1289 4606 hanc
1329 4552 1646 4608 auctoribus
1680 4552 1789 4606 sint
1814 4562 2090 4623 comperta

512 4633 764 4702 superius
789 4630 1133 4695 manifesta'vi
1174 4642 1228 4695 et
1269 4641 1465 4697 iterum
1510 4640 1820 4709 manifesto,
1851 4645 1979 4713 quia
2021 4660 2091 4699 ex

512 4723 731 4793 scriptis
760 4726 1148 4797 discipulorum
1180 4748 1430 4801 suorum,
1458 4749 1693 4804 quorum
1717 4736 1938 4790 nomina
1962 4744 2091 4792 sunt

460 4866 473 4878 ,
513 4815 630 4872 ι]ωο
662 4834 675 4869 :
708 4814 773 4871 D.
817 4817 974 4886 Acto,
998 4822 1094 4890 qui
1118 4823 1221 4878 fuit
1268 4823 1618 4881 Pistoriensis
1658 4824 1993 4896 Episcopus;
2036 4836 2092 4884 et

514 4905 577 4963 D.
624 4904 889 4977 Andreas,
923 4912 1016 4981 qui
1048 4899 1152 4966 fuit
1192 4915 1375 4972 Abbas
1408 4917 1729 4973 monasterii
1782 4916 1840 4971 8.
1888 4916 2091 4975 Fidelis

513 4994 854 5054 Strumensis
884 5002 1127 5058 eiusdem
1167 5003 1385 5058 Ordinis
1424 5006 1887 5058 Vallisumhrnsaz.
1925 5027 1943 5058 ι

2194 523 2387 589 niacis,
2418 521 2479 576 Β.
2514 521 2719 577 Arialdi
2759 522 3010 596 Martyris
3038 523 3183 594 apud
3218 522 3648 581 Mediolanenses
3673 525 3777 579 ad-

2189 612 2341 683 jutor
2389 613 2585 681 ﬁdelis,
2612 629 2756 670 anno
2796 614 2952 669 1060.
3004 613 3061 670 8.
3101 616 3259 683 Acto,
3290 616 3452 672 sicuti
3474 617 3590 686 jam
3629 616 3775 671 vidi-

2194 720 2318 760 mus
2368 704 2435 759 ad
2463 706 2585 775 ejus
2617 705 2862 761 Natalem
2887 706 2976 761 22.
3009 706 3176 776 hujus
3201 707 3407 763 mensis
3439 707 3587 776 Maii,
3614 723 3775 763 mor-

2195 804 2321 851 tuus
2349 811 2493 851 anno
2522 798 2680 852 1155.
2704 806 2760 852 et
2785 798 2930 853 circa
2961 796 3116 852 1070.
3136 799 3373 870 primum
3411 808 3594 867 natus,
3618 800 3778 862 nulla

2194 889 2404 943 ratione
2432 889 2608 958 potuit
2627 889 2858 944 viventis
2878 891 3053 946 sancti
3074 891 3359 961 discipulis
3387 892 3773 959 adnumerari;

2193 979 2291 1034 sed
2321 995 2419 1035 sua
2449 981 2657 1051 accepit
2679 996 2744 1036 ex
2797 981 2925 1049 illis,
2965 997 3032 1037 ac
3059 983 3383 1038 nominatim
3412 998 3479 1039 ex
3498 981 3561 1038 Β.
3584 982 3776 1039 Theu-

2194 1083 2331 1124 zone
2356 1085 2467 1124 uno
2510 1086 2574 1125 ex
2601 1071 2794 1142 primis
2821 1072 2916 1142 qui
2950 1089 3124 1144 usque
3159 1074 3225 1128 ad
3251 1089 3457 1129 annum
3485 1075 3646 1132 1095.
3685 1076 3778 1133 di-

2193 1159 2336 1215 citur
2355 1163 2525 1218 vitam
2558 1179 2909 1235 propagasse,
2946 1181 3012 1220 ac
3043 1165 3302 1220 nonnulla
3326 1166 3395 1222 de
3418 1164 3539 1221 Vita
3581 1165 3777 1224 Sancti

2192 1253 2362 1321 patris
2384 1254 2672 1311 mandasse
2690 1255 2903 1311 litteris.
2926 1255 3025 1312 llic
3044 1271 3173 1312 vero
3198 1255 3441 1324 The-ssc,
3463 1266 3630 1328 prout
3646 1260 3776 1329 ejus

2192 1344 2354 1399 verba
2394 1346 2696 1417 allegantur
2733 1363 2801 1402 ex
2840 1349 3008 1403 veteri
3051 1349 3393 1405 traductione
3439 1351 3619 1406 italica
3671 1367 3779 1406 an—

2192 1434 2249 1487 ni
2285 1435 2443 1490 l250.
2472 1438 2738 1493 existente
2781 1440 2837 1492 in
2866 1439 3108 1494 archivio
3150 1438 3626 1509 Vallumbrosano,
3657 1458 3775 1499 non

2192 1524 2638 1595 Iiildebrandum,
2668 1530 2763 1585 sed
2790 1530 3109 1601 Gregorium
3126 1522 3469 1587 Cardinalem
3498 1543 3774 1601 nommat,

2191 1618 2280 1673 cui
2323 1634 2412 1675 res
2448 1621 2702 1690 superius
2752 1630 2974 1676 narrata
3020 1623 3337 1678 usuvenerit
3387 1640 3527 1694 :pro
3577 1614 3690 1695 quo
3722 1624 3778 1680 si

2192 1708 2615 1766 liildebrandum
2646 1710 2704 1767 S.
2742 1713 2868 1767 Atto
2891 1714 3194 1781 constituit,
3217 1722 3477 1784 ratusper
3498 1716 3777 1786 anticipa-

2193 1802 2394 1858 tionem
2424 1805 2608 1863 vocari
2646 1803 2991 1875 Gregorium,
3029 1821 3096 1860 ex
3124 1808 3345 1877 propria
3386 1808 3441 1862 id
3470 1807 3597 1861 fecit
3634 1822 3779 1861 con-

2186 1893 2419 1964 jectura,
2447 1910 2620 1965 eaque
2645 1895 2869 1951 minime
2895 1896 3102 1964 solida;
3138 1913 3265 1954 cum
3296 1896 3594 1968 Gregorius
3621 1896 3779 1966 Papa

2193 1985 2509 2055 proﬁteatur
2548 1986 2693 2056 quod
2720 1995 2968 2042 sanctum
2996 2008 3015 2039 ι
3039 1989 3317 2058 corporeis
3340 1989 3517 2044 oculis
3543 2005 3653 2044 non
3682 1991 3779 2043 vi-

2190 2078 2331 2133 derit
2357 2097 2375 2129 )
2422 2094 2704 2149 umquam.
2744 2078 3060 2150 Alpbonsus
3089 2080 3312 2150 quidem
3334 2079 3682 2148 Ciaecenius,
3712 2082 3778 2137 in

2192 2168 2328 2225 Vitis
2341 2169 2668 2227 Pontiﬁcum
2701 2178 2756 2248 et
2787 2170 3178 2239 Cardinalium,
3206 2172 3435 2243 ejusque
3461 2174 3781 2244 recognito—

2191 2276 2279 2316 res
2305 2261 2831 2334 ampliﬁcatoresque
2871 2262 3216 2332 Victorellus,
3262 2263 3544 2335 Ughellus,
3580 2264 3781 2320 Oldoi-

2190 2366 2315 2418 nus,
2341 2368 2441 2422 pro
2464 2368 2613 2409 anno
2643 2354 2800 2422 1063,
2838 2355 2894 2409 in
2936 2352 3109 2426 quem
3137 2356 3418 2412 incidisset
3440 2371 3778 2428 congressus

2189 2442 2291 2498 iste
2319 2459 2444 2499 cum
2475 2443 2533 2500 S.
2564 2444 2795 2514 Joanne,
2814 2447 3025 2502 nullum
3043 2447 3200 2504 nobis
3220 2448 3481 2503 exhibent
3501 2447 3777 2504 Cardina-

2189 2534 2294 2589 lem
2306 2535 2646 2607 Gregorium.
2681 2535 2786 2593 Sed
2796 2554 2922 2593 cum
2940 2547 3150 2594 certum
3162 2540 3233 2595 sit
3242 2539 3446 2595 multos
3471 2541 3541 2595 ab
3560 2540 3630 2595 iis
3650 2554 3779 2595 me-

2187 2627 2280 2684 dio
2321 2628 2428 2686 isto
2457 2644 2573 2685 aevo
2606 2630 3025 2698 praetermissos,
3060 2645 3300 2701 quorum
3347 2631 3605 2693 notitiam
3652 2646 3773 2687 non

2187 2723 2412 2781 fuerunt
2456 2722 2715 2789 assecuti,
2757 2722 2906 2792 quod
2960 2722 3046 2777 vel
3095 2722 3211 2778 sola
3265 2723 3772 2793 supplementorum

2187 2816 2480 2873 identidem
2524 2814 2909 2885 adjunctorum
2948 2813 3106 2883 copia
3156 2813 3382 2883 probat;
3423 2814 3561 2871 nihil
3608 2814 3778 2871 obest

2186 2924 2297 2979 quo
2320 2908 2504 2963 minus
2525 2906 2850 2979 cogitemus,
2880 2906 2985 2961 sub
3019 2904 3328 2962 Alexandro
3358 2905 3503 2976 Papa
3533 2904 3598 2960 II.
3627 2906 3776 2961 inter

2186 3000 2502 3056 Cardinales
2518 3014 2707 3057 revera
2729 2997 2901 3054 fuisse
2915 2998 3236 3070 Gregorium
3258 2999 3517 3069 aliquem,
3533 2999 3773 3054 necdum

2116 3110 2158 3168 ο
2189 3091 2406 3147 aliunde
2434 3098 2627 3147 notum
2657 3109 2670 3146 :
2693 3090 2840 3161 quod
2853 3098 3075 3146 centum
3093 3100 3219 3161 post
3242 3091 3403 3148 anuis
3428 3106 3540 3146 non
3559 3091 3777 3147 discer-

2188 3199 2325 3239 nens
2347 3181 2404 3237 8.
2442 3182 2572 3239 Αιιο
2602 3182 2743 3255 male
2785 3183 3137 3253 supposuerit
3180 3181 3608 3238 Hildebrandum
3631 3181 3775 3238 Car-

2187 3274 2445 3340 dinalem,
2479 3275 2688 3329 dictum
2719 3275 2775 3329 in
2803 3273 3128 3329 Pontiﬁcatu
3155 3273 3498 3345 Gregorium.

2256 3452 2345 3508 52.
2366 3450 2587 3527 Interim
2599 3450 2944 3509 manifestam
2968 3450 3453 3509 contradictionem
3471 3449 3776 3509 verborum

2186 3542 2403 3599 Attonis
2435 3552 2490 3599 ct
2522 3542 2785 3599 Locatelli
2819 3560 2948 3600 cum
2979 3544 3267 3615 ipsiusmet
3288 3543 3540 3615 Gregorii
3585 3558 3777 3600 assere

2189 3634 2337 3690 tione
2360 3650 2665 3706 agnoscens
2689 3634 2925 3704 Didacus
2936 3636 3003 3691 de
3016 3635 3302 3701 Franchis,
3326 3633 3636 3704 Ripoiensis
3654 3634 3770 3699 Ab-

2188 3726 2327 3793 bas,
2375 3727 2431 3781 in
2483 3725 2720 3782 Historia
2777 3727 2837 3782 8.
2907 3724 3137 3783 Joannis
3194 3725 3470 3782 Gualberti
3518 3725 3623 3781 sub
3662 3740 3772 3780 an-

2190 3832 2323 3872 num
2371 3817 2531 3873 1658.
2582 3817 2738 3874 libris
2780 3818 3069 3875 duodecim
3115 3816 3300 3874 ltalice
3338 3817 3591 3888 vulgata;
3636 3817 3793 3874 alibi.

2191 3908 2433 3979 quidem,
2482 3910 2684 3965 notatis
2718 3910 2787 3965 ad
2832 3917 3127 3981 utrumque
3168 3909 3470 3980 marginem
3514 3917 3785 3968 accurate.

2190 4000 2325 4057 locis
2349 4001 2639 4071 verbisque
2653 4001 2976 4069 Auctorum,
3006 4001 3167 4058 ﬁdem
3188 4016 3343 4057 suam
3357 4000 3584 4067 liberat;
3618 4000 3675 4054 in
3701 4000 3762 4055 li-

2191 4092 2292 4147 bro
2314 4100 2498 4149 autem
2517 4093 2828 4161 undecimo,
2853 4093 3455 4164 tractanspraecitatum
3476 4106 3758 4163 argumen-

2193 4187 2330 4251 tum,
2352 4192 2407 4239 et
2432 4184 2489 4239 in
2507 4185 2716 4240 extimo
2743 4185 2992 4257 margine
3012 4185 3381 4241 adnumeratus
3399 4181 3585 4239 Italica
3600 4184 3768 4247 verba

2194 4274 2523 4343 Theuzonis,
2560 4276 2654 4332 ubi
2689 4276 2937 4348 Gregorii
2988 4277 3287 4344 meminit;
3311 4277 3368 4331 in
3411 4276 3607 4341 altero,-
3659 4273 3758 4331 La-

2192 4368 2307 4422 tina
2334 4367 2497 4423 verba
2522 4367 2851 4437 Lectionum,
2866 4369 3215 4439 propriarum
3246 4382 3392 4423 anno
3419 4366 3575 4423 1624.
3592 4365 3751 4421 edita

388 4458 405 4469 “
510 4452 598 4508 nis
646 4455 991 4511 occasionem
1043 4458 1383 4527 subtraham,
1430 4477 1527 4531 per
1575 4461 1789 4531 singula
1825 4477 1948 4532 qua:
1994 4462 2092 4519 de~
2123 4449 2168 4503 Ι)
2193 4474 2315 4513 rum
2381 4459 2438 4513 in
2483 4459 2684 4531 quibus
2745 4459 3097 4518 Hildebrandi
3146 4474 3348 4517 nomen
3404 4460 3766 4532 exprimitur;

2188 4552 2389 4607 omittit
2409 4552 2593 4608 omnia
2617 4540 2686 4608 ex
2725 4555 2928 4625 quibus
2970 4554 3196 4626 intelligi
3219 4563 3406 4625 posset
3452 4556 3509 4612 in
3533 4570 3752 4626 conspe-
3792 4608 3795 4609 ν

2184 4650 2333 4698 ctum
2365 4644 2548 4701 Sancti
2569 4660 2756 4702 revera
2782 4646 3189 4719 objurgatorem
3214 4649 3646 4718 praemeditatum
3668 4663 3753 4704 ve-

2187 4738 2354 4793 nisse.
2378 4737 2713 4810 lmaginatur
2734 4748 2919 4795 autem
2944 4740 3051 4796 sibi
3070 4740 3280 4796 Auctor
3308 4741 3433 4808 iste,
3468 4741 3618 4812 quod
3641 4755 3742 4796 car

2187 4830 2355 4884 diuali
2388 4830 2751 4901 prmordinata
2782 4832 2949 4886 verba
2973 4832 3234 4888 recolenti
3249 4834 3501 4903 privatim
3517 4832 3662 4903 apud
3680 4847 3763 4898 se,

2185 4935 2377 4976 eorum
2399 4922 2663 4978 exciderit
2685 4923 2980 4991 memoria;
3020 4931 3211 4994 postea
3236 4940 3377 4981 vero
3397 4927 3648 4981 eumdem
3668 4936 3748 4996 pe

2186 5013 2285 5058 lim
2346 5014 2586 5058 nllnmlin
2634 5013 2954 5058 frustratum
3016 5030 3139 5058 paen
3210 5032 3278 5058 nn
3337 5020 3485 5058 nunc!
3529 5018 3763 5058 Rana-ene
