3986 5386
173 314 241 368 33
1135 315 1666 378 PROLEGOMENA.
1702 348 1774 357 ——
1811 317 1996 376 ACTA
2033 322 2089 379 S.
2133 324 2483 382 GREGOR".
3367 342 3436 400 54

180 423 373 478 amicos
392 421 730 479 carissimos
753 431 808 478 et
825 423 1075 479 utcrinos
1093 425 1229 480 solet
1249 441 1372 480 esse
1390 443 1698 497 germanos.
1742 449 1760 480 ι
1799 436 1840 490 Α
1867 432 2075 502 absque
2117 436 2389 504 ejusmodi
2428 438 2588 494 titulo
2639 442 2912 512 appellare
2955 445 3186 513 malunt,
3224 461 3446 522 propter

245 516 331 570 53.
367 513 550 569 Habes
585 515 798 571 fontem
820 516 1118 583 filiationis,
1151 533 1182 571 a
1218 516 1494 573 Locatcllo
1519 520 1758 589 primum

184 607 484 676 excogitata:
522 607 723 676 gratis,
770 623 802 661 a
840 607 1121 662 Petraccio
1168 610 1340 680 magis
1382 611 1545 665 etiam
1590 615 1760 682 gratis

186 700 255 753 sic
291 705 546 766 acceptae,
585 706 644 752 et
696 699 754 752 in
798 698 1083 754 Lectiones
1116 699 1485 773 Martyrologii
1535 705 1757 758 matuti-

185 788 520 860 uiqaeoflicii
570 789 835 855 inducta,
880 791 1038 860 quasi
1069 809 1088 842 ι
1125 790 1636 849 Vallumhrosanum
1675 796 1760 850 in-

186 882 416 938 stitutum
438 881 656 950 pridem
682 882 966 951 amplexus
994 901 1012 932 ι
1047 885 1311 939 tenuisset
1333 885 1754 946 Hildebrandus.

185 972 338 1039 Quam
355 981 540 1028 autem
559 972 839 1043 «pridem?
858 991 877 1024 ι
899 973 1038 1028 Audi
1053 975 1248 1030 iterum
1270 976 1583 1036 Lectiones:
1615 982 1759 1038 «Mo-

185 1065 431 1122 nasticam
466 1073 637 1120 Vitam
681 1065 985 1134 professus,
1032 1068 1343 1123 coenobium
1387 1069 1443 1124 S.
1482 1070 1757 1130 Benedicti

185 1159 231 1210 in
255 1155 427 1224 patria
455 1171 559 1210 sua
587 1157 837 1210 extruxit
863 1158 964 1211 sub
996 1158 1248 1213 instituto
1273 1159 1751 1233 Vallumhrosano,

183 1247 311 1317 quod
347 1247 564 1316 pridem
603 1248 894 1317 amplexus
930 1247 1127 1315 fuerat,
1169 1251 1365 1308 deinde
1397 1254 1672 1323 profectus
1699 1260 1753 1314 in

184 1338 394 1393 Galliam
440 1339 498 1392 in
559 1340 900 1395 monasterio
962 1339 1310 1398 Cluniacensi
1375 1350 1747 1414 permansit.»

183 1430 354 1485 Roma:
390 1445 528 1502 ergo
553 1472 568 1496 ,
617 1432 802 1486 adhuc
854 1440 1014 1488 totus
1045 1433 1265 1503 juvenis
1317 1451 1382 1491 ac
1411 1453 1549 1507 pene
1595 1457 1749 1511 puer,

182 1521 686 1578 Vallumbrosanum
702 1523 1016 1580 institutum
1033 1527 1316 1597 amplexus
1328 1538 1414 1584 est
1433 1529 1753 1588 Hildehran-

177 1616 266 1670 dus
288 1655 304 1678 ,
334 1623 468 1669 ante
488 1631 704 1669 annum
737 1615 877 1670 1046
902 1656 918 1682 ,
966 1617 1014 1672 si
1048 1618 1329 1688 amplexus
1361 1629 1446 1676 est
1487 1639 1746 1694 unquam.

176 1707 324 1777 Atqui
360 1707 577 1761 nullum
607 1705 1052 1770 Vallumbrosani
1076 1709 1312 1766 instituti
1352 1717 1749 1772 monasterium

174 1812 230 1852 eo
249 1798 436 1854 seculo
467 1797 642 1854 Roma
660 1799 884 1856 habuit:
907 1801 1054 1870 quod
1088 1809 1272 1858 autem
1294 1820 1442 1860 nunc
1467 1808 1630 1864 habet
1649 1811 1754 1866 sub

175 1889 313 1944 titulo
330 1887 390 1944 S.
409 1889 698 1957 Praxedis,
721 1891 960 1961 primum
976 1890 1489 1951 Vallumbrosanum
1511 1913 1633 1954 esse
1642 1916 1756 1957 cm-

172 1979 239 2047 pit
246 1980 390 2035 circa
401 1996 610 2036 annum
630 1982 652 2035 l
666 1983 692 2036 1
703 1982 793 2049 70,
809 1983 854 2039 si
867 1992 1009 2039 recte
1020 1992 1232 2054 tempus
1243 1987 1753 2061 quadringintorum

171 2085 426 2128 annorum
448 2073 715 2130 subduxit
736 2073 1052 2146 Onuphrius
1068 2075 1383 2146 Panvinius,
1409 2081 1464 2135 in
1481 2082 1663 2139 libello
1685 2087 1753 2142 de

171 2165 446 2234 precipuis
489 2165 660 2223 Urbis
708 2169 958 2229 ecclesiis
995 2171 1141 2225 edito
1187 2171 1292 2227 sub
1331 2187 1537 2231 annum
1589 2177 1748 2231 i570.

171 2253 235 2310 De
267 2259 610 2314 monasterio
639 2258 912 2315 Soanensi
947 2262 1115 2331 (quod
1141 2278 1172 2317 a
1199 2272 1314 2318 tam
1339 2265 1540 2335 juvene
1554 2265 1753 2325 funda-

171 2356 269 2401 tum
295 2346 473 2403 fuisse
502 2365 666 2405 nemo
684 2353 982 2421 prudenter
1000 2355 1312 2426 crediderit)
1333 2373 1500 2427 agens
1519 2363 1749 2429 praelau-

169 2438 310 2492 datus
338 2437 585 2496 Didacus
611 2442 683 2497 de
721 2442 988 2500 Franchis
1015 2446 1108 2500 lib.
1164 2447 1216 2500 8.
1251 2463 1373 2518 pag.
1404 2449 1531 2505 254.
1559 2454 1627 2508 ad
1652 2471 1748 2510 ex-

171 2537 378 2584 tremam
421 2531 659 2588 Joannis
697 2541 914 2590 aetatem
962 2535 1127 2592 refert
1166 2541 1591 2610 acquisitionem
1642 2547 1746 2602 loci

172 2621 454 2676 suburbani
501 2623 571 2678 de
619 2624 866 2681 Calvello
913 2627 1064 2694 dicti,
1115 2645 1279 2699 quem
1314 2633 1556 2689 eremitaz
1586 2637 1744 2704 pauci

173 2719 282 2766 tunc
302 2714 667 2784 habitabant;
693 2726 750 2772 et
786 2719 880 2772 ubi
917 2720 1179 2776 aedificata
1220 2723 1483 2791 paulatim
1513 2725 1743 2782 Abbatia

171 2806 425 2873 pradicta,
457 2823 609 2864 anno
643 2809 881 2880 denique
908 2811 1065 2867 M96.
1096 2813 1240 2868 intra
1263 2815 1539 2873 civitatem
1563 2827 1745 2876 trans-

173 2894 372 2964 htaest,
395 2900 642 2957 reductis
670 2903 861 2957 eodem
893 2902 1165 2960 Eremitis.
1199 2904 1336 2961 Cum
1363 2917 1545 2966 autem
1579 2913 1743 2982 hujus

174 2987 258 3043 loci
275 2992 526 3046 meminit
537 2992 801 3060 Didacus,
825 3011 934 3050 non
951 2997 1294 3054 obliviscitur
1314 3011 1576 3059 annotare
1593 3010 1740 3076 quod

1861 524 2162 592 periculum
2189 529 2457 600 ambiguae
2485 531 2899 602 significationis
2930 537 2986 592 in
3015 540 3197 611 vulgo,
3227 543 3443 602 titulum

1860 615 2128 684 ejusmodi
2213 630 2504 690 accepturo
2582 627 2883 683 secundum
2969 632 3142 702 magis
3225 635 3442 693 obviam

1861 708 2301 782 strictioremque
2362 716 2661 771 notionem.
2719 717 2936 775 Interim
2996 739 3092 792 per
3134 725 3279 782 illam
3328 731 3444 784 sin-

1859 812 2040 854 ceram
2063 801 2250 858 Didaci
2273 804 2698 876 confessionem,
2747 825 2857 865 non
2879 813 3058 868 solum
3089 816 3443 890 intelligimus

1859 904 1970 958 quo
2016 908 2181 947 sensu
2225 896 2503 964 pra-tcitata
2533 900 2699 954 verba
2743 905 2940 972 apponi
2982 905 3366 982 Martyrologio
3389 923 3445 970 et

1859 979 1914 1034 in
1943 981 2292 1042 Lectionibus
2333 989 2548 1042 recitari
2590 992 2804 1059 petierit
2845 979 3176 1066 Petraccius,
3201 1012 3256 1056 et
3283 979 3442 1062 sacra

1859 1069 2082 1128 Rituum
2108 1074 2469 1147 Congregatio
2492 1083 2833 1150 approbarit;
2877 1088 2967 1140 sed
3003 1089 3266 1150 habemus
3296 1096 3439 1152 viam

1857 1165 2160 1233 expeditam
2194 1176 2244 1222 et
2270 1171 2613 1244 commodam
2657 1175 2725 1227 ad
2751 1176 3096 1245 explicandas
3122 1183 3462 1246 innumeras‘

1857 1255 2043 1323 tricas,
2066 1259 2225 1314 nobis
2255 1261 2494 1330 objectas
2523 1265 2721 1333 smpius
2759 1268 3066 1340 saepiusque
3105 1275 3439 1346 objiciendas

1856 1345 1926 1400 ab
1951 1347 2019 1402 iis
2038 1349 2133 1416 qui
2155 1350 2341 1406 dolent
2369 1355 2540 1422 quod,
2589 1355 2915 1414 inhaerentes
2942 1345 3304 1423 communiori
3342 1388 3439 1427 vo—

1855 1453 1982 1491 cum
2027 1439 2084 1493 in
2128 1443 2291 1511 vulgo
2321 1453 2710 1514 usurpatarum
2751 1453 3076 1521 acceptioni,
3118 1473 3215 1514 eos
3247 1476 3438 1520 omnes

1857 1527 2086 1586 Sanctos
2114 1547 2221 1586 non
2244 1533 2584 1602 proferamus
2609 1539 2712 1593 sub
2739 1539 2897 1595 titulo
2922 1545 3005 1598 sui
3028 1543 3265 1616 Ordinis,
3298 1568 3439 1622 quos

1853 1618 1930 1676 illi
1953 1637 2300 1692 quacumque
2326 1627 2537 1682 ratione
2579 1630 2968 1688 adscribendos
2991 1635 3236 1705 ipsorum
3263 1618 3438 1713 majo-

1853 1727 1944 1767 res
1966 1714 2406 1784 mstimaverunt;
2443 1735 2694 1790 quosque
2736 1723 2790 1777 in
2832 1727 3068 1795 propriis
3097 1731 3296 1801 cuique
3337 1733 3439 1789 Or-

1857 1803 1972 1858 dini
2035 1804 2236 1862 Oflieiis
2287 1810 2538 1877 privatim
2590 1813 2670 1868 sic
2715 1815 2900 1883 tribui,
2964 1817 3207 1891 indulget
3253 1825 3436 1893 potius

1855 1909 2020 1964 quam
2045 1898 2266 1951 mandat
2287 1898 2548 1956 Ecclesia.
2584 1901 2641 1957 Si
2667 1904 2798 1974 quid
2811 1914 2995 1961 autem
3021 1924 3198 1980 neque
3217 1915 3438 1972 amicis-

1854 1987 2030 2042 simus
2068 1989 2227 2044 nobis
2255 1989 2587 2058 Pctraccius,
2633 2011 2812 2066 neque
2855 1996 3291 2060 Vallumbrosani
3322 2006 3437 2063 Mo-

1853 2078 2035 2145 nachi,
2088 2095 2324 2150 quorum
2383 2083 2620 2154 hospitio
2675 2087 2884 2154 liberali
2938 2107 3039 2146 nos
3091 2095 3243 2150 illum
3305 2115 3436 2154 usos

1852 2169 2229 2241 charitatequc
2267 2174 2503 2229 mirabili
2530 2177 2746 2247 adjutos
2779 2188 3058 2251 gratanter
3100 2189 3434 2258 monuimus,

1851 2276 1962 2316 non
2014 2265 2416 2320 succensehunt
2437 2268 2572 2321 mihi
2605 2271 2734 2338 quia
2760 2287 2916 2328 suam
2957 2284 3194 2332 mentem
3225 2281 3314 2336 hic
3341 2297 3438 2337 ex-

1849 2354 2014 2424 plicui
2046 2373 2059 2408 :
2089 2356 2168 2410 sic
2201 2367 2330 2425 opto
2356 2367 2417 2412 ut
2439 2360 2527 2412 alii
2551 2361 2888 2433 quicumque
2921 2366 3182 2438 Religiosi
3213 2387 3314 2426 nos
3339 2375 3437 2428 ha—

1848 2448 2012 2502 beant
2033 2456 2344 2514 excusatos,
2380 2451 2596 2519 quoties
2630 2454 2840 2524 absque
2895 2460 2978 2512 sui
3025 2458 3245 2517 Ordinis
3279 2465 3435 2519 titulo

1847 2540 2063 2610 agimus
2089 2543 2155 2597 de
2178 2543 2453 2612 aliquibus
2495 2542 2730 2614 Sanctis,
2781 2550 2846 2603 de
2875 2552 3075 2620 quibus
3099 2554 3220 2622 ipsi,
3245 2557 3330 2610 vel
3367 2573 3434 2612 cx

1846 2633 2073 2702 antiquo
2097 2651 2220 2700 usu,
2249 2636 2330 2689 vel
2356 2652 2423 2691 ex
2461 2641 2750 2694 recentiori
2781 2640 3235 2716 Congregationis
3262 2663 3435 2703 sacra:

1846 2722 2074 2791 indulto,
2101 2724 2346 2780 Oflicium
2392 2730 2626 2784 recitant
2652 2740 2912 2802 tanquam
2937 2737 3004 2790 de
3039 2753 3162 2804 suo,
3209 2743 3432 2808 quando

1844 2815 2036 2871 titulus
2073 2817 2175 2872 iste
2219 2819 2378 2872 nobis
2420 2809 2602 2874 minus
2637 2832 2822 2878 certus
2861 2827 3289 2900 exploratusque
3325 2840 3429 2900 est.

1844 2905 2111 2973 Quoniam
2141 2925 2272 2964 vero
2305 2926 2412 2964 non
2441 2920 2525 2965 est
2551 2913 2619 2966 ab
2640 2916 2896 2971 omnibus
2933 2923 3201 2987 speranda
3221 2938 3283 2976 ea
3311 2897 3432 2978 mo.-

1841 3001 2050 3055 deratio
2119 3017 2227 3071 qua
2273 3001 2757 3061 Vallumbrosanos
2806 3006 2993 3064 Patres
3037 3012 3151 3064 hzec
3196 3014 3435 3071 lecturos

179 3099 194 3129 α
223 3080 387 3137 Soana
412 3104 430 3134 ι
471 3084 544 3139 sit
577 3087 794 3155 »μηνίει
820 3085 1012 3142 famosi
1032 3092 1287 3146 monachi
1300 3091 1683 3152 [limem-andi;
1725 3121 1742 3154 ι
1777 3111 1818 3167 C
1851 3092 2207 3158 confidimus,
2263 3095 2550 3149 conveniet
2591 3104 2646 3148 ut
2684 3098 2808 3152 talis
2864 3100 3181 3156 omissionis
3237 3120 3436 3160 causas

173 3172 362 3228 additet
381 3176 737 3232 traditionem
766 3179 1073 3234 incolarum
1095 3197 1218 3236 esse
1266 3183 1416 3252 (nam
1440 3187 1743 3257 scripturas

171 3264 254 3318 sub
276 3280 482 3322 annum
515 3268 678 3333 1550.
717 3270 971 3326 incendio
1011 3273 1146 3328 dicit
1181 3275 1430 3347 periisse)
1457 3280 1601 3347 quod
1643 3297 1744 3336 sua

171 3359 431 3424 praesentia
446 3360 637 3415 locum
670 3362 967 3432 aliquando
993 3363 1248 3433 dignatus
1265 3365 1335 3420 sit
1351 3367 1464 3436 ipse
1490 3368 1546 3422 S.
1577 3369 1737 3426 Joan-

172 3465 251 3504 nes
285 3468 300 3504 :
335 3453 701 3508 etcredemus
721 3454 791 3508 de
819 3453 1106 3510 fundatore
1153 3454 1521 3514 Hildebrando
1544 3462 1618 3515 nil
1666 3464 1744 3518 di—

169 3552 360 3607 cturum
382 3543 582 3612 fuisse,
599 3546 650 3601 si
672 3547 759 3601 vel
779 3547 998 3603 eminus
1018 3548 1299 3618 quidpiam
1327 3550 1744 3610 subolfecisset?

222 3635 306 3690 54.
367 3635 694 3692 Universim
747 3653 900 3704 vero,
951 3640 1098 3709 quod
1144 3641 1212 3694 ad
1263 3640 1586 3712 Gregorium
1633 3644 1742 3700 Pa-

167 3742 270 3794 pam
295 3726 416 3797 ΥΠ.
461 3727 947 3790 Vallumbrosanis
986 3730 1202 3786 Sanctis
1246 3734 1738 3804 adnumerandum,

165 3820 353 3887 attinet,
381 3820 650 3891 praefatus
669 3821 908 3878 Didacus
925 3822 1018 3877 lib.
1045 3824 1098 3878 9.
1117 3839 1240 3895 pag.
1270 3825 1394 3880 295.
1422 3827 1585 3882 aliam
1611 3845 1742 3883 cau-

165 3926 262 3966 sam
298 3928 408 3968 non
444 3913 700 3985 assignat
744 3929 912 3984 quam
953 3933 970 3965 ι
1007 3916 1258 3987 obsequii
1294 3925 1348 3972 et
1371 3919 1738 3989 gratitudinis,

165 4003 275 4073 quia
302 4004 359 4059 S.
389 4003 669 4060 Joannem
723 4005 1079 4061 Gualbertum
1127 4009 1491 4077 canonizavit,
1540 4019 1595 4066 et
1629 4013 1742 4082 pri-

163 4111 294 4151 mum
318 4095 514 4152 Ordini
540 4097 896 4153 Cardinalem
933 4100 1081 4154 dedit
1107 4098 1163 4154 S.
1208 4100 1434 4157 Petrum
1475 4103 1694 4174 lgneum
1723 4124 1735 4158 :

163 4187 333 4242 eodem
359 4189 524 4258 plane
559 4189 732 4245 modo
756 4205 869 4260 quo
899 4189 1045 4246 Ordo
1073 4190 1569 4250 Vallumbrosanus
1606 4211 1740 4250 con-

164 4290 325 4334 servat
352 4281 690 4337 honoratam
730 4284 1055 4338 memoriam
1101 4283 1336 4340 Victoris
1371 4285 1532 4356 Papae
1565 4287 1628 4353 ll,
1663 4288 1741 4342 si-

163 4371 325 4427 milem
352 4373 403 4428 ei
433 4389 609 4444 quam
642 4375 841 4429 retinet
868 4373 1159 4431 Beatorum
1196 4393 1457 4444 suorum;
1491 4393 1598 4433 non
1638 4395 1738 4449 pro

1846 3183 2078 3238 subinde
2109 3183 2457 3250 reticeamus,
2491 3201 2668 3257 neque
2687 3189 2755 3242 ad
2790 3205 2884 3243 eas
2908 3190 3264 3259 profcrendas
3291 3195 3434 3250 invi-

1845 3282 1931 3329 tos
1951 3274 2080 3328 velit
2100 3289 2294 3346 cogere
2317 3277 2612 3347 quisquam
2635 3298 2646 3332 :
2675 3295 2762 3346 ne,
2784 3288 2972 3349 postea
2995 3299 3161 3352 quam
3189 3301 3284 3340 cas
3307 3302 3436 3355 pro-

1845 3365 2151 3432 tulerimus,
2195 3382 2320 3421 sero
2349 3370 2612 3438 paeniteat
2643 3372 3073 3440 importunitatis
3111 3377 3252 3431 male
3295 3395 3434 3433 con-

1843 3456 2019 3522 sultae,
2083 3457 2320 3528 velitque
2369 3475 2490 3514 eam
2553 3462 2912 3530 qumstionem
2974 3482 3254 3536 nunquam
3310 3486 3433 3525 mo-

1843 3556 1954 3602 tam
1975 3557 2168 3604 contra
2190 3565 2292 3605 nos
2308 3550 2502 3606 fuisse.
2536 3549 2718 3606 Unum
2751 3555 3070 3623 addiderim,
3095 3561 3264 3628 quod,
3283 3562 3436 3618 hisce

1838 3639 1953 3710 jam
1981 3641 2046 3694 ad
2074 3641 2300 3709 praalum
2322 3644 2636 3713 postulatis,
2661 3646 3111 3716 veneritcpistola
3136 3649 3292 3706 Dom.
3308 3651 3434 3708 Pla-

1841 3730 1947 3786 cidi
1971 3731 2140 3787 Poltri
2174 3732 2631 3800 Vallumbrosani,
2660 3737 2849 3792 nescio
2884 3739 3014 3808 quid
3053 3755 3207 3797 novae
3236 3744 3435 3812 proba-

1843 3823 2009 3878 tionis
2031 3825 2318 3893 polliccns,
2351 3827 2495 3896 quod
2523 3827 2754 3882 libenter
2776 3829 2831 3881 in
2855 3829 3168 3899 Appendice
3189 3844 3314 3902 post
3327 3835 3435 3890 To~

1842 3932 1994 3970 mum
2019 3916 2049 3968 7
2078 3918 2257 3972 danda
2286 3919 2611 3988 expendam,
2659 3926 2710 3972 et
2736 3929 3005 3989 quatenus
3044 3933 3236 3993 potero
3265 3927 3430 3980 etiam

1842 4023 2089 4078 sequar:
2136 4010 2364 4078 proinde
2411 4011 2557 4064 dicta
2605 4011 2868 4066 hactenus
2915 4015 3256 4083 accipiantur
3291 4017 3428 4072 citra

1842 4100 2216 4170 praejudicium
2281 4102 2602 4168 sententia),
2674 4104 2967 4173 aliquando
3030 4105 3168 4161 forte
3235 4110 3434 4165 melius

1840 4207 2005 4262 quam
2045 4207 2191 4246 nunc
2221 4208 2394 4264 usque
2419 4193 2489 4246 sit
2517 4192 2744 4260 factum,
2773 4196 3209 4265 comprobanda

1846 4303 1872 4376 ᾗ
1920 4303 1991 4376 IV.
2051 4303 2286 4359 Stemma
2329 4303 2516 4378 Sancti
2554 4303 2994 4378 genealogjrum,
3028 4307 3240 4375 ejusque
3283 4309 3430 4362 ordi-

2361 4376 2508 4428 natio
2545 4375 2906 4445 Episcopalis.

163 4464 292 4518 cultu
340 4465 683 4534 sanctitatis,
733 4467 827 4521 sed
875 4482 978 4537 pro
1039 4469 1304 4539 obsequio
1355 4471 1738 4541 gratitudinis;
1775 4475 1816 4529 Ι)
1913 4467 2002 4523 55.
2047 4466 2330 4536 Superiori
2374 4467 2727 4538 Paragrapho
2761 4483 2903 4537 stepe
2928 4468 3062 4522 mihi
3093 4477 3432 4525 memoratus

162 4566 427 4626 propterea
441 4558 597 4627 quod
624 4559 840 4628 primus
867 4559 957 4614 ille
985 4558 1150 4614 fuerit
1171 4561 1265 4630 qui
1315 4562 1526 4616 noviter
1553 4571 1738 4616 natam

162 4645 610 4721 Congegationem
648 4649 982 4720 Apostolicis
1020 4650 1324 4719 Privilegiis
1360 4654 1734 4708 communivit.

165 4740 254 4795 Sed
274 4742 416 4798 hanc
443 4743 620 4813 piam,
647 4743 826 4814 inquit
851 4743 959 4810 ille,
989 4751 1044 4800 et
1068 4744 1355 4800 honestam
1381 4747 1740 4802 consuetudi-

163 4831 326 4887 dinem
349 4849 460 4888 non
485 4835 627 4890 satis
651 4835 929 4906 cognitam
947 4836 1208 4893 habentes
1222 4845 1608 4894 extraneorum
1641 4839 1742 4893 aii-

164 4923 264 4991 qui,
288 4925 424 4980 vitio
445 4926 614 4982 nobis
651 4927 1057 4984 inconsiderate
1097 4938 1347 4996 vertunt;
1381 4931 1742 4988 attribuentes

165 5013 320 5083 ipsam
368 5017 649 5074 desiderio
687 5018 979 5076 immodico
1017 5021 1251 5093 augendi
1287 5037 1574 5080 numerum
1616 5026 1742 5078 illu-

166 5108 343 5165 strium
392 5111 535 5181 apud
590 5126 696 5168 nos
743 5129 1124 5184 personarum.
1178 5133 1198 5165 ι
1239 5113 1384 5170 Bene
1425 5117 1499 5172 sit
1544 5115 1760 5172 animae,

168 5191 465 5268 Scriptoris,
495 5200 875 5257 candidissimi
909 5203 1072 5258 simul
1103 5211 1159 5260 et
1195 5202 1606 5270 discretissimi;
1645 5205 1740 5272 qui

167 5287 288 5344 citra
317 5293 702 5364 pmjudicium
736 5295 1000 5364 veritatis,
1025 5296 1188 5353 scivit
1223 5305 1458 5352 mentem
1495 5295 1738 5362 Ordinis,

1843 4558 2223 4615 Reverendiss.
2258 4561 2442 4615 Abbas
2457 4560 2792 4625 Petraccius,
2818 4561 2885 4614 de
2915 4575 3017 4614 suo
3045 4560 3246 4615 Ordine
3267 4561 3434 4617 simul

1842 4665 1907 4706 ac
1934 4650 1990 4706 S.
2010 4653 2274 4722 Gregorio
2294 4668 2401 4708 non
2426 4653 2606 4707 solum
2626 4652 2822 4706 mereri
2849 4651 2987 4705 bene
3017 4653 3248 4718 studuit,
3285 4653 3434 4723 quod

1840 4745 2111 4814 explicato
2128 4743 2243 4812 jam
2266 4760 2430 4800 sensu
2461 4745 2639 4814 ipsum
2661 4743 2789 4797 huic
2813 4742 3120 4799 innexucrit
3149 4759 3244 4813 per
3275 4745 3434 4799 addi-

1841 4836 2020 4892 tiones
2043 4835 2217 4890 factas
2246 4837 2314 4891 ad
2348 4835 2612 4891 Romana:
2641 4833 2899 4890 Ecclesia:
2924 4835 3204 4906 Martyrol.
3231 4843 3287 4889 et
3319 4851 3435 4890 suae

1841 4925 2167 4998 Congregat.
2198 4926 2437 4982 Breviar.
2479 4927 2690 4981 favente
2714 4926 2818 4980 sibi
2849 4927 2903 4980 in
2949 4927 3035 4981 his
3076 4925 3356 4992 omnibus,
3383 4934 3440 4981 et

1841 5018 2184 5074 difﬁcultates
2255 5034 2481 5088 magnas
2537 5033 2794 5086 superare
2861 5017 3095 5072 faciente
3162 5014 3439 5070 Cardinali

1841 5109 1991 5167 Bona
2021 5151 2037 5178 ,
2077 5110 2238 5178 cujus
2263 5109 2472 5180 judicio
2501 5124 2614 5164 rem
2637 5109 2988 5183 commiserat
3015 5122 3172 5162 sacra
3209 5104 3439 5160 Rituum

1839 5200 2236 5274 Congregatio;
2263 5202 2358 5256 sed
2403 5216 2597 5256 omnes
2618 5199 2782 5254 etiam
2825 5199 3028 5269 ingenii
3065 5207 3230 5266 atque
3271 5197 3441 5251 studii

1841 5295 1930 5350 sui
1963 5292 2434 5359 nervosintcndit,
2469 5303 2529 5348 ut
2557 5299 2896 5356 sanctorum,
2928 5289 3087 5343 novis
3123 5285 3332 5340 Officiis
3372 5286 3442 5340 ad
