  <div class='ocr_page' id='page_1' title='image "/cluster/home/n/w/nwhite01/storage/ocr_20150623/148/hvd.32044015471840/023.png"; bbox 0 0 3986 5386; ppageno 0'>
   <div class='ocr_carea' id='block_1_1' title="bbox 482 251 3753 336">
    <p class='ocr_par' dir='ltr' id='par_1_1' title="bbox 482 251 3753 336">
     <span class='ocr_line' id='line_1_1' title="bbox 482 251 3753 336; baseline -0.014 0"><span class='ocrx_word' id='word_1_1' title='bbox 482 279 553 336; x_wconf 80' lang='lat'><strong>55</strong></span> <span class='ocrx_word' id='word_1_2' title='bbox 1674 260 1732 318; x_wconf 90' lang='lat' dir='ltr'><strong>S.</strong></span> <span class='ocrx_word' id='word_1_3' title='bbox 1769 258 2166 318; x_wconf 75' lang='lat' dir='ltr'><strong>GBEGORIUS</strong></span> <span class='ocrx_word' id='word_1_4' title='bbox 2207 254 2293 312; x_wconf 68' lang='lat' dir='ltr'><strong>Vll</strong></span> <span class='ocrx_word' id='word_1_5' title='bbox 2330 251 2527 309; x_wconf 70' lang='lat' dir='ltr'><strong>l’Al‘A.</strong></span> <span class='ocrx_word' id='word_1_6' title='bbox 3676 259 3753 320; x_wconf 59' lang='grc' dir='ltr'>ω</span> 
     </span>
    </p>
   </div>
   <div class='ocr_carea' id='block_1_2' title="bbox 482 372 3752 463">
    <p class='ocr_par' dir='ltr' id='par_1_2' title="bbox 482 372 3752 463">
     <span class='ocr_line' id='line_1_2' title="bbox 482 372 3752 463; baseline -0.004 -16"><span class='ocrx_word' id='word_1_7' title='bbox 482 389 731 463; x_wconf 68' lang='lat' dir='ltr'><strong>quodut</strong></span> <span class='ocrx_word' id='word_1_8' title='bbox 755 388 1031 444; x_wconf 69' lang='lat' dir='ltr'><strong>huicloco</strong></span> <span class='ocrx_word' id='word_1_9' title='bbox 1065 386 1359 443; x_wconf 85' lang='lat' dir='ltr'><strong>insererem</strong></span> <span class='ocrx_word' id='word_1_10' title='bbox 1396 381 1614 437; x_wconf 81' lang='lat' dir='ltr'><strong>obnixis</strong></span> <span class='ocrx_word' id='word_1_11' title='bbox 1637 397 1669 436; x_wconf 84' lang='lat' dir='ltr'><strong>a</strong></span> <span class='ocrx_word' id='word_1_12' title='bbox 1692 395 1781 435; x_wconf 89' lang='lat' dir='ltr'><strong>me</strong></span> <span class='ocrx_word' id='word_1_13' title='bbox 1813 381 2068 450; x_wconf 80' lang='lat' dir='ltr'><strong>precibus</strong></span> <span class='ocrx_word' id='word_1_14' title='bbox 2097 382 2141 436; x_wconf 71' lang='grc' dir='ltr'>Α</span> <span class='ocrx_word' id='word_1_15' title='bbox 2169 392 2294 432; x_wconf 86' lang='lat' dir='ltr'><strong>men</strong></span> <span class='ocrx_word' id='word_1_16' title='bbox 2330 378 2386 431; x_wconf 86' lang='lat' dir='ltr'><strong>in</strong></span> <span class='ocrx_word' id='word_1_17' title='bbox 2410 375 2681 446; x_wconf 88' lang='lat' dir='ltr'><strong>baptismo</strong></span> <span class='ocrx_word' id='word_1_18' title='bbox 2706 375 2909 431; x_wconf 91' lang='lat' dir='ltr'><strong>intulit.</strong></span> <span class='ocrx_word' id='word_1_19' title='bbox 2946 372 3052 432; x_wconf 85' lang='lat' dir='ltr'><strong>Sed</strong></span> <span class='ocrx_word' id='word_1_20' title='bbox 3075 390 3278 433; x_wconf 78' lang='lat' dir='ltr'><strong>novum</strong></span> <span class='ocrx_word' id='word_1_21' title='bbox 3307 393 3419 435; x_wconf 82' lang='lat' dir='ltr'><strong>non</strong></span> <span class='ocrx_word' id='word_1_22' title='bbox 3444 385 3532 436; x_wconf 87' lang='lat' dir='ltr'><strong>est</strong></span> <span class='ocrx_word' id='word_1_23' title='bbox 3549 392 3615 435; x_wconf 88' lang='lat' dir='ltr'><strong>ea</strong></span> <span class='ocrx_word' id='word_1_24' title='bbox 3641 392 3752 434; x_wconf 87' lang='lat' dir='ltr'><strong>no-</strong></span> 
     </span>
    </p>
   </div>
   <div class='ocr_carea' id='block_1_3' title="bbox 480 464 2067 554">
    <p class='ocr_par' dir='ltr' id='par_1_3' title="bbox 480 464 2067 554">
     <span class='ocr_line' id='line_1_3' title="bbox 480 464 2067 554; baseline -0.009 -15"><span class='ocrx_word' id='word_1_25' title='bbox 480 482 713 554; x_wconf 64' lang='lat' dir='ltr'><strong>rogavit,</strong></span> <span class='ocrx_word' id='word_1_26' title='bbox 742 481 1069 535; x_wconf 66' lang='lat' dir='ltr'><strong>Florentium</strong></span> <span class='ocrx_word' id='word_1_27' title='bbox 1092 476 1392 532; x_wconf 73' lang='lat' dir='ltr'><strong>nobilitatis</strong></span> <span class='ocrx_word' id='word_1_28' title='bbox 1413 473 1618 544; x_wconf 86' lang='lat' dir='ltr'><strong>judicia</strong></span> <span class='ocrx_word' id='word_1_29' title='bbox 1649 464 1937 543; x_wconf 78' lang='lat' dir='ltr'><strong>explorare</strong></span> <span class='ocrx_word' id='word_1_30' title='bbox 1968 487 2067 525; x_wconf 76' lang='lat' dir='ltr'><strong>cu—</strong></span> 
     </span>
    </p>
   </div>
   <div class='ocr_carea' id='block_1_4' title="bbox 483 562 2065 646">
    <p class='ocr_par' dir='ltr' id='par_1_4' title="bbox 483 562 2065 646">
     <span class='ocr_line' id='line_1_4' title="bbox 483 562 2065 646; baseline -0.009 -16"><span class='ocrx_word' id='word_1_31' title='bbox 483 574 714 646; x_wconf 85' lang='lat' dir='ltr'><strong>picnsin</strong></span> <span class='ocrx_word' id='word_1_32' title='bbox 783 581 974 628; x_wconf 88' lang='lat' dir='ltr'><strong>nostro</strong></span> <span class='ocrx_word' id='word_1_33' title='bbox 1018 586 1182 641; x_wconf 84' lang='lat' dir='ltr'><strong>opere</strong></span> <span class='ocrx_word' id='word_1_34' title='bbox 1213 611 1227 635; x_wconf 90' lang='lat'><strong>,</strong></span> <span class='ocrx_word' id='word_1_35' title='bbox 1286 567 1506 622; x_wconf 90' lang='lat' dir='ltr'><strong>interim</strong></span> <span class='ocrx_word' id='word_1_36' title='bbox 1566 565 1697 620; x_wconf 92' lang='lat' dir='ltr'><strong>dum</strong></span> <span class='ocrx_word' id='word_1_37' title='bbox 1727 578 1909 619; x_wconf 81' lang='lat' dir='ltr'><strong>suum</strong></span> <span class='ocrx_word' id='word_1_38' title='bbox 1956 562 2065 616; x_wconf 88' lang='lat' dir='ltr'><strong>luci</strong></span> 
     </span>
    </p>
   </div>
   <div class='ocr_carea' id='block_1_5' title="bbox 479 655 2064 737">
    <p class='ocr_par' dir='ltr' id='par_1_5' title="bbox 479 655 2064 737">
     <span class='ocr_line' id='line_1_5' title="bbox 479 655 2064 737; baseline -0.01 -15"><span class='ocrx_word' id='word_1_39' title='bbox 479 676 639 737; x_wconf 87' lang='lat' dir='ltr'><strong>parat</strong></span> <span class='ocrx_word' id='word_1_40' title='bbox 675 673 990 730; x_wconf 87' lang='lat' dir='ltr'><strong>tractatum,</strong></span> <span class='ocrx_word' id='word_1_41' title='bbox 1030 664 1086 718; x_wconf 89' lang='lat' dir='ltr'><strong>in</strong></span> <span class='ocrx_word' id='word_1_42' title='bbox 1125 675 1236 733; x_wconf 90' lang='lat' dir='ltr'><strong>quo</strong></span> <span class='ocrx_word' id='word_1_43' title='bbox 1262 659 1539 731; x_wconf 85' lang='lat' dir='ltr'><strong>productis</strong></span> <span class='ocrx_word' id='word_1_44' title='bbox 1563 667 1809 713; x_wconf 75' lang='lat' dir='ltr'><strong>veterum</strong></span> <span class='ocrx_word' id='word_1_45' title='bbox 1854 655 2064 709; x_wconf 86' lang='lat' dir='ltr'><strong>instru-</strong></span> 
     </span>
    </p>
   </div>
   <div class='ocr_carea' id='block_1_6' title="bbox 480 749 2063 822">
    <p class='ocr_par' dir='ltr' id='par_1_6' title="bbox 480 749 2063 822">
     <span class='ocr_line' id='line_1_6' title="bbox 480 749 2063 822; baseline -0.008 -9"><span class='ocrx_word' id='word_1_46' title='bbox 480 767 790 815; x_wconf 78' lang='lat' dir='ltr'><strong>mentorum</strong></span> <span class='ocrx_word' id='word_1_47' title='bbox 844 756 1044 811; x_wconf 86' lang='lat' dir='ltr'><strong>tabulis</strong></span> <span class='ocrx_word' id='word_1_48' title='bbox 1103 752 1489 822; x_wconf 88' lang='lat' dir='ltr'><strong>comprobetur</strong></span> <span class='ocrx_word' id='word_1_49' title='bbox 1543 752 1747 809; x_wconf 88' lang='lat' dir='ltr'><strong>veritas</strong></span> <span class='ocrx_word' id='word_1_50' title='bbox 1795 749 2063 822; x_wconf 82' lang='lat' dir='ltr'><strong>graduum</strong></span> 
     </span>
    </p>
   </div>
   <div class='ocr_carea' id='block_1_7' title="bbox 479 842 2062 921">
    <p class='ocr_par' dir='ltr' id='par_1_7' title="bbox 479 842 2062 921">
     <span class='ocr_line' id='line_1_7' title="bbox 479 842 2062 921; baseline -0.006 -16"><span class='ocrx_word' id='word_1_51' title='bbox 479 850 840 921; x_wconf 78' lang='lat' dir='ltr'><strong>singulorum,</strong></span> <span class='ocrx_word' id='word_1_52' title='bbox 866 846 1043 918; x_wconf 81' lang='lat' dir='ltr'><strong>quoad</strong></span> <span class='ocrx_word' id='word_1_53' title='bbox 1073 844 1394 900; x_wconf 71' lang='lat' dir='ltr'><strong>affinitatem</strong></span> <span class='ocrx_word' id='word_1_54' title='bbox 1426 858 1599 899; x_wconf 84' lang='lat' dir='ltr'><strong>nexus</strong></span> <span class='ocrx_word' id='word_1_55' title='bbox 1642 853 1697 898; x_wconf 91' lang='lat' dir='ltr'><strong>et</strong></span> <span class='ocrx_word' id='word_1_56' title='bbox 1729 842 2062 912; x_wconf 85' lang='lat' dir='ltr'><strong>consangui-</strong></span> 
     </span>
    </p>
   </div>
   <div class='ocr_carea' id='block_1_8' title="bbox 478 933 2061 1010">
    <p class='ocr_par' dir='ltr' id='par_1_8' title="bbox 478 933 2061 1010">
     <span class='ocr_line' id='line_1_8' title="bbox 478 933 2061 1010; baseline -0.003 -14"><span class='ocrx_word' id='word_1_57' title='bbox 478 941 665 996; x_wconf 82' lang='lat' dir='ltr'><strong>nitatis</strong></span> <span class='ocrx_word' id='word_1_58' title='bbox 707 953 1049 1010; x_wconf 81' lang='lat' dir='ltr'><strong>progressus.</strong></span> <span class='ocrx_word' id='word_1_59' title='bbox 1097 933 1219 989; x_wconf 90' lang='lat' dir='ltr'><strong>Non</strong></span> <span class='ocrx_word' id='word_1_60' title='bbox 1258 943 1378 989; x_wconf 84' lang='lat' dir='ltr'><strong>erat</strong></span> <span class='ocrx_word' id='word_1_61' title='bbox 1414 935 1574 989; x_wconf 86' lang='lat' dir='ltr'><strong>nobis</strong></span> <span class='ocrx_word' id='word_1_62' title='bbox 1601 943 1713 990; x_wconf 88' lang='lat' dir='ltr'><strong>tam</strong></span> <span class='ocrx_word' id='word_1_63' title='bbox 1749 936 2061 1007; x_wconf 85' lang='lat' dir='ltr'><strong>propinqua</strong></span> 
     </span>
    </p>
   </div>
   <div class='ocr_carea' id='block_1_9' title="bbox 476 1025 2061 1103">
    <p class='ocr_par' dir='ltr' id='par_1_9' title="bbox 476 1025 2061 1103">
     <span class='ocr_line' id='line_1_9' title="bbox 476 1025 2061 1103; baseline -0.002 -16"><span class='ocrx_word' id='word_1_64' title='bbox 476 1034 645 1103; x_wconf 66' lang='lat' dir='ltr'><strong>prmio</strong></span> <span class='ocrx_word' id='word_1_65' title='bbox 695 1032 813 1086; x_wconf 89' lang='lat' dir='ltr'><strong>dies</strong></span> <span class='ocrx_word' id='word_1_66' title='bbox 862 1029 934 1085; x_wconf 76' lang='lat'><strong>25</strong></span> <span class='ocrx_word' id='word_1_67' title='bbox 981 1028 1152 1094; x_wconf 79' lang='lat' dir='ltr'><strong>Maii,</strong></span> <span class='ocrx_word' id='word_1_68' title='bbox 1192 1041 1360 1096; x_wconf 89' lang='lat' dir='ltr'><strong>quam</strong></span> <span class='ocrx_word' id='word_1_69' title='bbox 1400 1025 1505 1080; x_wconf 89' lang='lat' dir='ltr'><strong>sibi</strong></span> <span class='ocrx_word' id='word_1_70' title='bbox 1544 1027 1911 1097; x_wconf 86' lang='lat' dir='ltr'><strong>persuadebat</strong></span> <span class='ocrx_word' id='word_1_71' title='bbox 1956 1029 2061 1085; x_wconf 90' lang='lat' dir='ltr'><strong>ista</strong></span> 
     </span>
    </p>
   </div>
   <div class='ocr_carea' id='block_1_10' title="bbox 477 1117 2063 1186">
    <p class='ocr_par' dir='ltr' id='par_1_10' title="bbox 477 1117 2063 1186">
     <span class='ocr_line' id='line_1_10' title="bbox 477 1117 2063 1186; baseline -0.001 -7"><span class='ocrx_word' id='word_1_72' title='bbox 477 1125 725 1180; x_wconf 80' lang='lat' dir='ltr'><strong>scribens</strong></span> <span class='ocrx_word' id='word_1_73' title='bbox 748 1121 1082 1186; x_wconf 88' lang='lat' dir='ltr'><strong>Petraccius,</strong></span> <span class='ocrx_word' id='word_1_74' title='bbox 1110 1119 1334 1174; x_wconf 81' lang='lat' dir='ltr'><strong>vixdum</strong></span> <span class='ocrx_word' id='word_1_75' title='bbox 1363 1117 1621 1173; x_wconf 86' lang='lat' dir='ltr'><strong>inchoata</strong></span> <span class='ocrx_word' id='word_1_76' title='bbox 1656 1119 1818 1175; x_wconf 89' lang='lat' dir='ltr'><strong>annis</strong></span> <span class='ocrx_word' id='word_1_77' title='bbox 1836 1120 1907 1175; x_wconf 90' lang='lat' dir='ltr'><strong>ab</strong></span> <span class='ocrx_word' id='word_1_78' title='bbox 1933 1120 2063 1178; x_wconf 84' lang='lat' dir='ltr'><strong>hinc</strong></span> 
     </span>
    </p>
   </div>
   <div class='ocr_carea' id='block_1_11' title="bbox 479 1209 2061 1285">
    <p class='ocr_par' dir='ltr' id='par_1_11' title="bbox 479 1209 2061 1285">
     <span class='ocr_line' id='line_1_11' title="bbox 479 1209 2061 1285; baseline 0 -16"><span class='ocrx_word' id='word_1_79' title='bbox 479 1216 565 1270; x_wconf 86' lang='grc'><strong>10.</strong></span> <span class='ocrx_word' id='word_1_80' title='bbox 611 1212 971 1285; x_wconf 83' lang='lat' dir='ltr'><strong>impressione</strong></span> <span class='ocrx_word' id='word_1_81' title='bbox 1005 1211 1166 1282; x_wconf 85' lang='lat' dir='ltr'><strong>primi</strong></span> <span class='ocrx_word' id='word_1_82' title='bbox 1204 1209 1393 1276; x_wconf 87' lang='lat' dir='ltr'><strong>Tomi;</strong></span> <span class='ocrx_word' id='word_1_83' title='bbox 1423 1209 1538 1276; x_wconf 90' lang='lat' dir='ltr'><strong>sed,</strong></span> <span class='ocrx_word' id='word_1_84' title='bbox 1583 1211 1908 1283; x_wconf 85' lang='lat' dir='ltr'><strong>priusquam</strong></span> <span class='ocrx_word' id='word_1_85' title='bbox 1950 1213 2061 1270; x_wconf 89' lang='lat' dir='ltr'><strong>huc</strong></span> 
     </span>
    </p>
   </div>
   <div class='ocr_carea' id='block_1_12' title="bbox 475 1301 2058 1372">
    <p class='ocr_par' dir='ltr' id='par_1_12' title="bbox 475 1301 2058 1372">
     <span class='ocr_line' id='line_1_12' title="bbox 475 1301 2058 1372; baseline -0.001 -10"><span class='ocrx_word' id='word_1_86' title='bbox 475 1308 755 1363; x_wconf 84' lang='lat' dir='ltr'><strong>veniretur</strong></span> <span class='ocrx_word' id='word_1_87' title='bbox 781 1305 996 1360; x_wconf 85' lang='lat' dir='ltr'><strong>abunde</strong></span> <span class='ocrx_word' id='word_1_88' title='bbox 1024 1302 1127 1357; x_wconf 87' lang='lat' dir='ltr'><strong>fuit</strong></span> <span class='ocrx_word' id='word_1_89' title='bbox 1154 1302 1434 1372; x_wconf 86' lang='lat' dir='ltr'><strong>temporis,</strong></span> <span class='ocrx_word' id='word_1_90' title='bbox 1464 1309 1527 1356; x_wconf 89' lang='lat' dir='ltr'><strong>ut</strong></span> <span class='ocrx_word' id='word_1_91' title='bbox 1551 1301 1640 1357; x_wconf 91' lang='lat' dir='ltr'><strong>ille</strong></span> <span class='ocrx_word' id='word_1_92' title='bbox 1661 1319 1822 1358; x_wconf 92' lang='lat' dir='ltr'><strong>suum</strong></span> <span class='ocrx_word' id='word_1_93' title='bbox 1844 1305 2058 1361; x_wconf 79' lang='lat' dir='ltr'><strong>interim</strong></span> 
     </span>
    </p>
   </div>
   <div class='ocr_carea' id='block_1_13' title="bbox 479 1393 2061 1465">
    <p class='ocr_par' dir='ltr' id='par_1_13' title="bbox 479 1393 2061 1465">
     <span class='ocr_line' id='line_1_13' title="bbox 479 1393 2061 1465; baseline -0.001 -10"><span class='ocrx_word' id='word_1_94' title='bbox 479 1407 769 1455; x_wconf 87' lang='lat' dir='ltr'><strong>tractatum</strong></span> <span class='ocrx_word' id='word_1_95' title='bbox 801 1398 1004 1453; x_wconf 85' lang='lat' dir='ltr'><strong>ederet.</strong></span> <span class='ocrx_word' id='word_1_96' title='bbox 1046 1393 1162 1451; x_wconf 85' lang='lat' dir='ltr'><strong>Hoc</strong></span> <span class='ocrx_word' id='word_1_97' title='bbox 1196 1401 1378 1450; x_wconf 89' lang='lat' dir='ltr'><strong>autem</strong></span> <span class='ocrx_word' id='word_1_98' title='bbox 1424 1409 1549 1449; x_wconf 90' lang='lat' dir='ltr'><strong>cum</strong></span> <span class='ocrx_word' id='word_1_99' title='bbox 1591 1411 1700 1449; x_wconf 90' lang='lat' dir='ltr'><strong>non</strong></span> <span class='ocrx_word' id='word_1_100' title='bbox 1751 1395 1970 1465; x_wconf 82' lang='lat' dir='ltr'><strong>fecerit;</strong></span> <span class='ocrx_word' id='word_1_101' title='bbox 2006 1410 2061 1454; x_wconf 88' lang='lat' dir='ltr'><strong>et</strong></span> 
     </span>
    </p>
   </div>
   <div class='ocr_carea' id='block_1_14' title="bbox 476 1488 2057 1559">
    <p class='ocr_par' dir='ltr' id='par_1_14' title="bbox 476 1488 2057 1559">
     <span class='ocr_line' id='line_1_14' title="bbox 476 1488 2057 1559; baseline 0.002 -12"><span class='ocrx_word' id='word_1_102' title='bbox 476 1493 672 1548; x_wconf 86' lang='lat' dir='ltr'><strong>eruditi</strong></span> <span class='ocrx_word' id='word_1_103' title='bbox 690 1491 977 1546; x_wconf 73' lang='lat' dir='ltr'><strong>Florentia:</strong></span> <span class='ocrx_word' id='word_1_104' title='bbox 995 1489 1119 1556; x_wconf 79' lang='lat' dir='ltr'><strong>viri,</strong></span> <span class='ocrx_word' id='word_1_105' title='bbox 1136 1489 1461 1559; x_wconf 87' lang='lat' dir='ltr'><strong>quibuscum</strong></span> <span class='ocrx_word' id='word_1_106' title='bbox 1476 1488 1695 1543; x_wconf 89' lang='lat' dir='ltr'><strong>schema</strong></span> <span class='ocrx_word' id='word_1_107' title='bbox 1737 1491 2057 1559; x_wconf 68' lang='lat' dir='ltr'><strong>prmdictum</strong></span> 
     </span>
    </p>
   </div>
   <div class='ocr_carea' id='block_1_15' title="bbox 476 1579 2058 1655">
    <p class='ocr_par' dir='ltr' id='par_1_15' title="bbox 476 1579 2058 1655">
     <span class='ocr_line' id='line_1_15' title="bbox 476 1579 2058 1655; baseline 0 -15"><span class='ocrx_word' id='word_1_108' title='bbox 476 1584 898 1649; x_wconf 82' lang='lat' dir='ltr'><strong>communicavi,</strong></span> <span class='ocrx_word' id='word_1_109' title='bbox 928 1580 1340 1652; x_wconf 83' lang='lat' dir='ltr'><strong>responderent,</strong></span> <span class='ocrx_word' id='word_1_110' title='bbox 1364 1580 1488 1650; x_wconf 88' lang='lat' dir='ltr'><strong>plus</strong></span> <span class='ocrx_word' id='word_1_111' title='bbox 1509 1593 1576 1635; x_wconf 92' lang='lat' dir='ltr'><strong>eo</strong></span> <span class='ocrx_word' id='word_1_112' title='bbox 1605 1579 1710 1636; x_wconf 87' lang='lat' dir='ltr'><strong>sibi</strong></span> <span class='ocrx_word' id='word_1_113' title='bbox 1736 1581 1908 1637; x_wconf 89' lang='lat' dir='ltr'><strong>videri</strong></span> <span class='ocrx_word' id='word_1_114' title='bbox 1939 1586 2058 1655; x_wconf 85' lang='lat' dir='ltr'><strong>pol-</strong></span> 
     </span>
    </p>
   </div>
   <div class='ocr_carea' id='block_1_16' title="bbox 476 1672 2051 1746">
    <p class='ocr_par' dir='ltr' id='par_1_16' title="bbox 476 1672 2051 1746">
     <span class='ocr_line' id='line_1_16' title="bbox 476 1672 2051 1746; baseline 0.001 -15"><span class='ocrx_word' id='word_1_115' title='bbox 476 1677 683 1733; x_wconf 90' lang='lat' dir='ltr'><strong>licitum</strong></span> <span class='ocrx_word' id='word_1_116' title='bbox 714 1676 1007 1731; x_wconf 83' lang='lat' dir='ltr'><strong>Auctorem</strong></span> <span class='ocrx_word' id='word_1_117' title='bbox 1049 1688 1217 1745; x_wconf 91' lang='lat' dir='ltr'><strong>quam</strong></span> <span class='ocrx_word' id='word_1_118' title='bbox 1250 1672 1423 1729; x_wconf 90' lang='lat' dir='ltr'><strong>solide</strong></span> <span class='ocrx_word' id='word_1_119' title='bbox 1453 1672 1628 1743; x_wconf 89' lang='lat' dir='ltr'><strong>possit</strong></span> <span class='ocrx_word' id='word_1_120' title='bbox 1656 1674 2051 1746; x_wconf 84' lang='lat' dir='ltr'><strong>comprobare;</strong></span> 
     </span>
    </p>
   </div>
   <div class='ocr_carea' id='block_1_17' title="bbox 475 1758 2058 1841">
    <p class='ocr_par' dir='ltr' id='par_1_17' title="bbox 475 1758 2058 1841">
     <span class='ocr_line' id='line_1_17' title="bbox 475 1758 2058 1841; baseline -0.001 -17"><span class='ocrx_word' id='word_1_121' title='bbox 475 1785 577 1825; x_wconf 89' lang='lat' dir='ltr'><strong>nec</strong></span> <span class='ocrx_word' id='word_1_122' title='bbox 595 1784 696 1841; x_wconf 88' lang='lat' dir='ltr'><strong>ego</strong></span> <span class='ocrx_word' id='word_1_123' title='bbox 718 1758 1031 1825; x_wconf 89' lang='lat' dir='ltr'><strong>consultum</strong></span> <span class='ocrx_word' id='word_1_124' title='bbox 1050 1774 1205 1837; x_wconf 85' lang='lat' dir='ltr'><strong>puto,</strong></span> <span class='ocrx_word' id='word_1_125' title='bbox 1228 1766 1410 1821; x_wconf 87' lang='lat' dir='ltr'><strong>locum</strong></span> <span class='ocrx_word' id='word_1_126' title='bbox 1438 1765 1489 1819; x_wconf 91' lang='lat' dir='ltr'><strong>ei</strong></span> <span class='ocrx_word' id='word_1_127' title='bbox 1510 1764 1640 1820; x_wconf 89' lang='lat' dir='ltr'><strong>dare</strong></span> <span class='ocrx_word' id='word_1_128' title='bbox 1661 1765 1717 1819; x_wconf 89' lang='lat' dir='ltr'><strong>in</strong></span> <span class='ocrx_word' id='word_1_129' title='bbox 1746 1781 1911 1837; x_wconf 91' lang='lat' dir='ltr'><strong>opere</strong></span> <span class='ocrx_word' id='word_1_130' title='bbox 1954 1782 2058 1824; x_wconf 73' lang='lat' dir='ltr'><strong>nt.-</strong></span> 
     </span>
    </p>
   </div>
   <div class='ocr_carea' id='block_1_18' title="bbox 474 1857 2060 1933">
    <p class='ocr_par' dir='ltr' id='par_1_18' title="bbox 474 1857 2060 1933">
     <span class='ocr_line' id='line_1_18' title="bbox 474 1857 2060 1933; baseline -0.001 -14"><span class='ocrx_word' id='word_1_131' title='bbox 474 1870 611 1929; x_wconf 78' lang='lat' dir='ltr'><strong>Itro,</strong></span> <span class='ocrx_word' id='word_1_132' title='bbox 667 1869 722 1916; x_wconf 91' lang='lat' dir='ltr'><strong>et</strong></span> <span class='ocrx_word' id='word_1_133' title='bbox 762 1868 1015 1930; x_wconf 89' lang='lat' dir='ltr'><strong>sumptus</strong></span> <span class='ocrx_word' id='word_1_134' title='bbox 1045 1858 1226 1914; x_wconf 88' lang='lat' dir='ltr'><strong>facere</strong></span> <span class='ocrx_word' id='word_1_135' title='bbox 1269 1858 1323 1912; x_wconf 93' lang='lat' dir='ltr'><strong>in</strong></span> <span class='ocrx_word' id='word_1_136' title='bbox 1353 1857 1667 1913; x_wconf 71' lang='lat' dir='ltr'><strong>cazlaturam</strong></span> <span class='ocrx_word' id='word_1_137' title='bbox 1698 1860 2060 1933; x_wconf 64' lang='lat' dir='ltr'><strong>genealogicas</strong></span> 
     </span>
    </p>
   </div>
   <div class='ocr_carea' id='block_1_19' title="bbox 473 1948 1860 2023">
    <p class='ocr_par' dir='ltr' id='par_1_19' title="bbox 473 1948 1860 2023">
     <span class='ocr_line' id='line_1_19' title="bbox 473 1948 1860 2023; baseline -0.001 -15"><span class='ocrx_word' id='word_1_138' title='bbox 473 1953 708 2020; x_wconf 88' lang='lat' dir='ltr'><strong>arboris,</strong></span> <span class='ocrx_word' id='word_1_139' title='bbox 737 1967 933 2023; x_wconf 86' lang='lat' dir='ltr'><strong>parum</strong></span> <span class='ocrx_word' id='word_1_140' title='bbox 970 1950 1142 2005; x_wconf 85' lang='lat' dir='ltr'><strong>firmis</strong></span> <span class='ocrx_word' id='word_1_141' title='bbox 1173 1948 1360 2005; x_wconf 78' lang='lat' dir='ltr'><strong>forsan</strong></span> <span class='ocrx_word' id='word_1_142' title='bbox 1384 1949 1661 2005; x_wconf 87' lang='lat' dir='ltr'><strong>radicibus</strong></span> <span class='ocrx_word' id='word_1_143' title='bbox 1698 1951 1860 2007; x_wconf 72' lang='lat' dir='ltr'><strong>nixm.</strong></span> 
     </span>
    </p>
   </div>
   <div class='ocr_carea' id='block_1_20' title="bbox 495 2042 2057 2112">
    <p class='ocr_par' dir='ltr' id='par_1_20' title="bbox 495 2042 2057 2112">
     <span class='ocr_line' id='line_1_20' title="bbox 495 2042 2057 2112; baseline 0.003 -14"><span class='ocrx_word' id='word_1_144' title='bbox 495 2068 501 2073; x_wconf 62' lang='grc' dir='ltr'>ε</span> <span class='ocrx_word' id='word_1_145' title='bbox 546 2045 635 2098; x_wconf 74' lang='lat'><strong>56.</strong></span> <span class='ocrx_word' id='word_1_146' title='bbox 675 2044 863 2099; x_wconf 80' lang='lat' dir='ltr'><strong>Liceat</strong></span> <span class='ocrx_word' id='word_1_147' title='bbox 891 2052 1072 2098; x_wconf 89' lang='lat' dir='ltr'><strong>tamen</strong></span> <span class='ocrx_word' id='word_1_148' title='bbox 1109 2042 1278 2097; x_wconf 81' lang='lat' dir='ltr'><strong>verbo</strong></span> <span class='ocrx_word' id='word_1_149' title='bbox 1312 2042 1553 2098; x_wconf 87' lang='lat' dir='ltr'><strong>indicare</strong></span> <span class='ocrx_word' id='word_1_150' title='bbox 1585 2050 1866 2112; x_wconf 58' lang='lat' dir='ltr'><strong>praetensa‘.</strong></span> <span class='ocrx_word' id='word_1_151' title='bbox 1889 2061 1920 2102; x_wconf 87' lang='lat' dir='ltr'><strong>a</strong></span> <span class='ocrx_word' id='word_1_152' title='bbox 1952 2045 2057 2103; x_wconf 88' lang='lat' dir='ltr'><strong>Pe-</strong></span> 
     </span>
    </p>
   </div>
   <div class='ocr_carea' id='block_1_21' title="bbox 472 2133 2059 2206">
    <p class='ocr_par' dir='ltr' id='par_1_21' title="bbox 472 2133 2059 2206">
     <span class='ocr_line' id='line_1_21' title="bbox 472 2133 2059 2206; baseline 0.003 -15"><span class='ocrx_word' id='word_1_153' title='bbox 472 2136 679 2191; x_wconf 88' lang='lat' dir='ltr'><strong>traceio</strong></span> <span class='ocrx_word' id='word_1_154' title='bbox 735 2135 1078 2206; x_wconf 68' lang='lat' dir='ltr'><strong>Genealogiae</strong></span> <span class='ocrx_word' id='word_1_155' title='bbox 1134 2134 1352 2191; x_wconf 80' lang='lat' dir='ltr'><strong>seriem.</strong></span> <span class='ocrx_word' id='word_1_156' title='bbox 1425 2133 1718 2190; x_wconf 64' lang='lat' dir='ltr'><strong>Praesumit</strong></span> <span class='ocrx_word' id='word_1_157' title='bbox 1762 2136 1855 2192; x_wconf 92' lang='lat' dir='ltr'><strong>ille</strong></span> <span class='ocrx_word' id='word_1_158' title='bbox 1892 2138 2059 2196; x_wconf 83' lang='lat' dir='ltr'><strong>Aldo-</strong></span> 
     </span>
    </p>
   </div>
   <div class='ocr_carea' id='block_1_22' title="bbox 474 2224 2061 2300">
    <p class='ocr_par' dir='ltr' id='par_1_22' title="bbox 474 2224 2061 2300">
     <span class='ocr_line' id='line_1_22' title="bbox 474 2224 2061 2300; baseline 0.002 -16"><span class='ocrx_word' id='word_1_159' title='bbox 474 2229 836 2284; x_wconf 87' lang='lat' dir='ltr'><strong>brandescam</strong></span> <span class='ocrx_word' id='word_1_160' title='bbox 867 2235 1099 2299; x_wconf 80' lang='lat' dir='ltr'><strong>gentem,</strong></span> <span class='ocrx_word' id='word_1_161' title='bbox 1128 2227 1181 2281; x_wconf 91' lang='lat' dir='ltr'><strong>in</strong></span> <span class='ocrx_word' id='word_1_162' title='bbox 1209 2224 1463 2281; x_wconf 86' lang='lat' dir='ltr'><strong>Hetruria</strong></span> <span class='ocrx_word' id='word_1_163' title='bbox 1486 2226 1745 2295; x_wconf 86' lang='lat' dir='ltr'><strong>nobilem,</strong></span> <span class='ocrx_word' id='word_1_164' title='bbox 1770 2244 1892 2300; x_wconf 71' lang='lat' dir='ltr'><strong>quae</strong></span> <span class='ocrx_word' id='word_1_165' title='bbox 1912 2244 2061 2288; x_wconf 91' lang='lat' dir='ltr'><strong>nunc</strong></span> 
     </span>
    </p>
   </div>
   <div class='ocr_carea' id='block_1_23' title="bbox 474 2312 2061 2387">
    <p class='ocr_par' dir='ltr' id='par_1_23' title="bbox 474 2312 2061 2387">
     <span class='ocr_line' id='line_1_23' title="bbox 474 2312 2061 2387; baseline 0.004 -13"><span class='ocrx_word' id='word_1_166' title='bbox 474 2321 745 2376; x_wconf 80' lang='lat' dir='ltr'><strong>nominari</strong></span> <span class='ocrx_word' id='word_1_167' title='bbox 770 2312 964 2386; x_wconf 77' lang='lat' dir='ltr'><strong>desiit,</strong></span> <span class='ocrx_word' id='word_1_168' title='bbox 997 2318 1373 2375; x_wconf 80' lang='lat' dir='ltr'><strong>deficientibus</strong></span> <span class='ocrx_word' id='word_1_169' title='bbox 1416 2317 1698 2387; x_wconf 82' lang='lat' dir='ltr'><strong>masculis,</strong></span> <span class='ocrx_word' id='word_1_170' title='bbox 1738 2320 2061 2381; x_wconf 87' lang='lat' dir='ltr'><strong>mulieribus</strong></span> 
     </span>
    </p>
   </div>
   <div class='ocr_carea' id='block_1_24' title="bbox 472 2409 2058 2470">
    <p class='ocr_par' dir='ltr' id='par_1_24' title="bbox 472 2409 2058 2470">
     <span class='ocr_line' id='line_1_24' title="bbox 472 2409 2058 2470; baseline 0.003 -5"><span class='ocrx_word' id='word_1_171' title='bbox 472 2421 654 2467; x_wconf 88' lang='lat' dir='ltr'><strong>autem</strong></span> <span class='ocrx_word' id='word_1_172' title='bbox 685 2414 740 2466; x_wconf 90' lang='lat' dir='ltr'><strong>in</strong></span> <span class='ocrx_word' id='word_1_173' title='bbox 777 2410 1036 2467; x_wconf 88' lang='lat' dir='ltr'><strong>Ursinam</strong></span> <span class='ocrx_word' id='word_1_174' title='bbox 1064 2420 1118 2467; x_wconf 90' lang='lat' dir='ltr'><strong>et</strong></span> <span class='ocrx_word' id='word_1_175' title='bbox 1164 2410 1435 2466; x_wconf 88' lang='lat' dir='ltr'><strong>Sforziam</strong></span> <span class='ocrx_word' id='word_1_176' title='bbox 1471 2409 1711 2467; x_wconf 83' lang='lat' dir='ltr'><strong>familias</strong></span> <span class='ocrx_word' id='word_1_177' title='bbox 1740 2411 2058 2470; x_wconf 88' lang='lat' dir='ltr'><strong>innubenti-</strong></span> 
     </span>
    </p>
   </div>
   <div class='ocr_carea' id='block_1_25' title="bbox 472 2501 2060 2575">
    <p class='ocr_par' dir='ltr' id='par_1_25' title="bbox 472 2501 2060 2575">
     <span class='ocr_line' id='line_1_25' title="bbox 472 2501 2060 2575; baseline 0.003 -17"><span class='ocrx_word' id='word_1_178' title='bbox 472 2505 598 2567; x_wconf 83' lang='lat' dir='ltr'><strong>bus,</strong></span> <span class='ocrx_word' id='word_1_179' title='bbox 627 2521 694 2558; x_wconf 89' lang='lat' dir='ltr'><strong>ex</strong></span> <span class='ocrx_word' id='word_1_180' title='bbox 741 2502 1086 2575; x_wconf 89' lang='lat' dir='ltr'><strong>Carolingico</strong></span> <span class='ocrx_word' id='word_1_181' title='bbox 1131 2502 1472 2558; x_wconf 85' lang='lat' dir='ltr'><strong>Francorum</strong></span> <span class='ocrx_word' id='word_1_182' title='bbox 1521 2501 1731 2574; x_wconf 83' lang='lat' dir='ltr'><strong>Regum</strong></span> <span class='ocrx_word' id='word_1_183' title='bbox 1770 2512 2060 2565; x_wconf 87' lang='lat' dir='ltr'><strong>stemmate</strong></span> 
     </span>
    </p>
   </div>
   <div class='ocr_carea' id='block_1_26' title="bbox 474 2592 2060 2667">
    <p class='ocr_par' dir='ltr' id='par_1_26' title="bbox 474 2592 2060 2667">
     <span class='ocr_line' id='line_1_26' title="bbox 474 2592 2060 2667; baseline 0.003 -17"><span class='ocrx_word' id='word_1_184' title='bbox 474 2596 723 2664; x_wconf 81' lang='lat' dir='ltr'><strong>ﬂuxisse;</strong></span> <span class='ocrx_word' id='word_1_185' title='bbox 752 2596 809 2650; x_wconf 92' lang='lat' dir='ltr'><strong>in</strong></span> <span class='ocrx_word' id='word_1_186' title='bbox 838 2596 1136 2667; x_wconf 89' lang='lat' dir='ltr'><strong>eademque</strong></span> <span class='ocrx_word' id='word_1_187' title='bbox 1158 2594 1333 2649; x_wconf 88' lang='lat' dir='ltr'><strong>Domo</strong></span> <span class='ocrx_word' id='word_1_188' title='bbox 1363 2592 1621 2664; x_wconf 80' lang='lat' dir='ltr'><strong>frequens</strong></span> <span class='ocrx_word' id='word_1_189' title='bbox 1647 2611 1848 2652; x_wconf 87' lang='lat' dir='ltr'><strong>nomen</strong></span> <span class='ocrx_word' id='word_1_190' title='bbox 1876 2596 2060 2655; x_wconf 83' lang='lat' dir='ltr'><strong>Hilde—</strong></span> 
     </span>
    </p>
   </div>
   <div class='ocr_carea' id='block_1_27' title="bbox 474 2686 2060 2759">
    <p class='ocr_par' dir='ltr' id='par_1_27' title="bbox 474 2686 2060 2759">
     <span class='ocr_line' id='line_1_27' title="bbox 474 2686 2060 2759; baseline 0.002 -15"><span class='ocrx_word' id='word_1_191' title='bbox 474 2689 830 2755; x_wconf 89' lang='lat' dir='ltr'><strong>brandorum,</strong></span> <span class='ocrx_word' id='word_1_192' title='bbox 861 2689 1095 2759; x_wconf 86' lang='lat' dir='ltr'><strong>indeque</strong></span> <span class='ocrx_word' id='word_1_193' title='bbox 1118 2703 1184 2743; x_wconf 89' lang='lat' dir='ltr'><strong>eo</strong></span> <span class='ocrx_word' id='word_1_194' title='bbox 1209 2686 1394 2743; x_wconf 89' lang='lat' dir='ltr'><strong>seculo</strong></span> <span class='ocrx_word' id='word_1_195' title='bbox 1425 2702 1535 2758; x_wconf 92' lang='lat' dir='ltr'><strong>quo</strong></span> <span class='ocrx_word' id='word_1_196' title='bbox 1564 2698 1927 2759; x_wconf 86' lang='lat' dir='ltr'><strong>cognomenta</strong></span> <span class='ocrx_word' id='word_1_197' title='bbox 1965 2691 2060 2747; x_wconf 83' lang='lat' dir='ltr'><strong>fir-</strong></span> 
     </span>
    </p>
   </div>
   <div class='ocr_carea' id='block_1_28' title="bbox 473 2780 2059 2865">
    <p class='ocr_par' dir='ltr' id='par_1_28' title="bbox 473 2780 2059 2865">
     <span class='ocr_line' id='line_1_28' title="bbox 473 2780 2059 2865; baseline 0.003 -31"><span class='ocrx_word' id='word_1_198' title='bbox 473 2781 613 2865; x_wconf 50' lang='lat' dir='ltr'><strong>mari</strong></span> <span class='ocrx_word' id='word_1_199' title='bbox 647 2782 703 2836; x_wconf 92' lang='lat' dir='ltr'><strong>in</strong></span> <span class='ocrx_word' id='word_1_200' title='bbox 729 2780 948 2837; x_wconf 85' lang='lat' dir='ltr'><strong>familiis</strong></span> <span class='ocrx_word' id='word_1_201' title='bbox 968 2781 1330 2836; x_wconf 89' lang='lat' dir='ltr'><strong>nobilioribus</strong></span> <span class='ocrx_word' id='word_1_202' title='bbox 1353 2788 1659 2850; x_wconf 59' lang='lat' dir='ltr'><strong>coeperunt,</strong></span> <span class='ocrx_word' id='word_1_203' title='bbox 1699 2799 1719 2833; x_wconf 83' lang='grc'><em>‹</em></span> <span class='ocrx_word' id='word_1_204' title='bbox 1749 2781 2059 2838; x_wconf 81' lang='lat' dir='ltr'><strong>Aldobran-</strong></span> 
     </span>
    </p>
   </div>
   <div class='ocr_carea' id='block_1_29' title="bbox 473 2873 2055 2943">
    <p class='ocr_par' dir='ltr' id='par_1_29' title="bbox 473 2873 2055 2943">
     <span class='ocr_line' id='line_1_29' title="bbox 473 2873 2055 2943; baseline 0.002 -16"><span class='ocrx_word' id='word_1_205' title='bbox 473 2873 794 2927; x_wconf 70' lang='lat' dir='ltr'><strong>deseorum:</strong></span> <span class='ocrx_word' id='word_1_206' title='bbox 831 2886 1134 2943; x_wconf 80' lang='lat' dir='ltr'><strong>cognomen</strong></span> <span class='ocrx_word' id='word_1_207' title='bbox 1156 2878 1344 2927; x_wconf 87' lang='lat' dir='ltr'><strong>natum</strong></span> <span class='ocrx_word' id='word_1_208' title='bbox 1380 2890 1393 2926; x_wconf 91' lang='lat'><strong>:</strong></span> <span class='ocrx_word' id='word_1_209' title='bbox 1422 2886 1523 2942; x_wconf 92' lang='lat' dir='ltr'><strong>pro</strong></span> <span class='ocrx_word' id='word_1_210' title='bbox 1551 2885 1696 2927; x_wconf 91' lang='lat' dir='ltr'><strong>anno</strong></span> <span class='ocrx_word' id='word_1_211' title='bbox 1718 2881 1899 2928; x_wconf 88' lang='lat' dir='ltr'><strong>autem</strong></span> <span class='ocrx_word' id='word_1_212' title='bbox 1930 2873 2055 2930; x_wconf 66' lang='lat'><strong>948.</strong></span> 
     </span>
    </p>
   </div>
   <div class='ocr_carea' id='block_1_30' title="bbox 471 2961 2056 3035">
    <p class='ocr_par' dir='ltr' id='par_1_30' title="bbox 471 2961 2056 3035">
     <span class='ocr_line' id='line_1_30' title="bbox 471 2961 2056 3035; baseline 0.003 -18"><span class='ocrx_word' id='word_1_213' title='bbox 471 2964 723 3034; x_wconf 87' lang='lat' dir='ltr'><strong>producit</strong></span> <span class='ocrx_word' id='word_1_214' title='bbox 745 2965 1037 3035; x_wconf 85' lang='lat' dir='ltr'><strong>quemdam</strong></span> <span class='ocrx_word' id='word_1_215' title='bbox 1061 2962 1508 3030; x_wconf 79' lang='lat' dir='ltr'><strong>Hildebrandum,</strong></span> <span class='ocrx_word' id='word_1_216' title='bbox 1526 2961 1839 3020; x_wconf 88' lang='lat' dir='ltr'><strong>Theuzonis</strong></span> <span class='ocrx_word' id='word_1_217' title='bbox 1862 2966 2056 3035; x_wconf 86' lang='lat' dir='ltr'><strong>lilium,</strong></span> 
     </span>
    </p>
   </div>
   <div class='ocr_carea' id='block_1_31' title="bbox 2168 467 3753 538">
    <p class='ocr_par' dir='ltr' id='par_1_31' title="bbox 2168 467 3753 538">
     <span class='ocr_line' id='line_1_31' title="bbox 2168 467 3753 538; baseline 0.003 -16"><span class='ocrx_word' id='word_1_218' title='bbox 2168 470 2336 535; x_wconf 89' lang='lat' dir='ltr'><strong>mina,</strong></span> <span class='ocrx_word' id='word_1_219' title='bbox 2367 484 2491 538; x_wconf 64' lang='lat' dir='ltr'><strong>quae</strong></span> <span class='ocrx_word' id='word_1_220' title='bbox 2515 467 2858 538; x_wconf 88' lang='lat' dir='ltr'><strong>Principibus</strong></span> <span class='ocrx_word' id='word_1_221' title='bbox 2884 467 3178 525; x_wconf 85' lang='lat' dir='ltr'><strong>familiaria</strong></span> <span class='ocrx_word' id='word_1_222' title='bbox 3205 477 3354 538; x_wconf 86' lang='lat' dir='ltr'><strong>sunt,</strong></span> <span class='ocrx_word' id='word_1_223' title='bbox 3375 470 3753 527; x_wconf 87' lang='lat' dir='ltr'><strong>intereorum-</strong></span> 
     </span>
    </p>
   </div>
   <div class='ocr_carea' id='block_1_32' title="bbox 2166 558 3754 633">
    <p class='ocr_par' dir='ltr' id='par_1_32' title="bbox 2166 558 3754 633">
     <span class='ocr_line' id='line_1_32' title="bbox 2166 558 3754 633; baseline 0.003 -19"><span class='ocrx_word' id='word_1_224' title='bbox 2166 560 2290 614; x_wconf 89' lang='lat' dir='ltr'><strong>dem</strong></span> <span class='ocrx_word' id='word_1_225' title='bbox 2315 560 2583 626; x_wconf 87' lang='lat' dir='ltr'><strong>subditos,</strong></span> <span class='ocrx_word' id='word_1_226' title='bbox 2615 559 2966 629; x_wconf 82' lang='lat' dir='ltr'><strong>quantumvis</strong></span> <span class='ocrx_word' id='word_1_227' title='bbox 2993 558 3275 630; x_wconf 77' lang='lat' dir='ltr'><strong>ignobiles,</strong></span> <span class='ocrx_word' id='word_1_228' title='bbox 3306 559 3643 633; x_wconf 79' lang='lat' dir='ltr'><strong>frequentari</strong></span> <span class='ocrx_word' id='word_1_229' title='bbox 3664 563 3754 618; x_wconf 82' lang='lat' dir='ltr'><strong>in-</strong></span> 
     </span>
    </p>
   </div>
   <div class='ocr_carea' id='block_1_33' title="bbox 2166 650 3531 717">
    <p class='ocr_par' dir='ltr' id='par_1_33' title="bbox 2166 650 3531 717">
     <span class='ocr_line' id='line_1_33' title="bbox 2166 650 3531 717; baseline 0.003 -12"><span class='ocrx_word' id='word_1_230' title='bbox 2166 651 2307 706; x_wconf 89' lang='lat' dir='ltr'><strong>tuitu</strong></span> <span class='ocrx_word' id='word_1_231' title='bbox 2334 666 2561 706; x_wconf 89' lang='lat' dir='ltr'><strong>suorum</strong></span> <span class='ocrx_word' id='word_1_232' title='bbox 2587 650 2964 717; x_wconf 88' lang='lat' dir='ltr'><strong>Dominorum,</strong></span> <span class='ocrx_word' id='word_1_233' title='bbox 2986 660 3082 706; x_wconf 87' lang='lat' dir='ltr'><strong>aut</strong></span> <span class='ocrx_word' id='word_1_234' title='bbox 3115 652 3220 707; x_wconf 88' lang='lat' dir='ltr'><strong>alia</strong></span> <span class='ocrx_word' id='word_1_235' title='bbox 3255 668 3323 708; x_wconf 85' lang='lat' dir='ltr'><strong>ex</strong></span> <span class='ocrx_word' id='word_1_236' title='bbox 3344 669 3531 711; x_wconf 85' lang='lat' dir='ltr'><strong>causa.</strong></span> 
     </span>
    </p>
   </div>
   <div class='ocr_carea' id='block_1_34' title="bbox 2236 750 3748 818">
    <p class='ocr_par' dir='ltr' id='par_1_34' title="bbox 2236 750 3748 818">
     <span class='ocr_line' id='line_1_34' title="bbox 2236 750 3748 818; baseline 0.005 -12"><span class='ocrx_word' id='word_1_237' title='bbox 2236 751 2325 806; x_wconf 76' lang='lat'><strong>57.</strong></span> <span class='ocrx_word' id='word_1_238' title='bbox 2365 751 2672 806; x_wconf 89' lang='lat' dir='ltr'><strong>Cardinalis</strong></span> <span class='ocrx_word' id='word_1_239' title='bbox 2701 750 2989 818; x_wconf 75' lang='lat' dir='ltr'><strong>Baronius,</strong></span> <span class='ocrx_word' id='word_1_240' title='bbox 3014 752 3084 806; x_wconf 92' lang='lat' dir='ltr'><strong>ad</strong></span> <span class='ocrx_word' id='word_1_241' title='bbox 3115 766 3318 808; x_wconf 89' lang='lat' dir='ltr'><strong>annum</strong></span> <span class='ocrx_word' id='word_1_242' title='bbox 3350 754 3511 812; x_wconf 79' lang='grc'>1075.</span> <span class='ocrx_word' id='word_1_243' title='bbox 3548 772 3606 813; x_wconf 89' lang='lat' dir='ltr'><strong>n.</strong></span> <span class='ocrx_word' id='word_1_244' title='bbox 3654 758 3748 815; x_wconf 79' lang='grc'>15.</span> 
     </span>
    </p>
   </div>
   <div class='ocr_carea' id='block_1_35' title="bbox 2164 841 3753 916">
    <p class='ocr_par' dir='ltr' id='par_1_35' title="bbox 2164 841 3753 916">
     <span class='ocr_line' id='line_1_35' title="bbox 2164 841 3753 916; baseline 0.006 -19"><span class='ocrx_word' id='word_1_245' title='bbox 2164 842 2230 897; x_wconf 88' lang='lat' dir='ltr'><strong>de</strong></span> <span class='ocrx_word' id='word_1_246' title='bbox 2255 841 2620 899; x_wconf 86' lang='lat' dir='ltr'><strong>Hildebrando</strong></span> <span class='ocrx_word' id='word_1_247' title='bbox 2662 842 2778 913; x_wconf 91' lang='lat' dir='ltr'><strong>jam</strong></span> <span class='ocrx_word' id='word_1_248' title='bbox 2819 842 2991 897; x_wconf 83' lang='lat' dir='ltr'><strong>electo</strong></span> <span class='ocrx_word' id='word_1_249' title='bbox 3024 841 3286 900; x_wconf 80' lang='lat' dir='ltr'><strong>Pontifice</strong></span> <span class='ocrx_word' id='word_1_250' title='bbox 3331 855 3575 916; x_wconf 88' lang='lat' dir='ltr'><strong>acturus,</strong></span> <span class='ocrx_word' id='word_1_251' title='bbox 3621 864 3753 906; x_wconf 88' lang='lat' dir='ltr'><strong>cum</strong></span> 
     </span>
    </p>
   </div>
   <div class='ocr_carea' id='block_1_36' title="bbox 2163 933 3756 1006">
    <p class='ocr_par' dir='ltr' id='par_1_36' title="bbox 2163 933 3756 1006">
     <span class='ocr_line' id='line_1_36' title="bbox 2163 933 3756 1006; baseline 0.007 -16"><span class='ocrx_word' id='word_1_252' title='bbox 2163 934 2391 990; x_wconf 79' lang='lat' dir='ltr'><strong>dixisset</strong></span> <span class='ocrx_word' id='word_1_253' title='bbox 2405 935 2551 1006; x_wconf 91' lang='lat' dir='ltr'><strong>quod</strong></span> <span class='ocrx_word' id='word_1_254' title='bbox 2593 953 2611 986; x_wconf 72' lang='grc' dir='ltr'><strong>ε</strong></span> <span class='ocrx_word' id='word_1_255' title='bbox 2637 934 2728 989; x_wconf 86' lang='lat' dir='ltr'><strong>alii</strong></span> <span class='ocrx_word' id='word_1_256' title='bbox 2752 933 3110 1002; x_wconf 87' lang='lat' dir='ltr'><strong>Soanensem,</strong></span> <span class='ocrx_word' id='word_1_257' title='bbox 3135 937 3228 992; x_wconf 92' lang='lat' dir='ltr'><strong>alii</strong></span> <span class='ocrx_word' id='word_1_258' title='bbox 3251 936 3548 998; x_wconf 82' lang='lat' dir='ltr'><strong>Senenscm</strong></span> <span class='ocrx_word' id='word_1_259' title='bbox 3572 941 3756 1001; x_wconf 85' lang='lat' dir='ltr'><strong>fuisse</strong></span> 
     </span>
    </p>
   </div>
   <div class='ocr_carea' id='block_1_37' title="bbox 2164 1025 3752 1097">
    <p class='ocr_par' dir='ltr' id='par_1_37' title="bbox 2164 1025 3752 1097">
     <span class='ocr_line' id='line_1_37' title="bbox 2164 1025 3752 1097; baseline 0.009 -18"><span class='ocrx_word' id='word_1_260' title='bbox 2164 1025 2427 1081; x_wconf 68' lang='lat' dir='ltr'><strong>tradunt:</strong></span> <span class='ocrx_word' id='word_1_261' title='bbox 2483 1025 2741 1097; x_wconf 89' lang='lat' dir='ltr'><strong>(quorum</strong></span> <span class='ocrx_word' id='word_1_262' title='bbox 2780 1027 3049 1083; x_wconf 86' lang='lat' dir='ltr'><strong>sententia</strong></span> <span class='ocrx_word' id='word_1_263' title='bbox 3090 1027 3250 1085; x_wconf 88' lang='lat' dir='ltr'><strong>facile</strong></span> <span class='ocrx_word' id='word_1_264' title='bbox 3282 1033 3596 1091; x_wconf 91' lang='lat' dir='ltr'><strong>conciliabit</strong></span> <span class='ocrx_word' id='word_1_265' title='bbox 3618 1052 3752 1093; x_wconf 87' lang='lat' dir='ltr'><strong>cum</strong></span> 
     </span>
    </p>
   </div>
   <div class='ocr_carea' id='block_1_38' title="bbox 2163 1116 3755 1191">
    <p class='ocr_par' dir='ltr' id='par_1_38' title="bbox 2163 1116 3755 1191">
     <span class='ocr_line' id='line_1_38' title="bbox 2163 1116 3755 1191; baseline 0.009 -20"><span class='ocrx_word' id='word_1_266' title='bbox 2163 1125 2385 1172; x_wconf 87' lang='lat' dir='ltr'><strong>auctore</strong></span> <span class='ocrx_word' id='word_1_267' title='bbox 2417 1116 2707 1173; x_wconf 86' lang='lat' dir='ltr'><strong>Fastorum</strong></span> <span class='ocrx_word' id='word_1_268' title='bbox 2756 1116 3100 1187; x_wconf 87' lang='lat' dir='ltr'><strong>Senensium,</strong></span> <span class='ocrx_word' id='word_1_269' title='bbox 3143 1121 3239 1191; x_wconf 89' lang='lat' dir='ltr'><strong>qui</strong></span> <span class='ocrx_word' id='word_1_270' title='bbox 3274 1121 3505 1182; x_wconf 87' lang='lat' dir='ltr'><strong>Senensi</strong></span> <span class='ocrx_word' id='word_1_271' title='bbox 3540 1127 3755 1185; x_wconf 81' lang='lat' dir='ltr'><strong>ditione</strong></span> 
     </span>
    </p>
   </div>
   <div class='ocr_carea' id='block_1_39' title="bbox 2165 1207 3747 1282">
    <p class='ocr_par' dir='ltr' id='par_1_39' title="bbox 2165 1207 3747 1282">
     <span class='ocr_line' id='line_1_39' title="bbox 2165 1207 3747 1282; baseline 0.007 -19"><span class='ocrx_word' id='word_1_272' title='bbox 2165 1207 2403 1264; x_wconf 87' lang='lat' dir='ltr'><strong>Soanam</strong></span> <span class='ocrx_word' id='word_1_273' title='bbox 2430 1209 2697 1265; x_wconf 87' lang='lat' dir='ltr'><strong>contineri</strong></span> <span class='ocrx_word' id='word_1_274' title='bbox 2720 1209 3024 1282; x_wconf 81' lang='lat' dir='ltr'><strong>intelliget),</strong></span> <span class='ocrx_word' id='word_1_275' title='bbox 3062 1230 3080 1262; x_wconf 78' lang='grc' dir='ltr'>ι</span> <span class='ocrx_word' id='word_1_276' title='bbox 3120 1212 3316 1269; x_wconf 85' lang='lat' dir='ltr'><strong>humili</strong></span> <span class='ocrx_word' id='word_1_277' title='bbox 3343 1216 3465 1272; x_wconf 89' lang='lat' dir='ltr'><strong>loco</strong></span> <span class='ocrx_word' id='word_1_278' title='bbox 3486 1227 3678 1276; x_wconf 88' lang='lat' dir='ltr'><strong>natum</strong></span> <span class='ocrx_word' id='word_1_279' title='bbox 3724 1240 3747 1274; x_wconf 73' lang='grc' dir='ltr'><strong><em>ι</em></strong></span> 
     </span>
    </p>
   </div>
   <div class='ocr_carea' id='block_1_40' title="bbox 2161 1300 3749 1383">
    <p class='ocr_par' dir='ltr' id='par_1_40' title="bbox 2161 1300 3749 1383">
     <span class='ocr_line' id='line_1_40' title="bbox 2161 1300 3749 1383; baseline 0.008 -28"><span class='ocrx_word' id='word_1_280' title='bbox 2161 1301 2378 1367; x_wconf 87' lang='lat' dir='ltr'><strong>asserit,</strong></span> <span class='ocrx_word' id='word_1_281' title='bbox 2411 1311 2638 1372; x_wconf 88' lang='lat' dir='ltr'><strong>parente</strong></span> <span class='ocrx_word' id='word_1_282' title='bbox 2688 1300 2886 1357; x_wconf 88' lang='lat' dir='ltr'><strong>fabro:</strong></span> <span class='ocrx_word' id='word_1_283' title='bbox 2936 1304 3082 1373; x_wconf 91' lang='lat' dir='ltr'><strong>quod</strong></span> <span class='ocrx_word' id='word_1_284' title='bbox 3140 1305 3473 1377; x_wconf 65' lang='lat' dir='ltr'><strong>ignominiae,</strong></span> <span class='ocrx_word' id='word_1_285' title='bbox 3518 1311 3701 1383; x_wconf 87' lang='lat' dir='ltr'><strong>inquit</strong></span> <span class='ocrx_word' id='word_1_286' title='bbox 3731 1354 3749 1380; x_wconf 90' lang='lat'><strong>,</strong></span> 
     </span>
    </p>
   </div>
   <div class='ocr_carea' id='block_1_41' title="bbox 2160 1393 3751 1470">
    <p class='ocr_par' dir='ltr' id='par_1_41' title="bbox 2160 1393 3751 1470">
     <span class='ocr_line' id='line_1_41' title="bbox 2160 1393 3751 1470; baseline 0.009 -23"><span class='ocrx_word' id='word_1_287' title='bbox 2160 1408 2328 1449; x_wconf 88' lang='lat' dir='ltr'><strong>causa</strong></span> <span class='ocrx_word' id='word_1_288' title='bbox 2374 1394 2718 1450; x_wconf 79' lang='lat' dir='ltr'><strong>adversarios</strong></span> <span class='ocrx_word' id='word_1_289' title='bbox 2761 1394 2812 1449; x_wconf 89' lang='lat' dir='ltr'><strong>ei</strong></span> <span class='ocrx_word' id='word_1_290' title='bbox 2850 1393 3117 1464; x_wconf 86' lang='lat' dir='ltr'><strong>objecisse</strong></span> <span class='ocrx_word' id='word_1_291' title='bbox 3167 1401 3563 1470; x_wconf 88' lang='lat' dir='ltr'><strong>comperimus;</strong></span> <span class='ocrx_word' id='word_1_292' title='bbox 3618 1419 3751 1461; x_wconf 89' lang='lat' dir='ltr'><strong>cum</strong></span> 
     </span>
    </p>
   </div>
   <div class='ocr_carea' id='block_1_42' title="bbox 2160 1484 3753 1561">
    <p class='ocr_par' dir='ltr' id='par_1_42' title="bbox 2160 1484 3753 1561">
     <span class='ocr_line' id='line_1_42' title="bbox 2160 1484 3753 1561; baseline 0.007 -21"><span class='ocrx_word' id='word_1_293' title='bbox 2160 1498 2224 1540; x_wconf 81' lang='lat' dir='ltr'><strong>ex</strong></span> <span class='ocrx_word' id='word_1_294' title='bbox 2239 1485 2340 1541; x_wconf 86' lang='lat' dir='ltr'><strong>hac</strong></span> <span class='ocrx_word' id='word_1_295' title='bbox 2360 1492 2515 1555; x_wconf 85' lang='lat' dir='ltr'><strong>parte</strong></span> <span class='ocrx_word' id='word_1_296' title='bbox 2532 1485 2706 1558; x_wconf 84' lang='lat' dir='ltr'><strong>magis</strong></span> <span class='ocrx_word' id='word_1_297' title='bbox 2726 1484 3033 1542; x_wconf 88' lang='lat' dir='ltr'><strong>laudandus</strong></span> <span class='ocrx_word' id='word_1_298' title='bbox 3052 1496 3218 1556; x_wconf 89' lang='lat' dir='ltr'><strong>esset,</strong></span> <span class='ocrx_word' id='word_1_299' title='bbox 3243 1492 3392 1561; x_wconf 89' lang='lat' dir='ltr'><strong>quod</strong></span> <span class='ocrx_word' id='word_1_300' title='bbox 3410 1493 3753 1551; x_wconf 87' lang='lat' dir='ltr'><strong>evidentiora</strong></span> 
     </span>
    </p>
   </div>
   <div class='ocr_carea' id='block_1_43' title="bbox 2161 1575 3758 1656">
    <p class='ocr_par' dir='ltr' id='par_1_43' title="bbox 2161 1575 3758 1656">
     <span class='ocr_line' id='line_1_43' title="bbox 2161 1575 3758 1656; baseline 0.007 -26"><span class='ocrx_word' id='word_1_301' title='bbox 2161 1575 2217 1630; x_wconf 91' lang='lat' dir='ltr'><strong>in</strong></span> <span class='ocrx_word' id='word_1_302' title='bbox 2244 1590 2310 1631; x_wconf 90' lang='lat' dir='ltr'><strong>eo</strong></span> <span class='ocrx_word' id='word_1_303' title='bbox 2331 1592 2399 1631; x_wconf 82' lang='lat' dir='ltr'><strong>ex</strong></span> <span class='ocrx_word' id='word_1_304' title='bbox 2422 1577 2509 1633; x_wconf 91' lang='lat' dir='ltr'><strong>his</strong></span> <span class='ocrx_word' id='word_1_305' title='bbox 2538 1577 2911 1636; x_wconf 86' lang='lat' dir='ltr'><strong>elucescerent</strong></span> <span class='ocrx_word' id='word_1_306' title='bbox 2937 1580 3052 1637; x_wconf 82' lang='lat' dir='ltr'><strong>veri</strong></span> <span class='ocrx_word' id='word_1_307' title='bbox 3080 1579 3435 1651; x_wconf 84' lang='lat' dir='ltr'><strong>Apostolatus</strong></span> <span class='ocrx_word' id='word_1_308' title='bbox 3455 1585 3651 1656; x_wconf 77' lang='lat' dir='ltr'><strong>signa;</strong></span> <span class='ocrx_word' id='word_1_309' title='bbox 3671 1587 3758 1641; x_wconf 89' lang='lat' dir='ltr'><strong>si-</strong></span> 
     </span>
    </p>
   </div>
   <div class='ocr_carea' id='block_1_44' title="bbox 2158 1667 3752 1739">
    <p class='ocr_par' dir='ltr' id='par_1_44' title="bbox 2158 1667 3752 1739">
     <span class='ocr_line' id='line_1_44' title="bbox 2158 1667 3752 1739; baseline 0.009 -19"><span class='ocrx_word' id='word_1_310' title='bbox 2158 1667 2377 1738; x_wconf 88' lang='lat' dir='ltr'><strong>quidem</strong></span> <span class='ocrx_word' id='word_1_311' title='bbox 2387 1667 2682 1739; x_wconf 86' lang='lat' dir='ltr'><strong>Apostolus</strong></span> <span class='ocrx_word' id='word_1_312' title='bbox 2700 1671 2875 1728; x_wconf 89' lang='lat' dir='ltr'><strong>dicat:</strong></span> <span class='ocrx_word' id='word_1_313' title='bbox 2902 1693 2922 1726; x_wconf 71' lang='lat' dir='ltr'><strong>c</strong></span> <span class='ocrx_word' id='word_1_314' title='bbox 2934 1673 3122 1729; x_wconf 82' lang='lat' dir='ltr'><strong>Videte</strong></span> <span class='ocrx_word' id='word_1_315' title='bbox 3132 1673 3280 1728; x_wconf 91' lang='lat' dir='ltr'><strong>enim</strong></span> <span class='ocrx_word' id='word_1_316' title='bbox 3294 1676 3637 1732; x_wconf 90' lang='lat' dir='ltr'><strong>vocationem</strong></span> <span class='ocrx_word' id='word_1_317' title='bbox 3647 1693 3752 1734; x_wconf 84' lang='lat' dir='ltr'><strong>ve-</strong></span> 
     </span>
    </p>
   </div>
   <div class='ocr_carea' id='block_1_45' title="bbox 2161 1759 3751 1837">
    <p class='ocr_par' dir='ltr' id='par_1_45' title="bbox 2161 1759 3751 1837">
     <span class='ocr_line' id='line_1_45' title="bbox 2161 1759 3751 1837; baseline 0.008 -23"><span class='ocrx_word' id='word_1_318' title='bbox 2161 1768 2362 1828; x_wconf 89' lang='lat' dir='ltr'><strong>stram,</strong></span> <span class='ocrx_word' id='word_1_319' title='bbox 2397 1759 2637 1830; x_wconf 88' lang='lat' dir='ltr'><strong>Fratres,</strong></span> <span class='ocrx_word' id='word_1_320' title='bbox 2670 1766 2933 1834; x_wconf 89' lang='lat' dir='ltr'><strong>quoniam</strong></span> <span class='ocrx_word' id='word_1_321' title='bbox 2975 1781 3086 1822; x_wconf 90' lang='lat' dir='ltr'><strong>non</strong></span> <span class='ocrx_word' id='word_1_322' title='bbox 3106 1766 3264 1820; x_wconf 90' lang='lat' dir='ltr'><strong>multi</strong></span> <span class='ocrx_word' id='word_1_323' title='bbox 3302 1775 3576 1837; x_wconf 91' lang='lat' dir='ltr'><strong>potentes,</strong></span> <span class='ocrx_word' id='word_1_324' title='bbox 3633 1785 3751 1827; x_wconf 90' lang='lat' dir='ltr'><strong>non</strong></span> 
     </span>
    </p>
   </div>
   <div class='ocr_carea' id='block_1_46' title="bbox 2160 1850 3748 1933">
    <p class='ocr_par' dir='ltr' id='par_1_46' title="bbox 2160 1850 3748 1933">
     <span class='ocr_line' id='line_1_46' title="bbox 2160 1850 3748 1933; baseline 0.008 -27"><span class='ocrx_word' id='word_1_325' title='bbox 2160 1850 2318 1906; x_wconf 89' lang='lat' dir='ltr'><strong>multi</strong></span> <span class='ocrx_word' id='word_1_326' title='bbox 2337 1852 2577 1921; x_wconf 88' lang='lat' dir='ltr'><strong>nobiles;</strong></span> <span class='ocrx_word' id='word_1_327' title='bbox 2604 1855 2832 1927; x_wconf 79' lang='lat' dir='ltr'><strong>sedqua:</strong></span> <span class='ocrx_word' id='word_1_328' title='bbox 2854 1858 3019 1913; x_wconf 89' lang='lat' dir='ltr'><strong>stulta</strong></span> <span class='ocrx_word' id='word_1_329' title='bbox 3044 1866 3172 1913; x_wconf 90' lang='lat' dir='ltr'><strong>sunt</strong></span> <span class='ocrx_word' id='word_1_330' title='bbox 3195 1859 3386 1914; x_wconf 86' lang='lat' dir='ltr'><strong>mundi</strong></span> <span class='ocrx_word' id='word_1_331' title='bbox 3405 1861 3748 1933; x_wconf 82' lang='lat' dir='ltr'><strong>elegitDeus,</strong></span> 
     </span>
    </p>
   </div>
   <div class='ocr_carea' id='block_1_47' title="bbox 2160 1941 3750 2024">
    <p class='ocr_par' dir='ltr' id='par_1_47' title="bbox 2160 1941 3750 2024">
     <span class='ocr_line' id='line_1_47' title="bbox 2160 1941 3750 2024; baseline 0.008 -27"><span class='ocrx_word' id='word_1_332' title='bbox 2160 1951 2222 1999; x_wconf 92' lang='lat' dir='ltr'><strong>ut</strong></span> <span class='ocrx_word' id='word_1_333' title='bbox 2242 1941 2542 2000; x_wconf 84' lang='lat' dir='ltr'><strong>confundat</strong></span> <span class='ocrx_word' id='word_1_334' title='bbox 2562 1944 2744 2015; x_wconf 85' lang='lat' dir='ltr'><strong>fortia,</strong></span> <span class='ocrx_word' id='word_1_335' title='bbox 2759 1948 3083 2019; x_wconf 86' lang='lat' dir='ltr'><strong>etignobilia</strong></span> <span class='ocrx_word' id='word_1_336' title='bbox 3093 1950 3281 2005; x_wconf 88' lang='lat' dir='ltr'><strong>mundi</strong></span> <span class='ocrx_word' id='word_1_337' title='bbox 3296 1954 3750 2024; x_wconf 84' lang='lat' dir='ltr'><strong>etcontemptibi-</strong></span> 
     </span>
    </p>
   </div>
   <div class='ocr_carea' id='block_1_48' title="bbox 2160 2034 3755 2115">
    <p class='ocr_par' dir='ltr' id='par_1_48' title="bbox 2160 2034 3755 2115">
     <span class='ocr_line' id='line_1_48' title="bbox 2160 2034 3755 2115; baseline 0.008 -26"><span class='ocrx_word' id='word_1_338' title='bbox 2160 2034 2233 2090; x_wconf 86' lang='lat' dir='ltr'><strong>lia</strong></span> <span class='ocrx_word' id='word_1_339' title='bbox 2245 2036 2407 2107; x_wconf 84' lang='lat' dir='ltr'><strong>elegit</strong></span> <span class='ocrx_word' id='word_1_340' title='bbox 2427 2035 2571 2093; x_wconf 90' lang='lat' dir='ltr'><strong>Deus</strong></span> <span class='ocrx_word' id='word_1_341' title='bbox 2586 2046 2641 2094; x_wconf 93' lang='lat' dir='ltr'><strong>et</strong></span> <span class='ocrx_word' id='word_1_342' title='bbox 2668 2054 2734 2095; x_wconf 86' lang='lat' dir='ltr'><strong>ea</strong></span> <span class='ocrx_word' id='word_1_343' title='bbox 2755 2055 2878 2111; x_wconf 70' lang='lat' dir='ltr'><strong>qua:</strong></span> <span class='ocrx_word' id='word_1_344' title='bbox 2898 2056 3005 2096; x_wconf 89' lang='lat' dir='ltr'><strong>non</strong></span> <span class='ocrx_word' id='word_1_345' title='bbox 3031 2050 3177 2109; x_wconf 88' lang='lat' dir='ltr'><strong>sunt,</strong></span> <span class='ocrx_word' id='word_1_346' title='bbox 3200 2051 3261 2098; x_wconf 93' lang='lat' dir='ltr'><strong>ut</strong></span> <span class='ocrx_word' id='word_1_347' title='bbox 3279 2058 3342 2099; x_wconf 89' lang='lat' dir='ltr'><strong>ea</strong></span> <span class='ocrx_word' id='word_1_348' title='bbox 3370 2060 3494 2115; x_wconf 67' lang='lat' dir='ltr'><strong>qua:</strong></span> <span class='ocrx_word' id='word_1_349' title='bbox 3510 2054 3640 2102; x_wconf 86' lang='lat' dir='ltr'><strong>sunt</strong></span> <span class='ocrx_word' id='word_1_350' title='bbox 3659 2047 3755 2102; x_wconf 84' lang='lat' dir='ltr'><strong>de-</strong></span> 
     </span>
    </p>
   </div>
   <div class='ocr_carea' id='block_1_49' title="bbox 2161 2132 3749 2210">
    <p class='ocr_par' dir='ltr' id='par_1_49' title="bbox 2161 2132 3749 2210">
     <span class='ocr_line' id='line_1_49' title="bbox 2161 2132 3749 2210; baseline 0.006 -26"><span class='ocrx_word' id='word_1_351' title='bbox 2161 2137 2416 2196; x_wconf 87' lang='lat' dir='ltr'><strong>strueret,</strong></span> <span class='ocrx_word' id='word_1_352' title='bbox 2434 2137 2495 2185; x_wconf 92' lang='lat' dir='ltr'><strong>ut</strong></span> <span class='ocrx_word' id='word_1_353' title='bbox 2504 2145 2614 2185; x_wconf 91' lang='lat' dir='ltr'><strong>non</strong></span> <span class='ocrx_word' id='word_1_354' title='bbox 2628 2132 3084 2203; x_wconf 45' lang='lat' dir='ltr'><strong>glorieturIomnis</strong></span> <span class='ocrx_word' id='word_1_355' title='bbox 3095 2150 3227 2191; x_wconf 88' lang='lat' dir='ltr'><strong>caro</strong></span> <span class='ocrx_word' id='word_1_356' title='bbox 3244 2136 3298 2191; x_wconf 91' lang='lat' dir='ltr'><strong>in</strong></span> <span class='ocrx_word' id='word_1_357' title='bbox 3312 2146 3610 2208; x_wconf 88' lang='lat' dir='ltr'><strong>conpsectu</strong></span> <span class='ocrx_word' id='word_1_358' title='bbox 3622 2139 3749 2210; x_wconf 87' lang='lat' dir='ltr'><strong>ejus</strong></span> 
     </span>
    </p>
   </div>
   <div class='ocr_carea' id='block_1_50' title="bbox 2162 2218 3752 2302">
    <p class='ocr_par' dir='ltr' id='par_1_50' title="bbox 2162 2218 3752 2302">
     <span class='ocr_line' id='line_1_50' title="bbox 2162 2218 3752 2302; baseline 0.009 -30"><span class='ocrx_word' id='word_1_359' title='bbox 2162 2218 2217 2291; x_wconf 90' lang='grc' dir='ltr'><strong>(Ι</strong></span> <span class='ocrx_word' id='word_1_360' title='bbox 2251 2218 2375 2275; x_wconf 85' lang='lat' dir='ltr'><strong>Cor.</strong></span> <span class='ocrx_word' id='word_1_361' title='bbox 2401 2223 2779 2295; x_wconf 75' lang='lat' dir='ltr'><strong>xxv1,27,28).</strong></span> <span class='ocrx_word' id='word_1_362' title='bbox 2812 2243 2832 2277; x_wconf 70' lang='grc' dir='ltr'><strong>ο</strong></span> <span class='ocrx_word' id='word_1_363' title='bbox 2868 2223 2994 2282; x_wconf 81' lang='lat' dir='ltr'><strong>Haec</strong></span> <span class='ocrx_word' id='word_1_364' title='bbox 3016 2226 3343 2297; x_wconf 82' lang='lat' dir='ltr'><strong>Apostolus;</strong></span> <span class='ocrx_word' id='word_1_365' title='bbox 3375 2244 3501 2285; x_wconf 89' lang='lat' dir='ltr'><strong>cum</strong></span> <span class='ocrx_word' id='word_1_366' title='bbox 3534 2230 3752 2302; x_wconf 84' lang='lat' dir='ltr'><strong>aliquot</strong></span> 
     </span>
    </p>
   </div>
   <div class='ocr_carea' id='block_1_51' title="bbox 2161 2312 3749 2386">
    <p class='ocr_par' dir='ltr' id='par_1_51' title="bbox 2161 2312 3749 2386">
     <span class='ocr_line' id='line_1_51' title="bbox 2161 2312 3749 2386; baseline 0.007 -20"><span class='ocrx_word' id='word_1_367' title='bbox 2161 2312 2394 2381; x_wconf 88' lang='lat' dir='ltr'><strong>superbe</strong></span> <span class='ocrx_word' id='word_1_368' title='bbox 2413 2314 2580 2371; x_wconf 89' lang='lat' dir='ltr'><strong>nimis</strong></span> <span class='ocrx_word' id='word_1_369' title='bbox 2611 2325 2835 2386; x_wconf 90' lang='lat' dir='ltr'><strong>respuat</strong></span> <span class='ocrx_word' id='word_1_370' title='bbox 2863 2317 3139 2375; x_wconf 89' lang='lat' dir='ltr'><strong>humanus</strong></span> <span class='ocrx_word' id='word_1_371' title='bbox 3164 2317 3341 2376; x_wconf 89' lang='lat' dir='ltr'><strong>fastus</strong></span> <span class='ocrx_word' id='word_1_372' title='bbox 3364 2322 3516 2376; x_wconf 89' lang='lat' dir='ltr'><strong>illum</strong></span> <span class='ocrx_word' id='word_1_373' title='bbox 3543 2324 3749 2378; x_wconf 87' lang='lat' dir='ltr'><strong>natalis</strong></span> 
     </span>
    </p>
   </div>
   <div class='ocr_carea' id='block_1_52' title="bbox 2160 2403 3749 2476">
    <p class='ocr_par' dir='ltr' id='par_1_52' title="bbox 2160 2403 3749 2476">
     <span class='ocr_line' id='line_1_52' title="bbox 2160 2403 3749 2476; baseline 0.008 -18"><span class='ocrx_word' id='word_1_374' title='bbox 2160 2403 2400 2472; x_wconf 90' lang='lat' dir='ltr'><strong>titulum,</strong></span> <span class='ocrx_word' id='word_1_375' title='bbox 2445 2421 2556 2476; x_wconf 90' lang='lat' dir='ltr'><strong>quo</strong></span> <span class='ocrx_word' id='word_1_376' title='bbox 2589 2406 2734 2463; x_wconf 89' lang='lat' dir='ltr'><strong>Deus</strong></span> <span class='ocrx_word' id='word_1_377' title='bbox 2759 2407 2957 2463; x_wconf 88' lang='lat' dir='ltr'><strong>Filium</strong></span> <span class='ocrx_word' id='word_1_378' title='bbox 3006 2425 3168 2465; x_wconf 91' lang='lat' dir='ltr'><strong>suum</strong></span> <span class='ocrx_word' id='word_1_379' title='bbox 3210 2427 3429 2468; x_wconf 89' lang='lat' dir='ltr'><strong>omnem</strong></span> <span class='ocrx_word' id='word_1_380' title='bbox 3464 2414 3749 2469; x_wconf 83' lang='lat' dir='ltr'><strong>hominem</strong></span> 
     </span>
    </p>
   </div>
   <div class='ocr_carea' id='block_1_53' title="bbox 2161 2495 3747 2572">
    <p class='ocr_par' dir='ltr' id='par_1_53' title="bbox 2161 2495 3747 2572">
     <span class='ocr_line' id='line_1_53' title="bbox 2161 2495 3747 2572; baseline 0.008 -21"><span class='ocrx_word' id='word_1_381' title='bbox 2161 2495 2367 2552; x_wconf 89' lang='lat' dir='ltr'><strong>factum</strong></span> <span class='ocrx_word' id='word_1_382' title='bbox 2387 2499 2560 2554; x_wconf 88' lang='lat' dir='ltr'><strong>voluit</strong></span> <span class='ocrx_word' id='word_1_383' title='bbox 2586 2500 2869 2572; x_wconf 84' lang='lat' dir='ltr'><strong>insignire,</strong></span> <span class='ocrx_word' id='word_1_384' title='bbox 2895 2508 2955 2557; x_wconf 91' lang='lat' dir='ltr'><strong>ut</strong></span> <span class='ocrx_word' id='word_1_385' title='bbox 2982 2500 3122 2557; x_wconf 88' lang='lat' dir='ltr'><strong>fabri</strong></span> <span class='ocrx_word' id='word_1_386' title='bbox 3145 2503 3289 2561; x_wconf 85' lang='lat' dir='ltr'><strong>lilius</strong></span> <span class='ocrx_word' id='word_1_387' title='bbox 3311 2505 3602 2561; x_wconf 90' lang='lat' dir='ltr'><strong>diceretur.</strong></span> <span class='ocrx_word' id='word_1_388' title='bbox 3629 2507 3747 2563; x_wconf 77' lang='lat' dir='ltr'><strong>Ad-</strong></span> 
     </span>
    </p>
   </div>
   <div class='ocr_carea' id='block_1_54' title="bbox 2160 2588 3753 2668">
    <p class='ocr_par' dir='ltr' id='par_1_54' title="bbox 2160 2588 3753 2668">
     <span class='ocr_line' id='line_1_54' title="bbox 2160 2588 3753 2668; baseline 0.007 -24"><span class='ocrx_word' id='word_1_389' title='bbox 2160 2588 2299 2644; x_wconf 86' lang='lat' dir='ltr'><strong>dunt</strong></span> <span class='ocrx_word' id='word_1_390' title='bbox 2323 2605 2454 2646; x_wconf 86' lang='lat' dir='ltr'><strong>vero</strong></span> <span class='ocrx_word' id='word_1_391' title='bbox 2478 2590 2582 2646; x_wconf 90' lang='lat' dir='ltr'><strong>ista</strong></span> <span class='ocrx_word' id='word_1_392' title='bbox 2601 2592 2667 2647; x_wconf 92' lang='lat' dir='ltr'><strong>de</strong></span> <span class='ocrx_word' id='word_1_393' title='bbox 2695 2592 2835 2648; x_wconf 87' lang='lat' dir='ltr'><strong>fabri</strong></span> <span class='ocrx_word' id='word_1_394' title='bbox 2875 2593 3007 2660; x_wconf 85' lang='lat' dir='ltr'><strong>lilio,</strong></span> <span class='ocrx_word' id='word_1_395' title='bbox 3036 2596 3203 2666; x_wconf 89' lang='lat' dir='ltr'><strong>quod,</strong></span> <span class='ocrx_word' id='word_1_396' title='bbox 3227 2612 3353 2652; x_wconf 90' lang='lat' dir='ltr'><strong>cum</strong></span> <span class='ocrx_word' id='word_1_397' title='bbox 3378 2613 3513 2668; x_wconf 90' lang='lat' dir='ltr'><strong>puer</strong></span> <span class='ocrx_word' id='word_1_398' title='bbox 3534 2599 3753 2655; x_wconf 88' lang='lat' dir='ltr'><strong>luderet</strong></span> 
     </span>
    </p>
   </div>
   <div class='ocr_carea' id='block_1_55' title="bbox 2161 2681 3748 2759">
    <p class='ocr_par' dir='ltr' id='par_1_55' title="bbox 2161 2681 3748 2759">
     <span class='ocr_line' id='line_1_55' title="bbox 2161 2681 3748 2759; baseline 0.008 -24"><span class='ocrx_word' id='word_1_399' title='bbox 2161 2681 2227 2736; x_wconf 90' lang='lat' dir='ltr'><strong>ad</strong></span> <span class='ocrx_word' id='word_1_400' title='bbox 2259 2681 2423 2752; x_wconf 87' lang='lat' dir='ltr'><strong>pedes</strong></span> <span class='ocrx_word' id='word_1_401' title='bbox 2446 2682 2640 2753; x_wconf 89' lang='lat' dir='ltr'><strong>patris,</strong></span> <span class='ocrx_word' id='word_1_402' title='bbox 2683 2684 2828 2754; x_wconf 89' lang='lat' dir='ltr'><strong>ligna</strong></span> <span class='ocrx_word' id='word_1_403' title='bbox 2862 2685 3130 2754; x_wconf 88' lang='lat' dir='ltr'><strong>dolantis;</strong></span> <span class='ocrx_word' id='word_1_404' title='bbox 3182 2702 3249 2743; x_wconf 86' lang='lat' dir='ltr'><strong>ex</strong></span> <span class='ocrx_word' id='word_1_405' title='bbox 3284 2690 3608 2759; x_wconf 88' lang='lat' dir='ltr'><strong>rejectaneis</strong></span> <span class='ocrx_word' id='word_1_406' title='bbox 3653 2708 3748 2747; x_wconf 88' lang='lat' dir='ltr'><strong>se-</strong></span> 
     </span>
    </p>
   </div>
   <div class='ocr_carea' id='block_1_56' title="bbox 2161 2774 3748 2844">
    <p class='ocr_par' dir='ltr' id='par_1_56' title="bbox 2161 2774 3748 2844">
     <span class='ocr_line' id='line_1_56' title="bbox 2161 2774 3748 2844; baseline 0.006 -17"><span class='ocrx_word' id='word_1_407' title='bbox 2161 2774 2414 2844; x_wconf 84' lang='lat' dir='ltr'><strong>gmentis,</strong></span> <span class='ocrx_word' id='word_1_408' title='bbox 2437 2789 2562 2829; x_wconf 88' lang='lat' dir='ltr'><strong>cum</strong></span> <span class='ocrx_word' id='word_1_409' title='bbox 2574 2775 2810 2831; x_wconf 89' lang='lat' dir='ltr'><strong>nesciret</strong></span> <span class='ocrx_word' id='word_1_410' title='bbox 2831 2776 3059 2843; x_wconf 86' lang='lat' dir='ltr'><strong>litteras,</strong></span> <span class='ocrx_word' id='word_1_411' title='bbox 3077 2794 3208 2834; x_wconf 88' lang='lat' dir='ltr'><strong>casu</strong></span> <span class='ocrx_word' id='word_1_412' title='bbox 3223 2780 3489 2837; x_wconf 86' lang='lat' dir='ltr'><strong>elementa</strong></span> <span class='ocrx_word' id='word_1_413' title='bbox 3511 2782 3603 2837; x_wconf 91' lang='lat' dir='ltr'><strong>illa</strong></span> <span class='ocrx_word' id='word_1_414' title='bbox 3624 2781 3748 2839; x_wconf 86' lang='lat' dir='ltr'><strong>for-</strong></span> 
     </span>
    </p>
   </div>
   <div class='ocr_carea' id='block_1_57' title="bbox 2162 2865 3749 2937">
    <p class='ocr_par' dir='ltr' id='par_1_57' title="bbox 2162 2865 3749 2937">
     <span class='ocr_line' id='line_1_57' title="bbox 2162 2865 3749 2937; baseline 0.008 -19"><span class='ocrx_word' id='word_1_415' title='bbox 2162 2865 2327 2919; x_wconf 87' lang='lat' dir='ltr'><strong>marit</strong></span> <span class='ocrx_word' id='word_1_416' title='bbox 2375 2865 2577 2935; x_wconf 83' lang='lat' dir='ltr'><strong>quibus</strong></span> <span class='ocrx_word' id='word_1_417' title='bbox 2607 2865 2769 2920; x_wconf 88' lang='lat' dir='ltr'><strong>simul</strong></span> <span class='ocrx_word' id='word_1_418' title='bbox 2796 2867 3107 2937; x_wconf 88' lang='lat' dir='ltr'><strong>conjunctis</strong></span> <span class='ocrx_word' id='word_1_419' title='bbox 3133 2870 3266 2926; x_wconf 87' lang='lat' dir='ltr'><strong>illud</strong></span> <span class='ocrx_word' id='word_1_420' title='bbox 3303 2871 3627 2930; x_wconf 88' lang='lat' dir='ltr'><strong>Davidicum</strong></span> <span class='ocrx_word' id='word_1_421' title='bbox 3647 2891 3749 2931; x_wconf 77' lang='lat' dir='ltr'><strong>ex-</strong></span> 
     </span>
    </p>
   </div>
   <div class='ocr_carea' id='block_1_58' title="bbox 2161 2955 3749 3037">
    <p class='ocr_par' dir='ltr' id='par_1_58' title="bbox 2161 2955 3749 3037">
     <span class='ocr_line' id='line_1_58' title="bbox 2161 2955 3749 3037; baseline 0.009 -28"><span class='ocrx_word' id='word_1_422' title='bbox 2161 2955 2492 3026; x_wconf 87' lang='lat' dir='ltr'><strong>primeretur</strong></span> <span class='ocrx_word' id='word_1_423' title='bbox 2512 2958 2828 3014; x_wconf 87' lang='lat' dir='ltr'><strong>oraculum:</strong></span> <span class='ocrx_word' id='word_1_424' title='bbox 2860 2958 3241 3016; x_wconf 89' lang='lat' dir='ltr'><strong>Dominabitur</strong></span> <span class='ocrx_word' id='word_1_425' title='bbox 3255 2978 3285 3017; x_wconf 89' lang='lat' dir='ltr'><strong>a</strong></span> <span class='ocrx_word' id='word_1_426' title='bbox 3309 2965 3448 3019; x_wconf 91' lang='lat' dir='ltr'><strong>mari</strong></span> <span class='ocrx_word' id='word_1_427' title='bbox 3475 2982 3653 3037; x_wconf 90' lang='lat' dir='ltr'><strong>usque</strong></span> <span class='ocrx_word' id='word_1_428' title='bbox 3676 2969 3749 3023; x_wconf 83' lang='lat' dir='ltr'><strong>ad</strong></span> 
     </span>
    </p>
   </div>
   <div class='ocr_carea' id='block_1_59' title="bbox 471 3048 3746 3128">
    <p class='ocr_par' dir='ltr' id='par_1_59' title="bbox 471 3048 3746 3128">
     <span class='ocr_line' id='line_1_59' title="bbox 471 3048 3746 3128; baseline 0.002 -18"><span class='ocrx_word' id='word_1_429' title='bbox 471 3057 567 3126; x_wconf 86' lang='lat' dir='ltr'><strong>qui</strong></span> <span class='ocrx_word' id='word_1_430' title='bbox 589 3055 788 3111; x_wconf 88' lang='lat' dir='ltr'><strong>Comes</strong></span> <span class='ocrx_word' id='word_1_431' title='bbox 826 3055 1125 3111; x_wconf 87' lang='lat' dir='ltr'><strong>Soanensis</strong></span> <span class='ocrx_word' id='word_1_432' title='bbox 1163 3055 1329 3111; x_wconf 86' lang='lat' dir='ltr'><strong>simul</strong></span> <span class='ocrx_word' id='word_1_433' title='bbox 1360 3065 1416 3111; x_wconf 92' lang='lat' dir='ltr'><strong>et</strong></span> <span class='ocrx_word' id='word_1_434' title='bbox 1439 3055 1656 3112; x_wconf 63' lang='lat' dir='ltr'><strong>Tuscia:</strong></span> <span class='ocrx_word' id='word_1_435' title='bbox 1675 3055 1940 3125; x_wconf 85' lang='lat' dir='ltr'><strong>Marchio,</strong></span> <span class='ocrx_word' id='word_1_436' title='bbox 1969 3074 2061 3128; x_wconf 86' lang='lat' dir='ltr'><strong>ge-</strong></span> <span class='ocrx_word' id='word_1_437' title='bbox 2086 3062 2129 3119; x_wconf 89' lang='lat' dir='ltr'><strong>C</strong></span> <span class='ocrx_word' id='word_1_438' title='bbox 2163 3064 2315 3104; x_wconf 73' lang='lat' dir='ltr'><strong>mare</strong></span> <span class='ocrx_word' id='word_1_439' title='bbox 2350 3048 2475 3121; x_wconf 72' lang='grc' dir='ltr'><strong>(Ρεο</strong></span> <span class='ocrx_word' id='word_1_440' title='bbox 2526 3065 2697 3117; x_wconf 72' lang='lat' dir='ltr'><strong>LXXII.</strong></span> <span class='ocrx_word' id='word_1_441' title='bbox 2743 3050 2777 3105; x_wconf 83' lang='grc'>8</span> <span class='ocrx_word' id='word_1_442' title='bbox 2791 3051 2845 3121; x_wconf 89' lang='grc'><strong>);</strong></span> <span class='ocrx_word' id='word_1_443' title='bbox 2896 3067 3006 3123; x_wconf 88' lang='lat' dir='ltr'><strong>quo</strong></span> <span class='ocrx_word' id='word_1_444' title='bbox 3047 3053 3464 3124; x_wconf 74' lang='lat' dir='ltr'><strong>signiﬁcaretur,</strong></span> <span class='ocrx_word' id='word_1_445' title='bbox 3516 3075 3746 3115; x_wconf 87' lang='lat' dir='ltr'><strong>manum</strong></span> 
     </span>
    </p>
   </div>
   <div class='ocr_carea' id='block_1_60' title="bbox 472 3146 2056 3212">
    <p class='ocr_par' dir='ltr' id='par_1_60' title="bbox 472 3146 2056 3212">
     <span class='ocr_line' id='line_1_60' title="bbox 472 3146 2056 3212; baseline 0.002 -11"><span class='ocrx_word' id='word_1_446' title='bbox 472 3149 654 3204; x_wconf 88' lang='lat' dir='ltr'><strong>nuerit</strong></span> <span class='ocrx_word' id='word_1_447' title='bbox 673 3146 892 3212; x_wconf 81' lang='lat' dir='ltr'><strong>Villam,</strong></span> <span class='ocrx_word' id='word_1_448' title='bbox 918 3154 1149 3202; x_wconf 87' lang='lat' dir='ltr'><strong>matrem</strong></span> <span class='ocrx_word' id='word_1_449' title='bbox 1166 3148 1223 3202; x_wconf 91' lang='lat' dir='ltr'><strong>S.</strong></span> <span class='ocrx_word' id='word_1_450' title='bbox 1253 3147 1483 3204; x_wconf 85' lang='lat' dir='ltr'><strong>Joannis</strong></span> <span class='ocrx_word' id='word_1_451' title='bbox 1506 3147 1786 3204; x_wconf 87' lang='lat' dir='ltr'><strong>Gualberti</strong></span> <span class='ocrx_word' id='word_1_452' title='bbox 1809 3148 2056 3205; x_wconf 89' lang='lat' dir='ltr'><strong>Vallum-</strong></span> 
     </span>
    </p>
   </div>
   <div class='ocr_carea' id='block_1_61' title="bbox 470 3237 2052 3304">
    <p class='ocr_par' dir='ltr' id='par_1_61' title="bbox 470 3237 2052 3304">
     <span class='ocr_line' id='line_1_61' title="bbox 470 3237 2052 3304; baseline -0.003 -9"><span class='ocrx_word' id='word_1_453' title='bbox 470 3241 838 3295; x_wconf 87' lang='lat' dir='ltr'><strong>brosanorum</strong></span> <span class='ocrx_word' id='word_1_454' title='bbox 879 3237 1245 3304; x_wconf 90' lang='lat' dir='ltr'><strong>Fundatoris;</strong></span> <span class='ocrx_word' id='word_1_455' title='bbox 1281 3246 1336 3292; x_wconf 91' lang='lat' dir='ltr'><strong>et</strong></span> <span class='ocrx_word' id='word_1_456' title='bbox 1376 3237 1732 3304; x_wconf 85' lang='lat' dir='ltr'><strong>Bonizonem,</strong></span> <span class='ocrx_word' id='word_1_457' title='bbox 1760 3252 1906 3292; x_wconf 90' lang='lat' dir='ltr'><strong>anno</strong></span> <span class='ocrx_word' id='word_1_458' title='bbox 1928 3238 2052 3296; x_wconf 88' lang='lat'><strong>979.</strong></span> 
     </span>
    </p>
   </div>
   <div class='ocr_carea' id='block_1_62' title="bbox 472 3326 2052 3398">
    <p class='ocr_par' dir='ltr' id='par_1_62' title="bbox 472 3326 2052 3398">
     <span class='ocr_line' id='line_1_62' title="bbox 472 3326 2052 3398; baseline -0.002 -13"><span class='ocrx_word' id='word_1_459' title='bbox 472 3329 741 3385; x_wconf 89' lang='lat' dir='ltr'><strong>Comitem</strong></span> <span class='ocrx_word' id='word_1_460' title='bbox 789 3328 1196 3383; x_wconf 88' lang='lat' dir='ltr'><strong>Pitaliciensem</strong></span> <span class='ocrx_word' id='word_1_461' title='bbox 1234 3342 1299 3383; x_wconf 90' lang='lat' dir='ltr'><strong>ac</strong></span> <span class='ocrx_word' id='word_1_462' title='bbox 1348 3326 1706 3393; x_wconf 89' lang='lat' dir='ltr'><strong>Soanensem,</strong></span> <span class='ocrx_word' id='word_1_463' title='bbox 1748 3336 1955 3398; x_wconf 83' lang='lat' dir='ltr'><strong>patrem</strong></span> <span class='ocrx_word' id='word_1_464' title='bbox 1992 3326 2052 3382; x_wconf 88' lang='lat' dir='ltr'><strong>S.</strong></span> 
     </span>
    </p>
   </div>
   <div class='ocr_carea' id='block_1_63' title="bbox 468 3417 2058 3492">
    <p class='ocr_par' dir='ltr' id='par_1_63' title="bbox 468 3417 2058 3492">
     <span class='ocr_line' id='line_1_63' title="bbox 468 3417 2058 3492; baseline -0.003 -14"><span class='ocrx_word' id='word_1_465' title='bbox 468 3421 720 3492; x_wconf 86' lang='lat' dir='ltr'><strong>Gregorii</strong></span> <span class='ocrx_word' id='word_1_466' title='bbox 749 3419 911 3490; x_wconf 78' lang='lat' dir='ltr'><strong>Papa:</strong></span> <span class='ocrx_word' id='word_1_467' title='bbox 938 3418 1050 3487; x_wconf 83' lang='lat' dir='ltr'><strong>VII,</strong></span> <span class='ocrx_word' id='word_1_468' title='bbox 1082 3419 1218 3475; x_wconf 89' lang='lat' dir='ltr'><strong>adeo</strong></span> <span class='ocrx_word' id='word_1_469' title='bbox 1247 3425 1309 3473; x_wconf 91' lang='lat' dir='ltr'><strong>ut</strong></span> <span class='ocrx_word' id='word_1_470' title='bbox 1341 3418 1660 3473; x_wconf 90' lang='lat' dir='ltr'><strong>consobrini</strong></span> <span class='ocrx_word' id='word_1_471' title='bbox 1685 3419 1827 3473; x_wconf 87' lang='lat' dir='ltr'><strong>inter</strong></span> <span class='ocrx_word' id='word_1_472' title='bbox 1846 3417 2058 3474; x_wconf 87' lang='lat' dir='ltr'><strong>fuerint</strong></span> 
     </span>
    </p>
   </div>
   <div class='ocr_carea' id='block_1_64' title="bbox 472 3507 2056 3581">
    <p class='ocr_par' dir='ltr' id='par_1_64' title="bbox 472 3507 2056 3581">
     <span class='ocr_line' id='line_1_64' title="bbox 472 3507 2056 3581; baseline -0.003 -10"><span class='ocrx_word' id='word_1_473' title='bbox 472 3514 647 3572; x_wconf 86' lang='lat' dir='ltr'><strong>sancti</strong></span> <span class='ocrx_word' id='word_1_474' title='bbox 669 3515 815 3568; x_wconf 89' lang='lat' dir='ltr'><strong>illius</strong></span> <span class='ocrx_word' id='word_1_475' title='bbox 845 3514 975 3578; x_wconf 92' lang='lat' dir='ltr'><strong>duo,</strong></span> <span class='ocrx_word' id='word_1_476' title='bbox 1005 3510 1190 3567; x_wconf 81' lang='lat' dir='ltr'><strong>Abhas</strong></span> <span class='ocrx_word' id='word_1_477' title='bbox 1213 3517 1268 3564; x_wconf 88' lang='lat' dir='ltr'><strong>et</strong></span> <span class='ocrx_word' id='word_1_478' title='bbox 1287 3509 1561 3564; x_wconf 82' lang='lat' dir='ltr'><strong>Pontifex.</strong></span> <span class='ocrx_word' id='word_1_479' title='bbox 1582 3507 1661 3563; x_wconf 87' lang='lat' dir='ltr'><strong>Ex</strong></span> <span class='ocrx_word' id='word_1_480' title='bbox 1676 3510 1867 3565; x_wconf 89' lang='lat' dir='ltr'><strong>eodem</strong></span> <span class='ocrx_word' id='word_1_481' title='bbox 1888 3526 2056 3581; x_wconf 88' lang='lat' dir='ltr'><strong>porro</strong></span> 
     </span>
    </p>
   </div>
   <div class='ocr_carea' id='block_1_65' title="bbox 471 3598 2055 3668">
    <p class='ocr_par' dir='ltr' id='par_1_65' title="bbox 471 3598 2055 3668">
     <span class='ocr_line' id='line_1_65' title="bbox 471 3598 2055 3668; baseline -0.003 -7"><span class='ocrx_word' id='word_1_482' title='bbox 471 3606 748 3661; x_wconf 86' lang='lat' dir='ltr'><strong>Bonizone</strong></span> <span class='ocrx_word' id='word_1_483' title='bbox 774 3603 1087 3658; x_wconf 90' lang='lat' dir='ltr'><strong>Petraccius</strong></span> <span class='ocrx_word' id='word_1_484' title='bbox 1113 3600 1245 3656; x_wconf 89' lang='lat' dir='ltr'><strong>facit</strong></span> <span class='ocrx_word' id='word_1_485' title='bbox 1274 3600 1429 3656; x_wconf 89' lang='lat' dir='ltr'><strong>nasci</strong></span> <span class='ocrx_word' id='word_1_486' title='bbox 1457 3598 1821 3668; x_wconf 90' lang='lat' dir='ltr'><strong>Desiderium,</strong></span> <span class='ocrx_word' id='word_1_487' title='bbox 1865 3601 2055 3657; x_wconf 84' lang='lat' dir='ltr'><strong>Comi-</strong></span> 
     </span>
    </p>
   </div>
   <div class='ocr_carea' id='block_1_66' title="bbox 470 3690 2055 3765">
    <p class='ocr_par' dir='ltr' id='par_1_66' title="bbox 470 3690 2055 3765">
     <span class='ocr_line' id='line_1_66' title="bbox 470 3690 2055 3765; baseline -0.003 -11"><span class='ocrx_word' id='word_1_488' title='bbox 470 3708 582 3753; x_wconf 89' lang='lat' dir='ltr'><strong>tem</strong></span> <span class='ocrx_word' id='word_1_489' title='bbox 620 3697 975 3761; x_wconf 88' lang='lat' dir='ltr'><strong>Soanensem,</strong></span> <span class='ocrx_word' id='word_1_490' title='bbox 999 3696 1031 3749; x_wconf 85' lang='lat' dir='ltr'><strong>a</strong></span> <span class='ocrx_word' id='word_1_491' title='bbox 1051 3707 1161 3764; x_wconf 91' lang='lat' dir='ltr'><strong>quo</strong></span> <span class='ocrx_word' id='word_1_492' title='bbox 1187 3693 1403 3765; x_wconf 83' lang='lat' dir='ltr'><strong>genitus</strong></span> <span class='ocrx_word' id='word_1_493' title='bbox 1429 3692 1503 3747; x_wconf 89' lang='lat' dir='ltr'><strong>sit</strong></span> <span class='ocrx_word' id='word_1_494' title='bbox 1530 3690 1725 3747; x_wconf 90' lang='lat' dir='ltr'><strong>Petrus</strong></span> <span class='ocrx_word' id='word_1_495' title='bbox 1765 3691 1961 3764; x_wconf 82' lang='lat' dir='ltr'><strong>lgneus</strong></span> <span class='ocrx_word' id='word_1_496' title='bbox 1988 3710 2055 3749; x_wconf 88' lang='lat' dir='ltr'><strong>ex</strong></span> 
     </span>
    </p>
   </div>
   <div class='ocr_carea' id='block_1_67' title="bbox 469 3782 2055 3853">
    <p class='ocr_par' dir='ltr' id='par_1_67' title="bbox 469 3782 2055 3853">
     <span class='ocr_line' id='line_1_67' title="bbox 469 3782 2055 3853; baseline -0.004 -6"><span class='ocrx_word' id='word_1_497' title='bbox 469 3790 675 3847; x_wconf 87' lang='lat' dir='ltr'><strong>Ordine</strong></span> <span class='ocrx_word' id='word_1_498' title='bbox 730 3787 1188 3853; x_wconf 88' lang='lat' dir='ltr'><strong>Vallumbrosano</strong></span> <span class='ocrx_word' id='word_1_499' title='bbox 1229 3784 1559 3851; x_wconf 84' lang='lat' dir='ltr'><strong>Cardinalis,</strong></span> <span class='ocrx_word' id='word_1_500' title='bbox 1613 3782 1905 3841; x_wconf 89' lang='lat' dir='ltr'><strong>defunctus</strong></span> <span class='ocrx_word' id='word_1_501' title='bbox 1952 3802 2055 3841; x_wconf 88' lang='lat' dir='ltr'><strong>an-</strong></span> 
     </span>
    </p>
   </div>
   <div class='ocr_carea' id='block_1_68' title="bbox 472 3878 2051 3946">
    <p class='ocr_par' dir='ltr' id='par_1_68' title="bbox 472 3878 2051 3946">
     <span class='ocr_line' id='line_1_68' title="bbox 472 3878 2051 3946; baseline -0.002 -9"><span class='ocrx_word' id='word_1_502' title='bbox 472 3898 547 3938; x_wconf 89' lang='lat' dir='ltr'><strong>no</strong></span> <span class='ocrx_word' id='word_1_503' title='bbox 578 3881 736 3936; x_wconf 85' lang='grc'>1078.</span> <span class='ocrx_word' id='word_1_504' title='bbox 768 3880 857 3934; x_wconf 91' lang='lat' dir='ltr'><strong>die</strong></span> <span class='ocrx_word' id='word_1_505' title='bbox 879 3880 913 3934; x_wconf 89' lang='lat'><strong>8</strong></span> <span class='ocrx_word' id='word_1_506' title='bbox 938 3878 1252 3946; x_wconf 83' lang='lat' dir='ltr'><strong>Februarii;</strong></span> <span class='ocrx_word' id='word_1_507' title='bbox 1295 3887 1352 3933; x_wconf 91' lang='lat' dir='ltr'><strong>et</strong></span> <span class='ocrx_word' id='word_1_508' title='bbox 1392 3878 1764 3946; x_wconf 87' lang='lat' dir='ltr'><strong>Aldobranda,</strong></span> <span class='ocrx_word' id='word_1_509' title='bbox 1800 3886 1977 3934; x_wconf 88' lang='lat' dir='ltr'><strong>mater</strong></span> <span class='ocrx_word' id='word_1_510' title='bbox 1994 3878 2051 3935; x_wconf 92' lang='lat' dir='ltr'><strong>S.</strong></span> 
     </span>
    </p>
   </div>
   <div class='ocr_carea' id='block_1_69' title="bbox 475 3968 2057 4043">
    <p class='ocr_par' dir='ltr' id='par_1_69' title="bbox 475 3968 2057 4043">
     <span class='ocr_line' id='line_1_69' title="bbox 475 3968 2057 4043; baseline -0.001 -15"><span class='ocrx_word' id='word_1_511' title='bbox 475 3973 758 4039; x_wconf 73' lang='lat' dir='ltr'><strong>Bel-nardi,</strong></span> <span class='ocrx_word' id='word_1_512' title='bbox 778 3987 847 4027; x_wconf 85' lang='lat' dir='ltr'><strong>ex</strong></span> <span class='ocrx_word' id='word_1_513' title='bbox 881 3970 1073 4026; x_wconf 83' lang='lat' dir='ltr'><strong>eodem</strong></span> <span class='ocrx_word' id='word_1_514' title='bbox 1098 3968 1306 4026; x_wconf 88' lang='lat' dir='ltr'><strong>Ordine</strong></span> <span class='ocrx_word' id='word_1_515' title='bbox 1351 3969 1609 4043; x_wconf 89' lang='lat' dir='ltr'><strong>Episcopi</strong></span> <span class='ocrx_word' id='word_1_516' title='bbox 1649 3969 1968 4028; x_wconf 87' lang='lat' dir='ltr'><strong>Parmensis</strong></span> <span class='ocrx_word' id='word_1_517' title='bbox 2000 3981 2057 4028; x_wconf 88' lang='lat' dir='ltr'><strong>et</strong></span> 
     </span>
    </p>
   </div>
   <div class='ocr_carea' id='block_1_70' title="bbox 473 4061 2051 4131">
    <p class='ocr_par' dir='ltr' id='par_1_70' title="bbox 473 4061 2051 4131">
     <span class='ocr_line' id='line_1_70' title="bbox 473 4061 2051 4131; baseline -0.001 -12"><span class='ocrx_word' id='word_1_518' title='bbox 473 4064 799 4131; x_wconf 85' lang='lat' dir='ltr'><strong>Cardinalis,</strong></span> <span class='ocrx_word' id='word_1_519' title='bbox 831 4061 1076 4120; x_wconf 89' lang='lat' dir='ltr'><strong>defuncti</strong></span> <span class='ocrx_word' id='word_1_520' title='bbox 1116 4076 1264 4117; x_wconf 90' lang='lat' dir='ltr'><strong>anno</strong></span> <span class='ocrx_word' id='word_1_521' title='bbox 1300 4062 1459 4117; x_wconf 78' lang='grc'>1155.</span> <span class='ocrx_word' id='word_1_522' title='bbox 1506 4063 1594 4118; x_wconf 91' lang='lat' dir='ltr'><strong>die</strong></span> <span class='ocrx_word' id='word_1_523' title='bbox 1634 4064 1687 4118; x_wconf 72' lang='grc'>4.</span> <span class='ocrx_word' id='word_1_524' title='bbox 1718 4062 2051 4120; x_wconf 88' lang='lat' dir='ltr'><strong>Decembris.</strong></span> 
     </span>
    </p>
   </div>
   <div class='ocr_carea' id='block_1_71' title="bbox 472 4154 2051 4227">
    <p class='ocr_par' dir='ltr' id='par_1_71' title="bbox 472 4154 2051 4227">
     <span class='ocr_line' id='line_1_71' title="bbox 472 4154 2051 4227; baseline 0 -16"><span class='ocrx_word' id='word_1_525' title='bbox 472 4158 553 4213; x_wconf 86' lang='lat' dir='ltr'><strong>ita</strong></span> <span class='ocrx_word' id='word_1_526' title='bbox 598 4158 706 4212; x_wconf 80' lang='lat' dir='ltr'><strong>ille.</strong></span> <span class='ocrx_word' id='word_1_527' title='bbox 737 4154 856 4210; x_wconf 83' lang='lat' dir='ltr'><strong>Alia</strong></span> <span class='ocrx_word' id='word_1_528' title='bbox 906 4154 1102 4210; x_wconf 87' lang='lat' dir='ltr'><strong>deinde</strong></span> <span class='ocrx_word' id='word_1_529' title='bbox 1139 4154 1435 4210; x_wconf 86' lang='lat' dir='ltr'><strong>schematis</strong></span> <span class='ocrx_word' id='word_1_530' title='bbox 1487 4154 1734 4226; x_wconf 87' lang='lat' dir='ltr'><strong>ejusdem</strong></span> <span class='ocrx_word' id='word_1_531' title='bbox 1782 4165 1955 4227; x_wconf 88' lang='lat' dir='ltr'><strong>parte,</strong></span> <span class='ocrx_word' id='word_1_532' title='bbox 1993 4155 2051 4211; x_wconf 93' lang='lat' dir='ltr'><strong>S.</strong></span> 
     </span>
    </p>
   </div>
   <div class='ocr_carea' id='block_1_72' title="bbox 474 4247 2053 4318">
    <p class='ocr_par' dir='ltr' id='par_1_72' title="bbox 474 4247 2053 4318">
     <span class='ocr_line' id='line_1_72' title="bbox 474 4247 2053 4318; baseline 0.001 -15"><span class='ocrx_word' id='word_1_533' title='bbox 474 4247 752 4305; x_wconf 84' lang='lat' dir='ltr'><strong>Gualberti</strong></span> <span class='ocrx_word' id='word_1_534' title='bbox 772 4255 1063 4318; x_wconf 89' lang='lat' dir='ltr'><strong>paternum</strong></span> <span class='ocrx_word' id='word_1_535' title='bbox 1105 4260 1279 4316; x_wconf 82' lang='lat' dir='ltr'><strong>genus</strong></span> <span class='ocrx_word' id='word_1_536' title='bbox 1316 4247 1468 4302; x_wconf 91' lang='lat' dir='ltr'><strong>ducit</strong></span> <span class='ocrx_word' id='word_1_537' title='bbox 1495 4262 1527 4302; x_wconf 92' lang='lat' dir='ltr'><strong>a</strong></span> <span class='ocrx_word' id='word_1_538' title='bbox 1552 4247 1791 4317; x_wconf 90' lang='lat' dir='ltr'><strong>quodam</strong></span> <span class='ocrx_word' id='word_1_539' title='bbox 1823 4247 2053 4304; x_wconf 78' lang='lat' dir='ltr'><strong>Schiava</strong></span> 
     </span>
    </p>
   </div>
   <div class='ocr_carea' id='block_1_73' title="bbox 472 4337 2052 4416">
    <p class='ocr_par' dir='ltr' id='par_1_73' title="bbox 472 4337 2052 4416">
     <span class='ocr_line' id='line_1_73' title="bbox 472 4337 2052 4416; baseline 0.001 -22"><span class='ocrx_word' id='word_1_540' title='bbox 472 4338 686 4395; x_wconf 84' lang='lat' dir='ltr'><strong>Comite</strong></span> <span class='ocrx_word' id='word_1_541' title='bbox 725 4338 1149 4416; x_wconf 73' lang='lat' dir='ltr'><strong>Vallis-Peseixe,</strong></span> <span class='ocrx_word' id='word_1_542' title='bbox 1206 4355 1274 4395; x_wconf 85' lang='lat' dir='ltr'><strong>ex</strong></span> <span class='ocrx_word' id='word_1_543' title='bbox 1298 4337 1788 4410; x_wconf 79' lang='lat' dir='ltr'><strong>Langobardorum</strong></span> <span class='ocrx_word' id='word_1_544' title='bbox 1814 4338 2052 4410; x_wconf 86' lang='lat' dir='ltr'><strong>Regibus</strong></span> 
     </span>
    </p>
   </div>
   <div class='ocr_carea' id='block_1_74' title="bbox 473 4428 2056 4503">
    <p class='ocr_par' dir='ltr' id='par_1_74' title="bbox 473 4428 2056 4503">
     <span class='ocr_line' id='line_1_74' title="bbox 473 4428 2056 4503; baseline 0 -18"><span class='ocrx_word' id='word_1_545' title='bbox 473 4430 630 4497; x_wconf 76' lang='lat' dir='ltr'><strong>crto;</strong></span> <span class='ocrx_word' id='word_1_546' title='bbox 662 4430 920 4486; x_wconf 86' lang='lat' dir='ltr'><strong>Bernardi</strong></span> <span class='ocrx_word' id='word_1_547' title='bbox 944 4446 1075 4486; x_wconf 88' lang='lat' dir='ltr'><strong>vero</strong></span> <span class='ocrx_word' id='word_1_548' title='bbox 1102 4428 1308 4496; x_wconf 87' lang='lat' dir='ltr'><strong>Sancti,</strong></span> <span class='ocrx_word' id='word_1_549' title='bbox 1342 4445 1410 4485; x_wconf 80' lang='lat' dir='ltr'><strong>ex</strong></span> <span class='ocrx_word' id='word_1_550' title='bbox 1435 4428 1684 4497; x_wconf 90' lang='lat' dir='ltr'><strong>Ubertis;</strong></span> <span class='ocrx_word' id='word_1_551' title='bbox 1727 4428 1933 4485; x_wconf 88' lang='lat' dir='ltr'><strong>familia</strong></span> <span class='ocrx_word' id='word_1_552' title='bbox 1966 4429 2056 4503; x_wconf 92' lang='lat' dir='ltr'><strong>(nt</strong></span> 
     </span>
    </p>
   </div>
   <div class='ocr_carea' id='block_1_75' title="bbox 478 4519 2056 4593">
    <p class='ocr_par' dir='ltr' id='par_1_75' title="bbox 478 4519 2056 4593">
     <span class='ocr_line' id='line_1_75' title="bbox 478 4519 2056 4593; baseline 0.003 -19"><span class='ocrx_word' id='word_1_553' title='bbox 478 4519 817 4577; x_wconf 74' lang='lat' dir='ltr'><strong>ilicordanus</strong></span> <span class='ocrx_word' id='word_1_554' title='bbox 864 4522 1067 4593; x_wconf 88' lang='lat' dir='ltr'><strong>aliique</strong></span> <span class='ocrx_word' id='word_1_555' title='bbox 1106 4519 1327 4593; x_wconf 70' lang='lat' dir='ltr'><strong>volunt)</strong></span> <span class='ocrx_word' id='word_1_556' title='bbox 1373 4521 1445 4576; x_wconf 89' lang='lat' dir='ltr'><strong>ab</strong></span> <span class='ocrx_word' id='word_1_557' title='bbox 1485 4521 1727 4592; x_wconf 90' lang='lat' dir='ltr'><strong>antiquis</strong></span> <span class='ocrx_word' id='word_1_558' title='bbox 1793 4520 2056 4579; x_wconf 82' lang='lat' dir='ltr'><strong>Romanis</strong></span> 
     </span>
    </p>
   </div>
   <div class='ocr_carea' id='block_1_76' title="bbox 475 4612 2058 4682">
    <p class='ocr_par' dir='ltr' id='par_1_76' title="bbox 475 4612 2058 4682">
     <span class='ocr_line' id='line_1_76' title="bbox 475 4612 2058 4682; baseline 0.003 -17"><span class='ocrx_word' id='word_1_559' title='bbox 475 4620 793 4682; x_wconf 87' lang='lat' dir='ltr'><strong>propagata,</strong></span> <span class='ocrx_word' id='word_1_560' title='bbox 829 4612 956 4668; x_wconf 89' lang='lat' dir='ltr'><strong>licet</strong></span> <span class='ocrx_word' id='word_1_561' title='bbox 1000 4613 1273 4669; x_wconf 87' lang='lat' dir='ltr'><strong>recentius</strong></span> <span class='ocrx_word' id='word_1_562' title='bbox 1320 4626 1518 4666; x_wconf 86' lang='lat' dir='ltr'><strong>nomen</strong></span> <span class='ocrx_word' id='word_1_563' title='bbox 1567 4613 1658 4680; x_wconf 92' lang='lat' dir='ltr'><strong>sit,</strong></span> <span class='ocrx_word' id='word_1_564' title='bbox 1701 4619 1937 4669; x_wconf 90' lang='lat' dir='ltr'><strong>tractum</strong></span> <span class='ocrx_word' id='word_1_565' title='bbox 1988 4616 2058 4670; x_wconf 89' lang='lat' dir='ltr'><strong>ab</strong></span> 
     </span>
    </p>
   </div>
   <div class='ocr_carea' id='block_1_77' title="bbox 477 4700 2051 4774">
    <p class='ocr_par' dir='ltr' id='par_1_77' title="bbox 477 4700 2051 4774">
     <span class='ocr_line' id='line_1_77' title="bbox 477 4700 2051 4774; baseline 0.003 -17"><span class='ocrx_word' id='word_1_566' title='bbox 477 4700 680 4758; x_wconf 89' lang='lat' dir='ltr'><strong>Uberto</strong></span> <span class='ocrx_word' id='word_1_567' title='bbox 729 4704 912 4773; x_wconf 89' lang='lat' dir='ltr'><strong>aliquo</strong></span> <span class='ocrx_word' id='word_1_568' title='bbox 958 4704 1197 4759; x_wconf 87' lang='lat' dir='ltr'><strong>nominis</strong></span> <span class='ocrx_word' id='word_1_569' title='bbox 1224 4704 1344 4774; x_wconf 87' lang='lat' dir='ltr'><strong>ejus</strong></span> <span class='ocrx_word' id='word_1_570' title='bbox 1374 4704 1576 4774; x_wconf 90' lang='lat' dir='ltr'><strong>primo,</strong></span> <span class='ocrx_word' id='word_1_571' title='bbox 1612 4704 1709 4774; x_wconf 88' lang='lat' dir='ltr'><strong>qui</strong></span> <span class='ocrx_word' id='word_1_572' title='bbox 1748 4706 1936 4761; x_wconf 85' lang='lat' dir='ltr'><strong>seculo</strong></span> <span class='ocrx_word' id='word_1_573' title='bbox 1966 4707 2051 4763; x_wconf 88' lang='grc'>10.</span> 
     </span>
    </p>
   </div>
   <div class='ocr_carea' id='block_1_78' title="bbox 474 4793 2055 4865">
    <p class='ocr_par' dir='ltr' id='par_1_78' title="bbox 474 4793 2055 4865">
     <span class='ocr_line' id='line_1_78' title="bbox 474 4793 2055 4865; baseline 0.003 -16"><span class='ocrx_word' id='word_1_574' title='bbox 474 4794 689 4849; x_wconf 80' lang='lat' dir='ltr'><strong>vixerit.</strong></span> <span class='ocrx_word' id='word_1_575' title='bbox 720 4793 893 4850; x_wconf 91' lang='lat' dir='ltr'><strong>Penes</strong></span> <span class='ocrx_word' id='word_1_576' title='bbox 937 4803 1238 4851; x_wconf 88' lang='lat' dir='ltr'><strong>assertores</strong></span> <span class='ocrx_word' id='word_1_577' title='bbox 1275 4795 1526 4865; x_wconf 89' lang='lat' dir='ltr'><strong>probatio</strong></span> <span class='ocrx_word' id='word_1_578' title='bbox 1555 4796 1626 4852; x_wconf 91' lang='lat' dir='ltr'><strong>sit</strong></span> <span class='ocrx_word' id='word_1_579' title='bbox 1660 4796 1893 4853; x_wconf 85' lang='lat' dir='ltr'><strong>istarum</strong></span> <span class='ocrx_word' id='word_1_580' title='bbox 1942 4806 2055 4854; x_wconf 90' lang='lat' dir='ltr'><strong>tam</strong></span> 
     </span>
    </p>
   </div>
   <div class='ocr_carea' id='block_1_79' title="bbox 476 4884 2057 4958">
    <p class='ocr_par' dir='ltr' id='par_1_79' title="bbox 476 4884 2057 4958">
     <span class='ocr_line' id='line_1_79' title="bbox 476 4884 2057 4958; baseline 0.002 -18"><span class='ocrx_word' id='word_1_581' title='bbox 476 4886 825 4958; x_wconf 90' lang='lat' dir='ltr'><strong>antiquarum</strong></span> <span class='ocrx_word' id='word_1_582' title='bbox 870 4884 1143 4956; x_wconf 86' lang='lat' dir='ltr'><strong>originum</strong></span> <span class='ocrx_word' id='word_1_583' title='bbox 1177 4904 1191 4939; x_wconf 90' lang='lat'><strong>:</strong></span> <span class='ocrx_word' id='word_1_584' title='bbox 1241 4886 1556 4942; x_wconf 89' lang='lat' dir='ltr'><strong>Petraccius</strong></span> <span class='ocrx_word' id='word_1_585' title='bbox 1589 4887 1858 4944; x_wconf 88' lang='lat' dir='ltr'><strong>incumbit</strong></span> <span class='ocrx_word' id='word_1_586' title='bbox 1886 4889 2057 4945; x_wconf 89' lang='lat' dir='ltr'><strong>docu-</strong></span> 
     </span>
    </p>
   </div>
   <div class='ocr_carea' id='block_1_80' title="bbox 476 4976 2055 5047">
    <p class='ocr_par' dir='ltr' id='par_1_80' title="bbox 476 4976 2055 5047">
     <span class='ocr_line' id='line_1_80' title="bbox 476 4976 2055 5047; baseline 0.004 -17"><span class='ocrx_word' id='word_1_587' title='bbox 476 4985 658 5031; x_wconf 83' lang='lat' dir='ltr'><strong>menta</strong></span> <span class='ocrx_word' id='word_1_588' title='bbox 703 4977 967 5047; x_wconf 89' lang='lat' dir='ltr'><strong>proferre,</strong></span> <span class='ocrx_word' id='word_1_589' title='bbox 1008 4976 1208 5046; x_wconf 87' lang='lat' dir='ltr'><strong>quibus</strong></span> <span class='ocrx_word' id='word_1_590' title='bbox 1239 4976 1566 5034; x_wconf 84' lang='lat' dir='ltr'><strong>Sanctorum</strong></span> <span class='ocrx_word' id='word_1_591' title='bbox 1603 4978 1834 5037; x_wconf 83' lang='lat' dir='ltr'><strong>Joannis</strong></span> <span class='ocrx_word' id='word_1_592' title='bbox 1884 4980 2055 5037; x_wconf 89' lang='lat' dir='ltr'><strong>Gual-</strong></span> 
     </span>
    </p>
   </div>
   <div class='ocr_carea' id='block_1_81' title="bbox 475 5064 2054 5139">
    <p class='ocr_par' dir='ltr' id='par_1_81' title="bbox 475 5064 2054 5139">
     <span class='ocr_line' id='line_1_81' title="bbox 475 5064 2054 5139; baseline 0.004 -16"><span class='ocrx_word' id='word_1_593' title='bbox 475 5064 622 5124; x_wconf 35' lang='lat' dir='ltr'><strong>bcrti‘</strong></span> <span class='ocrx_word' id='word_1_594' title='bbox 635 5077 689 5124; x_wconf 91' lang='lat' dir='ltr'><strong>et</strong></span> <span class='ocrx_word' id='word_1_595' title='bbox 708 5068 951 5139; x_wconf 82' lang='lat' dir='ltr'><strong>Gregorii</strong></span> <span class='ocrx_word' id='word_1_596' title='bbox 980 5066 1091 5121; x_wconf 90' lang='lat' dir='ltr'><strong>Vll.</strong></span> <span class='ocrx_word' id='word_1_597' title='bbox 1122 5071 1401 5138; x_wconf 88' lang='lat' dir='ltr'><strong>processio</strong></span> <span class='ocrx_word' id='word_1_598' title='bbox 1427 5087 1457 5125; x_wconf 91' lang='lat' dir='ltr'><strong>a</strong></span> <span class='ocrx_word' id='word_1_599' title='bbox 1483 5070 1788 5127; x_wconf 87' lang='lat' dir='ltr'><strong>Comitibus</strong></span> <span class='ocrx_word' id='word_1_600' title='bbox 1804 5070 2054 5129; x_wconf 84' lang='lat' dir='ltr'><strong>Soanen-</strong></span> 
     </span>
    </p>
   </div>
   <div class='ocr_carea' id='block_1_82' title="bbox 476 5161 2051 5233">
    <p class='ocr_par' dir='ltr' id='par_1_82' title="bbox 476 5161 2051 5233">
     <span class='ocr_line' id='line_1_82' title="bbox 476 5161 2051 5233; baseline 0.002 -16"><span class='ocrx_word' id='word_1_601' title='bbox 476 5161 650 5227; x_wconf 88' lang='lat' dir='ltr'><strong>sihus,</strong></span> <span class='ocrx_word' id='word_1_602' title='bbox 686 5168 742 5215; x_wconf 88' lang='lat' dir='ltr'><strong>et</strong></span> <span class='ocrx_word' id='word_1_603' title='bbox 773 5161 1026 5232; x_wconf 83' lang='lat' dir='ltr'><strong>cognatio</strong></span> <span class='ocrx_word' id='word_1_604' title='bbox 1065 5166 1175 5213; x_wconf 88' lang='lat' dir='ltr'><strong>tam</strong></span> <span class='ocrx_word' id='word_1_605' title='bbox 1207 5161 1531 5230; x_wconf 91' lang='lat' dir='ltr'><strong>propinqua,</strong></span> <span class='ocrx_word' id='word_1_606' title='bbox 1564 5165 1882 5233; x_wconf 90' lang='lat' dir='ltr'><strong>probentur.</strong></span> <span class='ocrx_word' id='word_1_607' title='bbox 1916 5163 2051 5220; x_wconf 86' lang='lat' dir='ltr'><strong>Nam</strong></span> 
     </span>
    </p>
   </div>
   <div class='ocr_carea' id='block_1_83' title="bbox 474 5248 2056 5325">
    <p class='ocr_par' dir='ltr' id='par_1_83' title="bbox 474 5248 2056 5325">
     <span class='ocr_line' id='line_1_83' title="bbox 474 5248 2056 5325; baseline 0.003 -20"><span class='ocrx_word' id='word_1_608' title='bbox 474 5252 739 5323; x_wconf 87' lang='lat' dir='ltr'><strong>quidquid</strong></span> <span class='ocrx_word' id='word_1_609' title='bbox 772 5251 843 5306; x_wconf 91' lang='lat' dir='ltr'><strong>sit</strong></span> <span class='ocrx_word' id='word_1_610' title='bbox 872 5253 939 5306; x_wconf 83' lang='lat' dir='ltr'><strong>de</strong></span> <span class='ocrx_word' id='word_1_611' title='bbox 965 5258 1157 5305; x_wconf 91' lang='lat' dir='ltr'><strong>sancto</strong></span> <span class='ocrx_word' id='word_1_612' title='bbox 1194 5248 1423 5315; x_wconf 81' lang='lat' dir='ltr'><strong>Abbate,</strong></span> <span class='ocrx_word' id='word_1_613' title='bbox 1446 5269 1609 5322; x_wconf 87' lang='lat' dir='ltr'><strong>quem</strong></span> <span class='ocrx_word' id='word_1_614' title='bbox 1656 5254 1827 5311; x_wconf 90' lang='lat' dir='ltr'><strong>nobili</strong></span> <span class='ocrx_word' id='word_1_615' title='bbox 1857 5268 2056 5325; x_wconf 85' lang='lat' dir='ltr'><strong>genere</strong></span> 
     </span>
    </p>
   </div>
   <div class='ocr_carea' id='block_1_84' title="bbox 477 5342 2228 5386">
    <p class='ocr_par' dir='ltr' id='par_1_84' title="bbox 477 5342 2228 5386">
     <span class='ocr_line' id='line_1_84' title="bbox 477 5342 2228 5386; baseline 0 0"><span class='ocrx_word' id='word_1_616' title='bbox 477 5348 661 5386; x_wconf 67' lang='lat' dir='ltr'><strong>ﬁnium</strong></span> <span class='ocrx_word' id='word_1_617' title='bbox 696 5350 847 5386; x_wconf 61' lang='lat' dir='ltr'><strong>extra</strong></span> <span class='ocrx_word' id='word_1_618' title='bbox 877 5342 1305 5386; x_wconf 66' lang='lat' dir='ltr'><strong>nmitrnversiam</strong></span> <span class='ocrx_word' id='word_1_619' title='bbox 1330 5350 1414 5386; x_wconf 63' lang='lat' dir='ltr'><strong>pst.</strong></span> <span class='ocrx_word' id='word_1_620' title='bbox 1431 5360 1443 5371; x_wconf 85' lang='grc'>·</span> <span class='ocrx_word' id='word_1_621' title='bbox 1481 5345 1547 5386; x_wconf 71' lang='lat' dir='ltr'><strong>(In</strong></span> <span class='ocrx_word' id='word_1_622' title='bbox 1572 5346 1835 5386; x_wconf 72' lang='lat' dir='ltr'><strong>Dnntiﬁm:</strong></span> <span class='ocrx_word' id='word_1_623' title='bbox 1860 5359 2056 5386; x_wconf 72' lang='grc' dir='ltr'><strong>νρνρηιι</strong></span> <span class='ocrx_word' id='word_1_624' title='bbox 2154 5363 2228 5386; x_wconf 72' lang='grc' dir='ltr'>ι...</span> 
     </span>
    </p>
   </div>
   <div class='ocr_carea' id='block_1_85' title="bbox 2159 3140 3747 3218">
    <p class='ocr_par' dir='ltr' id='par_1_85' title="bbox 2159 3140 3747 3218">
     <span class='ocr_line' id='line_1_85' title="bbox 2159 3140 3747 3218; baseline 0.009 -24"><span class='ocrx_word' id='word_1_625' title='bbox 2159 3142 2315 3210; x_wconf 89' lang='lat' dir='ltr'><strong>pueri</strong></span> <span class='ocrx_word' id='word_1_626' title='bbox 2347 3142 2605 3198; x_wconf 88' lang='lat' dir='ltr'><strong>ductante</strong></span> <span class='ocrx_word' id='word_1_627' title='bbox 2635 3140 2890 3210; x_wconf 86' lang='lat' dir='ltr'><strong>Numine,</strong></span> <span class='ocrx_word' id='word_1_628' title='bbox 2926 3144 3046 3214; x_wconf 90' lang='lat' dir='ltr'><strong>ejus</strong></span> <span class='ocrx_word' id='word_1_629' title='bbox 3094 3144 3213 3201; x_wconf 87' lang='lat' dir='ltr'><strong>fore</strong></span> <span class='ocrx_word' id='word_1_630' title='bbox 3253 3148 3652 3218; x_wconf 90' lang='lat' dir='ltr'><strong>amplissimam</strong></span> <span class='ocrx_word' id='word_1_631' title='bbox 3688 3154 3747 3208; x_wconf 91' lang='lat' dir='ltr'><strong>in</strong></span> 
     </span>
    </p>
   </div>
   <div class='ocr_carea' id='block_1_86' title="bbox 2158 3234 3747 3306">
    <p class='ocr_par' dir='ltr' id='par_1_86' title="bbox 2158 3234 3747 3306">
     <span class='ocr_line' id='line_1_86' title="bbox 2158 3234 3747 3306; baseline 0.008 -21"><span class='ocrx_word' id='word_1_632' title='bbox 2158 3234 2364 3285; x_wconf 89' lang='lat' dir='ltr'><strong>mundo</strong></span> <span class='ocrx_word' id='word_1_633' title='bbox 2412 3234 2813 3288; x_wconf 89' lang='lat' dir='ltr'><strong>auctoritatem.</strong></span> <span class='ocrx_word' id='word_1_634' title='bbox 2858 3254 2878 3288; x_wconf 71' lang='grc' dir='ltr'><strong><em>ι</em></strong></span> <span class='ocrx_word' id='word_1_635' title='bbox 2919 3235 2998 3292; x_wconf 89' lang='lat' dir='ltr'><strong>lta</strong></span> <span class='ocrx_word' id='word_1_636' title='bbox 3038 3235 3338 3306; x_wconf 87' lang='lat' dir='ltr'><strong>Baronius,</strong></span> <span class='ocrx_word' id='word_1_637' title='bbox 3393 3241 3486 3296; x_wconf 87' lang='lat' dir='ltr'><strong>sed</strong></span> <span class='ocrx_word' id='word_1_638' title='bbox 3528 3243 3747 3300; x_wconf 89' lang='lat' dir='ltr'><strong>nullum</strong></span> 
     </span>
    </p>
   </div>
   <div class='ocr_carea' id='block_1_87' title="bbox 2157 3322 3747 3401">
    <p class='ocr_par' dir='ltr' id='par_1_87' title="bbox 2157 3322 3747 3401">
     <span class='ocr_line' id='line_1_87' title="bbox 2157 3322 3747 3401; baseline 0.01 -25"><span class='ocrx_word' id='word_1_639' title='bbox 2157 3323 2483 3378; x_wconf 87' lang='lat' dir='ltr'><strong>nominatim</strong></span> <span class='ocrx_word' id='word_1_640' title='bbox 2513 3322 2807 3379; x_wconf 87' lang='lat' dir='ltr'><strong>Auctorem</strong></span> <span class='ocrx_word' id='word_1_641' title='bbox 2832 3327 2915 3381; x_wconf 86' lang='lat' dir='ltr'><strong>vel</strong></span> <span class='ocrx_word' id='word_1_642' title='bbox 2958 3328 3015 3381; x_wconf 89' lang='lat' dir='ltr'><strong>in</strong></span> <span class='ocrx_word' id='word_1_643' title='bbox 3053 3330 3301 3401; x_wconf 85' lang='lat' dir='ltr'><strong>margine</strong></span> <span class='ocrx_word' id='word_1_644' title='bbox 3334 3331 3563 3388; x_wconf 88' lang='lat' dir='ltr'><strong>laudans</strong></span> <span class='ocrx_word' id='word_1_645' title='bbox 3593 3353 3607 3390; x_wconf 88' lang='lat'><strong>:</strong></span> <span class='ocrx_word' id='word_1_646' title='bbox 3643 3351 3747 3391; x_wconf 89' lang='lat' dir='ltr'><strong>ea-</strong></span> 
     </span>
    </p>
   </div>
   <div class='ocr_carea' id='block_1_88' title="bbox 2157 3410 3745 3497">
    <p class='ocr_par' dir='ltr' id='par_1_88' title="bbox 2157 3410 3745 3497">
     <span class='ocr_line' id='line_1_88' title="bbox 2157 3410 3745 3497; baseline 0.009 -29"><span class='ocrx_word' id='word_1_647' title='bbox 2157 3414 2280 3469; x_wconf 87' lang='lat' dir='ltr'><strong>dem</strong></span> <span class='ocrx_word' id='word_1_648' title='bbox 2311 3428 2441 3469; x_wconf 88' lang='lat' dir='ltr'><strong>vero</strong></span> <span class='ocrx_word' id='word_1_649' title='bbox 2464 3415 2517 3469; x_wconf 91' lang='lat' dir='ltr'><strong>in</strong></span> <span class='ocrx_word' id='word_1_650' title='bbox 2543 3415 2870 3473; x_wconf 90' lang='lat' dir='ltr'><strong>lectionibus</strong></span> <span class='ocrx_word' id='word_1_651' title='bbox 2892 3410 3065 3474; x_wconf 67' lang='lat' dir='ltr'><strong>Officii</strong></span> <span class='ocrx_word' id='word_1_652' title='bbox 3090 3422 3296 3491; x_wconf 89' lang='lat' dir='ltr'><strong>proprii</strong></span> <span class='ocrx_word' id='word_1_653' title='bbox 3319 3423 3401 3480; x_wconf 89' lang='lat' dir='ltr'><strong>sic</strong></span> <span class='ocrx_word' id='word_1_654' title='bbox 3422 3432 3745 3497; x_wconf 89' lang='lat' dir='ltr'><strong>narrantur,</strong></span> 
     </span>
    </p>
   </div>
   <div class='ocr_carea' id='block_1_89' title="bbox 2157 3502 3748 3586">
    <p class='ocr_par' dir='ltr' id='par_1_89' title="bbox 2157 3502 3748 3586">
     <span class='ocr_line' id='line_1_89' title="bbox 2157 3502 3748 3586; baseline 0.011 -27"><span class='ocrx_word' id='word_1_655' title='bbox 2157 3514 2220 3560; x_wconf 90' lang='lat' dir='ltr'><strong>ut</strong></span> <span class='ocrx_word' id='word_1_656' title='bbox 2251 3506 2466 3578; x_wconf 82' lang='lat' dir='ltr'><strong>generis</strong></span> <span class='ocrx_word' id='word_1_657' title='bbox 2491 3506 2613 3576; x_wconf 91' lang='lat' dir='ltr'><strong>ejus</strong></span> <span class='ocrx_word' id='word_1_658' title='bbox 2639 3502 2964 3577; x_wconf 78' lang='lat' dir='ltr'><strong>ignObilitati</strong></span> <span class='ocrx_word' id='word_1_659' title='bbox 2988 3527 3099 3567; x_wconf 89' lang='lat' dir='ltr'><strong>non</strong></span> <span class='ocrx_word' id='word_1_660' title='bbox 3136 3514 3521 3586; x_wconf 83' lang='lat' dir='ltr'><strong>sull‘ragenlur,</strong></span> <span class='ocrx_word' id='word_1_661' title='bbox 3546 3519 3748 3576; x_wconf 85' lang='lat' dir='ltr'><strong>dicun-</strong></span> 
     </span>
    </p>
   </div>
   <div class='ocr_carea' id='block_1_90' title="bbox 2158 3598 3741 3681">
    <p class='ocr_par' dir='ltr' id='par_1_90' title="bbox 2158 3598 3741 3681">
     <span class='ocr_line' id='line_1_90' title="bbox 2158 3598 3741 3681; baseline 0.009 -28"><span class='ocrx_word' id='word_1_662' title='bbox 2158 3606 2247 3653; x_wconf 87' lang='lat' dir='ltr'><strong>tur</strong></span> <span class='ocrx_word' id='word_1_663' title='bbox 2266 3598 2415 3654; x_wconf 91' lang='lat' dir='ltr'><strong>enim</strong></span> <span class='ocrx_word' id='word_1_664' title='bbox 2455 3598 2726 3666; x_wconf 88' lang='lat' dir='ltr'><strong>evenisse,</strong></span> <span class='ocrx_word' id='word_1_665' title='bbox 2758 3619 2778 3651; x_wconf 72' lang='lat' dir='ltr'><strong>c</strong></span> <span class='ocrx_word' id='word_1_666' title='bbox 2806 3616 2944 3657; x_wconf 78' lang='lat' dir='ltr'><strong>eum</strong></span> <span class='ocrx_word' id='word_1_667' title='bbox 2980 3605 3240 3673; x_wconf 88' lang='lat' dir='ltr'><strong>parvulus</strong></span> <span class='ocrx_word' id='word_1_668' title='bbox 3275 3608 3343 3662; x_wconf 87' lang='lat' dir='ltr'><strong>ad</strong></span> <span class='ocrx_word' id='word_1_669' title='bbox 3377 3610 3541 3678; x_wconf 86' lang='lat' dir='ltr'><strong>pedes</strong></span> <span class='ocrx_word' id='word_1_670' title='bbox 3574 3610 3741 3681; x_wconf 84' lang='lat' dir='ltr'><strong>fabri,</strong></span> 
     </span>
    </p>
   </div>
   <div class='ocr_carea' id='block_1_91' title="bbox 2156 3691 3738 3769">
    <p class='ocr_par' dir='ltr' id='par_1_91' title="bbox 2156 3691 3738 3769">
     <span class='ocr_line' id='line_1_91' title="bbox 2156 3691 3738 3769; baseline 0.008 -25"><span class='ocrx_word' id='word_1_671' title='bbox 2156 3691 2302 3762; x_wconf 85' lang='lat' dir='ltr'><strong>ligna</strong></span> <span class='ocrx_word' id='word_1_672' title='bbox 2347 3691 2636 3760; x_wconf 89' lang='lat' dir='ltr'><strong>edolentis,</strong></span> <span class='ocrx_word' id='word_1_673' title='bbox 2687 3692 2804 3762; x_wconf 91' lang='lat' dir='ltr'><strong>jam</strong></span> <span class='ocrx_word' id='word_1_674' title='bbox 2838 3694 3147 3750; x_wconf 89' lang='lat' dir='ltr'><strong>litterarum</strong></span> <span class='ocrx_word' id='word_1_675' title='bbox 3183 3697 3411 3766; x_wconf 87' lang='lat' dir='ltr'><strong>inscius,</strong></span> <span class='ocrx_word' id='word_1_676' title='bbox 3449 3700 3682 3769; x_wconf 80' lang='lat' dir='ltr'><strong>luderet,</strong></span> <span class='ocrx_word' id='word_1_677' title='bbox 3718 3726 3738 3756; x_wconf 72' lang='grc' dir='ltr'><strong>ο</strong></span> 
     </span>
    </p>
   </div>
   <div class='ocr_carea' id='block_1_92' title="bbox 2156 3783 3745 3862">
    <p class='ocr_par' dir='ltr' id='par_1_92' title="bbox 2156 3783 3745 3862">
     <span class='ocr_line' id='line_1_92' title="bbox 2156 3783 3745 3862; baseline 0.009 -25"><span class='ocrx_word' id='word_1_678' title='bbox 2156 3798 2265 3837; x_wconf 91' lang='lat' dir='ltr'><strong>non</strong></span> <span class='ocrx_word' id='word_1_679' title='bbox 2306 3802 2323 3833; x_wconf 75' lang='grc' dir='ltr'>ι</span> <span class='ocrx_word' id='word_1_680' title='bbox 2353 3783 2422 3838; x_wconf 91' lang='lat' dir='ltr'><strong>ad</strong></span> <span class='ocrx_word' id='word_1_681' title='bbox 2453 3784 2617 3854; x_wconf 88' lang='lat' dir='ltr'><strong>pedes</strong></span> <span class='ocrx_word' id='word_1_682' title='bbox 2639 3785 2810 3854; x_wconf 82' lang='lat' dir='ltr'><strong>patris</strong></span> <span class='ocrx_word' id='word_1_683' title='bbox 2830 3784 3011 3856; x_wconf 86' lang='lat' dir='ltr'><strong>fabri;</strong></span> <span class='ocrx_word' id='word_1_684' title='bbox 3054 3808 3071 3840; x_wconf 79' lang='grc' dir='ltr'><strong><em>ι</em></strong></span> <span class='ocrx_word' id='word_1_685' title='bbox 3098 3789 3230 3860; x_wconf 88' lang='lat' dir='ltr'><strong>quin</strong></span> <span class='ocrx_word' id='word_1_686' title='bbox 3263 3792 3446 3862; x_wconf 90' lang='lat' dir='ltr'><strong>potius</strong></span> <span class='ocrx_word' id='word_1_687' title='bbox 3469 3793 3745 3851; x_wconf 89' lang='lat' dir='ltr'><strong>nobilitati</strong></span> 
     </span>
    </p>
   </div>
   <div class='ocr_carea' id='block_1_93' title="bbox 2156 3874 3744 3950">
    <p class='ocr_par' dir='ltr' id='par_1_93' title="bbox 2156 3874 3744 3950">
     <span class='ocr_line' id='line_1_93' title="bbox 2156 3874 3744 3950; baseline 0.011 -22"><span class='ocrx_word' id='word_1_688' title='bbox 2156 3874 2381 3931; x_wconf 90' lang='lat' dir='ltr'><strong>minime</strong></span> <span class='ocrx_word' id='word_1_689' title='bbox 2420 3875 2631 3947; x_wconf 75' lang='lat' dir='ltr'><strong>vulgari</strong></span> <span class='ocrx_word' id='word_1_690' title='bbox 2660 3875 2825 3944; x_wconf 88' lang='lat' dir='ltr'><strong>favet,</strong></span> <span class='ocrx_word' id='word_1_691' title='bbox 2875 3881 3043 3950; x_wconf 85' lang='lat' dir='ltr'><strong>quod,</strong></span> <span class='ocrx_word' id='word_1_692' title='bbox 3090 3880 3146 3935; x_wconf 89' lang='lat' dir='ltr'><strong>in</strong></span> <span class='ocrx_word' id='word_1_693' title='bbox 3190 3881 3321 3938; x_wconf 84' lang='lat' dir='ltr'><strong>Mss.</strong></span> <span class='ocrx_word' id='word_1_694' title='bbox 3366 3886 3568 3941; x_wconf 90' lang='lat' dir='ltr'><strong>nostris</strong></span> <span class='ocrx_word' id='word_1_695' title='bbox 3607 3885 3744 3945; x_wconf 82' lang='lat' dir='ltr'><strong>Vitis</strong></span> 
     </span>
    </p>
   </div>
   <div class='ocr_carea' id='block_1_94' title="bbox 2154 3965 3744 4042">
    <p class='ocr_par' dir='ltr' id='par_1_94' title="bbox 2154 3965 3744 4042">
     <span class='ocr_line' id='line_1_94' title="bbox 2154 3965 3744 4042; baseline 0.009 -23"><span class='ocrx_word' id='word_1_696' title='bbox 2154 3965 2499 4034; x_wconf 81' lang='lat' dir='ltr'><strong>Pontificum,</strong></span> <span class='ocrx_word' id='word_1_697' title='bbox 2529 3986 2547 4018; x_wconf 76' lang='grc' dir='ltr'>ι</span> <span class='ocrx_word' id='word_1_698' title='bbox 2568 3966 2746 4039; x_wconf 85' lang='lat' dir='ltr'><strong>Nepos</strong></span> <span class='ocrx_word' id='word_1_699' title='bbox 2766 3968 3012 4042; x_wconf 85' lang='lat' dir='ltr'><strong>Gregorii</strong></span> <span class='ocrx_word' id='word_1_700' title='bbox 3042 3990 3061 4022; x_wconf 79' lang='grc' dir='ltr'><strong><em>ι</em></strong></span> <span class='ocrx_word' id='word_1_701' title='bbox 3090 3970 3367 4039; x_wconf 78' lang='lat' dir='ltr'><strong>Rusticus,</strong></span> <span class='ocrx_word' id='word_1_702' title='bbox 3397 3994 3417 4026; x_wconf 71' lang='grc' dir='ltr'><strong><em>ι</em></strong></span> <span class='ocrx_word' id='word_1_703' title='bbox 3443 3974 3744 4035; x_wconf 61' lang='lat' dir='ltr'><strong>Praefectus</strong></span> 
     </span>
    </p>
   </div>
   <div class='ocr_carea' id='block_1_95' title="bbox 2158 4057 3743 4135">
    <p class='ocr_par' dir='ltr' id='par_1_95' title="bbox 2158 4057 3743 4135">
     <span class='ocr_line' id='line_1_95' title="bbox 2158 4057 3743 4135; baseline 0.009 -23"><span class='ocrx_word' id='word_1_704' title='bbox 2158 4057 2374 4129; x_wconf 89' lang='lat' dir='ltr'><strong>Septem</strong></span> <span class='ocrx_word' id='word_1_705' title='bbox 2400 4060 2576 4127; x_wconf 86' lang='lat' dir='ltr'><strong>soliis,</strong></span> <span class='ocrx_word' id='word_1_706' title='bbox 2608 4080 2627 4113; x_wconf 74' lang='grc' dir='ltr'><strong><em>ι</em></strong></span> <span class='ocrx_word' id='word_1_707' title='bbox 2656 4061 2726 4117; x_wconf 90' lang='lat' dir='ltr'><strong>ad</strong></span> <span class='ocrx_word' id='word_1_708' title='bbox 2747 4062 2924 4118; x_wconf 86' lang='lat' dir='ltr'><strong>instar</strong></span> <span class='ocrx_word' id='word_1_709' title='bbox 2955 4064 3090 4120; x_wconf 90' lang='lat' dir='ltr'><strong>artis</strong></span> <span class='ocrx_word' id='word_1_710' title='bbox 3112 4066 3336 4121; x_wconf 67' lang='lat' dir='ltr'><strong>munitae</strong></span> <span class='ocrx_word' id='word_1_711' title='bbox 3355 4066 3562 4135; x_wconf 89' lang='lat' dir='ltr'><strong>domui,</strong></span> <span class='ocrx_word' id='word_1_712' title='bbox 3593 4085 3743 4126; x_wconf 87' lang='lat' dir='ltr'><strong>eam-</strong></span> 
     </span>
    </p>
   </div>
   <div class='ocr_carea' id='block_1_96' title="bbox 2155 4151 3737 4217">
    <p class='ocr_par' dir='ltr' id='par_1_96' title="bbox 2155 4151 3737 4217">
     <span class='ocr_line' id='line_1_96' title="bbox 2155 4151 3737 4217; baseline 0.008 -11"><span class='ocrx_word' id='word_1_713' title='bbox 2155 4151 2278 4207; x_wconf 91' lang='lat' dir='ltr'><strong>dem</strong></span> <span class='ocrx_word' id='word_1_714' title='bbox 2304 4153 2547 4209; x_wconf 88' lang='lat' dir='ltr'><strong>tcnuisse</strong></span> <span class='ocrx_word' id='word_1_715' title='bbox 2590 4154 2805 4210; x_wconf 88' lang='lat' dir='ltr'><strong>dicatur</strong></span> <span class='ocrx_word' id='word_1_716' title='bbox 2836 4165 3028 4211; x_wconf 90' lang='lat' dir='ltr'><strong>contra</strong></span> <span class='ocrx_word' id='word_1_717' title='bbox 3064 4157 3404 4215; x_wconf 88' lang='lat' dir='ltr'><strong>obsidentem</strong></span> <span class='ocrx_word' id='word_1_718' title='bbox 3449 4176 3572 4217; x_wconf 90' lang='lat' dir='ltr'><strong>eam</strong></span> <span class='ocrx_word' id='word_1_719' title='bbox 3614 4178 3737 4217; x_wconf 88' lang='lat' dir='ltr'><strong>ma-</strong></span> 
     </span>
    </p>
   </div>
   <div class='ocr_carea' id='block_1_97' title="bbox 2155 4242 3740 4324">
    <p class='ocr_par' dir='ltr' id='par_1_97' title="bbox 2155 4242 3740 4324">
     <span class='ocr_line' id='line_1_97' title="bbox 2155 4242 3740 4324; baseline 0.008 -27"><span class='ocrx_word' id='word_1_720' title='bbox 2155 4242 2442 4315; x_wconf 89' lang='lat' dir='ltr'><strong>chinisque</strong></span> <span class='ocrx_word' id='word_1_721' title='bbox 2471 4246 2707 4303; x_wconf 88' lang='lat' dir='ltr'><strong>admotis</strong></span> <span class='ocrx_word' id='word_1_722' title='bbox 2738 4248 3071 4317; x_wconf 87' lang='lat' dir='ltr'><strong>quatientem</strong></span> <span class='ocrx_word' id='word_1_723' title='bbox 3107 4249 3403 4306; x_wconf 82' lang='lat' dir='ltr'><strong>Henricum</strong></span> <span class='ocrx_word' id='word_1_724' title='bbox 3439 4252 3740 4324; x_wconf 90' lang='lat' dir='ltr'><strong>imperato-</strong></span> 
     </span>
    </p>
   </div>
   <div class='ocr_carea' id='block_1_98' title="bbox 2156 4337 3737 4416">
    <p class='ocr_par' dir='ltr' id='par_1_98' title="bbox 2156 4337 3737 4416">
     <span class='ocr_line' id='line_1_98' title="bbox 2156 4337 3737 4416; baseline 0.009 -26"><span class='ocrx_word' id='word_1_725' title='bbox 2156 4349 2274 4391; x_wconf 89' lang='lat' dir='ltr'><strong>rem</strong></span> <span class='ocrx_word' id='word_1_726' title='bbox 2304 4355 2317 4391; x_wconf 89' lang='lat'><strong>:</strong></span> <span class='ocrx_word' id='word_1_727' title='bbox 2345 4337 2654 4406; x_wconf 90' lang='lat' dir='ltr'><strong>cujusmodi</strong></span> <span class='ocrx_word' id='word_1_728' title='bbox 2696 4338 2931 4393; x_wconf 84' lang='lat' dir='ltr'><strong>cilicium</strong></span> <span class='ocrx_word' id='word_1_729' title='bbox 2974 4356 3084 4396; x_wconf 91' lang='lat' dir='ltr'><strong>non</strong></span> <span class='ocrx_word' id='word_1_730' title='bbox 3127 4342 3346 4399; x_wconf 90' lang='lat' dir='ltr'><strong>videtur</strong></span> <span class='ocrx_word' id='word_1_731' title='bbox 3376 4345 3585 4416; x_wconf 91' lang='lat' dir='ltr'><strong>plebeio</strong></span> <span class='ocrx_word' id='word_1_732' title='bbox 3630 4348 3737 4404; x_wconf 90' lang='lat' dir='ltr'><strong>ho-</strong></span> 
     </span>
    </p>
   </div>
   <div class='ocr_carea' id='block_1_99' title="bbox 2159 4427 3737 4496">
    <p class='ocr_par' dir='ltr' id='par_1_99' title="bbox 2159 4427 3737 4496">
     <span class='ocr_line' id='line_1_99' title="bbox 2159 4427 3737 4496; baseline 0.01 -15"><span class='ocrx_word' id='word_1_733' title='bbox 2159 4427 2289 4482; x_wconf 85' lang='lat' dir='ltr'><strong>mini</strong></span> <span class='ocrx_word' id='word_1_734' title='bbox 2325 4428 2771 4484; x_wconf 83' lang='lat' dir='ltr'><strong>committendum</strong></span> <span class='ocrx_word' id='word_1_735' title='bbox 2786 4428 2973 4486; x_wconf 89' lang='lat' dir='ltr'><strong>fuisse.</strong></span> <span class='ocrx_word' id='word_1_736' title='bbox 3000 4430 3177 4488; x_wconf 88' lang='lat' dir='ltr'><strong>Taceo</strong></span> <span class='ocrx_word' id='word_1_737' title='bbox 3195 4434 3262 4489; x_wconf 91' lang='lat' dir='ltr'><strong>de</strong></span> <span class='ocrx_word' id='word_1_738' title='bbox 3282 4434 3595 4495; x_wconf 68' lang='lat' dir='ltr'><strong>«Avunculo</strong></span> <span class='ocrx_word' id='word_1_739' title='bbox 3619 4438 3737 4496; x_wconf 80' lang='lat' dir='ltr'><strong>Ab-</strong></span> 
     </span>
    </p>
   </div>
   <div class='ocr_carea' id='block_1_100' title="bbox 2158 4518 3735 4601">
    <p class='ocr_par' dir='ltr' id='par_1_100' title="bbox 2158 4518 3735 4601">
     <span class='ocr_line' id='line_1_100' title="bbox 2158 4518 3735 4601; baseline 0.008 -27"><span class='ocrx_word' id='word_1_740' title='bbox 2158 4520 2282 4574; x_wconf 88' lang='lat' dir='ltr'><strong>bate</strong></span> <span class='ocrx_word' id='word_1_741' title='bbox 2307 4520 2626 4575; x_wconf 86' lang='lat' dir='ltr'><strong>monasterii</strong></span> <span class='ocrx_word' id='word_1_742' title='bbox 2655 4518 2711 4575; x_wconf 81' lang='lat' dir='ltr'><strong>S.</strong></span> <span class='ocrx_word' id='word_1_743' title='bbox 2738 4519 2921 4576; x_wconf 66' lang='lat' dir='ltr'><strong>Mariae</strong></span> <span class='ocrx_word' id='word_1_744' title='bbox 2943 4522 2999 4576; x_wconf 83' lang='lat' dir='ltr'><strong>in</strong></span> <span class='ocrx_word' id='word_1_745' title='bbox 3020 4521 3311 4593; x_wconf 82' lang='lat' dir='ltr'><strong>Aventino,</strong></span> <span class='ocrx_word' id='word_1_746' title='bbox 3345 4547 3363 4580; x_wconf 75' lang='grc' dir='ltr'><strong><em>ι</em></strong></span> <span class='ocrx_word' id='word_1_747' title='bbox 3393 4529 3461 4585; x_wconf 91' lang='lat' dir='ltr'><strong>de</strong></span> <span class='ocrx_word' id='word_1_748' title='bbox 3480 4544 3591 4601; x_wconf 91' lang='lat' dir='ltr'><strong>quo</strong></span> <span class='ocrx_word' id='word_1_749' title='bbox 3612 4529 3735 4586; x_wconf 84' lang='lat' dir='ltr'><strong>Vita</strong></span> 
     </span>
    </p>
   </div>
   <div class='ocr_carea' id='block_1_101' title="bbox 2158 4612 3739 4692">
    <p class='ocr_par' dir='ltr' id='par_1_101' title="bbox 2158 4612 3739 4692">
     <span class='ocr_line' id='line_1_101' title="bbox 2158 4612 3739 4692; baseline 0.008 -26"><span class='ocrx_word' id='word_1_750' title='bbox 2158 4628 2213 4667; x_wconf 93' lang='lat' dir='ltr'><strong>n.</strong></span> <span class='ocrx_word' id='word_1_751' title='bbox 2241 4612 2305 4678; x_wconf 83' lang='lat'><strong>5;</strong></span> <span class='ocrx_word' id='word_1_752' title='bbox 2332 4612 2458 4666; x_wconf 88' lang='lat' dir='ltr'><strong>licet</strong></span> <span class='ocrx_word' id='word_1_753' title='bbox 2491 4613 2639 4666; x_wconf 89' lang='lat' dir='ltr'><strong>enim</strong></span> <span class='ocrx_word' id='word_1_754' title='bbox 2670 4612 2886 4683; x_wconf 82' lang='lat' dir='ltr'><strong>generis</strong></span> <span class='ocrx_word' id='word_1_755' title='bbox 2915 4613 3170 4672; x_wconf 81' lang='lat' dir='ltr'><strong>clarioris</strong></span> <span class='ocrx_word' id='word_1_756' title='bbox 3210 4620 3351 4673; x_wconf 88' lang='lat' dir='ltr'><strong>ratio</strong></span> <span class='ocrx_word' id='word_1_757' title='bbox 3396 4635 3506 4674; x_wconf 88' lang='lat' dir='ltr'><strong>non</strong></span> <span class='ocrx_word' id='word_1_758' title='bbox 3554 4637 3739 4692; x_wconf 71' lang='lat' dir='ltr'><strong>parva:</strong></span> 
     </span>
    </p>
   </div>
   <div class='ocr_carea' id='block_1_102' title="bbox 2156 4702 3736 4774">
    <p class='ocr_par' dir='ltr' id='par_1_102' title="bbox 2156 4702 3736 4774">
     <span class='ocr_line' id='line_1_102' title="bbox 2156 4702 3736 4774; baseline 0.005 -15"><span class='ocrx_word' id='word_1_759' title='bbox 2156 4703 2609 4760; x_wconf 88' lang='lat' dir='ltr'><strong>considerationis</strong></span> <span class='ocrx_word' id='word_1_760' title='bbox 2635 4718 2849 4774; x_wconf 90' lang='lat' dir='ltr'><strong>semper</strong></span> <span class='ocrx_word' id='word_1_761' title='bbox 2868 4702 3032 4760; x_wconf 89' lang='lat' dir='ltr'><strong>fuerit</strong></span> <span class='ocrx_word' id='word_1_762' title='bbox 3043 4706 3208 4761; x_wconf 89' lang='lat' dir='ltr'><strong>etiam</strong></span> <span class='ocrx_word' id='word_1_763' title='bbox 3228 4708 3283 4762; x_wconf 91' lang='lat' dir='ltr'><strong>in</strong></span> <span class='ocrx_word' id='word_1_764' title='bbox 3306 4712 3736 4768; x_wconf 88' lang='lat' dir='ltr'><strong>monasticarum</strong></span> 
     </span>
    </p>
   </div>
   <div class='ocr_carea' id='block_1_103' title="bbox 2155 4794 3736 4863">
    <p class='ocr_par' dir='ltr' id='par_1_103' title="bbox 2155 4794 3736 4863">
     <span class='ocr_line' id='line_1_103' title="bbox 2155 4794 3736 4863; baseline 0.008 -15"><span class='ocrx_word' id='word_1_765' title='bbox 2155 4794 2605 4851; x_wconf 66' lang='lat' dir='ltr'><strong>Prazfecturarum</strong></span> <span class='ocrx_word' id='word_1_766' title='bbox 2648 4795 2962 4863; x_wconf 89' lang='lat' dir='ltr'><strong>collatione,</strong></span> <span class='ocrx_word' id='word_1_767' title='bbox 3027 4797 3210 4854; x_wconf 90' lang='lat' dir='ltr'><strong>minus</strong></span> <span class='ocrx_word' id='word_1_768' title='bbox 3259 4806 3442 4856; x_wconf 90' lang='lat' dir='ltr'><strong>tamen</strong></span> <span class='ocrx_word' id='word_1_769' title='bbox 3501 4803 3736 4860; x_wconf 88' lang='lat' dir='ltr'><strong>inusita-</strong></span> 
     </span>
    </p>
   </div>
   <div class='ocr_carea' id='block_1_104' title="bbox 2156 4887 3734 4963">
    <p class='ocr_par' dir='ltr' id='par_1_104' title="bbox 2156 4887 3734 4963">
     <span class='ocr_line' id='line_1_104' title="bbox 2156 4887 3734 4963; baseline 0.007 -22"><span class='ocrx_word' id='word_1_770' title='bbox 2156 4894 2273 4942; x_wconf 91' lang='lat' dir='ltr'><strong>tum</strong></span> <span class='ocrx_word' id='word_1_771' title='bbox 2297 4896 2382 4941; x_wconf 90' lang='lat' dir='ltr'><strong>est</strong></span> <span class='ocrx_word' id='word_1_772' title='bbox 2424 4887 2493 4942; x_wconf 92' lang='lat' dir='ltr'><strong>ad</strong></span> <span class='ocrx_word' id='word_1_773' title='bbox 2543 4902 2640 4943; x_wconf 88' lang='lat' dir='ltr'><strong>eas</strong></span> <span class='ocrx_word' id='word_1_774' title='bbox 2679 4889 2905 4959; x_wconf 87' lang='lat' dir='ltr'><strong>provehi</strong></span> <span class='ocrx_word' id='word_1_775' title='bbox 2948 4890 3115 4945; x_wconf 89' lang='lat' dir='ltr'><strong>etiam</strong></span> <span class='ocrx_word' id='word_1_776' title='bbox 3154 4890 3341 4947; x_wconf 87' lang='lat' dir='ltr'><strong>infimo</strong></span> <span class='ocrx_word' id='word_1_777' title='bbox 3385 4894 3509 4949; x_wconf 92' lang='lat' dir='ltr'><strong>loco</strong></span> <span class='ocrx_word' id='word_1_778' title='bbox 3551 4904 3734 4963; x_wconf 90' lang='lat' dir='ltr'><strong>natos,</strong></span> 
     </span>
    </p>
   </div>
   <div class='ocr_carea' id='block_1_105' title="bbox 2155 4979 3735 5052">
    <p class='ocr_par' dir='ltr' id='par_1_105' title="bbox 2155 4979 3735 5052">
     <span class='ocr_line' id='line_1_105' title="bbox 2155 4979 3735 5052; baseline 0.006 -19"><span class='ocrx_word' id='word_1_779' title='bbox 2155 4993 2323 5049; x_wconf 88' lang='lat' dir='ltr'><strong>quam</strong></span> <span class='ocrx_word' id='word_1_780' title='bbox 2358 4979 2523 5049; x_wconf 88' lang='lat' dir='ltr'><strong>stirps</strong></span> <span class='ocrx_word' id='word_1_781' title='bbox 2558 4994 2669 5033; x_wconf 90' lang='lat' dir='ltr'><strong>non</strong></span> <span class='ocrx_word' id='word_1_782' title='bbox 2692 4979 2899 5035; x_wconf 90' lang='lat' dir='ltr'><strong>dederit</strong></span> <span class='ocrx_word' id='word_1_783' title='bbox 2917 4981 3242 5049; x_wconf 86' lang='lat' dir='ltr'><strong>claritatem,</strong></span> <span class='ocrx_word' id='word_1_784' title='bbox 3268 4985 3535 5052; x_wconf 88' lang='lat' dir='ltr'><strong>moribus,</strong></span> <span class='ocrx_word' id='word_1_785' title='bbox 3564 4987 3735 5042; x_wconf 86' lang='lat' dir='ltr'><strong>meri-</strong></span> 
     </span>
    </p>
   </div>
   <div class='ocr_carea' id='block_1_106' title="bbox 2156 5069 3058 5137">
    <p class='ocr_par' dir='ltr' id='par_1_106' title="bbox 2156 5069 3058 5137">
     <span class='ocr_line' id='line_1_106' title="bbox 2156 5069 3058 5137; baseline 0.002 -11"><span class='ocrx_word' id='word_1_786' title='bbox 2156 5071 2246 5137; x_wconf 90' lang='lat' dir='ltr'><strong>tis,</strong></span> <span class='ocrx_word' id='word_1_787' title='bbox 2283 5079 2378 5126; x_wconf 88' lang='lat' dir='ltr'><strong>aut</strong></span> <span class='ocrx_word' id='word_1_788' title='bbox 2399 5070 2595 5126; x_wconf 89' lang='lat' dir='ltr'><strong>litteris</strong></span> <span class='ocrx_word' id='word_1_789' title='bbox 2630 5069 3058 5128; x_wconf 84' lang='lat' dir='ltr'><strong>conferentibus.</strong></span> 
     </span>
    </p>
   </div>
   <div class='ocr_carea' id='block_1_107' title="bbox 2224 5172 3731 5244">
    <p class='ocr_par' dir='ltr' id='par_1_107' title="bbox 2224 5172 3731 5244">
     <span class='ocr_line' id='line_1_107' title="bbox 2224 5172 3731 5244; baseline 0.007 -17"><span class='ocrx_word' id='word_1_790' title='bbox 2224 5172 2314 5227; x_wconf 77' lang='lat'><strong>58.</strong></span> <span class='ocrx_word' id='word_1_791' title='bbox 2338 5172 2385 5226; x_wconf 80' lang='grc' dir='ltr'><strong>Α</strong></span> <span class='ocrx_word' id='word_1_792' title='bbox 2422 5172 2600 5243; x_wconf 91' lang='lat' dir='ltr'><strong>primo</strong></span> <span class='ocrx_word' id='word_1_793' title='bbox 2629 5172 2873 5244; x_wconf 83' lang='lat' dir='ltr'><strong>Gregorii</strong></span> <span class='ocrx_word' id='word_1_794' title='bbox 2899 5175 2956 5229; x_wconf 91' lang='lat' dir='ltr'><strong>in</strong></span> <span class='ocrx_word' id='word_1_795' title='bbox 2983 5175 3146 5231; x_wconf 90' lang='lat' dir='ltr'><strong>terris</strong></span> <span class='ocrx_word' id='word_1_796' title='bbox 3174 5174 3371 5244; x_wconf 89' lang='lat' dir='ltr'><strong>Natali,</strong></span> <span class='ocrx_word' id='word_1_797' title='bbox 3409 5187 3635 5235; x_wconf 86' lang='lat' dir='ltr'><strong>transeo</strong></span> <span class='ocrx_word' id='word_1_798' title='bbox 3662 5181 3731 5237; x_wconf 84' lang='lat' dir='ltr'><strong>ad</strong></span> 
     </span>
    </p>
   </div>
   <div class='ocr_carea' id='block_1_108' title="bbox 2154 5264 3730 5340">
    <p class='ocr_par' dir='ltr' id='par_1_108' title="bbox 2154 5264 3730 5340">
     <span class='ocr_line' id='line_1_108' title="bbox 2154 5264 3730 5340; baseline 0.006 -22"><span class='ocrx_word' id='word_1_799' title='bbox 2154 5265 2381 5319; x_wconf 89' lang='lat' dir='ltr'><strong>alterum</strong></span> <span class='ocrx_word' id='word_1_800' title='bbox 2417 5264 2741 5319; x_wconf 89' lang='lat' dir='ltr'><strong>sanctiorem</strong></span> <span class='ocrx_word' id='word_1_801' title='bbox 2768 5267 2824 5319; x_wconf 92' lang='lat' dir='ltr'><strong>in</strong></span> <span class='ocrx_word' id='word_1_802' title='bbox 2850 5265 3139 5334; x_wconf 85' lang='lat' dir='ltr'><strong>Gathedra,</strong></span> <span class='ocrx_word' id='word_1_803' title='bbox 3170 5284 3331 5340; x_wconf 89' lang='lat' dir='ltr'><strong>quem</strong></span> <span class='ocrx_word' id='word_1_804' title='bbox 3379 5264 3532 5326; x_wconf 86' lang='lat' dir='ltr'><strong>more</strong></span> <span class='ocrx_word' id='word_1_805' title='bbox 3568 5271 3730 5327; x_wconf 84' lang='lat' dir='ltr'><strong>insti-</strong></span> 
     </span>
    </p>
   </div>
   <div class='ocr_carea' id='block_1_109' title="bbox 2238 5357 3724 5386">
    <p class='ocr_par' dir='ltr' id='par_1_109' title="bbox 2238 5357 3724 5386">
     <span class='ocr_line' id='line_1_109' title="bbox 2238 5357 3724 5386; baseline 0 0"><span class='ocrx_word' id='word_1_806' title='bbox 2238 5370 2377 5386; x_wconf 65' lang='grc' dir='ltr'><strong>,ιη-’Λ</strong></span> <span class='ocrx_word' id='word_1_807' title='bbox 2402 5357 2660 5386; x_wconf 64' lang='grc' dir='ltr'><strong>Μηξιισιηννι</strong></span> <span class='ocrx_word' id='word_1_808' title='bbox 2688 5374 2863 5386; x_wconf 62' lang='lat' dir='ltr'><strong>nun...‘</strong></span> <span class='ocrx_word' id='word_1_809' title='bbox 2887 5374 3006 5386; x_wconf 64' lang='grc' dir='ltr'><strong>ιιι-..η</strong></span> <span class='ocrx_word' id='word_1_810' title='bbox 3041 5362 3335 5386; x_wconf 57' lang='grc' dir='ltr'><strong>ΛΑΙΑΙε-Αι.ι.ιι</strong></span> <span class='ocrx_word' id='word_1_811' title='bbox 3375 5362 3592 5386; x_wconf 61' lang='lat' dir='ltr'><strong>J-.I.:A---</strong></span> <span class='ocrx_word' id='word_1_812' title='bbox 3605 5364 3724 5386; x_wconf 66' lang='lat' dir='ltr'><strong>J-___</strong></span> 
     </span>
    </p>
   </div>
  </div>
