3986 5386
204 272 271 329 '57
1150 256 1686 322 PROLEGOMENA.
1728 291 1795 299 —
1833 259 2017 319 ACTA
2059 266 2116 324 S.
2157 265 2507 326 GRECORII.
3406 270 3475 326 58

211 387 311 456 tur)
334 382 401 440 l0
424 380 710 439 Kalendas
744 380 869 438 Maii
887 424 902 449 ,
941 379 1073 438 dicit
1100 380 1247 451 quod
1274 378 1437 451 Regis
1459 389 1792 434 consensum
1822 381 1867 435 Α
1892 376 2039 432 circa
2061 375 2354 437 Pontiﬁces
2383 347 2817 454 chronologiam,
2844 383 2939 442 ubi
2967 394 3159 441 neutra
3189 400 3301 458 reg'~
3325 386 3375 441 la
3399 394 3480 443 tc-

211 477 547 551 prazstolans,
578 476 826 546 primum
853 475 1135 531 ordinatus
1167 473 1270 529 fuit
1301 493 1319 525 ι
1366 487 1511 527 anno
1540 467 1788 540 sequenti

212 574 265 628 in
299 570 685 642 puriﬁcatione
728 568 787 625 S.
816 568 1035 635 Mariae;
1068 587 1088 620 ι
1132 583 1256 622 cum
1280 565 1416 621 Acta
1449 561 1788 619 Pontificalia

214 664 343 736 apud
360 663 619 719 Gentium
642 661 1021 717 Camerarium
1043 666 1292 715 asserant
1314 657 1459 729 quod
1480 656 1646 721 «Rex,
1662 668 1789 708 mox

215 766 271 813 ut
302 756 587 813 electionis
627 755 917 811 veritatem
956 753 1244 825 cognovit,
1315 765 1605 807 assensum
1645 762 1788 818 prae-

216 851 321 906 buit
336 893 351 916 ,
378 858 433 906 et
459 849 800 920 Gregorium
820 846 1216 903 Vercellensem
1237 843 1564 914 Episc0pum
1584 883 1599 909 ,
1625 838 1791 894 Italiae

216 944 353 1015 regni
382 941 816 1008 Caneellarium,
841 940 909 995 ad
932 938 1120 993 urbem
1157 936 1483 1003 transmisit,
1518 940 1791 1004 quatenus

216 1037 524 1094 auctoritate
567 1034 725 1107 regia
761 1033 1083 1089 electionem
1126 1030 1301 1100 ipsam
1323 1028 1705 1092 conﬁrmaret,
1736 1030 1792 1080 et

215 1127 606 1186 consecrationi
637 1126 765 1197 ejus
792 1125 1054 1180 interesse
1077 1122 1320 1177 studeret
1344 1139 1356 1175 :
1396 1119 1543 1191 quod
1565 1118 1683 1174 sine
1707 1115 1792 1171 di-

218 1223 400 1277 latione
420 1219 634 1276 faetum
659 1227 767 1274 est.
809 1215 948 1272 Nam
985 1214 1128 1270 infra
1159 1221 1410 1269 octavam
1444 1210 1793 1266 Pentecostes

216 1317 263 1370 in
299 1313 696 1383 Presbyterum
732 1307 1131 1365 Hildebrandus
1171 1305 1457 1360 ordinatus
1496 1310 1615 1369 est,
1645 1308 1700 1354 et
1735 1299 1792 1354 in

209 1405 377 1461 Natali
409 1403 812 1475 Apostolorum
832 1402 889 1456 in
909 1398 1217 1455 Romanum
1253 1396 1572 1453 Pontiﬁcem
1595 1409 1793 1449 conse-

202 1506 406 1553 cratus.
441 1516 462 1549 ι
488 1495 821 1551 Pentecoste
866 1492 1015 1547 illius
1052 1489 1180 1545 anni
1199 1531 1216 1556 ,
1247 1489 1342 1560 qui
1362 1487 1574 1542 Pascha
1605 1486 1796 1541 habuit

208 1590 267 1643 51
294 1586 508 1653 Martii,
546 1594 605 1642 et
636 1572 878 1640 litteram
925 1581 1318 1638 Dominicalem
1357 1578 1424 1646 ι’,
1463 1579 1794 1635 celebratum

207 1679 309 1735 fuit
336 1681 406 1734 14
436 1678 611 1733 Maii:
657 1676 874 1733 Natalis
918 1690 1050 1731 vero
1088 1674 1477 1745 Apostolorum
1519 1671 1716 1727 (xcidit
1740 1672 1793 1725 in

204 1772 528 1827 Sabbatum.
550 1770 738 1826 Videri
758 1778 941 1825 autem
962 1774 1148 1838 posset
1166 1781 1233 1821 ex
1255 1763 1514 1836 peculiari
1535 1763 1797 1819 electione

203 1864 377 1935 ipsius
401 1865 585 1919 sancti
611 1861 897 1918 Pontiﬁcis
918 1866 1235 1929 assumptus
1264 1858 1312 1912 is
1339 1856 1479 1923 dies,
1507 1871 1634 1913 cum
1659 1856 1797 1910 alio-

200 1957 295 2028 qui
347 1957 560 2011 soleret
620 1955 676 2009 in
728 1952 1030 2008 Dominicis
1073 1950 1400 2006 Pontiﬁcum
1452 1948 1796 2005 consecratio

202 2050 311 2105 ﬁeri
342 2091 361 2114 ,
421 2048 558 2118 quia
607 2046 936 2103 meminerat
979 2044 1128 2114 quod
1174 2044 1355 2114 ipsum
1407 2041 1796 2111 Apostolorum

202 2141 465 2210 Princeps
485 2139 687 2195 Petrus
724 2157 744 2190 ι
783 2138 855 2192 ab
877 2135 1106 2191 infantia
1133 2136 1238 2191 sub
1261 2136 1364 2190 alis
1385 2134 1501 2190 suis
1529 2133 1796 2203 singulari

198 2234 435 2307 quadam
462 2232 669 2303 pietate
698 2229 949 2297 nutrivit,
972 2237 1027 2284 et
1043 2229 1098 2283 in
1121 2228 1330 2300 gremio
1357 2242 1472 2283 sua:
1493 2228 1798 2285 clementiae

201 2328 359 2395 fovit,
406 2347 425 2378 ι
476 2325 559 2379 uti
600 2333 762 2378 antea
792 2323 861 2378 ad
890 2320 1124 2377 Saxouia
1152 2320 1438 2392 Principes
1478 2322 1792 2393 scripserat.

202 2420 554 2477 Dominicam
602 2426 788 2471 tamen
820 2422 1160 2486 expectatam
1182 2429 1249 2469 ex
1278 2430 1431 2469 more
1454 2414 1658 2483 fuisse,
1690 2431 1799 2487 qua

202 2511 672 2570 Commemoratio
698 2508 958 2580 specialis
985 2506 1042 2562 S.
1072 2506 1225 2561 Pauli
1253 2508 1462 2578 agenda
1485 2518 1633 2576 erat,
1662 2524 1799 2565 con~

202 2610 411 2662 tinuato
458 2594 881 2675 quodammodo
921 2599 1063 2655 festo
1111 2598 1319 2655 Natalis
1372 2599 1798 2671 Apostolorum,

202 2699 494 2770 persuadet
545 2695 797 2767 Epistula
839 2693 960 2763 ejus
1000 2692 1067 2747 12
1090 2692 1144 2746 in
1186 2691 1471 2763 Registro,
1504 2710 1600 2765 per
1633 2710 1799 2766 quam

207 2813 226 2845 ι
262 2788 573 2861 Gregorius
592 2788 688 2854 ,iu
712 2785 1038 2841 Pontificcm
1062 2784 1370 2839 Romanum
1395 2787 1600 2842 electus
1620 2829 1635 2854 ,
1669 2788 1802 2844 Gui-

202 2886 369 2941 lielmo
399 2882 675 2951 Papiensr
714 2878 990 2950 Episcopo
1032 2879 1265 2933 salutem
1302 2877 1359 2932 in
1403 2879 1635 2935 Domino
1672 2881 1801 2938 Jesu

203 2977 406 3031 Christo
440 2994 461 3026 ι
494 2973 762 3043 scripsit,
784 2971 1028 3042 ipsomct
1056 2970 1144 3025 die
1167 2971 1238 3025 '5:
1273 2990 1291 3022 ι
1328 2970 1599 3029 Kalendas
1633 2973 1798 3042 Julii,

203 3068 496 3123 lndietione
525 3064 847 3120 undecima.
885 3084 903 3116 ι
930 3063 1087 3130 Quod
1115 3072 1297 3119 autem
1320 3081 1419 3121 nec
1447 3082 1557 3120 uno
1583 3068 1800 3137 quidem
1830 3084 1871 3141 ο

205 3162 282 3216 die
305 3160 490 3216 serius
518 3157 674 3213 facta
705 3157 780 3212 sit
802 3154 1182 3223 Consceratio,
1208 3173 1373 3227 quam
1397 3158 1466 3211 50
1487 3156 1614 3212 Juni
1635 3200 1651 3226 ,
1675 3176 1804 3229 pro-

205 3255 286 3308 hat
328 3268 585 3323 sequens
624 3249 865 3320 epistola
887 3289 901 3314 ,
937 3264 1043 3318 qua
1073 3267 1091 3298 ι
1125 3248 1250 3302 data
1289 3249 1530 3304 secundo
1573 3249 1799 3306 Kalend.

204 3342 337 3413 Julii,
364 3345 691 3400 ludictione
713 3362 732 3393 ι
758 3340 1014 3395 similiter
1045 3359 1064 3391 ι
1094 3340 1403 3408 undecima,
1428 3342 1746 3414 Gregorius,
1780 3364 1797 3394 ι

200 3439 300 3509 jam
339 3454 449 3492 non
489 3435 747 3505 amplius
790 3453 810 3484 ‹
863 3432 919 3487 in
943 3430 1263 3487 Romanum
1323 3431 1641 3489 Pontilicem
1679 3434 1805 3488 Ele-

204 3541 330 3597 ctus,
364 3550 383 3582 ›
411 3529 515 3585 sed
548 3530 802 3599 (mutato
820 3525 889 3580 de
918 3518 1069 3579 more
1090 3524 1253 3597 style)
1284 3544 1301 3576 ι
1335 3523 1660 3596 Episcopus,
1685 3542 1804 3581 ser-

205 3639 294 3678 rus
318 3636 615 3678 servorum
646 3617 746 3673 Dei
768 3658 784 3684 ,
817 3616 1054 3671 .‘llanassi
1080 3615 1341 3672 Remensi
1380 3617 1805 3689 Arehiepise0po

206 3718 417 3772 salutem
445 3724 505 3770 et
530 3711 927 3783 Apostolicam
944 3709 1386 3765 benedictionem
1417 3709 1730 3787 impertivit.
1780 3731 1798 3762 ι

264 3809 347 3865 59.
386 3806 513 3863 Non
546 3803 758 3860 habuit
788 3801 883 3857 hic
900 3798 1148 3856 Pontifex
1178 3801 1234 3854 in
1262 3816 1366 3855 usu
1391 3799 1443 3855 id
1470 3842 1485 3868 ,
1509 3802 1655 3871 quod
1683 3800 1806 3856 Cle-

206 3911 426 3958 mentem
445 3900 676 3971 Papam
708 3893 803 3961 111,
837 3893 1102 3965 coepisse,
1138 3900 1194 3949 et
1228 3891 1575 3947 Carlcstinum
1600 3892 1803 3963 Papam

206 3996 438 4051 similiter
454 3993 553 4060 lll,
584 3995 921 4046 constanter
943 3986 1189 4041 videmus
1215 3985 1555 4051 observasse,
1585 3993 1804 4040 centum

205 4097 315 4158 post
333 4088 448 4144 haec
475 4084 692 4151 annis,
730 4090 795 4135 ut
833 4079 919 4134 sui
943 4076 1302 4133 Pontiﬁcatus
1329 4091 1507 4131 annos
1538 4076 1799 4132 adnume-

208 4191 335 4236 rarct
391 4173 834 4236 subscribendis
872 4170 1114 4242 epistolis
1138 4212 1154 4237 ,
1199 4169 1391 4225 saltem
1428 4167 1484 4221 in
1520 4166 1803 4238 Registro;

206 4269 294 4330 nec
319 4275 561 4328 aliarum
603 4274 810 4325 extant
827 4263 1110 4333 exempla,
1136 4262 1338 4332 quibus
1372 4257 1603 4331 plcniori
1629 4257 1806 4314 forma

206 4367 613 4422 subscribean
666 4359 731 4415 S.
762 4358 829 4412 R.
856 4355 917 4411 E.
966 4354 1251 4411 Scriniarii
1286 4352 1402 4409 sive
1442 4350 1803 4417 Caneellarii,

1890 475 2068 535 netur,
2097 470 2388 528 identidem
2408 475 2729 544 perturbant
2748 476 3155 549 implicantque.

1957 560 2048 615 40.
2088 561 2278 619 Dilata:
2317 582 2492 636 usque
2537 582 2606 622 eo
2647 565 3021 627 Ordinationis
3067 586 3323 642 causam,
3366 586 3477 626 non

1889 651 2096 724 absque
2118 656 2299 727 aliqua
2322 659 2434 712 veri
2457 659 2831 729 similitudine,
2853 662 3067 719 videtur
3091 679 3480 735 prtemcmora-

1890 752 1980 800 tus
2017 743 2183 802 Ottho
2232 748 2764 825 schafnaburgensis
2802 755 2938 811 satis
2988 756 3241 812 idoneam
3276 771 3478 826 propo-

1892 852 2041 905 nere,
2067 838 2197 893 dum
2216 842 2427 909 scribit,
2450 845 2596 914 quod
2617 844 2886 901 intellecta
2921 846 3170 919 Gregorii
3189 847 3474 912 electione,
3536 840 3549 846 “

1890 936 1946 984 et
1988 949 2006 982 ι
2042 946 2154 1001 quo
2198 932 2363 988 modo
2400 935 2515 990 zelo
2545 934 2642 991 Dei
2689 935 3125 995 ferventissimus
3161 948 3313 1006 erat,
3349 937 3479 1008 Eri-

1891 1022 2045 1093 scopi
2068 1021 2368 1079 Galliarum
2390 1027 2644 1097 protinus
2679 1030 2872 1100 grandi
2898 1033 3157 1102 scrupulo
3172 1031 3479 1089 permoveri

1892 1123 2207 1186 emperunt,
2237 1132 2307 1173 ne
2350 1117 2434 1173 vir
2470 1120 2808 1177 vehementis
2849 1121 3051 1193 ingenii
3087 1131 3142 1179 et
3180 1122 3325 1179 acris
3349 1137 3479 1192 erga

1893 1204 2066 1261 Deum
2113 1207 2278 1275 ﬁdei,
2330 1210 2635 1268 districtius
2682 1228 2779 1269 eos
2835 1228 2936 1284 pro
2976 1214 3322 1285 negligentiis
3365 1212 3481 1268 suis

1892 1297 2224 1369 quandoque
2254 1300 2551 1385 discuteret
2575 1322 2587 1357 :
2613 1313 2777 1375 atque
2809 1304 2932 1361 ideo
2955 1305 3340 1361 communibus
3362 1319 3483 1358 om-

1895 1404 1995 1444 nes
2014 1389 2260 1448 consiliis
2287 1391 2489 1466 Regem
2526 1396 2700 1453 adorti
2722 1438 2737 1463 ,
2763 1397 2995 1451 orabant
3025 1404 3084 1451 ut
3125 1395 3444 1452 electionem
3466 1436 3481 1460 ,

1895 1497 2018 1551 qua:
2053 1482 2175 1553 ejus
2218 1483 2433 1555 iujussu
2462 1485 2607 1544 facta
2634 1498 2811 1557 esset,
2843 1489 3055 1544 irritam
3075 1504 3196 1545 esse
3219 1489 3482 1544 decerne-

1899 1582 2015 1639 ret;
2083 1585 2393 1633 assercutes
2433 1580 2580 1650 quod
2626 1581 2733 1637 nisi
2773 1580 3035 1652 impetum
3078 1580 3320 1636 hominis
3346 1595 3487 1649 prte-

1898 1664 2084 1721 venire
2105 1675 2447 1737 maturaret,
2490 1672 2696 1727 malum
2740 1672 2849 1728 hoc
2888 1688 3001 1729 non
3032 1672 3088 1729 in
3112 1672 3283 1728 alium
3311 1670 3489 1743 magis

1896 1772 2061 1828 quam
2092 1757 2146 1813 in
2186 1758 2366 1829 ipsum
2388 1759 2587 1834 Regem
2615 1764 3048 1819 redundaturum
3073 1773 3236 1821 esset.
3263 1762 3490 1819 Statim-

1895 1863 2003 1917 que
2026 1847 2143 1905 Rex
2184 1865 2214 1905 a
2249 1851 2419 1908 latere
2456 1869 2560 1910 suo
2588 1853 2969 1911 Eberhardum
2989 1854 3257 1911 Comitem
3298 1855 3485 1922 misit,

1895 1940 1991 2010 qui
2030 1940 2310 1999 Romanos
2336 1942 2600 2003 Proceres
2633 1947 2968 2004 conveniens
2990 1989 3005 2016 ,
3035 1964 3263 2004 causam
3299 1948 3369 2002 ab
3404 1947 3488 2002 eis

1897 2031 2269 2088 sciscitaretur
2285 2050 2478 2105 quare,
2493 2045 2689 2107 praeter
2719 2039 3170 2095 consuetudinem
3188 2038 3484 2109 majorum,

1898 2121 2042 2195 Rege
2063 2124 2397 2194 inconsulto,
2420 2126 2683 2185 Romanae
2719 2128 2975 2187 Ecclesia:
2995 2130 3315 2188 Pontiﬁeem
3338 2131 3490 2187 ordi-

1898 2224 2157 2283 nassent;
2188 2216 2503 2289 ipsumque,
2531 2222 2579 2277 si
2599 2236 2711 2277 non
2741 2223 2934 2279 idonee
2964 2223 3354 2290 satisfecisset,
3380 2225 3490 2281 illi-

1898 2309 2003 2365 cite
2029 2318 2250 2380 accepta
2278 2310 2541 2383 dignitate
2581 2314 2838 2371 abdicare
2859 2332 2918 2372 se
2948 2317 3282 2388 praeciperet.
3311 2316 3364 2373 ls
3391 2334 3488 2375 ve-

1899 2403 2057 2460 niens
2098 2404 2335 2459 Romam
2381 2390 2615 2474 benigne
2657 2422 2689 2462 a
2727 2408 2989 2478 praedicto
3028 2408 3151 2465 viro
3200 2419 3492 2481 susceptus

1899 2504 2015 2549 est:
2055 2511 2293 2566 cumque
2353 2495 2430 2550 illi
2472 2499 2730 2554 mandata
2770 2498 2935 2570 Regis
2974 2502 3353 2571 exposuisset,
3399 2519 3490 2558 re-

1900 2588 2123 2657 spondit
2150 2603 2239 2653 se,
2293 2588 2406 2643 Deo
2442 2597 2600 2657 teste,
2634 2590 2864 2647 honoris
2893 2591 3058 2662 hujus
3085 2608 3295 2663 apicem
3331 2612 3494 2651 num-

1902 2694 2067 2748 quam
2105 2695 2202 2750 per
2234 2680 2591 2736 ambitionem
2621 2681 2944 2738 aﬁectasse:
2979 2684 3073 2740 sed
3107 2686 3341 2741 electum
3367 2705 3426 2744 se
3459 2705 3490 2743 a

1904 2769 2200 2837 Romanis,
2236 2779 2292 2826 et
2323 2772 2591 2828 violenter
2618 2774 2718 2830 sibi
2755 2774 3071 2845 impositam
3110 2775 3280 2834 fuisse
3310 2778 3498 2836 Eccle-

1904 2862 2115 2919 siastici
2151 2864 2436 2935 regiminis
2476 2866 2859 2922 necessitatem
2896 2886 2909 2922 :
2952 2870 3075 2940 cogi
3114 2878 3297 2925 tamen
3343 2874 3497 2927 nullo

1904 2955 2071 3009 modo
2096 2955 2342 3025 potuisse
2390 2965 2451 3010 ut
2478 2958 2722 3012 ordinari
2765 2971 2824 3013 se
2851 2960 3209 3028 permitteret,
3240 2961 3495 3031 doncein

1903 3046 2225 3100 electionem
2263 3062 2422 3101 suam
2458 3056 2566 3102 tam
2596 3047 2800 3119 Regem
2835 3065 3001 3119 quam
3042 3049 3322 3122 Principes
3350 3054 3497 3111 Teu-

1906 3138 2075 3194 tonici
2126 3137 2300 3209 Regni
2333 3140 2681 3196 consensisse
2714 3149 2862 3197 certa
2888 3141 3159 3213 legatione
3197 3159 3497 3216 cognosce-

1905 3238 2018 3285 ret:
2046 3229 2150 3286 hac
2170 3230 2380 3287 ratione
2403 3231 2682 3288 distulisse
2700 3233 2880 3287 adhuc
2899 3232 3313 3292 Ordinationem
3340 3255 3498 3296 suam

1903 3330 1957 3377 et
1987 3322 2106 3378 sine
2129 3322 2298 3378 dubio
2328 3323 2646 3391 dilaturum,
2673 3323 2854 3380 donec
2892 3325 2994 3380 sibi
3025 3327 3362 3385 voluntatem
3393 3331 3502 3387 Re-

1904 3416 1988 3487 gis
2012 3423 2197 3472 eertus
2232 3415 2360 3471 inde
2397 3416 2627 3473 veniens
2666 3417 2894 3471 nuntius
2923 3417 3219 3475 intimaret.
3254 3420 3370 3478 Hoc
3406 3425 3499 3480 ubi

1906 3505 2039 3578 Regi
2062 3516 2148 3564 est
2172 3509 2506 3574 nuntiatum,
2530 3507 2764 3563 libenter
2785 3508 3024 3579 suscepit
3046 3511 3499 3583 satisfactionem;

1905 3608 1978 3666 et,
2008 3599 2292 3655 laetissimo
2317 3599 2600 3670 suffragio,
2624 3607 2685 3653 ut
2709 3599 3055 3655 ordinaretur
3081 3603 3378 3659 mandavit.
3404 3626 3424 3658 ι

1976 3691 2065 3746 il.
2102 3690 2300 3747 Nescio
2354 3705 2521 3762 quam
2566 3691 2759 3760 procul
2802 3699 2897 3745 aut
2937 3706 3107 3761 prepe
3150 3692 3325 3751 Roma
3368 3706 3501 3756 tunc

1906 3781 2019 3837 Rex
2045 3782 2300 3850 abfuerit,
2337 3784 2583 3852 adeoque
2639 3798 2740 3837 nec
2769 3781 2996 3837 delinire
3025 3799 3247 3854 possum
3308 3796 3499 3845 utrum

1906 3876 2049 3930 intra
2081 3876 2270 3931 decem
2294 3876 2414 3931 illas
2437 3874 2826 3940 hebdomadcs,
2853 3873 3140 3943 quaeinter
3163 3876 3500 3937 Electionem

1905 3967 2430 4039 Ordinationemque
2466 3968 2772 4035 ﬂuxerunt,
2818 3968 2980 4023 toties
3023 3970 3304 4040 potuerint
3343 3989 3500 4028 com-

1907 4077 2090 4116 meare
2110 4061 2311 4128 nuntii,
2335 4060 2551 4131 quoties
2576 4075 2715 4130 opus
2739 4068 2823 4117 est
2843 4068 2904 4116 ut
2923 4059 3222 4134 Gregorius
3245 4075 3502 4137 expecta-

1905 4154 2047 4208 verit
2091 4154 2268 4209 donec
2302 4161 2427 4223 post
2454 4153 2686 4207 reditum
2712 4154 2956 4222 praedicti
2983 4154 3215 4211 Comitis
3263 4173 3439 4214 novos
3461 4175 3495 4213 a

1909 4244 2055 4317 Rege
2095 4245 2321 4300 nuntios
2359 4244 2654 4315 acciperet.
2704 4243 2809 4299 Sed
2853 4260 3032 4315 neque
3065 4245 3120 4300 id
3151 4261 3291 4317 opus
3329 4249 3503 4307 fuisse

1908 4339 2106 4395 video:
2152 4338 2423 4408 siquidem
2458 4337 2790 4408 praelaudata
2833 4351 2901 4392 ex
2944 4335 3207 4392 Vaticano
3242 4339 3502 4397 Archivio

206 4459 341 4513 illum
391 4468 447 4513 et
505 4456 667 4511 alios
722 4447 987 4519 temporis
1056 4447 1405 4502 characteres
1459 4457 1801 4512 apposuere:
1838 4432 1882 4487 Ι)
1906 4432 2039 4487 Act-3
2063 4431 2265 4486 habent
2307 4430 2454 4500 (ιιιοά
2492 4449 2510 4481 ι
2533 4430 2703 4484 altera
2726 4429 2815 4484 die
2842 4448 2861 4480 ι
2887 4428 2958 4484 ab
2979 4427 3275 4498 Ειθειὶοιιθ,
3301 4451 3322 4484 ι
3355 4435 3500 4503 apud

206 4552 419 4620 proinde
472 4566 597 4605 non
654 4556 962 4616 possumus
1005 4555 1073 4595 ex
1108 4540 1177 4594 iis
1212 4538 1591 4593 demonstrare
1612 4577 1627 4602 ,
1659 4536 1808 4606 quod

205 4645 333 4700 idem
354 4641 678 4714 Gregorius
703 4649 980 4691 annorum
1017 4645 1246 4689 suorum
1273 4627 1672 4684 Pontiticalium
1705 4628 1811 4682 ini-

204 4738 329 4791 tium
368 4738 586 4792 ducere
624 4731 708 4788 sit
745 4726 945 4784 solitus
980 4741 1013 4781 a
1057 4722 1315 4779 501unii.
1351 4720 1587 4776 Credere
1626 4730 1809 4776 tamen

205 4844 493 4900 possumus
524 4840 669 4883 cum
731 4821 791 4876 in
816 4820 923 4874 hoc
956 4831 1176 4889 quoque
1199 4821 1449 4870 secutum
1476 4828 1689 4869 morem
1718 4816 1812 4869 de—

206 4938 477 4979 msorum
506 4929 799 4979 suorum;
842 4910 1082 4981 adeoque
1102 4904 1452 4963 Ponﬁﬁcatui
1484 4906 1605 4977 ejus
1625 4949 1644 4973 ,
1681 4915 1815 4963 tunc

206 5016 431 5084 primum
454 5012 753 5067 inchoato»
786 5018 912 5060 cum
932 5002 1098 5072 erepit
1113 5014 1237 5057 esse
1264 4998 1600 5070 Episcopus,
1630 4998 1812 5054 solum

205 5105 604 5162 adscribendos
619 5113 753 5156 esse
784 5109 957 5150 annos
973 5094 1058 5160 ll,
1089 5107 1308 5149 mcnSes
1327 5090 1414 5159 l0,
1443 5091 1560 5147 dies
1581 5089 1672 5145 26.
1699 5086 1815 5141 lioc

206 5208 374 5254 autem
396 5195 578 5253 modo
599 5184 1031 5263 praecedentium
1054 5182 1305 5241 omnium
1333 5180 1661 5237 Pontificum
1690 5193 1817 5248 spa-

206 5291 273 5344 tia
299 5301 688 5346 numeramus
709 5326 726 5350 ,
768 5281 829 5335 in
854 5286 1039 5334 nostra
1073 5279 1141 5335 de
1168 5274 1501 5332 Pontiﬁcum
1535 5274 1817 5329 Romano-

1912 4539 1971 4579 se
1999 4524 2178 4593 ipsum
2202 4523 2435 4579 sollicita
2454 4530 2635 4579 mente
2660 4528 3000 4593 pertractans
3028 4521 3096 4576 ad
3142 4538 3307 4592 quam
3339 4540 3504 4594 grave

1911 4616 2214 4685 perieulum
2259 4616 2330 4671 sit
2366 4616 2669 4682 adductus,
2720 4621 2955 4670 aestuare
2996 4615 3162 4685 carpit
3216 4630 3284 4670 ex
3329 4618 3503 4672 nimio

1912 4708 2119 4765 dolore.
2164 4707 2271 4764 Sed
2317 4725 2445 4764 eum
2473 4707 2884 4764 excusationem
2915 4707 2983 4763 de
3015 4707 3375 4778 relinquendo
3399 4708 3506 4764 Pa-

1913 4808 2042 4871 patu
2073 4816 2184 4856 non
2223 4801 2554 4867 invenisset,
2603 4799 2828 4855 nuntios
2862 4799 2932 4857 ad
2957 4798 3161 4870 Regem
3197 4798 3497 4856 Henricum

1912 4892 2162 4950 celeriter
2196 4893 2520 4960 destinavit,
2546 4908 2642 4965 per
2670 4907 2811 4961 quos
2831 4900 2888 4947 et
2908 4893 3226 4947 electionem
3255 4908 3420 4963 super
3448 4909 3506 4948 se

1916 4985 2115 5042 factam
2146 4985 2391 5057 aperuit,
2433 4994 2490 5041 et
2530 5000 2600 5039 ne
2622 4999 2915 5040 assensum
2946 4983 3211 5055 prazberet
3243 4985 3507 5040 attentius

1914 5080 2181 5139 exoravit.
2220 5078 2367 5150 quod
2409 5077 2458 5132 si
2526 5092 2637 5132 non
2676 5075 2910 5131 faceret.
2943 5084 3155 5132 eertum
3187 5075 3293 5129 sibi
3358 5085 3509 5131 esset

1915 5174 2064 5244 quod
2098 5174 2376 5245 graviores
2401 5178 2458 5226 et
2481 5167 2803 5226 manifestos
2829 5170 2950 5241 ejus
2984 5182 3244 5224 excessus
3270 5168 3506 5223 nullate-

1917 5282 2024 5322 nus
2080 5262 2383 5335 impunitos
2428 5265 2706 5320 toleraret.
2751 5282 2769 5313 ι
2801 5259 2939 5317 Rem
2984 5276 3116 5332 ergo
3168 5259 3248 5314 sic
3298 5267 3505 5329 gestam

1918 5358 2171 5386 ...ζηιι-μνι
2216 5364 2272 5386 ηρ
2289 5354 2537 5386 Π-ιιηηηζέ
2561 5356 2779 5386 nuncin.
2795 5353 3139 5386 “mu-smmi!
3165 5351 3244 5386 In!
3267 5351 3345 5386 ﬂii
3362 5348 3505 5386 fnnan
