3986 5386
204 257 258 314 Η
816 344 826 351 .
1143 256 1679 317 PROLEGOMENA.
1708 288 1778 298 —
1810 256 1996 315 ACTA
2035 258 2092 315 S.
2130 259 2477 348 GREGOlel.
3368 262 3442 320 ις

202 380 524 443 contemptus
554 387 585 427 a
611 371 852 442 quodam
874 369 1295 438 calumniatore,
1323 369 1637 427 terribiliter
1656 366 1775 423 vln-
1803 371 1850 431 Α
1874 366 2279 438 celebraturus,
2319 372 2454 427 adiit
2496 368 2815 437 Abbatiam,
2849 369 3116 427 vocabulo
3160 366 3447 429 Nonantu—

202 465 388 517 dicatus
409 471 493 516 est
520 462 734 518 caelesti
759 462 902 532 igne.
930 459 1066 515 Nam
1091 474 1217 516 cum
1247 468 1393 515 esset
1414 457 1768 514 Archidiaco-

205 569 308 617 nas,
334 553 698 608 antecesseris
721 553 809 607 sui
833 551 1169 619 Alexandri;
1199 566 1407 621 pauper
1432 548 1659 620 quidam
1682 547 1769 602 in-

204 629 513 700 tolerabilem
553 643 845 699 sustinens
886 644 992 698 sibi
1033 641 1356 698 hereditatis
1392 639 1587 695 ablata:
1622 637 1770 710 inju-

204 737 322 792 riam
346 776 361 801 ,
399 735 468 789 ab
496 734 857 805 iniquissimo
881 743 936 789 et
969 734 1277 789 metuendte
1316 731 1578 803 potentim
1609 730 1730 785 viro
1754 770 1769 794 ,

203 828 403 885 ﬂebilem
425 816 836 898 querimoniam
863 825 1059 881 detulit
1082 822 1344 880 Pontifici
1375 822 1644 900 Romano.
1674 819 1773 875 Ve-

204 936 306 976 rum
346 920 462 986 hic,
508 934 639 975 cum
677 925 967 987 propterea
998 916 1104 971 sibi
1146 928 1370 986 quoque
1404 913 1668 968 damnum
1704 910 1775 966 ab

205 1013 360 1067 animo
383 1009 712 1065 irreverenti
744 1017 799 1063 et
833 1007 1101 1063 infrunito
1130 1004 1485 1061 subeundum
1508 1000 1773 1057 formida-

206 1110 288 1168 ret,
311 1109 361 1155 ct
381 1100 532 1170 justa
564 1100 849 1156 sententia
872 1096 1316 1154 misericordiam
1346 1093 1633 1150 sublevem
1659 1100 1773 1148 tre-

204 1195 417 1265 pidaret;
446 1212 450 1220 ι
460 1192 656 1262 justus
683 1189 1083 1245 liiltebrandus
1101 1230 1117 1257 ,
1156 1203 1318 1259 quas:
1346 1186 1434 1241 leo
1460 1183 1773 1250 conlidens,

206 1300 305 1342 cum
340 1282 580 1353 primum
632 1281 965 1337 Pontificem
1017 1280 1087 1335 ad
1137 1277 1470 1334 exerendum
1511 1275 1775 1330 ulionem
1854 1289 1858 1292 ’

205 1379 409 1433 excitare
463 1383 529 1431 et
583 1374 904 1431 confortare
967 1378 1270 1438 tentasset,
1310 1368 1405 1425 sed
1462 1383 1588 1423 eum
1619 1383 1650 1421 a
1672 1378 1777 1438 pu-

202 1468 554 1530 sillanimitate
626 1464 868 1536 spiritus
933 1476 1281 1534 nequaquam
1340 1459 1577 1514 liberare
1639 1473 1778 1527 prte-

202 1561 463 1626 valuisset;
497 1559 605 1615 sibi
632 1559 814 1614 vicem
846 1558 997 1612 illam
1021 1552 1417 1611 misericordiae
1448 1560 1505 1607 et
1529 1550 1778 1620 veritatis

205 1652 439 1708 committi
470 1646 803 1722 postulavit.
835 1649 955 1716 Qua
976 1646 1490 1719 protinus-accepta
1511 1684 1527 1710 ,
1558 1650 1778 1698 senten-

206 1746 314 1800 tiam
335 1743 709 1799 anathematis
732 1743 789 1796 in
811 1741 1126 1812 praedonem
1146 1737 1313 1793 dedit.
1331 1734 1527 1803 Atille,
1554 1732 1641 1788 vel
1666 1747 1777 1787 non

206 1838 403 1909 habetis,
434 1835 531 1890 vel
561 1834 904 1890 erubescens
936 1829 1139 1885 habere
1164 1827 1335 1883 videri
1358 1827 1613 1881 timorem
1644 1823 1779 1878 tanti

205 1928 399 1999 iudicii;
424 1920 563 1982 cum
592 1925 796 1980 exinde
822 1923 991 1978 tertia
1005 1922 1095 1977 die
1117 1919 1280 1975 solito
1303 1916 1501 1989 (mere)
1531 1915 1783 1971 exultan-

206 2020 264 2075 tis
285 2021 361 2076 vel
388 2017 722 2074 insultantis
750 2022 1065 2087 equestrem
1096 2012 1350 2067 militiam
1381 2009 1526 2064 inter
1549 2007 1779 2063 commi‘

206 2114 374 2170 litones
408 2112 777 2177 ventilasset;
825 2107 1013 2164 subito
1040 2103 1289 2159 fulminis
1311 2102 1421 2158 ictu
1452 2106 1778 2172 percussus,

205 2205 353 2280 veluti
385 2204 567 2261 durus
600 2200 826 2258 Pharao
848 2242 862 2269 ,
904 2200 959 2255 in
984 2206 1180 2269 stagno
1214 2195 1356 2267 ignis
1380 2195 1624 2280 ardentis
1644 2195 1780 2252 sub-

208 2276 392 2352 mersus
412 2304 525 2352 est.
1072 2334 1075 2337 ι
1534 2276 1545 2280 ’

208 2414 209 2417 ‘
261 2397 320 2452 4.-
346 2394 562 2452 Interea
591 2381 733 2449 vidit
757 2389 1198 2449 illud‘famosum
1226 2378 1781 2459 somniumIPontifl-

208 2489 318 2543 calls
345 2486 689 2543 excellentiae
731 2493 788 2539 et
817 2483 1070 2539 ellicacite
1089 2481 1433 2562 vaticinium,
1458 2478 1605 2551 quod
1632 2477 1782 2533 scili-

209 2588 277 2635 cet
316 2592 377 2634 ex
421 2593 521 2633 ore
570 2578 715 2648 ejus
742 2575 888 2647 ignis
940 2574 1146 2638 exiret,
1172 2572 1268 2643 qui
1303 2579 1480 2627 totum
1508 2570 1777 2625 mundum

207 2671 413 2741 igniret;
448 2668 601 2724 haud
650 2667 883 2722 dubium
927 2665 1059 2737 quin
1088 2665 1178 2719 ille
1206 2662 1369 2734 ignis,
1400 2677 1563 2734 quem
1588 2661 1780 2716 Domi-

209 2779 293 2818 nus
319 2760 478 2817 Jesus
500 2760 766 2815 Christus
797 2758 952 2813 misit
983 2758 1037 2812 in
1064 2766 1267 2811 terram
1290 2762 1398 2823 ,‘et
1418 2754 1597 2833 voluit
1614 2754 1783 2808 vehe-

124 2866 127 2869 '
208 2863 394 2909 menter
432 2852 683 2909 accendi.
712 2848 923 2905 Verum
967 2863 1087 2903 non
1125 2848 1207 2903 sic
1247 2841 1400 2918 impii
1436 2845 1782 2916 interpretati

209 2952 335 3012 sunt,
354 2958 538 3015 neque
574 2943 657 2999 sic
687 2943 1054 3013 malignantes
1082 2938 1291 3011 experti
1318 2945 1467 2994 sunt.
1486 2935 1621 2991 Nam
1651 2936 1780 3007 quia

1868 462 1978 518 lam
1998 464 2097 534 (4),
2122 473 2437 519 sanctorum
2466 462 2928 534 praedecessorum
2955 462 3075 533 ejus
3103 454 3348 519 Silvestri
3393 473 3450 521 ct

1850 552 2096 610 'Adriani
2140 556 2460 626 patrociniis
2491 554 2808 626 gloriosam.
2839 553 2913 608 lbi
2942 570 3135 624 nempe
3160 570 3449 612 sacrosan-

1872 648 1976 703 ctis
2022 647 2285 703 insistens
2320 647 2671 711 ministeriis,
2714 660 2841 701 cum
2884 645 3000 715 jam
3041 657 3451 706 consummaret

1873 736 2360 794 sanctiﬁcationem
2399 736 2755 804 Chrismatis,
2784 737 2965 792 subito
2989 737 3204 793 coalitus
3232 737 3450 796 inﬂam-
3492 718 3508 729 ’

1874 839 2057 885 mante
2077 828 2422 884 benedictum
2444 828 2713 898 liquorem
2750 828 2895 883 clara
2924 829 3106 899 specie
3132 828 3296 900 ignis,
3325 845 3451 886 con-

1874 921 2211 992 gloriticatus
2246 929 2331 977 est
2370 918 2613 991 antiquis
2646 918 2901 976 Pati-ibus
2938 920 3095 992 signo
3135 920 3334 977 divina:
3359 936 3451 977 ac-

1875 1012 2164 1084 ceptionis.

1946 1104 2085 1177 5.(5)
2116 1104 2224 1161 Sed
2244 1103 2359 1175 jam
2389 1118 2696 1175 congruum
2718 1102 2934 1157 videtur
2957 1101 3230 1158 miracula
3249 1101 3316 1157 de
3329 1102 3455 1172 igne

1876 1193 1931 1250 in
1955 1196 2192 1251 mirabili
2219 1196 2551 1252 extinctione
2577 1195 2721 1266 ignis
2748 1194 2925 1261 finire,
2942 1209 3065 1264 quae
3086 1194 3140 1247 in
3165 1192 3454 1248 Clironicis

1877 1288 2273 1343 venerabilium
2316 1286 2565 1342 virorum
2605 1287 2709 1341 hac
2749 1286 3038 1342 occasione
3076 1285 3275 1356 legitur
3312 1285 3457 1339 acci-

1877 1378 2044 1435 disse.
2090 1378 2230 1434 Cum
2269 1379 2562 1449 praedictus
2601 1376 2873 1434 Henricus
2915 1377 3176 1432 Romanae
3220 1375 3457 1432 civitatis

1878 1470 2155 1526 mcenibus
2186 1470 2374 1525 hostili
2418 1486 2584 1524 manu
2606 1470 2935 1536 assedisset,
2971 1477 3027 1524 et
3049 1468 3121 1524 ob
3147 1469 3252 1523 hoc
3276 1467 3457 1539 ignem

1880 1561 2118 1632 quodam
2154 1562 2278 1617 loco’
2327 1562 2629 1633 injecisset,
2662 1570 2743 1629 ut,
2780 1561 2985 1633 populo
3010 1578 3041 1616 a
3067 1560 3308 1616 tutandis
3332 1574 3460 1630 pro-

1880 1653 2201 1724 pugnaculis
2224 1654 2290 1708 ad
2320 1655 2609 1708 avertenda
2634 1644 3313 1724 'combustionisjpericula
3334 1667 3463 1706 con-

1879 1758 2080 1810 verso,
2126 1745 2245 1801 sine
2296 1744 2664 1816 prohibitione
2720 1745 3089 1815 irrumperet;
3152 1743 3459 1815 intelligens

1880 1834 2023 1891 hanc
2071 1837 2370 1892 versutiam
2418 1834 2755 1893 fortissimus
2782 1836 2837 1890 in
2870 1836 2975 1891 ﬁde
3012 1834 3219 1890 Christi
3253 1834 3461 1906 Grego-

1880 1925 2018 1995 rius,
2041 1928 2263 2000 signum‘
2287 1914 2483 1983 Crucis
2510 1929 2775 1998 appinxit,
2802 1937 2876 1995 et,
2901 1928 3051 1982 velut
3069 1927 3284 1982 Tiberis
3305 1927 3463 1981 inun—

1881 2006 2123 2074 dantiam
2163 2020 2499 2086 effunderet,
2544 2018 2861 2076 incendium
2908 2021 3155 2091 protinus
3199 2018 3460 2086 extinxit,

1881 2111 2204 2184 plebemque
2277 2112 2345 2167 ad
2395 2112 2805 2184 propugnacula
2864 2111 3200 2167 defcnsanda
3282 2110 3462 2168 redire

1882 2206 2159 2276 prmcepit.

1862 2300 1868 2306 ’
1953 2296 2005 2352 6.
2044 2295 2214 2353 Nobis
2244 2296 2407 2351 etiam
2433 2295 2611 2351 redire
2632 2296 2809 2367 placet
2833 2296 2899 2350 ad
2926 2296 3465 2352 commemorandam

1866 2390 2174 2458 'pueritiam
2197 2388 2316 2459 ejus
2338 2430 2353 2455 ,
2388 2388 2443 2442 in
2466 2403 2574 2458 qua
2616 2388 2888 2443 avunculo
2926 2404 3028 2443 suo
3053 2386 3248 2442 Abbati
3275 2387 3466 2443 mona-

1883 2481 2033 2535 sterii
2088 2489 2290 2536 sanctie
2340 2479 2437 2535 Dei
2494 2479 2798 2535 Genetricis
2855 2478 3041 2535 Maria:
3094 2480 3148 2533 in
3197 2480 3466 2534 Aventino
3530 2469 3536 2475 ’

1882 2581 2103 2640 tuente,
2137 2572 2205 2627 ad
2250 2571 2670 2628 instructionem
2708 2571 2953 2626 liberalis
2984 2571 3222 2626 scientia:
3244 2579 3297 2627 ct
3317 2558 3468 2627 com-
3530 2568 3531 2571 “

1884 2664 2213 2735 positionem
2249 2664 2476 2719 moralis
2528 2663 2862 2734 disciplima,
2892 2680 2921 2717 a
2946 2664 3263 2733 parentibus
3317 2678 3471 2718 com-

1866 2757 2192 2831 mendatus,
2218 2752 2274 2811 in
2298 2756 2445 2811 brevi
2468 2755 2706 2811 ostendit
2735 2755 3056 2825 spectabiles
3077 2754 3237 2810 ﬂores
3260 2755 3468 2811 utrius-

1872 2860 1989 2919 que
2048 2848 2387 2918 nutrimenti.
2406 2845 2526 2901 Jam
2553 2863 2682 2901 vero
2705 2846 3131 2926 adolescentiam
3161 2846 3464 2917 ingressus,

1884 2940 2160 3011 profectus
2193 2948 2279 2995 est
2317 2940 2373 2994 in
2412 2938 2700 2993 Franciam
2727 2979 2740 3003 ,
2773 2937 3081 2991 domiturus
3115 2937 3248 2991 inibi
3287 2937 3471 2993 carnis

211 3034 451 3106 Spiritum
517 3041 774 3090 sanctum
826 3032 1351 3103 blasphemaverunt
1379 3072 1394 3098 ,
1444 3044 1682 3099 eumque
1725 3028 1779 3083 in
1809 3047 1851 3105 (ς
1885 3030 2240 3101 petulantiam
2279 3039 2334 3085 et
2370 3029 2619 3085 molestia
2647 3028 3100 3099 peregrinationis
3129 3035 3183 3082 et
3211 3028 3472 3082 instantia

210 3142 345 3183 servo
368 3143 473 3182 suo
491 3133 815 3198 arguentem
838 3126 907 3180 de
925 3132 1170 3193 peccato,
1192 3120 1516 3201 Infernalem
1533 3118 1783 3174 titionem
1887 3123 2236 3178 eruditionis.
2270 3121 2400 3178 Inde
2421 3130 2546 3193 post
2572 3121 2781 3191 aliquot
2809 3136 2983 3175 annos
3008 3118 3241 3176 Romam
3263 3121 3472 3176 reditu-

208 3225 561 3274 vocaverunt:
590 3216 731 3287 justi
770 3216 867 3271 Dei
907 3214 1118 3269 ultione
1139 3256 1153 3280 ,
1195 3211 1563 3268 irremissibili
1586 3210 1785 3266 delicto
1886 3230 2005 3281 rus,
2029 3216 2244 3270 occulta
2268 3214 2362 3270 Dei
2383 3213 2800 3286 prmparatione,
2826 3228 3036 3267 motam
3067 3211 3190 3268 fecit
3220 3213 3475 3286 aliquan-

211 3308 435 3382 obligati,
454 3316 782 3380 perpetuam
811 3292 1093 3362 miseriam
1123 3305 1377 3375 maligna).
1405 3301 1787 3374 appellationis
1887 3314 2004 3360 tum
2026 3307 2289 3378 temporis
2320 3306 2373 3361 in
2406 3305 2530 3361 aula
2559 3303 2778 3359 llenrici
2799 3302 2887 3373 Ill,
2916 3312 2994 3366 tu,
3018 3305 3149 3376 quia
3174 3306 3477 3361 subliman-

212 3400 541 3468 inciderunt,
573 3410 631 3456 et
663 3400 868 3455 mirum
896 3397 951 3453 in
980 3398 1229 3462 modum,
1255 3396 1403 3466 quod
1429 3395 1536 3465 piis
1560 3402 1678 3450 erat
1697 3410 1786 3477 ξω-
1873 3398 2011 3454 ‘dus’
2047 3402 2166 3453 erat
2224 3398 2282 3452 in
2335 3396 2576 3453 culmine
2608 3393 2928 3452 ‘Sa’cerdotii
2960 3438 2975 3466 ,
3024 3396 3305 3467 profectus
3352 3397 3475 3469 ejus

214 3492 494 3561 letiferum,
530 3492 716 3563 impiis
742 3490 948 3546 factum
981 3496 1065 3544 est
1091 3488 1456 3543 mortiferum.
1478 3484 1578 3542 Hic
1605 3490 1791 3542 s‘ucce—

213 3586 282 3639 dit
321 3585 655 3640 miraculum
682 3626 697 3650 ,
729 3597 841 3637 non
879 3582 1058 3636 solum
1099 3578 1266 3647 Elite,
1315 3578 1409 3633 sed
1450 3578 1615 3633 etiam
1652 3577 1787 3647 justi

215 3676 351 3742 Abel,
372 3687 433 3732 et-
453 3675 848 3747 sapientissimi
867 3658 1200 3739 Salomonis,
1226 3686 1325 3725 nec
1341 3685 1448 3724 non
1474 3678 1529 3724 et
1556 3670 1788 3725 aliorum

216 3767 421 3823 Patrum
450 3753 1082 3838 exemplis’gloriosum,
1111 3777 1349 3834 quorum
1374 3761 1630 3818 videlicet
1648 3763 1789 3817 liba-

219 3861 441 3916 minibus
486 3861 684 3930 illapsa
710 3867 799 3913 est
830 3872 931 3927 per
962 3855 1199 3925 speciem
1230 3854 1374 3925 ignis
1412 3854 1587 3926 gratia
1617 3855 1790 3910 sancti

222 3949 461 4023 Spiritus.
516 3950 755 4005 Domino
809 3962 1051 4019 namque
1099 3946 1693 4003 aucture'sublimatus
1738 3947 1792 4000 in

222 4045 426 4114 specula
452 4042 854 4115 Apostolorum
879 4038 1027 4096 Petri
1054 4047 1108 4093 et
1129 4037 1305 4104 Pauli,
1337 4054 1460 4093 cum
1486 4038 1543 4092 in
1578 4038 1794 4092 univer—
1876 4039 1883 4044 ’

222 4151 326 4193 sam
352 4147 554 4193 terram
572 4136 905 4208 produceret
924 4146 1123 4188 sonum
1145 4146 1359 4196 eorum,
1388 4138 1442 4184 et
1470 4128 1524 4184 in
1548 4129 1683 4184 lines
1704 4144 1795 4184 or-

225 4231 299 4285 bis
317 4240 469 4287 terrze
491 4230 885 4285 disseminaret
915 4225 1083 4279 verba
1108 4238 1330 4291 eorum;
1364 4220 1796 4277 moderniNero—

226 4322 329 4387 nis,
364 4323 568 4379 scilicet
609 4319 794 4392 quarti
816 4317 1057 4373 llenrici’
1080 4315 1276 4387 Regis,
1307 4316 1468 4385 cujus
1492 4314 1717 4386 flagitiis
1741 4322 1795 4369 et

1889 3489 2218 3546 manifestus
2259 3489 2414 3546 ﬁeret
2451 3489 2710 3545 omnibus
2752 3503 2819 3544 ex
2867 3488 2977 3543 alta
3032 3488 3255 3560 specula
3296 3488 3470 3563 regni.

1890 3579 2028 3638 Iliue
2069 3582 2184 3654 ipSe
2214 3582 2517 3655 imperator
2564 3580 2745 3636 aiebat
2798 3597 3081 3652 nunquam
3139 3597 3198 3637 se
3252 3582 3476 3638 audisse

1891 3675 2170 3729 hominem
2202 3690 2327 3728 cum
2356 3681 2506 3728 tanta
2553 3672 2749 3727 fiducia
2782 3670 3022 3726 Verbum
3050 3670 3146 3726 Dei
3168 3672 3476 3744 praedican-

1892 3774 2020 3821 tem.
2046 3765 2431 3821 Probatissimi
2462 3779 2680 3835 quoque
2702 3761 3120 3835 Episcoporum,
3142 3765 3220 3819 rei
3246 3764 3479 3836 publica:

1892 3858 2331 3924 consulentium,
2374 3856 2786 3911 admirabantur
2812 3856 2868 3910 in
2908 3855 3089 3912 verbis
3128 3857 3318 3931 gratia:
3357 3874 3478 3931 qua!

1892 3949 2258 4022 procedebant
2279 3949 2345 4004 de
2375 3963 2469 4003 ore
2495 3948 2634 4018 ejus.
3168 3950 3169 3953 “

1965 4041 2016 4095 7.
2056 4039 2190 4095 Post
2226 4041 2342 4096 haec
2368 4039 2603 4094 Romam
2638 4054 2893 4096 reversus
2916 4083 2932 4110 ,
2973 4057 3101 4097 cum
3138 4042 3319 4099 studio
3349 4059 3478 4116 per-

1896 4129 2146 4187 fectionis
2173 4130 2469 4196 insisteret,
2505 4138 2559 4184 et
2587 4139 2806 4199 accepta
2842 4130 3102 4188 divinitus
3139 4134 3339 4192 talenta
3390 4136 3479 4193 in-

1896 4223 2140 4278 tellectus
2165 4230 2329 4292 atque
2356 4221 2690 4294 Operationis
2724 4221 3002 4295 duplicare
3035 4233 3325 4297 satageret,
3358 4235 3478 4282 tor-

1898 4321 2086 4385 pentes
2111 4312 2443 4369 domesticos
2471 4313 2643 4368 sensit
2682 4312 2953 4381 inimicos,
2985 4321 3038 4369 et
3071 4315 3200 4370 illud
3236 4316 3480 4372 veritatis

229 4411 538 4471 facinoribus
564 4388 781 4469 omnis
807 4408 1126 4482 praedicatio
1168 4407 1450 4473 veritatis,
1477 4406 1625 4462 velut
1654 4406 1794 4477 ignis
1826 4388 1872 4442 Ῑ)
1896 4405 2132 4476 elogium
2175 4405 2462 4475 probavit:
2493 4402 2665 4459 Nemo
2706 4406 2973 4476 propheta
3007 4415 3263 4478 acceptus
3301 4418 3385 4464 est
3423 4408 3481 4466 in

232 4522 375 4562 urens
397 4547 411 4573 ,
457 4495 824 4562 intolerabilis
878 4510 1000 4557 erat
1024 4543 1039 4568 ,
1094 4499 1479 4572 gravissimam
1513 4506 1704 4554 contra
1736 4512 1795 4552 se

231 4600 639 4669 persecutionem
666 4594 973 4652 commovit
998 4611 1010 4647 :
1040 4592 1273 4662 ideoque
1294 4591 1620 4646 necessitate
1645 4603 1797 4645 com-

233 4692 402 4762 pulsus
433 4691 619 4763 fugere
646 4690 717 4745 de
742 4688 969 4744 civitate
989 4686 1045 4740 in
1067 4684 1368 4750 civitatem,
1398 4681 1798 4738 Christianissi-

236 4799 326 4839 ma:
345 4784 646 4840 Comitissai
664 4780 949 4837 Mathildis
972 4777 1196 4832 tutelam
1223 4774 1289 4830 ad
1315 4783 1532 4846 tempus
1551 4773 1793 4844 expetiit.

237 4872 452 4947 Cumque
479 4876 622 4947 apud
653 4888 783 4929 eam
814 4872 869 4926 in
895 4885 1028 4941 pace
1067 4868 1246 4949 factus
1271 4875 1419 4922 esset
1453 4867 1609 4922 locus
1640 4865 1762 4936 ejus
1781 4906 1797 4931 ,

1896 4498 2070 4569 patria
2108 4512 2206 4553 sua
2235 4495 2387 4569 (Luc.
2424 4496 2518 4568 iv).
2565 4496 2801 4553 Proinde
2843 4514 3066 4569 parcere
3105 4500 3295 4557 volens
3341 4502 3483 4558 invi-

1896 4590 2019 4657 diae,
2049 4597 2102 4643 et
2130 4589 2398 4659 majorem
2424 4588 2670 4645 caritatis
2706 4587 2945 4645 fructum
2975 4606 3240 4661 quaerere,
3272 4592 3484 4663 ingredi

1899 4681 2087 4736 statuit
2113 4680 2169 4734 in
2198 4687 2381 4750 partes
2425 4679 2730 4743 Germaniae
2766 4687 2822 4735 et
2865 4680 3071 4738 Galliae.
3110 4682 3360 4755 Cumque
3392 4699 3487 4741 ve-

1899 4772 2073 4828 nisset
2096 4770 2164 4826 ad
2199 4769 2386 4841 Aquas
2418 4771 2717 4842 pendentes
2748 4770 2824 4844 (ϐ)
2846 4815 2862 4840 ,
2891 4790 3164 4847 apparens
3209 4776 3260 4831 ei
3311 4776 3365 4829 in
3406 4776 3489 4831 vi-

1901 4863 2057 4920 sione
2082 4861 2143 4916 B.
2171 4861 2387 4929 Petrus,
2416 4862 2511 4933 qui
2538 4863 2654 4933 jam
2678 4865 3033 4922 escensiones
3055 4866 3176 4937 ejus
3207 4867 3263 4921 in
3286 4865 3490 4922 Cathe~

243 4958 288 5019 et
310 4967 553 5023 habitatio
572 4953 796 5036 ejusin
829 4961 982 5027 Sion,
1016 4961 1122 5015 hoc
1145 4967 1230 5037 ost
1269 4958 1323 5013 in
1361 4959 1581 5028 specula
1606 4957 1802 5013 divinae
1900 4954 2056 5010 dram
2086 4969 2243 5010 suam
2262 4953 2606 5024 disponebat,
2633 4955 2861 5025 prodire
2884 4973 3012 5014 eum
3039 4957 3269 5014 ulterius
3295 4958 3492 5028 prohi-
3569 4975 3572 4978 ’
3658 5014 3665 5021 ,

241 5058 729 5130 contemplationis;
777 5061 1093 5109 recurrcntc
1127 5060 1454 5127 temporum
1475 5059 1628 5118 rota,
1661 5047 1803 5105 forte
1901 5044 2221 5115 bebat.lpse
2250 5051 2455 5112 autem,
2481 5043 2728 5101 fallacem
2755 5050 3077 5107 existimans
3092 5050 3385 5121 imaginem
3413 5091 3428 5116 ,
3463 5069 3497 5107 a

237 5148 524 5206 imminebat
561 5149 689 5205 dies
734 5145 973 5201 maxime
1013 5143 1195 5198 dedita
1237 5141 1653 5199 Pontificalibus
1682 5137 1801 5194 oili—
1902 5137 2183 5210 proposito
2214 5135 2409 5191 itinere
2434 5152 2545 5192 non
2573 5138 2802 5196 reflexit.
2846 5142 2980 5198 item
3022 5141 3274 5197 secundae
3311 5143 3500 5198 noctis

233 5240 337 5310 ciis,
371 5258 489 5315 qua:
517 5235 844 5308 nuncupari
865 5236 1004 5291 solet
1037 5235 1207 5291 Coena
1236 5232 1476 5290 Domini.
1501 5233 1804 5301 Hanc'ergo
1906 5228 2139 5284 similem
2166 5227 2435 5281 visionem
2461 5230 2778 5296 praeterivit.
2810 5233 2950 5290 Tum
2983 5247 3112 5288 vero
3143 5233 3300 5287 tertia
3329 5242 3499 5286 nocte

884 5384 891 5386 _
948 5369 975 5386 ιι
1022 5369 1055 5381 η
1204 5366 1231 5386 .2
1262 5365 1311 5386 Il
1337 5367 1391 5386 ..ο
1448 5384 1455 5386 .
1538 5369 1549 5382 σ
1626 5376 1662 5386 _.
1701 5365 1773 5386 n_~
1906 5361 2267 5386 DL_-_.AI....:..
2302 5345 2577 5386 ῄηηιξΙΞΑΞ-
