3986 5386
497 342 500 344 γ
561 308 634 364 ιδ
1163 261 1184 273 ”
1815 355 1828 369 .
1863 309 2136 396 caecos

2234 309 2260 365 Ξ
2299 310 2387 366 VII
2425 309 2603 368 PAPA
3735 317 3799 372 ιι

471 422 488 468 7
549 431 963 500 cummaxime
987 438 1194 490 terrore
1224 429 1478 499 ingerens
1513 442 1573 482 se
1607 425 1778 483 facies
1812 426 2144 498 Apostolica,
2177 429 2223 482 Α

563 523 800 592 graviter
825 540 951 578 eum
977 524 1263 586 luiturum,
1292 520 1336 574 si
1365 533 1472 573 non
1498 527 1880 585 reverteretur,
1911 519 2142 574 intenta-

546 613 658 683 ⁵ν’ἰῑς
697 615 884 684 sicque
927 627 1054 668 eum
1080 613 1133 666 in
1159 610 1420 665 Romanae
1455 607 1712 665 Ecclesiae
1756 610 2012 666 solatium
2058 625 2144 664 re-

557 705 800 762 vocavit.
2113 767 2116 772 _

547 863 552 868 _
631 795 686 851 8.
724 795 783 851 In
811 795 1002 850 diebus
1039 793 1179 860 illis,
1209 799 1431 846 mortuo
1472 791 1708 846 Damaso
1751 791 1829 862 (7)
1865 792 2139 858 secundo,

542 887 828 957 successit
845 901 1024 941 nonus
1046 883 1156 939 Leo
1179 883 1286 955 (8);
1313 883 1429 953 qui,
1457 883 1748 940 laudabilis
1766 883 1869 937 viri
1899 884 2141 953 pruden—

557 979 692 1034 tiam
722 987 776 1033 et
814 977 1157 1033 sanctitatem
1181 991 1246 1030 ex
1273 975 1436 1030 corde
1461 961 1751 1030 veneratus
1777 982 1832 1029 et
1869 974 2144 1044 amplexa-

552 1077 669 1136 ‘tus,
696 1069 814 1139 ejus
835 1083 934 1139 per
957 1068 1142 1122 omnia
1173 1067 1400 1122 consilia
1437 1068 1700 1136 suscepit;
1729 1073 1784 1121 et
1806 1066 1923 1120 hate
1949 1081 2142 1123 eorum

525 1160 850 1216 'coneordia
879 1159 1174 1230 plurimum
1203 1158 1258 1214 in
1288 1173 1420 1229 agro
1452 1157 1738 1212 Dominico
1773 1143 1944 1227 spinis
1971 1157 2143 1212 erutis

558 1251 924 1307 fructificavit.
967 1249 1178 1304 interea
1225 1248 1610 1304 Subdiaconus
1652 1248 1722 1302 ab
1757 1248 1949 1302 eodem
1996 1246 2141 1316 Papa

557 1343 843 1396 ordinatus
863 1383 878 1408 ,
905 1341 1241 1394 monasterio
1271 1338 1326 1394 S.
1355 1339 1542 1404 Pauli,
1574 1338 1959 1394 miserabiliter
1981 1337 2143 1392 deso-

555 1433 688 1499 lato,
709 1431 964 1502 praelatus
987 1440 1092 1496 est,
1125 1431 1218 1484 tali
1245 1430 1502 1500 primitus
1527 1429 1740 1484 visione
1774 1427 2136 1485 confortatus.

558 1525 840 1594 Apparens
865 1523 914 1578 ei
940 1522 1000 1575 Β.
1031 1521 1238 1577 Paulus
1265 1522 1319 1575 in
1347 1521 1572 1576 basilica
1596 1536 1694 1575 sua
1722 1521 1922 1586 stabat,
1955 1534 2019 1574 ac
2045 1535 2142 1588 pa-

556 1616 663 1670 lam
705 1615 957 1669 manibus
992 1623 1183 1669 tenens
1221 1621 1464 1679 stercora
1495 1613 1684 1679 boum,
1718 1613 1792 1666 de
1829 1611 2140 1682 pavimento

555 1707 792 1773 levabat,
829 1721 892 1761 ac
927 1705 1078 1760 foras
1105 1704 1363 1776 iactabat.
1409 1702 1656 1773 Cumque
1692 1712 1966 1774 spectator
1999 1703 2140 1758 otio—

555 1813 651 1854 sus
679 1798 980 1864 assisteret,
1005 1797 1322 1866 increpabat
1345 1811 1472 1850 eum
1491 1793 1806 1865 Apostolus,
1835 1809 2005 1865 quare
2025 1809 2136 1850 non

555 1903 615 1944 se
643 1889 971 1960 adiuvaret:
999 1889 1276 1959 iussitque
1318 1902 1444 1942 eum
1487 1887 1664 1956 palam
1711 1886 2134 1956 apprehendere,

553 1991 606 2036 et
641 1980 832 2036 fimum
876 1981 1042 2052 (sicut
1090 1981 1208 2050 ipse
1251 1978 1473 2049 faceret)
1524 1977 1740 2048 ejicere.
1790 1977 2137 2033 Latrunculis

552 2074 698 2128 enim
729 2072 1042 2142 Campania:
1068 2069 1450 2142 diripientibus
1475 2069 1718 2125 subsidia
1749 2071 2042 2137 alimonia},
2080 2070 2136 2123 in

543 2167 768 2218 tantum
807 2162 1126 2233 languorem
1163 2162 1426 2217 inciderat
1453 2161 1799 2216 observantia
1830 2161 2137 2216 sanctitatis

553 2264 608 2309 et
638 2255 858 2326 regulze,
892 2261 953 2308 ut
977 2261 1032 2308 et
1055 2263 1325 2320 armenta,
1366 2255 1594 2308 licenter
1625 2253 2001 2324 ingredientia,
2039 2253 2136 2308 do—

554 2359 706 2402 mum
734 2345 1002 2402 orationis
1031 2344 1320 2412 fuedarent;
1360 2353 1414 2400 et
1442 2345 1720 2411 mulieres,
1753 2345 1809 2399 in
1843 2343 2136 2400 refectorio

487 2481 493 2487 .
553 2437 862 2494 necessaria
891 2435 1286 2505 ministrantes,
1313 2437 1516 2492 tamam
1543 2437 2019 2508 paucissimorum,
2041 2437 2134 2508 qui

513 2532 965 2594 remanserant,
1013 2529 1409 2583 monachorum
1457 2529 1897 2584 dehonestarent.
1943 2528 2134 2582 Elimi-

551 2632 676 2678 nata
703 2621 869 2692 igitur
891 2620 1042 2674 omni
1071 2621 1354 2690 spurcitia,
1387 2629 1441 2674 et
1469 2630 1789 2690 recuperata
1817 2621 2135 2677 vietualium

486 2755 494 2762 .
551 2711 872 2770 sufﬁcientia
895 2751 910 2776 ,
970 2713 1322 2784 congregavit
1377 2713 1666 2768 honestam
1729 2712 2134 2769 multitudinem

538 2806 901 2879 Regularium
965 2805 1359 2862 monachorum
1407 2823 1419 2858 :
1479 2819 1714 2874 quorum
1767 2804 2026 2876 religione
2081 2815 2137 2862 et

527 2898 833 2970 disciplina
853 2899 1238 2956 venerabiliter
1260 2912 1434 2968 usque
1451 2896 1612 2951 hodie
1633 2897 1798 2968 pollet
1820 2898 1976 2953 locus
2009 2898 2129 2954 iste.

615 2991 673 3046 9.
716 2990 964 3062 Denique
1003 2999 1114 3044 tam
1161 2989 1490 3060 singularem
1535 2987 1701 3059 erepit
1747 2981 1947 3044 habere
1991 2989 2134 3046 ﬁdu-

2868 425 3094 481 CAPUT
3137 425 3199 480 ll.

2545 517 2808 572 Miracula
2836 527 2886 572 et
2913 528 3057 589 gesta
3086 528 3208 572 ante
3236 515 3525 587 Papalum.

2315 609 2400 662 l0.
2441 607 2650 664 Interea
2679 609 2976 682 spiritualis
3002 609 3259 680 agricola,
3307 617 3530 664 sanctus
3569 609 3797 667 videlicet

2245 699 2356 756 Leo
2383 699 2474 756 lX.
2502 701 2646 772 Papa
2669 699 2801 773 (10),
2823 701 3178 758 considerans
3205 710 3260 756 et
3286 701 3563 756 admirans
3584 703 3798 758 multum

2245 791 2481 848 fructum
2522 793 2762 863 palmitis
2801 793 2966 863 huius
2989 836 3004 861 ,
3055 808 3121 848 eo
3166 793 3312 862 quod
3343 791 3458 862 ipse
3482 802 3716 864 maneret
3750 795 3797 848 in

2220 883 2484 950 Christo,
2514 895 2567 939 et
2601 884 2852 940 Christus
2878 885 2932 939 in
2961 885 3101 955 ipso;
3134 884 3378 938 dilatavit
3402 883 3458 938 in
3484 898 3551 938 eo
3579 885 3800 940 mansio-

2244 989 2367 1029 nem
2390 975 2592 1031 Christi
2620 992 2714 1045 per
2739 976 3144 1046 impositionem
3166 973 3385 1030 Ordinis
3405 973 3648 1040 Levitiei,
3675 983 3725 1030 et
3749 986 3802 1030 ut

2246 1065 2479 1122 fructum
2505 1068 2626 1136 plus
2667 1067 2900 1133 aﬂerret,
2934 1066 3192 1122 Romana
3229 1065 3484 1122 Ecclesia:
3529 1065 3798 1122 Archidia-

2244 1173 2443 1213 conum
2481 1159 2732 1213 instituit.
2772 1158 2906 1215 Post
2942 1159 3059 1214 haec
3107 1160 3162 1213 in
3201 1167 3384 1229 partes
3409 1157 3700 1213 Galliarum
3727 1159 3802 1214 di-

2244 1257 2446 1314 rectus,
2492 1250 2565 1303 ita
2603 1250 2868 1305 creditum
2900 1250 3000 1304 sibi
3042 1249 3369 1319 Apostolicze
3401 1249 3536 1306 vicis
3573 1250 3803 1304 exhibuit

2243 1340 2508 1406 oﬂicium,
2555 1349 2618 1395 ut
2677 1343 2871 1397 merito
2919 1357 3044 1397 cum
3097 1341 3360 1412 Apostolo
3405 1343 3587 1398 dicere
3633 1352 3802 1413 posset

2250 1453 2267 1484 ι
2301 1431 2412 1488 Deo
2453 1433 2686 1504 gratias,
2730 1434 2825 1504 qui
2864 1448 3078 1504 semper
3111 1434 3411 1504 triumphat
3446 1448 3550 1488 nos
3578 1433 3632 1487 in
3656 1433 3802 1488 Chri-

2244 1533 2330 1580 sto
2378 1523 2538 1590 Jesu,
2587 1534 2643 1579 et
2691 1525 2914 1580 odorem
2959 1525 3167 1580 notitia:
3205 1540 3319 1580 sua;
3357 1523 3671 1580 manifestat
3716 1541 3803 1596 per

2242 1631 2342 1672 nos
2369 1617 2423 1670 in
2453 1616 2602 1671 omni
2631 1617 2772 1683 loco,
2811 1617 2941 1688 quia
2975 1615 3180 1672 Christi
3222 1617 3400 1672 bonus
3441 1617 3581 1672 odor
3625 1633 3802 1673 sumus

2242 1707 2373 1776 Deo,
2403 1709 2456 1762 in
2480 1709 2550 1763 iis
2570 1709 2663 1779 qui
2689 1709 2824 1765 salvi
2849 1709 2988 1763 fiunt
3004 1751 3020 1776 ,
3042 1716 3098 1764 et
3121 1709 3177 1764 in
3199 1709 3268 1765 iis
3299 1709 3396 1780 qui
3421 1716 3670 1778 pereunt;
3693 1709 3804 1764 aliis

2239 1800 2458 1871 quidem
2494 1801 2630 1855 odor
2663 1801 2857 1856 mortis
2897 1801 2950 1855 in
2993 1809 3260 1868 mortem,
3301 1801 3422 1856 aliis
3455 1810 3639 1856 autem
3679 1801 3804 1856 odor

2237 1893 2363 1949 vita:
2387 1892 2440 1946 in
2472 1893 2636 1947 vitam
2668 1891 2758 1963 (11
2793 1891 2918 1947 Cor.
2949 1909 2991 1947 ιι
3015 1893 3056 1964 ε)
3085 1932 3098 1946 .
3136 1911 3156 1945 ι
3351 1960 3355 1964 ⁴

2308 1985 2394 2039 ii.
2431 1982 2670 2039 Primam
2701 1999 2832 2039 sane
2863 1983 3048 2039 odoris
3078 1984 3242 2054 huius
3271 1983 3626 2056 fragrantiam
3670 1983 3779 2054 Lug

2237 2078 2466 2144 dunum,
2508 2089 2632 2147 qua:
2672 2075 2846 2147 prima
2889 2077 3046 2132 sedes
3089 2085 3174 2131 est
3216 2077 3535 2144 Galliarum,
3569 2077 3803 2150 synodali

2236 2170 2578 2226 discussione
2606 2167 2862 2238 suscepit.
2892 2167 3049 2235 Nam,
3075 2167 3215 2222 sicut
3241 2167 3387 2239 Papa
3415 2167 3658 2225 Kalistus
3683 2185 3804 2224 nar-

2235 2277 2359 2321 rare
2382 2259 2704 2327 consuevit,
2741 2260 2918 2330 prima
2941 2259 3172 2316 Concilii
3205 2259 3314 2326 die,
3339 2261 3708 2330 proclamatus
3728 2269 3806 2316 est

2236 2353 2461 2424 quidam’
2484 2351 3016 2422 Pseudo-episcopus
3040 2351 3107 2405 de
3132 2349 3442 2407 Simoniaca
3476 2351 3804 2408 Pontificalis

2237 2446 2491 2500 culminis
2513 2433 2858 2508 ascensione;
2883 2446 2980 2497 sed
3003 2443 3132 2512 quia
3159 2442 3227 2497 ad
3262 2441 3424 2497 tinem
3451 2445 3676 2512 perduci
3699 2459 3804 2499 non

2235 2537 2413 2607 potuit
2433 2535 2704 2607 probatio,
2728 2534 2784 2588 in
2821 2541 3138 2603 sequentem
3172 2533 3314 2605 dim
3341 2536 3552 2606 prolata
3585 2545 3686 2592 est.
3721 2535 3804 2590 ln-

2237 2629 2395 2683 terim
2419 2628 2550 2698 quid
2578 2626 2780 2682 faceret
2807 2623 2911 2680 sibi
2937 2625 3080 2678 male
3099 2625 3390 2680 conscius?
3410 2625 3534 2692 Quo
3553 2643 3616 2682 se
3635 2638 3804 2684 verte-

2235 2720 2356 2774 ret?
2390 2719 2691 2774 Adamante
2715 2716 2991 2785 duriorem
3013 2716 3210 2788 iudicis
3245 2725 3478 2772 mentem
3501 2720 3656 2774 nullo
3683 2734 3802 2774 mu-

2237 2828 2364 2868 nere
2393 2827 2562 2868 ausus
2597 2820 2680 2867 est
2711 2818 2999 2876 attentare,
3041 2823 3153 2863 non
3185 2809 3440 2866 dubitans
3478 2827 3537 2866 se
3576 2826 3672 2882 per
3705 2812 3806 2867 hoc

2235 2905 2681 2961 ardentissimum
2731 2903 2977 2958 veritatis
3019 2911 3320 2958 amatorem
3362 2903 3538 2971 magis
3585 2917 3804 2973 exaspe-
3894 2937 3902 2946 -

2235 3015 2357 3054 rare
2403 2991 2570 3070 quam
2617 2998 2850 3070 placare.
2887 2997 3020 3054 Data
3056 2997 3224 3070 igitur
3252 2997 3482 3067 pecunia
3504 3037 3520 3062 ,
3548 2997 3805 3066 oppilavit

476 3113 483 3129 ν
532 3082 689 3138 ciam
729 3099 894 3154 super
939 3081 1394 3154 opitulationibus
1435 3095 1658 3150 precum
1697 3081 1940 3150 illorum,
1978 3091 2056 3150 ut,
2087 3083 2132 3138 si
2161 3099 2202 3156 ο
2234 3107 2332 3147 ora
2361 3099 2472 3146 tam
2509 3099 2888 3148 accusatorum
2918 3107 3081 3162 quam
3113 3089 3332 3146 testium
3353 3129 3368 3156 ,
3399 3097 3454 3144 et
3479 3096 3804 3160 cooperante

510 3175 766 3244 quando
795 3189 904 3229 non
933 3174 1260 3229 liberaretur
1303 3171 1374 3225 ab
1407 3168 1848 3240 adversitatibus,
1886 3174 2132 3230 certissi-

545 3279 699 3318 mum
723 3264 776 3319 ei
798 3263 1014 3333 signum
1037 3263 1210 3328 fieret,
1229 3261 1462 3330 alicuius
1483 3261 1665 3315 delicti
1685 3262 2132 3332 impedimentum

486 3387 514 3398 -.
545 3367 669 3409 esse
695 3363 836 3410 mter
858 3367 956 3408 eos
999 3372 1013 3408 :
1051 3368 1163 3423 quo
1207 3351 1462 3422 praesenti
1505 3350 1678 3420 ipsius
1726 3354 2131 3410 examinatione

545 3453 812 3510 eorreeto,
843 3443 1004 3500 solito
1030 3457 1196 3499 cursu
1225 3440 1602 3496 liberationem
1624 3443 1746 3512 eius
1769 3444 2128 3499 aeceleratam

475 3556 481 3564 ί
539 3533 756 3592 ferebat
785 3533 1139 3605 oratio.(Gal;
1168 3534 1280 3605 in).
1319 3531 1522 3588 Beatus
1554 3533 1716 3603 plane
1740 3531 1934 3603 Pater,
1984 3537 2128 3592 beati

2236 3185 2544 3240 securitatis
2587 3185 2872 3240 insolentia
2894 3226 2910 3251 ,
2961 3184 3200 3240 tumidus
3250 3183 3502 3238 crastinas
3545 3183 3804 3238 sessionis

2231 3277 2496 3346 cognitori
2525 3277 2826 3342 insultavit,
2857 3277 3042 3332 dicens
3069 3295 3082 3330 :
3115 3273 3217 3330 Ubi
3239 3283 3386 3346 sunt,
3413 3275 3506 3344 qui
3531 3290 3622 3330 me
3647 3290 3804 3330 aecu-

2229 3367 2460 3422 sabant?
2485 3381 2646 3422 nemo
2677 3382 2763 3422 me
2785 3366 3186 3423 condemnavit.
3223 3365 3304 3419 Ad
3335 3366 3452 3420 haec
3478 3367 3687 3423 zelotes
3713 3365 3804 3422 Dei

2229 3458 2340 3512 alto
2367 3458 2566 3526 gemitu
2590 3457 2894 3528 suSpirans,
2919 3465 2972 3513 et
2991 3456 3278 3512 frixorium
3297 3457 3490 3512 cordis
3517 3458 3604 3512 sui
3646 3473 3806 3530 super

2229 3544 2336 3604 illis
2357 3554 2451 3620 qui
2473 3551 2717 3620 corrupti
2743 3554 2904 3605 erant
2917 3549 3262 3621 dedignativo
3285 3555 3439 3620 gestu
3465 3549 3801 3620 significans,

474 3675 476 3678 .
534 3627 676 3694 ﬁlii,
701 3627 844 3698 ques
872 3627 1014 3681 inter
1039 3623 1353 3697 ignorantia
1379 3631 1434 3679 et
1462 3623 1760 3694 impunitas
1797 3628 1969 3698 eulpae
2011 3640 2130 3686 mo-

407 3725 418 3734 ‘
475 3757 508 3767 -.
541 3731 666 3774 nm
689 3734 800 3774 non
829 3717 1007 3789 potuit
1030 3717 1274 3782 habere,
1299 3715 1416 3782 sed,
1447 3716 1695 3786 exemplo
1721 3718 1946 3788 quidem
1962 3717 2129 3776 Iosue

468 3842 508 3862 ι,
536 3809 784 3879 prodita,
806 3809 862 3863 in
882 3807 1078 3878 spiritu
1101 3807 1364 3872 lenitatis,
1387 3807 1692 3874 secundum
1715 3808 1964 3880 Apostoli
1987 3827 2128 3882 pra:-

501 3947 507 3953 .
533 3909 783 3972 ceptum,
807 3901 1069 3970 castigata
1095 3907 1184 3955 est
1211 3900 1224 3952 ξ
1253 3897 1314 3953 Si
1330 3899 1430 3970 qui
1449 3907 1654 3966 tamen,
1677 3900 1970 3972 cuiuslibet
1993 3919 2126 3974 pro-

519 3989 804 4049 wfessionis
825 3989 1048 4056 fuerint,
1067 3989 1306 4060 maiores
1334 3991 1548 4060 culpas,
1576 3999 1641 4046 .et
1669 3993 1906 4050 maxime
1932 3996 2000 4050 ad
2025 3997 2127 4051 im-

545 4081 868 4136 munditiam
889 4081 977 4136 vel
997 4081 1340 4152 sacrilegium
1363 4077 1718 4152 pertinentes,
1739 4085 1881 4154 apud
1903 4084 1962 4140 S.
1983 4086 2128 4142 Pau-
2167 4114 2170 4118 -

469 4173 663 4233 gelum
681 4172 1028 4228 committere
1057 4177 1546 4242 praesumpsemnt,
1578 4189 1706 4228 mox
1745 4175 1804 4230 in
1851 4177 2128 4248 Apostoli-

2234 4192 2287 4248 Β.
2316 4192 2646 4267 Hieronymo
2683 4211 2784 4266 pro
2827 4172 3086 4252 succentu
3126 4195 3238 4268 (ll)
3269 4172 3608 4268 singulorum
3647 4172 3801 4255 Psal-

543 4271 624 4319 ωε
657 4263 1322 4334 revenentim.(houorem-)
1358 4265 1430 4318 ab
1468 4267 1893 4322 exterminatore
1941 4271 2124 4339 perie-

2234 4299 2442 4342 morum
2483 4263 2716 4343 Damaso
2765 4287 2926 4358 Papae
2969 4263 3430 4358 commendatum,
3475 4291 3801 4350 fiducialitcr

481 4384 488 4416 ε
544 4353 904 4426 runt._.Sicut
929 4355 1116 4422 ,enim,
1153 4355 1230 4424 (9)
1266 4355 1428 4425 primi
1473 4354 1722 4428 Gregorii
1767 4366 2030 4438 tempore,
2059 4361 2120 4416 Β.

2234 4377 2459 4433 adorsus
2485 4377 2698 4446 fuisset;
2730 4353 2914 4438 Gloria
2938 4379 3086 4437 Patri
3110 4392 3166 4438 et
3201 4382 3358 4450 Filio,
3401 4353 3633 4451 dicebat;
3682 4387 3795 4453 sed,

463 4477 487 4510 μ
541 4443 1252 4540 .andreasApostolusul_tor
1266 4446 2128 4540 castitie-segltégiml'wisalicum"
2157 4443 2204 4500 D
2228 4466 2492 4540 Spiritum
2531 4443 2778 4527 sanetum
2825 4475 3108 4530 nominare
3147 4443 3372 4530 minime
3413 4443 3647 4532 valebat.

470 4566 504 4596 ,χ
527 4535 646 4601 ,εἰὶς
681 4536 754 4597 ita
779 4543 834 4594 et
857 4536 912 4590 in
942 4534 1134 4592 diebus
1156 4534 1887 4612 Hiltebrandiceiusdemque
1920 4541 2126 4616 Grego-

2234 4534 2403 4617 eundo
2427 4562 2635 4619 tentare
2654 4565 2986 4632 admonitus,
3013 4565 3208 4622 defecit
3231 4567 3288 4622 in
3311 4566 3470 4623 Filio.
3499 4567 3687 4625 Tertio
3710 4585 3798 4626 re-

543 4625 612 4725 m
629 4623 2123 4725 Vll.B.PaulusApostolusvindechituitsuisanetifi
2221 4660 2404 4723 petere
2441 4655 2762 4724 permissus,
2807 4623 3037 4712 οιηεαλίι
3082 4659 3138 4714 in
3182 4657 3362 4714 ρεηρ,
3396 4623 3796 4725 Τυπαθῷέῷ

499 4751 518 4784 ’ἱ
667 4724 899 4786 utroque
919 4717 1125 4774 sane“
1145 4719 1408 4791 Apamam
1443 4733 1772 4794 emperan
1797 4741 1900 4782 suo
1931 4743 2126 4800 Opem-
2220 4715 2459 4816 Palmm.
2499 4715 2850 4817 Apoerisiarii
2903 4751 3242 4819 Provolutus,
3299 4715 3797 4812 Simoniacumﬁshe

513 4841 522 4849 ι
549 4820 655 4860 rio.
1119 4866 1122 4869 .
1187 4821 1190 4824 ’
1401 4861 1405 4864 -
2221 4850 2341 4894 esse
2363 4837 2640 4908 professus
2659 4847 2760 4895 est.
2811 4839 2915 4908 Qui
2937 4858 3064 4898 mox
3087 4851 3148 4898 ut
3175 4843 3244 4898 ab
3272 4842 3598 4914 Episcopatu
3625 4843 3794 4918 depo-

2229 3641 2304 3696 ait
2327 3642 2395 3697 ad
2419 3649 2796 3712 corruptorem
2831 3661 2844 3696 :
2881 3640 3090 3709 Credis,
3134 3655 3168 3697 ο
3203 3641 3460 3712 episeope
3480 3683 3496 3710 ,
3537 3642 3802 3714 Spiritum

2229 3739 2477 3789 sanctum
2491 3734 2663 3790 unius
2683 3749 2808 3789 eum
2832 3732 2991 3790 Patre
3019 3743 3074 3790 et
3102 3733 3241 3789 Filio
3267 3749 3387 3791 esse
3415 3737 3736 3795 substantia:
3753 3747 3806 3795 et

2227 3825 2480 3881 deitatis?
2501 3825 2623 3892 Quo
2657 3827 3040 3897 respondente,
3065 3827 3264 3896 Credo;
3303 3827 3417 3895 Dic,
3446 3829 3645 3900 inquit,
3671 3833 3802 3888 Glo-

2226 3917 2307 3972 ria
2336 3917 2503 3986 Patri,
2529 3927 2584 3974 et
2615 3917 2776 3985 Filio,
2802 3927 2857 3974 et
2886 3919 3111 3990 Spiritui
3141 3929 3351 3976 saneto.
3385 3919 3634 3992 Cumque
3656 3923 3803 3980 hunc

2207 4006 2566 4065 'Versiculum
2591 4053 2608 4077 ,
2652 4011 2720 4066 ad
2761 4013 3247 4068 commendandam
3287 4020 3490 4070 sanctae
3519 4009 3802 4073 Trinitatis

2225 4099 2388 4157 fidem
2413 4118 2446 4157 a
2475 4101 2708 4158 Nicatnis
2734 4101 2988 4160 Patrihus
3007 4105 3372 4176 bymnizando
3405 4105 3701 4176 prolatum,
3747 4117 3803 4162 ct

528 4991 695 5068 Ἅμα)
719 4991 984 5057 Damasus
1029 4995 1374 5068 11.7.ereatus
1415 5010 1502 5058 est
1527 5004 1628 5060 'die
1675 5007 1760 5062 l7.
1808 5006 1937 5064 Julii
1973 5023 2120 5068 anno
2161 5025 2164 5028 '

737 5055 868 5150 “ct,”
884 5080 1008 5150 cum
1041 5067 1270 5125 sedisset
1293 5055 1440 5129 dies.
1454 5055 2122 5150 ‘ésf'éxtiiiéui';

546 5131 806 5196 creditur,
837 5149 1066 5190 veneno.

1219 5208 1334 5302 .
1357 5211 1605 5272 dedimus
1633 5217 1716 5273 l9.
1742 5217 1966 5289 Aprilis.
2006 5219 2120 5276 An-

709 5287 854 5302 II'Am
889 5287 1017 5302 ἰι-’.η

2218 5022 2328 5084 tem
2347 5014 2722 5084 Casinensem,
2768 5018 2893 5074 dein
2932 5019 3204 5077 Victorem
3243 5021 3307 5078 ll.
3342 5021 3544 5084 Papam
3587 5025 3684 5082 lib.
3735 5028 3786 5084 5.

2219 5083 2596 5164 Dialogorum,
2613 5095 2667 5142 et
2693 5083 2833 5157 apud
2859 5089 3078 5146 Petrum
3121 5091 3369 5148 Damiani
3395 5083 3673 5164 Opusculo
3701 5083 3787 5152 l9.

2218 5156 2404 5236 cap
2457 5157 2599 5223 apud
2643 5156 2783 5228 quos
2823 5175 3058 5230 sequens
3100 5172 3356 5245 narratur
3399 5156 3650 5232 historia,
3696 5169 3789 5223 sed

2219 5221 2582 5302 Subdtacanus
2610 5229 2926 5302 appellatur.
2962 5229 3162 5286 Verum
3185 5232 3326 5288 infra
3360 5237 3502 5302 apud
3535 5235 3788 5291 Berthol-
