  <div class='ocr_page' id='page_1' title='image "/cluster/home/n/w/nwhite01/storage/ocr_20150623/148/hvd.32044015471840/028.png"; bbox 0 0 3986 5386; ppageno 0'>
   <div class='ocr_carea' id='block_1_1' title="bbox 221 306 2530 373">
    <p class='ocr_par' dir='ltr' id='par_1_1' title="bbox 221 306 2530 373">
     <span class='ocr_line' id='line_1_1' title="bbox 221 306 2530 373; baseline 0.009 -20"><span class='ocrx_word' id='word_1_1' title='bbox 221 309 284 368; x_wconf 61' lang='grc' dir='ltr'><strong>ις</strong></span> <span class='ocrx_word' id='word_1_2' title='bbox 1213 306 1744 365; x_wconf 70' lang='lat' dir='ltr'><strong>PROLECUMENA.</strong></span> <span class='ocrx_word' id='word_1_3' title='bbox 1776 342 1847 351; x_wconf 95' lang='lat'><strong><em>—</em></strong></span> <span class='ocrx_word' id='word_1_4' title='bbox 1877 311 2059 367; x_wconf 70' lang='lat' dir='ltr'><strong>ACTA</strong></span> <span class='ocrx_word' id='word_1_5' title='bbox 2084 313 2138 368; x_wconf 89' lang='lat' dir='ltr'><strong>S.</strong></span> <span class='ocrx_word' id='word_1_6' title='bbox 2179 313 2530 373; x_wconf 78' lang='lat' dir='ltr'><strong>CBEGORII.</strong></span> 
     </span>
    </p>
   </div>
   <div class='ocr_carea' id='block_1_2' title="bbox 3392 220 3528 372">
    <p class='ocr_par' dir='ltr' id='par_1_2' title="bbox 3392 220 3528 372">
     <span class='ocr_line' id='line_1_2' title="bbox 3392 220 3528 372; baseline 0 0"><span class='ocrx_word' id='word_1_7' title='bbox 3392 220 3528 372; x_wconf 70' lang='lat' dir='ltr'><strong>a‘</strong></span> 
     </span>
    </p>
   </div>
   <div class='ocr_carea' id='block_1_3' title="bbox 223 412 3485 504">
    <p class='ocr_par' dir='ltr' id='par_1_3' title="bbox 223 412 3485 504">
     <span class='ocr_line' id='line_1_3' title="bbox 223 412 3485 504; baseline 0.005 -30"><span class='ocrx_word' id='word_1_8' title='bbox 223 422 349 478; x_wconf 85' lang='lat' dir='ltr'><strong>situs</strong></span> <span class='ocrx_word' id='word_1_9' title='bbox 385 424 491 481; x_wconf 83' lang='lat' dir='ltr'><strong>est,</strong></span> <span class='ocrx_word' id='word_1_10' title='bbox 524 414 714 470; x_wconf 79' lang='lat' dir='ltr'><strong>Gloria</strong></span> <span class='ocrx_word' id='word_1_11' title='bbox 743 412 911 481; x_wconf 83' lang='lat' dir='ltr'><strong>Patri,</strong></span> <span class='ocrx_word' id='word_1_12' title='bbox 942 425 995 470; x_wconf 90' lang='lat' dir='ltr'><strong>et</strong></span> <span class='ocrx_word' id='word_1_13' title='bbox 1025 414 1185 482; x_wconf 79' lang='lat' dir='ltr'><strong>Filio,</strong></span> <span class='ocrx_word' id='word_1_14' title='bbox 1228 428 1281 473; x_wconf 86' lang='lat' dir='ltr'><strong>et</strong></span> <span class='ocrx_word' id='word_1_15' title='bbox 1322 417 1549 490; x_wconf 75' lang='lat' dir='ltr'><strong>Spiritui</strong></span> <span class='ocrx_word' id='word_1_16' title='bbox 1588 430 1799 487; x_wconf 88' lang='lat' dir='ltr'><strong>sancto,</strong></span> <span class='ocrx_word' id='word_1_17' title='bbox 1833 426 1877 483; x_wconf 86' lang='lat' dir='ltr'><strong>A</strong></span> <span class='ocrx_word' id='word_1_18' title='bbox 1903 427 2339 494; x_wconf 78' lang='lat' dir='ltr'><strong>properationem</strong></span> <span class='ocrx_word' id='word_1_19' title='bbox 2377 428 2680 499; x_wconf 81' lang='lat' dir='ltr'><strong>indixisset;</strong></span> <span class='ocrx_word' id='word_1_20' title='bbox 2717 439 2803 499; x_wconf 88' lang='lat' dir='ltr'><strong>et,</strong></span> <span class='ocrx_word' id='word_1_21' title='bbox 2845 429 2994 502; x_wconf 84' lang='lat' dir='ltr'><strong>quod</strong></span> <span class='ocrx_word' id='word_1_22' title='bbox 3018 420 3337 503; x_wconf 61' lang='lat' dir='ltr'><strong>praedictum</strong></span> <span class='ocrx_word' id='word_1_23' title='bbox 3360 444 3485 504; x_wconf 85' lang='lat' dir='ltr'><strong>est,</strong></span> 
     </span>
    </p>
   </div>
   <div class='ocr_carea' id='block_1_4' title="bbox 224 507 1805 585">
    <p class='ocr_par' dir='ltr' id='par_1_4' title="bbox 224 507 1805 585">
     <span class='ocr_line' id='line_1_4' title="bbox 224 507 1805 585; baseline 0.003 -19"><span class='ocrx_word' id='word_1_24' title='bbox 224 512 355 566; x_wconf 85' lang='lat' dir='ltr'><strong>clara</strong></span> <span class='ocrx_word' id='word_1_25' title='bbox 410 523 547 562; x_wconf 89' lang='lat' dir='ltr'><strong>voce</strong></span> <span class='ocrx_word' id='word_1_26' title='bbox 595 508 902 578; x_wconf 70' lang='lat' dir='ltr'><strong>personuit.</strong></span> <span class='ocrx_word' id='word_1_27' title='bbox 968 507 1034 562; x_wconf 79' lang='lat' dir='ltr'><strong>Et</strong></span> <span class='ocrx_word' id='word_1_28' title='bbox 1089 509 1175 564; x_wconf 88' lang='lat' dir='ltr'><strong>his</strong></span> <span class='ocrx_word' id='word_1_29' title='bbox 1226 511 1426 567; x_wconf 66' lang='lat' dir='ltr'><strong>divinae</strong></span> <span class='ocrx_word' id='word_1_30' title='bbox 1475 514 1805 585; x_wconf 84' lang='lat' dir='ltr'><strong>cognitionis</strong></span> 
     </span>
    </p>
   </div>
   <div class='ocr_carea' id='block_1_5' title="bbox 224 598 1805 673">
    <p class='ocr_par' dir='ltr' id='par_1_5' title="bbox 224 598 1805 673">
     <span class='ocr_line' id='line_1_5' title="bbox 224 598 1805 673; baseline 0.001 -15"><span class='ocrx_word' id='word_1_31' title='bbox 224 601 423 658; x_wconf 83' lang='lat' dir='ltr'><strong>indiciis</strong></span> <span class='ocrx_word' id='word_1_32' title='bbox 455 598 718 654; x_wconf 88' lang='lat' dir='ltr'><strong>feruntur</strong></span> <span class='ocrx_word' id='word_1_33' title='bbox 750 600 998 655; x_wconf 84' lang='lat' dir='ltr'><strong>nonnulli</strong></span> <span class='ocrx_word' id='word_1_34' title='bbox 1024 599 1623 673; x_wconf 82' lang='lat' dir='ltr'><strong>Pseudoepiscoporum</strong></span> <span class='ocrx_word' id='word_1_35' title='bbox 1652 621 1805 660; x_wconf 83' lang='lat' dir='ltr'><strong>com—</strong></span> 
     </span>
    </p>
   </div>
   <div class='ocr_carea' id='block_1_6' title="bbox 223 692 1805 765">
    <p class='ocr_par' dir='ltr' id='par_1_6' title="bbox 223 692 1805 765">
     <span class='ocr_line' id='line_1_6' title="bbox 223 692 1805 765; baseline 0.003 -16"><span class='ocrx_word' id='word_1_36' title='bbox 223 693 415 765; x_wconf 83' lang='lat' dir='ltr'><strong>puncti,</strong></span> <span class='ocrx_word' id='word_1_37' title='bbox 467 692 647 747; x_wconf 89' lang='lat' dir='ltr'><strong>malas</strong></span> <span class='ocrx_word' id='word_1_38' title='bbox 693 692 1062 746; x_wconf 75' lang='lat' dir='ltr'><strong>conscientias</strong></span> <span class='ocrx_word' id='word_1_39' title='bbox 1110 702 1412 762; x_wconf 74' lang='lat' dir='ltr'><strong>spontaneo</strong></span> <span class='ocrx_word' id='word_1_40' title='bbox 1457 695 1805 752; x_wconf 82' lang='lat' dir='ltr'><strong>confessione</strong></span> 
     </span>
    </p>
   </div>
   <div class='ocr_carea' id='block_1_7' title="bbox 224 784 1803 859">
    <p class='ocr_par' dir='ltr' id='par_1_7' title="bbox 224 784 1803 859">
     <span class='ocr_line' id='line_1_7' title="bbox 224 784 1803 859; baseline 0.004 -20"><span class='ocrx_word' id='word_1_41' title='bbox 224 785 532 857; x_wconf 82' lang='lat' dir='ltr'><strong>prodidisse,</strong></span> <span class='ocrx_word' id='word_1_42' title='bbox 565 793 621 839; x_wconf 89' lang='lat' dir='ltr'><strong>et</strong></span> <span class='ocrx_word' id='word_1_43' title='bbox 649 784 854 854; x_wconf 84' lang='lat' dir='ltr'><strong>injuste</strong></span> <span class='ocrx_word' id='word_1_44' title='bbox 889 784 1190 854; x_wconf 87' lang='lat' dir='ltr'><strong>acquisitas</strong></span> <span class='ocrx_word' id='word_1_45' title='bbox 1222 786 1515 856; x_wconf 80' lang='lat' dir='ltr'><strong>dignitates</strong></span> <span class='ocrx_word' id='word_1_46' title='bbox 1533 788 1681 859; x_wconf 86' lang='lat' dir='ltr'><strong>juste</strong></span> <span class='ocrx_word' id='word_1_47' title='bbox 1706 789 1803 845; x_wconf 89' lang='lat' dir='ltr'><strong>de-</strong></span> 
     </span>
    </p>
   </div>
   <div class='ocr_carea' id='block_1_8' title="bbox 223 878 1153 941">
    <p class='ocr_par' dir='ltr' id='par_1_8' title="bbox 223 878 1153 941">
     <span class='ocr_line' id='line_1_8' title="bbox 223 878 1153 941; baseline -0.002 -8"><span class='ocrx_word' id='word_1_48' title='bbox 223 878 445 933; x_wconf 82' lang='lat' dir='ltr'><strong>misisse.</strong></span> <span class='ocrx_word' id='word_1_49' title='bbox 1150 936 1153 941; x_wconf 58' lang='grc'>,</span> 
     </span>
    </p>
   </div>
   <div class='ocr_carea' id='block_1_9' title="bbox 284 965 1807 1040">
    <p class='ocr_par' dir='ltr' id='par_1_9' title="bbox 284 965 1807 1040">
     <span class='ocr_line' id='line_1_9' title="bbox 284 965 1807 1040; baseline 0.003 -18"><span class='ocrx_word' id='word_1_50' title='bbox 284 969 363 1022; x_wconf 73' lang='grc'><strong>12.</strong></span> <span class='ocrx_word' id='word_1_51' title='bbox 400 966 553 1022; x_wconf 82' lang='lat' dir='ltr'><strong>Idem</strong></span> <span class='ocrx_word' id='word_1_52' title='bbox 593 965 927 1021; x_wconf 77' lang='lat' dir='ltr'><strong>venerabilis</strong></span> <span class='ocrx_word' id='word_1_53' title='bbox 951 966 1388 1023; x_wconf 75' lang='lat' dir='ltr'><strong>Arehidiaconus</strong></span> <span class='ocrx_word' id='word_1_54' title='bbox 1412 968 1691 1040; x_wconf 80' lang='lat' dir='ltr'><strong>Synodum</strong></span> <span class='ocrx_word' id='word_1_55' title='bbox 1728 982 1807 1029; x_wconf 89' lang='lat' dir='ltr'><strong>te-</strong></span> 
     </span>
    </p>
   </div>
   <div class='ocr_carea' id='block_1_10' title="bbox 224 1057 1807 1129">
    <p class='ocr_par' dir='ltr' id='par_1_10' title="bbox 224 1057 1807 1129">
     <span class='ocr_line' id='line_1_10' title="bbox 224 1057 1807 1129; baseline 0.003 -13"><span class='ocrx_word' id='word_1_56' title='bbox 224 1061 345 1123; x_wconf 86' lang='lat' dir='ltr'><strong>nuit,</strong></span> <span class='ocrx_word' id='word_1_57' title='bbox 372 1059 460 1115; x_wconf 89' lang='lat' dir='ltr'><strong>cui</strong></span> <span class='ocrx_word' id='word_1_58' title='bbox 487 1057 655 1129; x_wconf 83' lang='lat' dir='ltr'><strong>Hugo</strong></span> <span class='ocrx_word' id='word_1_59' title='bbox 679 1058 792 1129; x_wconf 72' lang='lat'><strong>(12)</strong></span> <span class='ocrx_word' id='word_1_60' title='bbox 823 1058 1199 1114; x_wconf 83' lang='lat' dir='ltr'><strong>Cluniacensis</strong></span> <span class='ocrx_word' id='word_1_61' title='bbox 1233 1060 1415 1115; x_wconf 86' lang='lat' dir='ltr'><strong>Ahhas</strong></span> <span class='ocrx_word' id='word_1_62' title='bbox 1437 1062 1721 1119; x_wconf 89' lang='lat' dir='ltr'><strong>interfuit:</strong></span> <span class='ocrx_word' id='word_1_63' title='bbox 1753 1066 1807 1121; x_wconf 93' lang='lat' dir='ltr'><strong>in</strong></span> 
     </span>
    </p>
   </div>
   <div class='ocr_carea' id='block_1_11' title="bbox 223 1151 1803 1226">
    <p class='ocr_par' dir='ltr' id='par_1_11' title="bbox 223 1151 1803 1226">
     <span class='ocr_line' id='line_1_11' title="bbox 223 1151 1803 1226; baseline 0.005 -21"><span class='ocrx_word' id='word_1_64' title='bbox 223 1170 315 1223; x_wconf 85' lang='lat' dir='ltr'><strong>qua</strong></span> <span class='ocrx_word' id='word_1_65' title='bbox 331 1152 671 1222; x_wconf 86' lang='lat' dir='ltr'><strong>Episcopum</strong></span> <span class='ocrx_word' id='word_1_66' title='bbox 697 1151 992 1221; x_wconf 86' lang='lat' dir='ltr'><strong>quemdam</strong></span> <span class='ocrx_word' id='word_1_67' title='bbox 1020 1151 1210 1206; x_wconf 82' lang='lat' dir='ltr'><strong>ordine</strong></span> <span class='ocrx_word' id='word_1_68' title='bbox 1227 1151 1521 1222; x_wconf 88' lang='lat' dir='ltr'><strong>judiciario</strong></span> <span class='ocrx_word' id='word_1_69' title='bbox 1532 1155 1803 1226; x_wconf 84' lang='lat' dir='ltr'><strong>deposuit.</strong></span> 
     </span>
    </p>
   </div>
   <div class='ocr_carea' id='block_1_12' title="bbox 223 1243 1809 1321">
    <p class='ocr_par' dir='ltr' id='par_1_12' title="bbox 223 1243 1809 1321">
     <span class='ocr_line' id='line_1_12' title="bbox 223 1243 1809 1321; baseline 0.004 -22"><span class='ocrx_word' id='word_1_70' title='bbox 223 1244 334 1299; x_wconf 86' lang='lat' dir='ltr'><strong>lude</strong></span> <span class='ocrx_word' id='word_1_71' title='bbox 353 1244 517 1299; x_wconf 81' lang='lat' dir='ltr'><strong>simul</strong></span> <span class='ocrx_word' id='word_1_72' title='bbox 558 1243 731 1298; x_wconf 88' lang='lat' dir='ltr'><strong>ambo</strong></span> <span class='ocrx_word' id='word_1_73' title='bbox 757 1243 1005 1313; x_wconf 89' lang='lat' dir='ltr'><strong>profecti,</strong></span> <span class='ocrx_word' id='word_1_74' title='bbox 1044 1243 1110 1298; x_wconf 89' lang='lat' dir='ltr'><strong>ad</strong></span> <span class='ocrx_word' id='word_1_75' title='bbox 1143 1243 1345 1300; x_wconf 80' lang='lat' dir='ltr'><strong>flumen</strong></span> <span class='ocrx_word' id='word_1_76' title='bbox 1380 1249 1653 1316; x_wconf 81' lang='lat' dir='ltr'><strong>quoddam</strong></span> <span class='ocrx_word' id='word_1_77' title='bbox 1686 1268 1809 1321; x_wconf 86' lang='lat' dir='ltr'><strong>per-</strong></span> 
     </span>
    </p>
   </div>
   <div class='ocr_carea' id='block_1_13' title="bbox 225 1335 1810 1413">
    <p class='ocr_par' dir='ltr' id='par_1_13' title="bbox 225 1335 1810 1413">
     <span class='ocr_line' id='line_1_13' title="bbox 225 1335 1810 1413; baseline 0.008 -26"><span class='ocrx_word' id='word_1_78' title='bbox 225 1339 482 1392; x_wconf 71' lang='lat' dir='ltr'><strong>venientes</strong></span> <span class='ocrx_word' id='word_1_79' title='bbox 509 1337 948 1391; x_wconf 86' lang='lat' dir='ltr'><strong>transvadabant</strong></span> <span class='ocrx_word' id='word_1_80' title='bbox 982 1355 996 1390; x_wconf 91' lang='lat'><strong>:</strong></span> <span class='ocrx_word' id='word_1_81' title='bbox 1035 1335 1468 1395; x_wconf 82' lang='lat' dir='ltr'><strong>Archidiaconus</strong></span> <span class='ocrx_word' id='word_1_82' title='bbox 1497 1357 1628 1396; x_wconf 86' lang='lat' dir='ltr'><strong>vero</strong></span> <span class='ocrx_word' id='word_1_83' title='bbox 1672 1360 1810 1413; x_wconf 66' lang='lat' dir='ltr'><strong>prte-</strong></span> 
     </span>
    </p>
   </div>
   <div class='ocr_carea' id='block_1_14' title="bbox 223 1428 1807 1500">
    <p class='ocr_par' dir='ltr' id='par_1_14' title="bbox 223 1428 1807 1500">
     <span class='ocr_line' id='line_1_14' title="bbox 223 1428 1807 1500; baseline 0.004 -16"><span class='ocrx_word' id='word_1_84' title='bbox 223 1429 367 1484; x_wconf 80' lang='lat' dir='ltr'><strong>cessit</strong></span> <span class='ocrx_word' id='word_1_85' title='bbox 391 1429 689 1484; x_wconf 75' lang='lat' dir='ltr'><strong>Ahbatem.</strong></span> <span class='ocrx_word' id='word_1_86' title='bbox 723 1428 1073 1484; x_wconf 88' lang='lat' dir='ltr'><strong>Transmisso</strong></span> <span class='ocrx_word' id='word_1_87' title='bbox 1098 1430 1265 1500; x_wconf 80' lang='lat' dir='ltr'><strong>igitur</strong></span> <span class='ocrx_word' id='word_1_88' title='bbox 1294 1430 1537 1499; x_wconf 81' lang='lat' dir='ltr'><strong>flumine,</strong></span> <span class='ocrx_word' id='word_1_89' title='bbox 1576 1450 1807 1491; x_wconf 84' lang='lat' dir='ltr'><strong>conver-</strong></span> 
     </span>
    </p>
   </div>
   <div class='ocr_carea' id='block_1_15' title="bbox 224 1519 1809 1598">
    <p class='ocr_par' dir='ltr' id='par_1_15' title="bbox 224 1519 1809 1598">
     <span class='ocr_line' id='line_1_15' title="bbox 224 1519 1809 1598; baseline 0.004 -22"><span class='ocrx_word' id='word_1_90' title='bbox 224 1536 306 1576; x_wconf 87' lang='lat' dir='ltr'><strong>sus</strong></span> <span class='ocrx_word' id='word_1_91' title='bbox 336 1531 479 1575; x_wconf 87' lang='lat' dir='ltr'><strong>retro</strong></span> <span class='ocrx_word' id='word_1_92' title='bbox 511 1521 785 1591; x_wconf 73' lang='lat' dir='ltr'><strong>respexit,</strong></span> <span class='ocrx_word' id='word_1_93' title='bbox 812 1529 866 1575; x_wconf 92' lang='lat' dir='ltr'><strong>et</strong></span> <span class='ocrx_word' id='word_1_94' title='bbox 891 1521 1028 1576; x_wconf 81' lang='lat' dir='ltr'><strong>dixit</strong></span> <span class='ocrx_word' id='word_1_95' title='bbox 1054 1540 1066 1575; x_wconf 92' lang='lat'>:</span> <span class='ocrx_word' id='word_1_96' title='bbox 1095 1519 1209 1575; x_wconf 89' lang='lat' dir='ltr'><strong>Cur</strong></span> <span class='ocrx_word' id='word_1_97' title='bbox 1236 1522 1363 1577; x_wconf 89' lang='lat' dir='ltr'><strong>talia</strong></span> <span class='ocrx_word' id='word_1_98' title='bbox 1389 1523 1455 1579; x_wconf 91' lang='lat' dir='ltr'><strong>de</strong></span> <span class='ocrx_word' id='word_1_99' title='bbox 1483 1541 1571 1581; x_wconf 90' lang='lat' dir='ltr'><strong>me</strong></span> <span class='ocrx_word' id='word_1_100' title='bbox 1597 1528 1809 1598; x_wconf 81' lang='lat' dir='ltr'><strong>cogita-</strong></span> 
     </span>
    </p>
   </div>
   <div class='ocr_carea' id='block_1_16' title="bbox 223 1613 1811 1687">
    <p class='ocr_par' dir='ltr' id='par_1_16' title="bbox 223 1613 1811 1687">
     <span class='ocr_line' id='line_1_16' title="bbox 223 1613 1811 1687; baseline 0.006 -20"><span class='ocrx_word' id='word_1_101' title='bbox 223 1614 316 1667; x_wconf 85' lang='lat' dir='ltr'><strong>sti?</strong></span> <span class='ocrx_word' id='word_1_102' title='bbox 335 1614 519 1668; x_wconf 75' lang='lat' dir='ltr'><strong>Ahbas</strong></span> <span class='ocrx_word' id='word_1_103' title='bbox 542 1628 678 1668; x_wconf 85' lang='lat' dir='ltr'><strong>vero</strong></span> <span class='ocrx_word' id='word_1_104' title='bbox 706 1613 989 1683; x_wconf 84' lang='lat' dir='ltr'><strong>respondit</strong></span> <span class='ocrx_word' id='word_1_105' title='bbox 1017 1632 1029 1667; x_wconf 90' lang='lat'><strong>:</strong></span> <span class='ocrx_word' id='word_1_106' title='bbox 1072 1613 1224 1668; x_wconf 86' lang='lat' dir='ltr'><strong>Tune</strong></span> <span class='ocrx_word' id='word_1_107' title='bbox 1258 1629 1319 1670; x_wconf 81' lang='lat' dir='ltr'><strong>es</strong></span> <span class='ocrx_word' id='word_1_108' title='bbox 1351 1613 1495 1672; x_wconf 88' lang='lat' dir='ltr'><strong>Deus</strong></span> <span class='ocrx_word' id='word_1_109' title='bbox 1517 1659 1532 1683; x_wconf 97' lang='lat'><strong>,</strong></span> <span class='ocrx_word' id='word_1_110' title='bbox 1580 1619 1675 1687; x_wconf 92' lang='lat' dir='ltr'><strong>qui</strong></span> <span class='ocrx_word' id='word_1_111' title='bbox 1715 1637 1811 1677; x_wconf 86' lang='lat' dir='ltr'><strong>co-</strong></span> 
     </span>
    </p>
   </div>
   <div class='ocr_carea' id='block_1_17' title="bbox 221 1705 1808 1775">
    <p class='ocr_par' dir='ltr' id='par_1_17' title="bbox 221 1705 1808 1775">
     <span class='ocr_line' id='line_1_17' title="bbox 221 1705 1808 1775; baseline 0.006 -16"><span class='ocrx_word' id='word_1_112' title='bbox 221 1705 496 1775; x_wconf 75' lang='lat' dir='ltr'><strong>gitationes</strong></span> <span class='ocrx_word' id='word_1_113' title='bbox 532 1706 830 1759; x_wconf 84' lang='lat' dir='ltr'><strong>hominum</strong></span> <span class='ocrx_word' id='word_1_114' title='bbox 875 1714 928 1759; x_wconf 92' lang='lat' dir='ltr'><strong>te</strong></span> <span class='ocrx_word' id='word_1_115' title='bbox 969 1705 1110 1760; x_wconf 84' lang='lat' dir='ltr'><strong>scire</strong></span> <span class='ocrx_word' id='word_1_116' title='bbox 1156 1710 1478 1762; x_wconf 80' lang='lat' dir='ltr'><strong>asscveras‘!</strong></span> <span class='ocrx_word' id='word_1_117' title='bbox 1505 1708 1670 1766; x_wconf 88' lang='lat' dir='ltr'><strong>Deus.</strong></span> <span class='ocrx_word' id='word_1_118' title='bbox 1720 1715 1808 1768; x_wconf 87' lang='lat' dir='ltr'><strong>ln—</strong></span> 
     </span>
    </p>
   </div>
   <div class='ocr_carea' id='block_1_18' title="bbox 220 1796 1809 1869">
    <p class='ocr_par' dir='ltr' id='par_1_18' title="bbox 220 1796 1809 1869">
     <span class='ocr_line' id='line_1_18' title="bbox 220 1796 1809 1869; baseline 0.006 -18"><span class='ocrx_word' id='word_1_119' title='bbox 220 1798 344 1869; x_wconf 86' lang='lat' dir='ltr'><strong>quit,</strong></span> <span class='ocrx_word' id='word_1_120' title='bbox 380 1813 490 1851; x_wconf 91' lang='lat' dir='ltr'><strong>non</strong></span> <span class='ocrx_word' id='word_1_121' title='bbox 520 1813 645 1851; x_wconf 90' lang='lat' dir='ltr'><strong>sum</strong></span> <span class='ocrx_word' id='word_1_122' title='bbox 679 1816 691 1851; x_wconf 93' lang='lat'><strong>:</strong></span> <span class='ocrx_word' id='word_1_123' title='bbox 726 1796 823 1852; x_wconf 83' lang='lat' dir='ltr'><strong>s&#39;ed</strong></span> <span class='ocrx_word' id='word_1_124' title='bbox 856 1806 1060 1863; x_wconf 87' lang='lat' dir='ltr'><strong>tamen,</strong></span> <span class='ocrx_word' id='word_1_125' title='bbox 1096 1814 1219 1868; x_wconf 73' lang='lat' dir='ltr'><strong>qua:</strong></span> <span class='ocrx_word' id='word_1_126' title='bbox 1249 1799 1305 1852; x_wconf 90' lang='lat' dir='ltr'><strong>in</strong></span> <span class='ocrx_word' id='word_1_127' title='bbox 1331 1801 1519 1854; x_wconf 86' lang='lat' dir='ltr'><strong>animo</strong></span> <span class='ocrx_word' id='word_1_128' title='bbox 1551 1804 1809 1861; x_wconf 89' lang='lat' dir='ltr'><strong>volvehas</strong></span> 
     </span>
    </p>
   </div>
   <div class='ocr_carea' id='block_1_19' title="bbox 220 1889 1809 1965">
    <p class='ocr_par' dir='ltr' id='par_1_19' title="bbox 220 1889 1809 1965">
     <span class='ocr_line' id='line_1_19' title="bbox 220 1889 1809 1965; baseline 0.004 -20"><span class='ocrx_word' id='word_1_129' title='bbox 220 1890 409 1949; x_wconf 82' lang='lat' dir='ltr'><strong>audivi.</strong></span> <span class='ocrx_word' id='word_1_130' title='bbox 442 1889 642 1943; x_wconf 72' lang='lat' dir='ltr'><strong>Dixisti</strong></span> <span class='ocrx_word' id='word_1_131' title='bbox 668 1889 818 1944; x_wconf 84' lang='lat' dir='ltr'><strong>enim</strong></span> <span class='ocrx_word' id='word_1_132' title='bbox 847 1890 900 1943; x_wconf 91' lang='lat' dir='ltr'><strong>in</strong></span> <span class='ocrx_word' id='word_1_133' title='bbox 927 1890 1090 1945; x_wconf 88' lang='lat' dir='ltr'><strong>corde</strong></span> <span class='ocrx_word' id='word_1_134' title='bbox 1120 1899 1234 1955; x_wconf 88' lang='lat' dir='ltr'><strong>tuo,</strong></span> <span class='ocrx_word' id='word_1_135' title='bbox 1263 1907 1348 1945; x_wconf 91' lang='lat' dir='ltr'><strong>me</strong></span> <span class='ocrx_word' id='word_1_136' title='bbox 1383 1894 1555 1964; x_wconf 82' lang='lat' dir='ltr'><strong>magis</strong></span> <span class='ocrx_word' id='word_1_137' title='bbox 1580 1894 1809 1965; x_wconf 84' lang='lat' dir='ltr'><strong>Episco-</strong></span> 
     </span>
    </p>
   </div>
   <div class='ocr_carea' id='block_1_20' title="bbox 220 1982 1811 2059">
    <p class='ocr_par' dir='ltr' id='par_1_20' title="bbox 220 1982 1811 2059">
     <span class='ocr_line' id='line_1_20' title="bbox 220 1982 1811 2059; baseline 0.007 -24"><span class='ocrx_word' id='word_1_138' title='bbox 220 1998 337 2052; x_wconf 86' lang='lat' dir='ltr'><strong>pum</strong></span> <span class='ocrx_word' id='word_1_139' title='bbox 386 1982 544 2035; x_wconf 79' lang='lat' dir='ltr'><strong>ilium</strong></span> <span class='ocrx_word' id='word_1_140' title='bbox 587 1998 759 2038; x_wconf 89' lang='lat' dir='ltr'><strong>causa</strong></span> <span class='ocrx_word' id='word_1_141' title='bbox 799 1982 1108 2052; x_wconf 64' lang='lat' dir='ltr'><strong>iactantiae,</strong></span> <span class='ocrx_word' id='word_1_142' title='bbox 1153 1998 1319 2052; x_wconf 88' lang='lat' dir='ltr'><strong>quam</strong></span> <span class='ocrx_word' id='word_1_143' title='bbox 1353 1983 1472 2037; x_wconf 77' lang='lat' dir='ltr'><strong>zelo</strong></span> <span class='ocrx_word' id='word_1_144' title='bbox 1515 1983 1608 2039; x_wconf 85' lang='lat' dir='ltr'><strong>Dei</strong></span> <span class='ocrx_word' id='word_1_145' title='bbox 1642 1988 1811 2059; x_wconf 90' lang='lat' dir='ltr'><strong>depo—</strong></span> 
     </span>
    </p>
   </div>
   <div class='ocr_carea' id='block_1_21' title="bbox 221 2073 1812 2147">
    <p class='ocr_par' dir='ltr' id='par_1_21' title="bbox 221 2073 1812 2147">
     <span class='ocr_line' id='line_1_21' title="bbox 221 2073 1812 2147; baseline 0.004 -19"><span class='ocrx_word' id='word_1_146' title='bbox 221 2076 405 2129; x_wconf 82' lang='lat' dir='ltr'><strong>suisse.</strong></span> <span class='ocrx_word' id='word_1_147' title='bbox 456 2073 756 2129; x_wconf 82' lang='lat' dir='ltr'><strong>Perculsus</strong></span> <span class='ocrx_word' id='word_1_148' title='bbox 802 2074 988 2130; x_wconf 72' lang='lat' dir='ltr'><strong>Alibas</strong></span> <span class='ocrx_word' id='word_1_149' title='bbox 1023 2074 1358 2130; x_wconf 84' lang='lat' dir='ltr'><strong>conscientia</strong></span> <span class='ocrx_word' id='word_1_150' title='bbox 1387 2093 1400 2128; x_wconf 91' lang='lat'><strong>:</strong></span> <span class='ocrx_word' id='word_1_151' title='bbox 1433 2073 1584 2147; x_wconf 81' lang='lat' dir='ltr'><strong>Rogo</strong></span> <span class='ocrx_word' id='word_1_152' title='bbox 1613 2088 1684 2146; x_wconf 89' lang='lat' dir='ltr'><strong>te,</strong></span> <span class='ocrx_word' id='word_1_153' title='bbox 1726 2080 1812 2135; x_wconf 88' lang='lat' dir='ltr'><strong>in-</strong></span> 
     </span>
    </p>
   </div>
   <div class='ocr_carea' id='block_1_22' title="bbox 220 2165 1812 2240">
    <p class='ocr_par' dir='ltr' id='par_1_22' title="bbox 220 2165 1812 2240">
     <span class='ocr_line' id='line_1_22' title="bbox 220 2165 1812 2240; baseline 0.003 -19"><span class='ocrx_word' id='word_1_154' title='bbox 220 2169 345 2237; x_wconf 85' lang='lat' dir='ltr'><strong>quit,</strong></span> <span class='ocrx_word' id='word_1_155' title='bbox 376 2183 473 2238; x_wconf 80' lang='lat' dir='ltr'><strong>per</strong></span> <span class='ocrx_word' id='word_1_156' title='bbox 515 2169 804 2222; x_wconf 81' lang='lat' dir='ltr'><strong>caritatem</strong></span> <span class='ocrx_word' id='word_1_157' title='bbox 838 2166 965 2232; x_wconf 85' lang='lat' dir='ltr'><strong>Dei,</strong></span> <span class='ocrx_word' id='word_1_158' title='bbox 1022 2167 1294 2229; x_wconf 78' lang='lat' dir='ltr'><strong>utedicas</strong></span> <span class='ocrx_word' id='word_1_159' title='bbox 1334 2165 1468 2222; x_wconf 90' lang='lat' dir='ltr'><strong>mihi</strong></span> <span class='ocrx_word' id='word_1_160' title='bbox 1534 2173 1812 2240; x_wconf 88' lang='lat' dir='ltr'><strong>quomodo</strong></span> 
     </span>
    </p>
   </div>
   <div class='ocr_carea' id='block_1_23' title="bbox 221 2257 1813 2338">
    <p class='ocr_par' dir='ltr' id='par_1_23' title="bbox 221 2257 1813 2338">
     <span class='ocr_line' id='line_1_23' title="bbox 221 2257 1813 2338; baseline 0.004 -25"><span class='ocrx_word' id='word_1_161' title='bbox 221 2260 313 2313; x_wconf 85' lang='lat' dir='ltr'><strong>hoc</strong></span> <span class='ocrx_word' id='word_1_162' title='bbox 341 2260 546 2313; x_wconf 90' lang='lat' dir='ltr'><strong>sentire</strong></span> <span class='ocrx_word' id='word_1_163' title='bbox 573 2258 803 2328; x_wconf 86' lang='lat' dir='ltr'><strong>potuisti</strong></span> <span class='ocrx_word' id='word_1_164' title='bbox 826 2259 849 2312; x_wconf 86' lang='lat'><strong>?</strong></span> <span class='ocrx_word' id='word_1_165' title='bbox 877 2257 1021 2338; x_wconf 26' lang='lat' dir='ltr'><strong>Quia.</strong></span> <span class='ocrx_word' id='word_1_166' title='bbox 1047 2260 1355 2316; x_wconf 80' lang='lat' dir='ltr'><strong>venientem</strong></span> <span class='ocrx_word' id='word_1_167' title='bbox 1388 2267 1461 2327; x_wconf 87' lang='lat' dir='ltr'><strong>te,</strong></span> <span class='ocrx_word' id='word_1_168' title='bbox 1488 2260 1684 2333; x_wconf 81' lang='lat' dir='ltr'><strong>inquit,</strong></span> <span class='ocrx_word' id='word_1_169' title='bbox 1717 2279 1813 2333; x_wconf 88' lang='lat' dir='ltr'><strong>per</strong></span> 
     </span>
    </p>
   </div>
   <div class='ocr_carea' id='block_1_24' title="bbox 221 2350 1814 2427">
    <p class='ocr_par' dir='ltr' id='par_1_24' title="bbox 221 2350 1814 2427">
     <span class='ocr_line' id='line_1_24' title="bbox 221 2350 1814 2427; baseline 0.002 -21"><span class='ocrx_word' id='word_1_170' title='bbox 221 2351 422 2406; x_wconf 78' lang='lat' dir='ltr'><strong>alveum</strong></span> <span class='ocrx_word' id='word_1_171' title='bbox 454 2350 698 2406; x_wconf 84' lang='lat' dir='ltr'><strong>fluminis</strong></span> <span class='ocrx_word' id='word_1_172' title='bbox 720 2350 935 2420; x_wconf 74' lang='lat' dir='ltr'><strong>respexi</strong></span> <span class='ocrx_word' id='word_1_173' title='bbox 959 2368 973 2416; x_wconf 90' lang='lat'><strong>;</strong></span> <span class='ocrx_word' id='word_1_174' title='bbox 1009 2360 1083 2415; x_wconf 89' lang='lat' dir='ltr'><strong>et,</strong></span> <span class='ocrx_word' id='word_1_175' title='bbox 1109 2353 1265 2421; x_wconf 87' lang='lat' dir='ltr'><strong>quasi</strong></span> <span class='ocrx_word' id='word_1_176' title='bbox 1297 2353 1445 2409; x_wconf 81' lang='lat' dir='ltr'><strong>tilum</strong></span> <span class='ocrx_word' id='word_1_177' title='bbox 1470 2366 1682 2409; x_wconf 80' lang='lat' dir='ltr'><strong>tensum</strong></span> <span class='ocrx_word' id='word_1_178' title='bbox 1706 2355 1814 2427; x_wconf 71' lang='lat' dir='ltr'><strong>[fo-</strong></span> 
     </span>
    </p>
   </div>
   <div class='ocr_carea' id='block_1_25' title="bbox 225 2442 1814 2516">
    <p class='ocr_par' dir='ltr' id='par_1_25' title="bbox 225 2442 1814 2516">
     <span class='ocr_line' id='line_1_25' title="bbox 225 2442 1814 2516; baseline 0.003 -19"><span class='ocrx_word' id='word_1_179' title='bbox 225 2443 315 2515; x_wconf 87' lang='lat' dir='ltr'><strong>ret]</strong></span> <span class='ocrx_word' id='word_1_180' title='bbox 343 2444 415 2497; x_wconf 88' lang='lat' dir='ltr'><strong>ah</strong></span> <span class='ocrx_word' id='word_1_181' title='bbox 453 2459 550 2497; x_wconf 89' lang='lat' dir='ltr'><strong>ore</strong></span> <span class='ocrx_word' id='word_1_182' title='bbox 580 2451 671 2497; x_wconf 89' lang='lat' dir='ltr'><strong>tuo</strong></span> <span class='ocrx_word' id='word_1_183' title='bbox 701 2457 882 2513; x_wconf 89' lang='lat' dir='ltr'><strong>usque</strong></span> <span class='ocrx_word' id='word_1_184' title='bbox 911 2442 980 2497; x_wconf 90' lang='lat' dir='ltr'><strong>ad</strong></span> <span class='ocrx_word' id='word_1_185' title='bbox 1009 2457 1172 2498; x_wconf 83' lang='lat' dir='ltr'><strong>aures</strong></span> <span class='ocrx_word' id='word_1_186' title='bbox 1204 2460 1378 2512; x_wconf 87' lang='lat' dir='ltr'><strong>meas,</strong></span> <span class='ocrx_word' id='word_1_187' title='bbox 1422 2445 1546 2501; x_wconf 90' lang='lat' dir='ltr'><strong>inde</strong></span> <span class='ocrx_word' id='word_1_188' title='bbox 1567 2447 1671 2501; x_wconf 88' lang='lat' dir='ltr'><strong>hoc</strong></span> <span class='ocrx_word' id='word_1_189' title='bbox 1691 2461 1814 2516; x_wconf 87' lang='lat' dir='ltr'><strong>per-</strong></span> 
     </span>
    </p>
   </div>
   <div class='ocr_carea' id='block_1_26' title="bbox 225 2534 733 2607">
    <p class='ocr_par' dir='ltr' id='par_1_26' title="bbox 225 2534 733 2607">
     <span class='ocr_line' id='line_1_26' title="bbox 225 2534 733 2607; baseline -0.004 -17"><span class='ocrx_word' id='word_1_190' title='bbox 225 2536 467 2607; x_wconf 79' lang='lat' dir='ltr'><strong>pendisse</strong></span> <span class='ocrx_word' id='word_1_191' title='bbox 497 2542 547 2589; x_wconf 90' lang='lat' dir='ltr'><strong>te</strong></span> <span class='ocrx_word' id='word_1_192' title='bbox 584 2534 733 2589; x_wconf 86' lang='lat' dir='ltr'><strong>sensi</strong></span> 
     </span>
    </p>
   </div>
   <div class='ocr_carea' id='block_1_27' title="bbox 287 2625 1814 2695">
    <p class='ocr_par' dir='ltr' id='par_1_27' title="bbox 287 2625 1814 2695">
     <span class='ocr_line' id='line_1_27' title="bbox 287 2625 1814 2695; baseline 0.003 -15"><span class='ocrx_word' id='word_1_193' title='bbox 287 2628 371 2680; x_wconf 78' lang='grc'><strong>15.</strong></span> <span class='ocrx_word' id='word_1_194' title='bbox 400 2626 586 2681; x_wconf 75' lang='lat' dir='ltr'><strong>Altera</strong></span> <span class='ocrx_word' id='word_1_195' title='bbox 635 2625 769 2681; x_wconf 87' lang='lat' dir='ltr'><strong>item</strong></span> <span class='ocrx_word' id='word_1_196' title='bbox 819 2625 928 2691; x_wconf 90' lang='lat' dir='ltr'><strong>die,</strong></span> <span class='ocrx_word' id='word_1_197' title='bbox 961 2641 1085 2681; x_wconf 83' lang='lat' dir='ltr'><strong>cum</strong></span> <span class='ocrx_word' id='word_1_198' title='bbox 1132 2628 1336 2695; x_wconf 91' lang='lat' dir='ltr'><strong>ambo,</strong></span> <span class='ocrx_word' id='word_1_199' title='bbox 1379 2628 1814 2685; x_wconf 82' lang='lat' dir='ltr'><strong>Archidiaconus</strong></span> 
     </span>
    </p>
   </div>
   <div class='ocr_carea' id='block_1_28' title="bbox 223 2718 1813 2789">
    <p class='ocr_par' dir='ltr' id='par_1_28' title="bbox 223 2718 1813 2789">
     <span class='ocr_line' id='line_1_28' title="bbox 223 2718 1813 2789; baseline 0.003 -18"><span class='ocrx_word' id='word_1_200' title='bbox 223 2718 456 2774; x_wconf 81' lang='lat' dir='ltr'><strong>videlicet</strong></span> <span class='ocrx_word' id='word_1_201' title='bbox 490 2728 544 2773; x_wconf 90' lang='lat' dir='ltr'><strong>et</strong></span> <span class='ocrx_word' id='word_1_202' title='bbox 568 2719 867 2789; x_wconf 55' lang='lat' dir='ltr'><strong>praedictus</strong></span> <span class='ocrx_word' id='word_1_203' title='bbox 895 2718 1080 2775; x_wconf 80' lang='lat' dir='ltr'><strong>Abbas</strong></span> <span class='ocrx_word' id='word_1_204' title='bbox 1102 2719 1499 2787; x_wconf 81' lang='lat' dir='ltr'><strong>Cluniacensis,</strong></span> <span class='ocrx_word' id='word_1_205' title='bbox 1527 2721 1813 2777; x_wconf 86' lang='lat' dir='ltr'><strong>ecclesiam</strong></span> 
     </span>
    </p>
   </div>
   <div class='ocr_carea' id='block_1_29' title="bbox 223 2808 1815 2881">
    <p class='ocr_par' dir='ltr' id='par_1_29' title="bbox 223 2808 1815 2881">
     <span class='ocr_line' id='line_1_29' title="bbox 223 2808 1815 2881; baseline 0.001 -16"><span class='ocrx_word' id='word_1_206' title='bbox 223 2812 511 2873; x_wconf 72' lang='lat' dir='ltr'><strong>quamdam</strong></span> <span class='ocrx_word' id='word_1_207' title='bbox 569 2810 807 2881; x_wconf 74' lang='lat' dir='ltr'><strong>ingressi</strong></span> <span class='ocrx_word' id='word_1_208' title='bbox 862 2808 1135 2877; x_wconf 83' lang='lat' dir='ltr'><strong>fuissent;</strong></span> <span class='ocrx_word' id='word_1_209' title='bbox 1186 2810 1535 2868; x_wconf 87' lang='lat' dir='ltr'><strong>Camerarius</strong></span> <span class='ocrx_word' id='word_1_210' title='bbox 1586 2811 1815 2867; x_wconf 80' lang='lat' dir='ltr'><strong>Ahbatis</strong></span> 
     </span>
    </p>
   </div>
   <div class='ocr_carea' id='block_1_30' title="bbox 225 2901 1815 2972">
    <p class='ocr_par' dir='ltr' id='par_1_30' title="bbox 225 2901 1815 2972">
     <span class='ocr_line' id='line_1_30' title="bbox 225 2901 1815 2972; baseline 0.001 -15"><span class='ocrx_word' id='word_1_211' title='bbox 225 2915 367 2957; x_wconf 86' lang='lat' dir='ltr'><strong>stans</strong></span> <span class='ocrx_word' id='word_1_212' title='bbox 387 2902 456 2957; x_wconf 90' lang='lat' dir='ltr'><strong>ad</strong></span> <span class='ocrx_word' id='word_1_213' title='bbox 482 2902 817 2967; x_wconf 87' lang='lat' dir='ltr'><strong>orationem,</strong></span> <span class='ocrx_word' id='word_1_214' title='bbox 847 2901 987 2957; x_wconf 91' lang='lat' dir='ltr'><strong>clam</strong></span> <span class='ocrx_word' id='word_1_215' title='bbox 1015 2902 1234 2972; x_wconf 90' lang='lat' dir='ltr'><strong>aliquos</strong></span> <span class='ocrx_word' id='word_1_216' title='bbox 1266 2919 1522 2959; x_wconf 88' lang='lat' dir='ltr'><strong>nummos</strong></span> <span class='ocrx_word' id='word_1_217' title='bbox 1546 2919 1576 2959; x_wconf 93' lang='lat' dir='ltr'><strong>e</strong></span> <span class='ocrx_word' id='word_1_218' title='bbox 1601 2919 1815 2959; x_wconf 89' lang='lat' dir='ltr'><strong>marsu-</strong></span> 
     </span>
    </p>
   </div>
   <div class='ocr_carea' id='block_1_31' title="bbox 224 2989 1816 3068">
    <p class='ocr_par' dir='ltr' id='par_1_31' title="bbox 224 2989 1816 3068">
     <span class='ocr_line' id='line_1_31' title="bbox 224 2989 1816 3068; baseline -0.002 -17"><span class='ocrx_word' id='word_1_219' title='bbox 224 2997 308 3066; x_wconf 81' lang='lat' dir='ltr'><strong>pio</strong></span> <span class='ocrx_word' id='word_1_220' title='bbox 332 2989 582 3068; x_wconf 84' lang='lat' dir='ltr'><strong>protulit,</strong></span> <span class='ocrx_word' id='word_1_221' title='bbox 611 3002 778 3064; x_wconf 89' lang='lat' dir='ltr'><strong>atque</strong></span> <span class='ocrx_word' id='word_1_222' title='bbox 798 3010 900 3065; x_wconf 91' lang='lat' dir='ltr'><strong>pro</strong></span> <span class='ocrx_word' id='word_1_223' title='bbox 929 2994 1184 3065; x_wconf 78' lang='lat' dir='ltr'><strong>expensis</strong></span> <span class='ocrx_word' id='word_1_224' title='bbox 1212 2995 1534 3051; x_wconf 88' lang='lat' dir='ltr'><strong>tribuendos</strong></span> <span class='ocrx_word' id='word_1_225' title='bbox 1559 2995 1627 3050; x_wconf 90' lang='lat' dir='ltr'><strong>de</strong></span> <span class='ocrx_word' id='word_1_226' title='bbox 1648 3010 1816 3049; x_wconf 73' lang='lat' dir='ltr'><strong>manu</strong></span> 
     </span>
    </p>
   </div>
   <div class='ocr_carea' id='block_1_32' title="bbox 1906 516 2135 572">
    <p class='ocr_par' dir='ltr' id='par_1_32' title="bbox 1906 516 2135 572">
     <span class='ocr_line' id='line_1_32' title="bbox 1906 516 2135 572; baseline 0.017 -3"><span class='ocrx_word' id='word_1_227' title='bbox 1906 516 2135 572; x_wconf 89' lang='lat' dir='ltr'><strong>audivit.</strong></span> 
     </span>
    </p>
   </div>
   <div class='ocr_carea' id='block_1_33' title="bbox 1980 608 3485 686">
    <p class='ocr_par' dir='ltr' id='par_1_33' title="bbox 1980 608 3485 686">
     <span class='ocr_line' id='line_1_33' title="bbox 1980 608 3485 686; baseline 0.007 -25"><span class='ocrx_word' id='word_1_228' title='bbox 1980 608 2065 663; x_wconf 84' lang='grc'><strong>15.</strong></span> <span class='ocrx_word' id='word_1_229' title='bbox 2105 608 2249 666; x_wconf 90' lang='lat' dir='ltr'><strong>lnter</strong></span> <span class='ocrx_word' id='word_1_230' title='bbox 2278 613 2413 679; x_wconf 69' lang='lat' dir='ltr'><strong>haec,</strong></span> <span class='ocrx_word' id='word_1_231' title='bbox 2451 614 2680 671; x_wconf 81' lang='lat' dir='ltr'><strong>Romam</strong></span> <span class='ocrx_word' id='word_1_232' title='bbox 2717 615 3089 686; x_wconf 78' lang='lat' dir='ltr'><strong>proficiscens,</strong></span> <span class='ocrx_word' id='word_1_233' title='bbox 3137 632 3262 671; x_wconf 88' lang='lat' dir='ltr'><strong>cum</strong></span> <span class='ocrx_word' id='word_1_234' title='bbox 3306 616 3485 672; x_wconf 91' lang='lat' dir='ltr'><strong>audis-</strong></span> 
     </span>
    </p>
   </div>
   <div class='ocr_carea' id='block_1_34' title="bbox 1907 704 3494 781">
    <p class='ocr_par' dir='ltr' id='par_1_34' title="bbox 1907 704 3494 781">
     <span class='ocr_line' id='line_1_34' title="bbox 1907 704 3494 781; baseline 0.006 -28"><span class='ocrx_word' id='word_1_235' title='bbox 1907 708 1990 754; x_wconf 87' lang='lat' dir='ltr'><strong>set</strong></span> <span class='ocrx_word' id='word_1_236' title='bbox 2043 711 2260 758; x_wconf 89' lang='lat' dir='ltr'><strong>mortuo</strong></span> <span class='ocrx_word' id='word_1_237' title='bbox 2298 704 2574 776; x_wconf 87' lang='lat' dir='ltr'><strong>Stephano</strong></span> <span class='ocrx_word' id='word_1_238' title='bbox 2603 707 2748 778; x_wconf 88' lang='lat' dir='ltr'><strong>Papa</strong></span> <span class='ocrx_word' id='word_1_239' title='bbox 2777 706 2888 779; x_wconf 79' lang='grc'><strong>(15)</strong></span> <span class='ocrx_word' id='word_1_240' title='bbox 2921 707 3273 766; x_wconf 85' lang='lat' dir='ltr'><strong>Benedictum</strong></span> <span class='ocrx_word' id='word_1_241' title='bbox 3299 724 3494 781; x_wconf 85' lang='lat' dir='ltr'><strong>quem-</strong></span> 
     </span>
    </p>
   </div>
   <div class='ocr_carea' id='block_1_35' title="bbox 1906 790 3492 868">
    <p class='ocr_par' dir='ltr' id='par_1_35' title="bbox 1906 790 3492 868">
     <span class='ocr_line' id='line_1_35' title="bbox 1906 790 3492 868; baseline 0.004 -21"><span class='ocrx_word' id='word_1_242' title='bbox 1906 790 2032 847; x_wconf 89' lang='lat' dir='ltr'><strong>dam</strong></span> <span class='ocrx_word' id='word_1_243' title='bbox 2095 794 2164 848; x_wconf 87' lang='lat' dir='ltr'><strong>ab</strong></span> <span class='ocrx_word' id='word_1_244' title='bbox 2199 795 2402 866; x_wconf 85' lang='lat' dir='ltr'><strong>iniquis</strong></span> <span class='ocrx_word' id='word_1_245' title='bbox 2439 806 2493 852; x_wconf 90' lang='lat' dir='ltr'><strong>et</strong></span> <span class='ocrx_word' id='word_1_246' title='bbox 2542 798 2869 868; x_wconf 89' lang='lat' dir='ltr'><strong>importunis</strong></span> <span class='ocrx_word' id='word_1_247' title='bbox 2918 798 3235 855; x_wconf 89' lang='lat' dir='ltr'><strong>hominibus</strong></span> <span class='ocrx_word' id='word_1_248' title='bbox 3299 807 3492 855; x_wconf 91' lang='lat' dir='ltr'><strong>contra</strong></span> 
     </span>
    </p>
   </div>
   <div class='ocr_carea' id='block_1_36' title="bbox 1905 880 3493 963">
    <p class='ocr_par' dir='ltr' id='par_1_36' title="bbox 1905 880 3493 963">
     <span class='ocr_line' id='line_1_36' title="bbox 1905 880 3493 963; baseline 0.006 -27"><span class='ocrx_word' id='word_1_249' title='bbox 1905 880 2158 941; x_wconf 88' lang='lat' dir='ltr'><strong>Canones</strong></span> <span class='ocrx_word' id='word_1_250' title='bbox 2188 886 2240 940; x_wconf 91' lang='lat' dir='ltr'><strong>in</strong></span> <span class='ocrx_word' id='word_1_251' title='bbox 2268 886 2579 958; x_wconf 78' lang='lat' dir='ltr'><strong>Apostolica</strong></span> <span class='ocrx_word' id='word_1_252' title='bbox 2612 888 2750 944; x_wconf 84' lang='lat' dir='ltr'><strong>Sede</strong></span> <span class='ocrx_word' id='word_1_253' title='bbox 2787 889 3164 957; x_wconf 88' lang='lat' dir='ltr'><strong>substitutum,</strong></span> <span class='ocrx_word' id='word_1_254' title='bbox 3197 891 3371 963; x_wconf 77' lang='lat' dir='ltr'><strong>magis</strong></span> <span class='ocrx_word' id='word_1_255' title='bbox 3396 906 3493 945; x_wconf 87' lang='lat' dir='ltr'><strong>ac-</strong></span> 
     </span>
    </p>
   </div>
   <div class='ocr_carea' id='block_1_37' title="bbox 1907 976 3495 1054">
    <p class='ocr_par' dir='ltr' id='par_1_37' title="bbox 1907 976 3495 1054">
     <span class='ocr_line' id='line_1_37' title="bbox 1907 976 3495 1054; baseline 0.004 -26"><span class='ocrx_word' id='word_1_256' title='bbox 1907 976 2165 1031; x_wconf 84' lang='lat' dir='ltr'><strong>celeravit</strong></span> <span class='ocrx_word' id='word_1_257' title='bbox 2204 978 2306 1033; x_wconf 88' lang='lat' dir='ltr'><strong>iter</strong></span> <span class='ocrx_word' id='word_1_258' title='bbox 2345 995 2508 1034; x_wconf 91' lang='lat' dir='ltr'><strong>suum</strong></span> <span class='ocrx_word' id='word_1_259' title='bbox 2551 998 2563 1034; x_wconf 92' lang='lat'><strong>:</strong></span> <span class='ocrx_word' id='word_1_260' title='bbox 2619 980 2954 1051; x_wconf 84' lang='lat' dir='ltr'><strong>collectaque</strong></span> <span class='ocrx_word' id='word_1_261' title='bbox 3000 979 3222 1052; x_wconf 80' lang='lat' dir='ltr'><strong>Synodo</strong></span> <span class='ocrx_word' id='word_1_262' title='bbox 3270 981 3495 1054; x_wconf 83' lang='lat' dir='ltr'><strong>Episco-</strong></span> 
     </span>
    </p>
   </div>
   <div class='ocr_carea' id='block_1_38' title="bbox 1907 1069 3493 1146">
    <p class='ocr_par' dir='ltr' id='par_1_38' title="bbox 1907 1069 3493 1146">
     <span class='ocr_line' id='line_1_38' title="bbox 1907 1069 3493 1146; baseline 0.007 -26"><span class='ocrx_word' id='word_1_263' title='bbox 1907 1082 2103 1136; x_wconf 88' lang='lat' dir='ltr'><strong>porum</strong></span> <span class='ocrx_word' id='word_1_264' title='bbox 2149 1069 2203 1123; x_wconf 92' lang='lat' dir='ltr'><strong>in</strong></span> <span class='ocrx_word' id='word_1_265' title='bbox 2254 1069 2451 1125; x_wconf 88' lang='lat' dir='ltr'><strong>Tuscia</strong></span> <span class='ocrx_word' id='word_1_266' title='bbox 2476 1113 2491 1136; x_wconf 86' lang='lat'><strong>,</strong></span> <span class='ocrx_word' id='word_1_267' title='bbox 2540 1070 2893 1127; x_wconf 91' lang='lat' dir='ltr'><strong>Benedictum</strong></span> <span class='ocrx_word' id='word_1_268' title='bbox 2921 1072 3140 1142; x_wconf 88' lang='lat' dir='ltr'><strong>quidem</strong></span> <span class='ocrx_word' id='word_1_269' title='bbox 3168 1076 3341 1130; x_wconf 84' lang='lat' dir='ltr'><strong>sancti</strong></span> <span class='ocrx_word' id='word_1_270' title='bbox 3365 1074 3493 1146; x_wconf 88' lang='lat' dir='ltr'><strong>Spi-</strong></span> 
     </span>
    </p>
   </div>
   <div class='ocr_carea' id='block_1_39' title="bbox 1908 1157 3497 1233">
    <p class='ocr_par' dir='ltr' id='par_1_39' title="bbox 1908 1157 3497 1233">
     <span class='ocr_line' id='line_1_39' title="bbox 1908 1157 3497 1233; baseline 0.007 -22"><span class='ocrx_word' id='word_1_271' title='bbox 1908 1157 2050 1214; x_wconf 86' lang='lat' dir='ltr'><strong>ritus</strong></span> <span class='ocrx_word' id='word_1_272' title='bbox 2086 1160 2297 1231; x_wconf 88' lang='lat' dir='ltr'><strong>judicio</strong></span> <span class='ocrx_word' id='word_1_273' title='bbox 2334 1164 2762 1229; x_wconf 88' lang='lat' dir='ltr'><strong>condemnavit,</strong></span> <span class='ocrx_word' id='word_1_274' title='bbox 2811 1162 3152 1220; x_wconf 86' lang='lat' dir='ltr'><strong>Gerhardum</strong></span> <span class='ocrx_word' id='word_1_275' title='bbox 3183 1180 3331 1233; x_wconf 91' lang='lat' dir='ltr'><strong>vero,</strong></span> <span class='ocrx_word' id='word_1_276' title='bbox 3369 1167 3497 1222; x_wconf 77' lang='lat' dir='ltr'><strong>Flo-</strong></span> 
     </span>
    </p>
   </div>
   <div class='ocr_carea' id='block_1_40' title="bbox 1909 1251 3493 1327">
    <p class='ocr_par' dir='ltr' id='par_1_40' title="bbox 1909 1251 3493 1327">
     <span class='ocr_line' id='line_1_40' title="bbox 1909 1251 3493 1327; baseline 0.005 -22"><span class='ocrx_word' id='word_1_277' title='bbox 1909 1251 2139 1307; x_wconf 67' lang='lat' dir='ltr'><strong>rentinae</strong></span> <span class='ocrx_word' id='word_1_278' title='bbox 2193 1253 2431 1310; x_wconf 81' lang='lat' dir='ltr'><strong>civitatis</strong></span> <span class='ocrx_word' id='word_1_279' title='bbox 2487 1256 2852 1311; x_wconf 77' lang='lat' dir='ltr'><strong>venerabilem</strong></span> <span class='ocrx_word' id='word_1_280' title='bbox 2916 1255 3247 1327; x_wconf 88' lang='lat' dir='ltr'><strong>Episcopum</strong></span> <span class='ocrx_word' id='word_1_281' title='bbox 3273 1300 3288 1324; x_wconf 93' lang='lat'><strong>,</strong></span> <span class='ocrx_word' id='word_1_282' title='bbox 3337 1273 3493 1313; x_wconf 90' lang='lat' dir='ltr'><strong>com-</strong></span> 
     </span>
    </p>
   </div>
   <div class='ocr_carea' id='block_1_41' title="bbox 1911 1343 3496 1418">
    <p class='ocr_par' dir='ltr' id='par_1_41' title="bbox 1911 1343 3496 1418">
     <span class='ocr_line' id='line_1_41' title="bbox 1911 1343 3496 1418; baseline 0.005 -21"><span class='ocrx_word' id='word_1_283' title='bbox 1911 1343 2065 1398; x_wconf 92' lang='lat' dir='ltr'><strong>muni</strong></span> <span class='ocrx_word' id='word_1_284' title='bbox 2104 1343 2373 1401; x_wconf 91' lang='lat' dir='ltr'><strong>honorum</strong></span> <span class='ocrx_word' id='word_1_285' title='bbox 2417 1363 2689 1403; x_wconf 88' lang='lat' dir='ltr'><strong>consensu</strong></span> <span class='ocrx_word' id='word_1_286' title='bbox 2726 1349 2957 1403; x_wconf 84' lang='lat' dir='ltr'><strong>eiectum</strong></span> <span class='ocrx_word' id='word_1_287' title='bbox 2997 1349 3339 1418; x_wconf 68' lang='lat' dir='ltr'><strong>Apostoloete</strong></span> <span class='ocrx_word' id='word_1_288' title='bbox 3368 1348 3496 1405; x_wconf 87' lang='lat' dir='ltr'><strong>Sedi</strong></span> 
     </span>
    </p>
   </div>
   <div class='ocr_carea' id='block_1_42' title="bbox 1912 1432 3492 1511">
    <p class='ocr_par' dir='ltr' id='par_1_42' title="bbox 1912 1432 3492 1511">
     <span class='ocr_line' id='line_1_42' title="bbox 1912 1432 3492 1511; baseline 0.005 -23"><span class='ocrx_word' id='word_1_289' title='bbox 1912 1432 2322 1504; x_wconf 87' lang='lat' dir='ltr'><strong>inthronizavit,</strong></span> <span class='ocrx_word' id='word_1_290' title='bbox 2374 1446 2539 1509; x_wconf 89' lang='lat' dir='ltr'><strong>atque</strong></span> <span class='ocrx_word' id='word_1_291' title='bbox 2581 1437 2868 1494; x_wconf 85' lang='lat' dir='ltr'><strong>Nicolaum</strong></span> <span class='ocrx_word' id='word_1_292' title='bbox 2914 1437 2958 1493; x_wconf 87' lang='lat' dir='ltr'><strong>ll</strong></span> <span class='ocrx_word' id='word_1_293' title='bbox 3006 1440 3119 1511; x_wconf 74' lang='grc'><strong>(14)</strong></span> <span class='ocrx_word' id='word_1_294' title='bbox 3170 1440 3492 1497; x_wconf 83' lang='lat' dir='ltr'><strong>nominavit.</strong></span> 
     </span>
    </p>
   </div>
   <div class='ocr_carea' id='block_1_43' title="bbox 1912 1525 3501 1601">
    <p class='ocr_par' dir='ltr' id='par_1_43' title="bbox 1912 1525 3501 1601">
     <span class='ocr_line' id='line_1_43' title="bbox 1912 1525 3501 1601; baseline 0.005 -20"><span class='ocrx_word' id='word_1_295' title='bbox 1912 1525 2028 1582; x_wconf 82' lang='lat' dir='ltr'><strong>Hoc</strong></span> <span class='ocrx_word' id='word_1_296' title='bbox 2099 1537 2279 1583; x_wconf 89' lang='lat' dir='ltr'><strong>autem</strong></span> <span class='ocrx_word' id='word_1_297' title='bbox 2339 1539 2466 1601; x_wconf 91' lang='lat' dir='ltr'><strong>post</strong></span> <span class='ocrx_word' id='word_1_298' title='bbox 2520 1531 2804 1586; x_wconf 90' lang='lat' dir='ltr'><strong>biennium</strong></span> <span class='ocrx_word' id='word_1_299' title='bbox 2866 1530 3168 1599; x_wconf 82' lang='lat' dir='ltr'><strong>defuncto,</strong></span> <span class='ocrx_word' id='word_1_300' title='bbox 3234 1532 3501 1589; x_wconf 83' lang='lat' dir='ltr'><strong>successit</strong></span> 
     </span>
    </p>
   </div>
   <div class='ocr_carea' id='block_1_44' title="bbox 1912 1616 2309 1673">
    <p class='ocr_par' dir='ltr' id='par_1_44' title="bbox 1912 1616 2309 1673">
     <span class='ocr_line' id='line_1_44' title="bbox 1912 1616 2309 1673; baseline 0.005 -3"><span class='ocrx_word' id='word_1_301' title='bbox 1912 1616 2220 1672; x_wconf 82' lang='lat' dir='ltr'><strong>Alexander</strong></span> <span class='ocrx_word' id='word_1_302' title='bbox 2246 1616 2309 1673; x_wconf 87' lang='lat' dir='ltr'><strong>ll.</strong></span> 
     </span>
    </p>
   </div>
   <div class='ocr_carea' id='block_1_45' title="bbox 1984 1707 3501 1780">
    <p class='ocr_par' dir='ltr' id='par_1_45' title="bbox 1984 1707 3501 1780">
     <span class='ocr_line' id='line_1_45' title="bbox 1984 1707 3501 1780; baseline 0.005 -18"><span class='ocrx_word' id='word_1_303' title='bbox 1984 1708 2071 1763; x_wconf 84' lang='grc'><strong>16.</strong></span> <span class='ocrx_word' id='word_1_304' title='bbox 2096 1707 2272 1780; x_wconf 83' lang='lat' dir='ltr'><strong>ilujus</strong></span> <span class='ocrx_word' id='word_1_305' title='bbox 2302 1711 2662 1778; x_wconf 89' lang='lat' dir='ltr'><strong>camerarius,</strong></span> <span class='ocrx_word' id='word_1_306' title='bbox 2700 1712 2924 1767; x_wconf 88' lang='lat' dir='ltr'><strong>nomine</strong></span> <span class='ocrx_word' id='word_1_307' title='bbox 2964 1710 3239 1778; x_wconf 86' lang='lat' dir='ltr'><strong>Joannes,</strong></span> <span class='ocrx_word' id='word_1_308' title='bbox 3275 1728 3501 1769; x_wconf 86' lang='lat' dir='ltr'><strong>narrare</strong></span> 
     </span>
    </p>
   </div>
   <div class='ocr_carea' id='block_1_46' title="bbox 1912 1800 3498 1873">
    <p class='ocr_par' dir='ltr' id='par_1_46' title="bbox 1912 1800 3498 1873">
     <span class='ocr_line' id='line_1_46' title="bbox 1912 1800 3498 1873; baseline 0.003 -18"><span class='ocrx_word' id='word_1_309' title='bbox 1912 1800 2123 1855; x_wconf 78' lang='lat' dir='ltr'><strong>solebat</strong></span> <span class='ocrx_word' id='word_1_310' title='bbox 2154 1800 2357 1857; x_wconf 89' lang='lat' dir='ltr'><strong>factum</strong></span> <span class='ocrx_word' id='word_1_311' title='bbox 2395 1803 2450 1857; x_wconf 89' lang='lat' dir='ltr'><strong>in</strong></span> <span class='ocrx_word' id='word_1_312' title='bbox 2487 1804 2782 1873; x_wconf 90' lang='lat' dir='ltr'><strong>semetipso</strong></span> <span class='ocrx_word' id='word_1_313' title='bbox 2813 1804 3013 1859; x_wconf 71' lang='lat' dir='ltr'><strong>divinae</strong></span> <span class='ocrx_word' id='word_1_314' title='bbox 3051 1804 3356 1861; x_wconf 88' lang='lat' dir='ltr'><strong>curationis</strong></span> <span class='ocrx_word' id='word_1_315' title='bbox 3391 1808 3498 1860; x_wconf 89' lang='lat' dir='ltr'><strong>mi-</strong></span> 
     </span>
    </p>
   </div>
   <div class='ocr_carea' id='block_1_47' title="bbox 1911 1886 3499 1963">
    <p class='ocr_par' dir='ltr' id='par_1_47' title="bbox 1911 1886 3499 1963">
     <span class='ocr_line' id='line_1_47' title="bbox 1911 1886 3499 1963; baseline 0.004 -18"><span class='ocrx_word' id='word_1_316' title='bbox 1911 1886 2181 1958; x_wconf 83' lang='lat' dir='ltr'><strong>raculum,</strong></span> <span class='ocrx_word' id='word_1_317' title='bbox 2218 1908 2313 1963; x_wconf 88' lang='lat' dir='ltr'><strong>per</strong></span> <span class='ocrx_word' id='word_1_318' title='bbox 2339 1893 2699 1949; x_wconf 86' lang='lat' dir='ltr'><strong>venerabilem</strong></span> <span class='ocrx_word' id='word_1_319' title='bbox 2729 1892 3155 1950; x_wconf 84' lang='lat' dir='ltr'><strong>liildchrandum</strong></span> <span class='ocrx_word' id='word_1_320' title='bbox 3178 1896 3359 1952; x_wconf 90' lang='lat' dir='ltr'><strong>adhuc</strong></span> <span class='ocrx_word' id='word_1_321' title='bbox 3391 1898 3499 1951; x_wconf 79' lang='lat' dir='ltr'><strong>Ar-</strong></span> 
     </span>
    </p>
   </div>
   <div class='ocr_carea' id='block_1_48' title="bbox 1911 1982 3499 2057">
    <p class='ocr_par' dir='ltr' id='par_1_48' title="bbox 1911 1982 3499 2057">
     <span class='ocr_line' id='line_1_48' title="bbox 1911 1982 3499 2057; baseline 0.004 -21"><span class='ocrx_word' id='word_1_322' title='bbox 1911 1982 2314 2039; x_wconf 91' lang='lat' dir='ltr'><strong>chidiaconum.</strong></span> <span class='ocrx_word' id='word_1_323' title='bbox 2353 1983 2489 2040; x_wconf 86' lang='lat' dir='ltr'><strong>Nam</strong></span> <span class='ocrx_word' id='word_1_324' title='bbox 2517 2001 2643 2040; x_wconf 91' lang='lat' dir='ltr'><strong>cum</strong></span> <span class='ocrx_word' id='word_1_325' title='bbox 2672 1985 2816 2040; x_wconf 90' lang='lat' dir='ltr'><strong>idem</strong></span> <span class='ocrx_word' id='word_1_326' title='bbox 2847 1984 3086 2042; x_wconf 83' lang='lat' dir='ltr'><strong>Joannes</strong></span> <span class='ocrx_word' id='word_1_327' title='bbox 3107 1987 3251 2057; x_wconf 89' lang='lat' dir='ltr'><strong>apud</strong></span> <span class='ocrx_word' id='word_1_328' title='bbox 3283 1987 3499 2044; x_wconf 85' lang='lat' dir='ltr'><strong>Tuscu-</strong></span> 
     </span>
    </p>
   </div>
   <div class='ocr_carea' id='block_1_49' title="bbox 1910 2074 3502 2148">
    <p class='ocr_par' dir='ltr' id='par_1_49' title="bbox 1910 2074 3502 2148">
     <span class='ocr_line' id='line_1_49' title="bbox 1910 2074 3502 2148; baseline 0.004 -20"><span class='ocrx_word' id='word_1_329' title='bbox 1910 2074 2098 2129; x_wconf 88' lang='lat' dir='ltr'><strong>lanum</strong></span> <span class='ocrx_word' id='word_1_330' title='bbox 2126 2075 2290 2131; x_wconf 90' lang='lat' dir='ltr'><strong>nimis</strong></span> <span class='ocrx_word' id='word_1_331' title='bbox 2316 2076 2431 2131; x_wconf 74' lang='lat' dir='ltr'><strong>acri</strong></span> <span class='ocrx_word' id='word_1_332' title='bbox 2472 2075 2708 2132; x_wconf 84' lang='lat' dir='ltr'><strong>febrium</strong></span> <span class='ocrx_word' id='word_1_333' title='bbox 2738 2076 2927 2132; x_wconf 89' lang='lat' dir='ltr'><strong>dolore</strong></span> <span class='ocrx_word' id='word_1_334' title='bbox 2959 2075 3300 2148; x_wconf 79' lang='lat' dir='ltr'><strong>fatigaretur,</strong></span> <span class='ocrx_word' id='word_1_335' title='bbox 3328 2080 3502 2135; x_wconf 87' lang='lat' dir='ltr'><strong>misso</strong></span> 
     </span>
    </p>
   </div>
   <div class='ocr_carea' id='block_1_50' title="bbox 1912 2165 3504 2239">
    <p class='ocr_par' dir='ltr' id='par_1_50' title="bbox 1912 2165 3504 2239">
     <span class='ocr_line' id='line_1_50' title="bbox 1912 2165 3504 2239; baseline 0.004 -20"><span class='ocrx_word' id='word_1_336' title='bbox 1912 2165 2106 2219; x_wconf 91' lang='lat' dir='ltr'><strong>nuntio</strong></span> <span class='ocrx_word' id='word_1_337' title='bbox 2127 2166 2345 2221; x_wconf 88' lang='lat' dir='ltr'><strong>beatum</strong></span> <span class='ocrx_word' id='word_1_338' title='bbox 2369 2167 2551 2222; x_wconf 90' lang='lat' dir='ltr'><strong>virum</strong></span> <span class='ocrx_word' id='word_1_339' title='bbox 2575 2168 2787 2238; x_wconf 77' lang='lat' dir='ltr'><strong>rogavit</strong></span> <span class='ocrx_word' id='word_1_340' title='bbox 2810 2168 3011 2223; x_wconf 78' lang='lat' dir='ltr'><strong>obnixe</strong></span> <span class='ocrx_word' id='word_1_341' title='bbox 3056 2184 3124 2222; x_wconf 89' lang='lat' dir='ltr'><strong>ne</strong></span> <span class='ocrx_word' id='word_1_342' title='bbox 3151 2169 3504 2239; x_wconf 72' lang='lat' dir='ltr'><strong>pigritaretur</strong></span> 
     </span>
    </p>
   </div>
   <div class='ocr_carea' id='block_1_51' title="bbox 1912 2257 3504 2330">
    <p class='ocr_par' dir='ltr' id='par_1_51' title="bbox 1912 2257 3504 2330">
     <span class='ocr_line' id='line_1_51' title="bbox 1912 2257 3504 2330; baseline 0.004 -19"><span class='ocrx_word' id='word_1_343' title='bbox 1912 2257 2099 2312; x_wconf 89' lang='lat' dir='ltr'><strong>venire</strong></span> <span class='ocrx_word' id='word_1_344' title='bbox 2121 2273 2295 2329; x_wconf 89' lang='lat' dir='ltr'><strong>usque</strong></span> <span class='ocrx_word' id='word_1_345' title='bbox 2319 2258 2387 2313; x_wconf 90' lang='lat' dir='ltr'><strong>ad</strong></span> <span class='ocrx_word' id='word_1_346' title='bbox 2415 2274 2493 2314; x_wconf 87' lang='lat' dir='ltr'><strong>se.</strong></span> <span class='ocrx_word' id='word_1_347' title='bbox 2526 2257 2636 2314; x_wconf 90' lang='lat' dir='ltr'><strong>Nec</strong></span> <span class='ocrx_word' id='word_1_348' title='bbox 2661 2274 2837 2325; x_wconf 90' lang='lat' dir='ltr'><strong>mora,</strong></span> <span class='ocrx_word' id='word_1_349' title='bbox 2867 2259 2996 2330; x_wconf 87' lang='lat' dir='ltr'><strong>quia</strong></span> <span class='ocrx_word' id='word_1_350' title='bbox 3030 2259 3162 2315; x_wconf 88' lang='lat' dir='ltr'><strong>boni</strong></span> <span class='ocrx_word' id='word_1_351' title='bbox 3194 2261 3374 2317; x_wconf 79' lang='lat' dir='ltr'><strong>nuntii</strong></span> <span class='ocrx_word' id='word_1_352' title='bbox 3399 2262 3504 2317; x_wconf 59' lang='lat' dir='ltr'><strong>hoc</strong></span> 
     </span>
    </p>
   </div>
   <div class='ocr_carea' id='block_1_52' title="bbox 1912 2347 3481 2421">
    <p class='ocr_par' dir='ltr' id='par_1_52' title="bbox 1912 2347 3481 2421">
     <span class='ocr_line' id='line_1_52' title="bbox 1912 2347 3481 2421; baseline 0.005 -20"><span class='ocrx_word' id='word_1_353' title='bbox 1912 2347 2117 2403; x_wconf 89' lang='lat' dir='ltr'><strong>minem</strong></span> <span class='ocrx_word' id='word_1_354' title='bbox 2162 2365 2285 2406; x_wconf 87' lang='lat' dir='ltr'><strong>esse</strong></span> <span class='ocrx_word' id='word_1_355' title='bbox 2328 2350 2626 2421; x_wconf 77' lang='lat' dir='ltr'><strong>cognovit,</strong></span> <span class='ocrx_word' id='word_1_356' title='bbox 2658 2351 2844 2406; x_wconf 88' lang='lat' dir='ltr'><strong>venire</strong></span> <span class='ocrx_word' id='word_1_357' title='bbox 2875 2368 2983 2405; x_wconf 92' lang='lat' dir='ltr'><strong>non</strong></span> <span class='ocrx_word' id='word_1_358' title='bbox 3021 2351 3222 2406; x_wconf 88' lang='lat' dir='ltr'><strong>renuit.</strong></span> <span class='ocrx_word' id='word_1_359' title='bbox 3279 2351 3347 2407; x_wconf 79' lang='lat' dir='ltr'><strong>At</strong></span> <span class='ocrx_word' id='word_1_360' title='bbox 3392 2349 3481 2409; x_wconf 72' lang='lat' dir='ltr'><strong>ille</strong></span> 
     </span>
    </p>
   </div>
   <div class='ocr_carea' id='block_1_53' title="bbox 1913 2439 3506 2513">
    <p class='ocr_par' dir='ltr' id='par_1_53' title="bbox 1913 2439 3506 2513">
     <span class='ocr_line' id='line_1_53' title="bbox 1913 2439 3506 2513; baseline 0.005 -20"><span class='ocrx_word' id='word_1_361' title='bbox 1913 2439 2085 2494; x_wconf 88' lang='lat' dir='ltr'><strong>nimio</strong></span> <span class='ocrx_word' id='word_1_362' title='bbox 2120 2441 2321 2510; x_wconf 78' lang='lat' dir='ltr'><strong>gaudio</strong></span> <span class='ocrx_word' id='word_1_363' title='bbox 2367 2441 2605 2511; x_wconf 90' lang='lat' dir='ltr'><strong>repletus</strong></span> <span class='ocrx_word' id='word_1_364' title='bbox 2638 2441 2695 2497; x_wconf 90' lang='lat' dir='ltr'><strong>in</strong></span> <span class='ocrx_word' id='word_1_365' title='bbox 2731 2442 2969 2498; x_wconf 87' lang='lat' dir='ltr'><strong>adventu</strong></span> <span class='ocrx_word' id='word_1_366' title='bbox 3002 2442 3124 2513; x_wconf 86' lang='lat' dir='ltr'><strong>ejus</strong></span> <span class='ocrx_word' id='word_1_367' title='bbox 3146 2485 3163 2509; x_wconf 93' lang='lat'><strong>,</strong></span> <span class='ocrx_word' id='word_1_368' title='bbox 3208 2444 3424 2500; x_wconf 85' lang='lat' dir='ltr'><strong>traditis</strong></span> <span class='ocrx_word' id='word_1_369' title='bbox 3452 2446 3506 2501; x_wconf 91' lang='lat' dir='ltr'><strong>ci</strong></span> 
     </span>
    </p>
   </div>
   <div class='ocr_carea' id='block_1_54' title="bbox 1912 2531 3505 2601">
    <p class='ocr_par' dir='ltr' id='par_1_54' title="bbox 1912 2531 3505 2601">
     <span class='ocr_line' id='line_1_54' title="bbox 1912 2531 3505 2601; baseline 0.006 -18"><span class='ocrx_word' id='word_1_370' title='bbox 1912 2531 2170 2588; x_wconf 87' lang='lat' dir='ltr'><strong>omnibus</strong></span> <span class='ocrx_word' id='word_1_371' title='bbox 2203 2532 2351 2599; x_wconf 91' lang='lat' dir='ltr'><strong>suis,</strong></span> <span class='ocrx_word' id='word_1_372' title='bbox 2385 2533 2791 2589; x_wconf 86' lang='lat' dir='ltr'><strong>commendavit</strong></span> <span class='ocrx_word' id='word_1_373' title='bbox 2819 2534 2984 2589; x_wconf 88' lang='lat' dir='ltr'><strong>etiam</strong></span> <span class='ocrx_word' id='word_1_374' title='bbox 3010 2576 3026 2601; x_wconf 93' lang='lat'><strong>,</strong></span> <span class='ocrx_word' id='word_1_375' title='bbox 3071 2534 3351 2591; x_wconf 81' lang='lat' dir='ltr'><strong>humiliter</strong></span> <span class='ocrx_word' id='word_1_376' title='bbox 3400 2537 3505 2592; x_wconf 85' lang='lat' dir='ltr'><strong>im-</strong></span> 
     </span>
    </p>
   </div>
   <div class='ocr_carea' id='block_1_55' title="bbox 1913 2622 3504 2698">
    <p class='ocr_par' dir='ltr' id='par_1_55' title="bbox 1913 2622 3504 2698">
     <span class='ocr_line' id='line_1_55' title="bbox 1913 2622 3504 2698; baseline 0.004 -22"><span class='ocrx_word' id='word_1_377' title='bbox 1913 2622 2154 2692; x_wconf 87' lang='lat' dir='ltr'><strong>plorans,</strong></span> <span class='ocrx_word' id='word_1_378' title='bbox 2188 2633 2249 2679; x_wconf 90' lang='lat' dir='ltr'><strong>ut</strong></span> <span class='ocrx_word' id='word_1_379' title='bbox 2277 2639 2623 2679; x_wconf 89' lang='lat' dir='ltr'><strong>communem</strong></span> <span class='ocrx_word' id='word_1_380' title='bbox 2660 2624 2953 2682; x_wconf 91' lang='lat' dir='ltr'><strong>Dominum</strong></span> <span class='ocrx_word' id='word_1_381' title='bbox 2988 2641 3089 2696; x_wconf 90' lang='lat' dir='ltr'><strong>pro</strong></span> <span class='ocrx_word' id='word_1_382' title='bbox 3118 2642 3177 2682; x_wconf 90' lang='lat' dir='ltr'><strong>se</strong></span> <span class='ocrx_word' id='word_1_383' title='bbox 3199 2627 3504 2698; x_wconf 88' lang='lat' dir='ltr'><strong>deprecari,</strong></span> 
     </span>
    </p>
   </div>
   <div class='ocr_carea' id='block_1_56' title="bbox 1914 2714 3502 2787">
    <p class='ocr_par' dir='ltr' id='par_1_56' title="bbox 1914 2714 3502 2787">
     <span class='ocr_line' id='line_1_56' title="bbox 1914 2714 3502 2787; baseline 0.004 -18"><span class='ocrx_word' id='word_1_384' title='bbox 1914 2729 1979 2769; x_wconf 87' lang='lat' dir='ltr'><strong>ac</strong></span> <span class='ocrx_word' id='word_1_385' title='bbox 2007 2714 2291 2786; x_wconf 80' lang='lat' dir='ltr'><strong>religiosos</strong></span> <span class='ocrx_word' id='word_1_386' title='bbox 2314 2716 2565 2771; x_wconf 88' lang='lat' dir='ltr'><strong>homines</strong></span> <span class='ocrx_word' id='word_1_387' title='bbox 2593 2717 2649 2771; x_wconf 93' lang='lat' dir='ltr'><strong>in</strong></span> <span class='ocrx_word' id='word_1_388' title='bbox 2677 2716 2917 2787; x_wconf 89' lang='lat' dir='ltr'><strong>idipsum</strong></span> <span class='ocrx_word' id='word_1_389' title='bbox 2948 2726 3168 2773; x_wconf 89' lang='lat' dir='ltr'><strong>curaret</strong></span> <span class='ocrx_word' id='word_1_390' title='bbox 3197 2719 3502 2776; x_wconf 89' lang='lat' dir='ltr'><strong>adhortari.</strong></span> 
     </span>
    </p>
   </div>
   <div class='ocr_carea' id='block_1_57' title="bbox 1916 2804 3509 2878">
    <p class='ocr_par' dir='ltr' id='par_1_57' title="bbox 1916 2804 3509 2878">
     <span class='ocr_line' id='line_1_57' title="bbox 1916 2804 3509 2878; baseline 0.006 -19"><span class='ocrx_word' id='word_1_391' title='bbox 1916 2804 2070 2861; x_wconf 86' lang='lat' dir='ltr'><strong>Tunc</strong></span> <span class='ocrx_word' id='word_1_392' title='bbox 2099 2807 2185 2861; x_wconf 90' lang='lat' dir='ltr'><strong>vir</strong></span> <span class='ocrx_word' id='word_1_393' title='bbox 2218 2806 2334 2874; x_wconf 89' lang='lat' dir='ltr'><strong>Dei,</strong></span> <span class='ocrx_word' id='word_1_394' title='bbox 2370 2808 2673 2864; x_wconf 91' lang='lat' dir='ltr'><strong>domestica</strong></span> <span class='ocrx_word' id='word_1_395' title='bbox 2706 2809 2905 2878; x_wconf 88' lang='lat' dir='ltr'><strong>pietate</strong></span> <span class='ocrx_word' id='word_1_396' title='bbox 2938 2809 3015 2865; x_wconf 83' lang='lat' dir='ltr'><strong>ab</strong></span> <span class='ocrx_word' id='word_1_397' title='bbox 3042 2808 3251 2866; x_wconf 82' lang='lat' dir='ltr'><strong>intimis</strong></span> <span class='ocrx_word' id='word_1_398' title='bbox 3280 2811 3509 2868; x_wconf 89' lang='lat' dir='ltr'><strong>visceri-</strong></span> 
     </span>
    </p>
   </div>
   <div class='ocr_carea' id='block_1_58' title="bbox 1915 2897 3508 2969">
    <p class='ocr_par' dir='ltr' id='par_1_58' title="bbox 1915 2897 3508 2969">
     <span class='ocr_line' id='line_1_58' title="bbox 1915 2897 3508 2969; baseline 0.005 -17"><span class='ocrx_word' id='word_1_399' title='bbox 1915 2897 2020 2952; x_wconf 89' lang='lat' dir='ltr'><strong>bus</strong></span> <span class='ocrx_word' id='word_1_400' title='bbox 2060 2907 2392 2965; x_wconf 91' lang='lat' dir='ltr'><strong>commotus,</strong></span> <span class='ocrx_word' id='word_1_401' title='bbox 2424 2898 2613 2969; x_wconf 86' lang='lat' dir='ltr'><strong>ejectis</strong></span> <span class='ocrx_word' id='word_1_402' title='bbox 2659 2900 2940 2968; x_wconf 89' lang='lat' dir='ltr'><strong>omnibus,</strong></span> <span class='ocrx_word' id='word_1_403' title='bbox 2989 2915 3050 2957; x_wconf 86' lang='lat' dir='ltr'><strong>se</strong></span> <span class='ocrx_word' id='word_1_404' title='bbox 3093 2901 3404 2959; x_wconf 88' lang='lat' dir='ltr'><strong>diutissime</strong></span> <span class='ocrx_word' id='word_1_405' title='bbox 3449 2905 3508 2960; x_wconf 91' lang='lat' dir='ltr'><strong>in</strong></span> 
     </span>
    </p>
   </div>
   <div class='ocr_carea' id='block_1_59' title="bbox 1916 2989 3506 3065">
    <p class='ocr_par' dir='ltr' id='par_1_59' title="bbox 1916 2989 3506 3065">
     <span class='ocr_line' id='line_1_59' title="bbox 1916 2989 3506 3065; baseline 0.004 -22"><span class='ocrx_word' id='word_1_406' title='bbox 1916 2989 2219 3044; x_wconf 88' lang='lat' dir='ltr'><strong>orationem</strong></span> <span class='ocrx_word' id='word_1_407' title='bbox 2256 3006 2381 3045; x_wconf 93' lang='lat' dir='ltr'><strong>cum</strong></span> <span class='ocrx_word' id='word_1_408' title='bbox 2407 2990 2665 3062; x_wconf 85' lang='lat' dir='ltr'><strong>lacrymis</strong></span> <span class='ocrx_word' id='word_1_409' title='bbox 2701 2991 2910 3062; x_wconf 86' lang='lat' dir='ltr'><strong>absque</strong></span> <span class='ocrx_word' id='word_1_410' title='bbox 2938 2992 3233 3047; x_wconf 88' lang='lat' dir='ltr'><strong>verborum</strong></span> <span class='ocrx_word' id='word_1_411' title='bbox 3275 2995 3506 3065; x_wconf 88' lang='lat' dir='ltr'><strong>strepitu</strong></span> 
     </span>
    </p>
   </div>
   <div class='ocr_carea' id='block_1_60' title="bbox 224 3070 3509 3165">
    <p class='ocr_par' dir='ltr' id='par_1_60' title="bbox 224 3070 3509 3165">
     <span class='ocr_line' id='line_1_60' title="bbox 224 3070 3509 3165; baseline 0 -23"><span class='ocrx_word' id='word_1_412' title='bbox 224 3088 276 3142; x_wconf 88' lang='lat' dir='ltr'><strong>in</strong></span> <span class='ocrx_word' id='word_1_413' title='bbox 318 3103 543 3142; x_wconf 87' lang='lat' dir='ltr'><strong>manum</strong></span> <span class='ocrx_word' id='word_1_414' title='bbox 571 3086 883 3141; x_wconf 86' lang='lat' dir='ltr'><strong>ealeulavit.</strong></span> <span class='ocrx_word' id='word_1_415' title='bbox 927 3085 1339 3157; x_wconf 87' lang='lat' dir='ltr'><strong>lntcrrumpens</strong></span> <span class='ocrx_word' id='word_1_416' title='bbox 1381 3086 1816 3153; x_wconf 70' lang='lat' dir='ltr'><strong>autemcratio-</strong></span> <span class='ocrx_word' id='word_1_417' title='bbox 1842 3108 1884 3165; x_wconf 70' lang='grc' dir='ltr'>ο</span> <span class='ocrx_word' id='word_1_418' title='bbox 1915 3070 2081 3136; x_wconf 86' lang='lat' dir='ltr'><strong>dedit.</strong></span> <span class='ocrx_word' id='word_1_419' title='bbox 2136 3078 2417 3152; x_wconf 88' lang='lat' dir='ltr'><strong>Completa</strong></span> <span class='ocrx_word' id='word_1_420' title='bbox 2467 3081 2738 3148; x_wconf 87' lang='lat' dir='ltr'><strong>oratione,</strong></span> <span class='ocrx_word' id='word_1_421' title='bbox 2789 3082 3163 3150; x_wconf 88' lang='lat' dir='ltr'><strong>Comitissam,</strong></span> <span class='ocrx_word' id='word_1_422' title='bbox 3217 3099 3342 3140; x_wconf 91' lang='lat' dir='ltr'><strong>cum</strong></span> <span class='ocrx_word' id='word_1_423' title='bbox 3397 3101 3509 3156; x_wconf 89' lang='lat' dir='ltr'><strong>qua</strong></span> 
     </span>
    </p>
   </div>
   <div class='ocr_carea' id='block_1_61' title="bbox 224 3176 1812 3245">
    <p class='ocr_par' dir='ltr' id='par_1_61' title="bbox 224 3176 1812 3245">
     <span class='ocr_line' id='line_1_61' title="bbox 224 3176 1812 3245; baseline -0.003 -10"><span class='ocrx_word' id='word_1_424' title='bbox 224 3195 340 3235; x_wconf 79' lang='lat' dir='ltr'><strong>nem</strong></span> <span class='ocrx_word' id='word_1_425' title='bbox 357 3178 797 3234; x_wconf 72' lang='lat' dir='ltr'><strong>Archidiaconus</strong></span> <span class='ocrx_word' id='word_1_426' title='bbox 824 3176 1211 3233; x_wconf 85' lang='lat' dir='ltr'><strong>vociferando:</strong></span> <span class='ocrx_word' id='word_1_427' title='bbox 1234 3176 1354 3244; x_wconf 74' lang='lat' dir='ltr'><strong>Exi,</strong></span> <span class='ocrx_word' id='word_1_428' title='bbox 1372 3178 1606 3245; x_wconf 87' lang='lat' dir='ltr'><strong>diabole;</strong></span> <span class='ocrx_word' id='word_1_429' title='bbox 1634 3177 1812 3232; x_wconf 86' lang='lat' dir='ltr'><strong>eccle-</strong></span> 
     </span>
    </p>
   </div>
   <div class='ocr_carea' id='block_1_62' title="bbox 225 3260 1813 3340">
    <p class='ocr_par' dir='ltr' id='par_1_62' title="bbox 225 3260 1813 3340">
     <span class='ocr_line' id='line_1_62' title="bbox 225 3260 1813 3340; baseline -0.003 -13"><span class='ocrx_word' id='word_1_430' title='bbox 225 3273 352 3327; x_wconf 86' lang='lat' dir='ltr'><strong>siam</strong></span> <span class='ocrx_word' id='word_1_431' title='bbox 400 3286 532 3326; x_wconf 88' lang='lat' dir='ltr'><strong>eum</strong></span> <span class='ocrx_word' id='word_1_432' title='bbox 578 3269 894 3339; x_wconf 88' lang='lat' dir='ltr'><strong>relinquere</strong></span> <span class='ocrx_word' id='word_1_433' title='bbox 938 3269 1134 3340; x_wconf 84' lang='lat' dir='ltr'><strong>coegit.</strong></span> <span class='ocrx_word' id='word_1_434' title='bbox 1191 3260 1330 3323; x_wconf 85' lang='lat' dir='ltr'><strong>Tum</strong></span> <span class='ocrx_word' id='word_1_435' title='bbox 1375 3268 1562 3324; x_wconf 82' lang='lat' dir='ltr'><strong>Abbas</strong></span> <span class='ocrx_word' id='word_1_436' title='bbox 1596 3287 1610 3323; x_wconf 87' lang='lat'><strong>:</strong></span> <span class='ocrx_word' id='word_1_437' title='bbox 1646 3266 1813 3323; x_wconf 83' lang='lat' dir='ltr'><strong>Inhu-</strong></span> 
     </span>
    </p>
   </div>
   <div class='ocr_carea' id='block_1_63' title="bbox 224 3360 1817 3433">
    <p class='ocr_par' dir='ltr' id='par_1_63' title="bbox 224 3360 1817 3433">
     <span class='ocr_line' id='line_1_63' title="bbox 224 3360 1817 3433; baseline -0.003 -14"><span class='ocrx_word' id='word_1_438' title='bbox 224 3379 395 3429; x_wconf 70' lang='lat' dir='ltr'><strong>mane,</strong></span> <span class='ocrx_word' id='word_1_439' title='bbox 422 3362 627 3433; x_wconf 88' lang='lat' dir='ltr'><strong>inquit,</strong></span> <span class='ocrx_word' id='word_1_440' title='bbox 657 3361 797 3433; x_wconf 83' lang='lat' dir='ltr'><strong>agis,</strong></span> <span class='ocrx_word' id='word_1_441' title='bbox 827 3361 977 3431; x_wconf 92' lang='lat' dir='ltr'><strong>quod</strong></span> <span class='ocrx_word' id='word_1_442' title='bbox 1002 3375 1180 3431; x_wconf 88' lang='lat' dir='ltr'><strong>neque</strong></span> <span class='ocrx_word' id='word_1_443' title='bbox 1204 3360 1511 3415; x_wconf 89' lang='lat' dir='ltr'><strong>orationem</strong></span> <span class='ocrx_word' id='word_1_444' title='bbox 1538 3376 1643 3415; x_wconf 92' lang='lat' dir='ltr'><strong>nos</strong></span> <span class='ocrx_word' id='word_1_445' title='bbox 1663 3375 1817 3415; x_wconf 80' lang='lat' dir='ltr'><strong>com-</strong></span> 
     </span>
    </p>
   </div>
   <div class='ocr_carea' id='block_1_64' title="bbox 225 3451 1817 3526">
    <p class='ocr_par' dir='ltr' id='par_1_64' title="bbox 225 3451 1817 3526">
     <span class='ocr_line' id='line_1_64' title="bbox 225 3451 1817 3526; baseline -0.003 -16"><span class='ocrx_word' id='word_1_446' title='bbox 225 3456 362 3526; x_wconf 73' lang='lat' dir='ltr'><strong>plere</strong></span> <span class='ocrx_word' id='word_1_447' title='bbox 383 3454 683 3526; x_wconf 86' lang='lat' dir='ltr'><strong>permittis.</strong></span> <span class='ocrx_word' id='word_1_448' title='bbox 716 3451 1059 3520; x_wconf 88' lang='lat' dir='ltr'><strong>Orationem,</strong></span> <span class='ocrx_word' id='word_1_449' title='bbox 1095 3452 1191 3519; x_wconf 91' lang='lat' dir='ltr'><strong>ait,</strong></span> <span class='ocrx_word' id='word_1_450' title='bbox 1224 3452 1483 3508; x_wconf 89' lang='lat' dir='ltr'><strong>monachi</strong></span> <span class='ocrx_word' id='word_1_451' title='bbox 1514 3452 1595 3506; x_wconf 87' lang='lat' dir='ltr'><strong>tui</strong></span> <span class='ocrx_word' id='word_1_452' title='bbox 1624 3451 1817 3507; x_wconf 86' lang='lat' dir='ltr'><strong>scisci-</strong></span> 
     </span>
    </p>
   </div>
   <div class='ocr_carea' id='block_1_65' title="bbox 224 3542 1815 3616">
    <p class='ocr_par' dir='ltr' id='par_1_65' title="bbox 224 3542 1815 3616">
     <span class='ocr_line' id='line_1_65' title="bbox 224 3542 1815 3616; baseline -0.003 -12"><span class='ocrx_word' id='word_1_453' title='bbox 224 3558 353 3613; x_wconf 78' lang='lat' dir='ltr'><strong>tare,</strong></span> <span class='ocrx_word' id='word_1_454' title='bbox 380 3556 437 3603; x_wconf 89' lang='lat' dir='ltr'><strong>et</strong></span> <span class='ocrx_word' id='word_1_455' title='bbox 474 3562 580 3602; x_wconf 90' lang='lat' dir='ltr'><strong>cur</strong></span> <span class='ocrx_word' id='word_1_456' title='bbox 624 3546 682 3600; x_wconf 89' lang='lat' dir='ltr'><strong>id</strong></span> <span class='ocrx_word' id='word_1_457' title='bbox 722 3544 948 3601; x_wconf 86' lang='lat' dir='ltr'><strong>fecerim</strong></span> <span class='ocrx_word' id='word_1_458' title='bbox 978 3585 994 3611; x_wconf 88' lang='lat'><strong>,</strong></span> <span class='ocrx_word' id='word_1_459' title='bbox 1046 3544 1254 3615; x_wconf 88' lang='lat' dir='ltr'><strong>poteris</strong></span> <span class='ocrx_word' id='word_1_460' title='bbox 1306 3559 1658 3616; x_wconf 84' lang='lat' dir='ltr'><strong>cognoscere.</strong></span> <span class='ocrx_word' id='word_1_461' title='bbox 1706 3542 1815 3599; x_wconf 84' lang='lat' dir='ltr'><strong>Re-</strong></span> 
     </span>
    </p>
   </div>
   <div class='ocr_carea' id='block_1_66' title="bbox 222 3635 1819 3712">
    <p class='ocr_par' dir='ltr' id='par_1_66' title="bbox 222 3635 1819 3712">
     <span class='ocr_line' id='line_1_66' title="bbox 222 3635 1819 3712; baseline -0.003 -16"><span class='ocrx_word' id='word_1_462' title='bbox 222 3645 442 3712; x_wconf 83' lang='lat' dir='ltr'><strong>quirens</strong></span> <span class='ocrx_word' id='word_1_463' title='bbox 481 3638 653 3710; x_wconf 75' lang='lat' dir='ltr'><strong>igitur</strong></span> <span class='ocrx_word' id='word_1_464' title='bbox 680 3636 866 3692; x_wconf 76' lang='lat' dir='ltr'><strong>Abhas</strong></span> <span class='ocrx_word' id='word_1_465' title='bbox 888 3678 903 3704; x_wconf 92' lang='lat'><strong>,</strong></span> <span class='ocrx_word' id='word_1_466' title='bbox 933 3636 1143 3692; x_wconf 89' lang='lat' dir='ltr'><strong>invenit</strong></span> <span class='ocrx_word' id='word_1_467' title='bbox 1188 3635 1338 3706; x_wconf 90' lang='lat' dir='ltr'><strong>quod</strong></span> <span class='ocrx_word' id='word_1_468' title='bbox 1372 3651 1633 3692; x_wconf 89' lang='lat' dir='ltr'><strong>nummos</strong></span> <span class='ocrx_word' id='word_1_469' title='bbox 1665 3650 1819 3692; x_wconf 88' lang='lat' dir='ltr'><strong>com-</strong></span> 
     </span>
    </p>
   </div>
   <div class='ocr_carea' id='block_1_67' title="bbox 222 3725 1822 3803">
    <p class='ocr_par' dir='ltr' id='par_1_67' title="bbox 222 3725 1822 3803">
     <span class='ocr_line' id='line_1_67' title="bbox 222 3725 1822 3803; baseline -0.004 -15"><span class='ocrx_word' id='word_1_470' title='bbox 222 3741 482 3803; x_wconf 85' lang='lat' dir='ltr'><strong>putasset.</strong></span> <span class='ocrx_word' id='word_1_471' title='bbox 528 3729 951 3800; x_wconf 84' lang='lat' dir='ltr'><strong>Consequenter</strong></span> <span class='ocrx_word' id='word_1_472' title='bbox 997 3726 1435 3784; x_wconf 79' lang='lat' dir='ltr'><strong>Archidiaconus</strong></span> <span class='ocrx_word' id='word_1_473' title='bbox 1480 3726 1709 3783; x_wconf 87' lang='lat' dir='ltr'><strong>intulit:</strong></span> <span class='ocrx_word' id='word_1_474' title='bbox 1752 3725 1822 3782; x_wconf 85' lang='lat' dir='ltr'><strong>Et</strong></span> 
     </span>
    </p>
   </div>
   <div class='ocr_carea' id='block_1_68' title="bbox 223 3812 1818 3895">
    <p class='ocr_par' dir='ltr' id='par_1_68' title="bbox 223 3812 1818 3895">
     <span class='ocr_line' id='line_1_68' title="bbox 223 3812 1818 3895; baseline -0.006 -14"><span class='ocrx_word' id='word_1_475' title='bbox 223 3840 319 3895; x_wconf 71' lang='lat' dir='ltr'><strong>ego</strong></span> <span class='ocrx_word' id='word_1_476' title='bbox 344 3823 689 3879; x_wconf 86' lang='lat' dir='ltr'><strong>teterrimum</strong></span> <span class='ocrx_word' id='word_1_477' title='bbox 720 3820 977 3891; x_wconf 87' lang='lat' dir='ltr'><strong>spiritum</strong></span> <span class='ocrx_word' id='word_1_478' title='bbox 1023 3827 1151 3875; x_wconf 87' lang='lat' dir='ltr'><strong>ante</strong></span> <span class='ocrx_word' id='word_1_479' title='bbox 1194 3818 1375 3890; x_wconf 89' lang='lat' dir='ltr'><strong>ipsum</strong></span> <span class='ocrx_word' id='word_1_480' title='bbox 1415 3818 1522 3875; x_wconf 87' lang='lat' dir='ltr'><strong>hoc</strong></span> <span class='ocrx_word' id='word_1_481' title='bbox 1551 3818 1694 3876; x_wconf 89' lang='lat' dir='ltr'><strong>idem</strong></span> <span class='ocrx_word' id='word_1_482' title='bbox 1739 3812 1818 3876; x_wconf 89' lang='lat' dir='ltr'><strong>si-</strong></span> 
     </span>
    </p>
   </div>
   <div class='ocr_carea' id='block_1_69' title="bbox 226 3914 566 3972">
    <p class='ocr_par' dir='ltr' id='par_1_69' title="bbox 226 3914 566 3972">
     <span class='ocr_line' id='line_1_69' title="bbox 226 3914 566 3972; baseline -0.009 -1"><span class='ocrx_word' id='word_1_483' title='bbox 226 3917 426 3972; x_wconf 81' lang='lat' dir='ltr'><strong>mulare</strong></span> <span class='ocrx_word' id='word_1_484' title='bbox 450 3914 566 3970; x_wconf 82' lang='lat' dir='ltr'><strong>vidi</strong></span> 
     </span>
    </p>
   </div>
   <div class='ocr_carea' id='block_1_70' title="bbox 290 3999 1823 4073">
    <p class='ocr_par' dir='ltr' id='par_1_70' title="bbox 290 3999 1823 4073">
     <span class='ocr_line' id='line_1_70' title="bbox 290 3999 1823 4073; baseline -0.003 -11"><span class='ocrx_word' id='word_1_485' title='bbox 290 4008 376 4062; x_wconf 68' lang='grc'><strong>11.</strong></span> <span class='ocrx_word' id='word_1_486' title='bbox 405 4007 618 4062; x_wconf 82' lang='lat' dir='ltr'><strong>Eodem</strong></span> <span class='ocrx_word' id='word_1_487' title='bbox 650 4005 847 4061; x_wconf 87' lang='lat' dir='ltr'><strong>itinere</strong></span> <span class='ocrx_word' id='word_1_488' title='bbox 876 4011 1146 4059; x_wconf 84' lang='lat' dir='ltr'><strong>venerunt</strong></span> <span class='ocrx_word' id='word_1_489' title='bbox 1186 4001 1255 4058; x_wconf 90' lang='lat' dir='ltr'><strong>ad</strong></span> <span class='ocrx_word' id='word_1_490' title='bbox 1294 4001 1590 4073; x_wconf 88' lang='lat' dir='ltr'><strong>quamdam</strong></span> <span class='ocrx_word' id='word_1_491' title='bbox 1627 3999 1823 4059; x_wconf 85' lang='lat' dir='ltr'><strong>civita-</strong></span> 
     </span>
    </p>
   </div>
   <div class='ocr_carea' id='block_1_71' title="bbox 225 4094 1824 4165">
    <p class='ocr_par' dir='ltr' id='par_1_71' title="bbox 225 4094 1824 4165">
     <span class='ocr_line' id='line_1_71' title="bbox 225 4094 1824 4165; baseline -0.004 -10"><span class='ocrx_word' id='word_1_492' title='bbox 225 4109 351 4163; x_wconf 82' lang='lat' dir='ltr'><strong>tem,</strong></span> <span class='ocrx_word' id='word_1_493' title='bbox 377 4101 555 4154; x_wconf 86' lang='lat' dir='ltr'><strong>multa</strong></span> <span class='ocrx_word' id='word_1_494' title='bbox 582 4096 919 4152; x_wconf 88' lang='lat' dir='ltr'><strong>mortalitate</strong></span> <span class='ocrx_word' id='word_1_495' title='bbox 944 4095 1311 4161; x_wconf 87' lang='lat' dir='ltr'><strong>laborantem;</strong></span> <span class='ocrx_word' id='word_1_496' title='bbox 1340 4094 1396 4150; x_wconf 91' lang='lat' dir='ltr'><strong>in</strong></span> <span class='ocrx_word' id='word_1_497' title='bbox 1418 4110 1526 4165; x_wconf 92' lang='lat' dir='ltr'><strong>qua</strong></span> <span class='ocrx_word' id='word_1_498' title='bbox 1553 4094 1688 4151; x_wconf 81' lang='lat' dir='ltr'><strong>vidit</strong></span> <span class='ocrx_word' id='word_1_499' title='bbox 1710 4095 1824 4149; x_wconf 83' lang='lat' dir='ltr'><strong>An-</strong></span> 
     </span>
    </p>
   </div>
   <div class='ocr_carea' id='block_1_72' title="bbox 226 4186 1819 4260">
    <p class='ocr_par' dir='ltr' id='par_1_72' title="bbox 226 4186 1819 4260">
     <span class='ocr_line' id='line_1_72' title="bbox 226 4186 1819 4260; baseline -0.003 -14"><span class='ocrx_word' id='word_1_500' title='bbox 226 4191 397 4260; x_wconf 68' lang='lat' dir='ltr'><strong>gelum</strong></span> <span class='ocrx_word' id='word_1_501' title='bbox 441 4190 541 4245; x_wconf 86' lang='lat' dir='ltr'><strong>Dei</strong></span> <span class='ocrx_word' id='word_1_502' title='bbox 590 4204 776 4244; x_wconf 85' lang='lat' dir='ltr'><strong>erecto</strong></span> <span class='ocrx_word' id='word_1_503' title='bbox 825 4188 1008 4257; x_wconf 78' lang='lat' dir='ltr'><strong>gladio</strong></span> <span class='ocrx_word' id='word_1_504' title='bbox 1050 4194 1304 4256; x_wconf 88' lang='lat' dir='ltr'><strong>paratum</strong></span> <span class='ocrx_word' id='word_1_505' title='bbox 1351 4186 1420 4240; x_wconf 88' lang='lat' dir='ltr'><strong>ad</strong></span> <span class='ocrx_word' id='word_1_506' title='bbox 1467 4186 1819 4243; x_wconf 88' lang='lat' dir='ltr'><strong>occisionem.</strong></span> 
     </span>
    </p>
   </div>
   <div class='ocr_carea' id='block_1_73' title="bbox 228 4278 1825 4348">
    <p class='ocr_par' dir='ltr' id='par_1_73' title="bbox 228 4278 1825 4348">
     <span class='ocr_line' id='line_1_73' title="bbox 228 4278 1825 4348; baseline -0.003 -10"><span class='ocrx_word' id='word_1_507' title='bbox 228 4278 396 4348; x_wconf 82' lang='lat' dir='ltr'><strong>Uade,</strong></span> <span class='ocrx_word' id='word_1_508' title='bbox 424 4297 558 4338; x_wconf 87' lang='lat' dir='ltr'><strong>cum</strong></span> <span class='ocrx_word' id='word_1_509' title='bbox 588 4281 728 4336; x_wconf 88' lang='lat' dir='ltr'><strong>irent</strong></span> <span class='ocrx_word' id='word_1_510' title='bbox 756 4285 827 4335; x_wconf 87' lang='lat' dir='ltr'><strong>ad</strong></span> <span class='ocrx_word' id='word_1_511' title='bbox 848 4288 1156 4334; x_wconf 78' lang='lat' dir='ltr'><strong>oratorium</strong></span> <span class='ocrx_word' id='word_1_512' title='bbox 1185 4279 1487 4335; x_wconf 88' lang='lat' dir='ltr'><strong>secundum</strong></span> <span class='ocrx_word' id='word_1_513' title='bbox 1529 4287 1825 4335; x_wconf 88' lang='lat' dir='ltr'><strong>consuetu-</strong></span> 
     </span>
    </p>
   </div>
   <div class='ocr_carea' id='block_1_74' title="bbox 227 4370 1823 4445">
    <p class='ocr_par' dir='ltr' id='par_1_74' title="bbox 227 4370 1823 4445">
     <span class='ocr_line' id='line_1_74' title="bbox 227 4370 1823 4445; baseline -0.004 -13"><span class='ocrx_word' id='word_1_514' title='bbox 227 4376 402 4432; x_wconf 80' lang='lat' dir='ltr'><strong>dinem</strong></span> <span class='ocrx_word' id='word_1_515' title='bbox 422 4418 438 4442; x_wconf 94' lang='lat'><strong>,</strong></span> <span class='ocrx_word' id='word_1_516' title='bbox 504 4374 734 4445; x_wconf 78' lang='lat' dir='ltr'><strong>rogabat</strong></span> <span class='ocrx_word' id='word_1_517' title='bbox 783 4372 1053 4427; x_wconf 75' lang='lat' dir='ltr'><strong>Abhatem</strong></span> <span class='ocrx_word' id='word_1_518' title='bbox 1096 4378 1159 4425; x_wconf 92' lang='lat' dir='ltr'><strong>ut</strong></span> <span class='ocrx_word' id='word_1_519' title='bbox 1210 4370 1483 4426; x_wconf 90' lang='lat' dir='ltr'><strong>breviaret</strong></span> <span class='ocrx_word' id='word_1_520' title='bbox 1518 4371 1823 4427; x_wconf 89' lang='lat' dir='ltr'><strong>orationem</strong></span> 
     </span>
    </p>
   </div>
   <div class='ocr_carea' id='block_1_75' title="bbox 1916 3169 3508 3246">
    <p class='ocr_par' dir='ltr' id='par_1_75' title="bbox 1916 3169 3508 3246">
     <span class='ocr_line' id='line_1_75' title="bbox 1916 3169 3508 3246; baseline 0.005 -20"><span class='ocrx_word' id='word_1_521' title='bbox 1916 3171 2060 3226; x_wconf 90' lang='lat' dir='ltr'><strong>idem</strong></span> <span class='ocrx_word' id='word_1_522' title='bbox 2092 3169 2334 3229; x_wconf 82' lang='lat' dir='ltr'><strong>Joannes</strong></span> <span class='ocrx_word' id='word_1_523' title='bbox 2368 3172 2708 3241; x_wconf 79' lang='lat' dir='ltr'><strong>morabatur,</strong></span> <span class='ocrx_word' id='word_1_524' title='bbox 2756 3174 3012 3242; x_wconf 90' lang='lat' dir='ltr'><strong>vocavit;</strong></span> <span class='ocrx_word' id='word_1_525' title='bbox 3043 3190 3278 3246; x_wconf 87' lang='lat' dir='ltr'><strong>eamque</strong></span> <span class='ocrx_word' id='word_1_526' title='bbox 3316 3184 3377 3232; x_wconf 88' lang='lat' dir='ltr'><strong>ut</strong></span> <span class='ocrx_word' id='word_1_527' title='bbox 3415 3194 3508 3234; x_wconf 87' lang='lat' dir='ltr'><strong>re-</strong></span> 
     </span>
    </p>
   </div>
   <div class='ocr_carea' id='block_1_76' title="bbox 1912 3262 3509 3340">
    <p class='ocr_par' dir='ltr' id='par_1_76' title="bbox 1912 3262 3509 3340">
     <span class='ocr_line' id='line_1_76' title="bbox 1912 3262 3509 3340; baseline 0.003 -21"><span class='ocrx_word' id='word_1_528' title='bbox 1912 3262 2229 3331; x_wconf 83' lang='lat' dir='ltr'><strong>fectionem,</strong></span> <span class='ocrx_word' id='word_1_529' title='bbox 2265 3264 2474 3335; x_wconf 89' lang='lat' dir='ltr'><strong>pullum</strong></span> <span class='ocrx_word' id='word_1_530' title='bbox 2505 3264 2758 3321; x_wconf 89' lang='lat' dir='ltr'><strong>videlicet</strong></span> <span class='ocrx_word' id='word_1_531' title='bbox 2791 3265 3025 3337; x_wconf 73' lang='lat' dir='ltr'><strong>gallinae,</strong></span> <span class='ocrx_word' id='word_1_532' title='bbox 3049 3267 3267 3323; x_wconf 79' lang='lat' dir='ltr'><strong>inﬁrmo</strong></span> <span class='ocrx_word' id='word_1_533' title='bbox 3294 3283 3509 3340; x_wconf 72' lang='lat' dir='ltr'><strong>praepa-</strong></span> 
     </span>
    </p>
   </div>
   <div class='ocr_carea' id='block_1_77' title="bbox 1915 3355 3511 3432">
    <p class='ocr_par' dir='ltr' id='par_1_77' title="bbox 1915 3355 3511 3432">
     <span class='ocr_line' id='line_1_77' title="bbox 1915 3355 3511 3432; baseline 0.005 -22"><span class='ocrx_word' id='word_1_534' title='bbox 1915 3363 2063 3411; x_wconf 90' lang='lat' dir='ltr'><strong>raret</strong></span> <span class='ocrx_word' id='word_1_535' title='bbox 2096 3356 2367 3412; x_wconf 89' lang='lat' dir='ltr'><strong>hortatur.</strong></span> <span class='ocrx_word' id='word_1_536' title='bbox 2429 3355 2531 3411; x_wconf 89' lang='lat' dir='ltr'><strong>Cui</strong></span> <span class='ocrx_word' id='word_1_537' title='bbox 2566 3356 2846 3426; x_wconf 90' lang='lat' dir='ltr'><strong>renitenti,</strong></span> <span class='ocrx_word' id='word_1_538' title='bbox 2881 3372 2948 3413; x_wconf 90' lang='lat' dir='ltr'><strong>eo</strong></span> <span class='ocrx_word' id='word_1_539' title='bbox 2981 3358 3128 3429; x_wconf 89' lang='lat' dir='ltr'><strong>quod</strong></span> <span class='ocrx_word' id='word_1_540' title='bbox 3159 3358 3323 3432; x_wconf 83' lang='lat' dir='ltr'><strong>longa</strong></span> <span class='ocrx_word' id='word_1_541' title='bbox 3352 3361 3511 3417; x_wconf 90' lang='lat' dir='ltr'><strong>debi-</strong></span> 
     </span>
    </p>
   </div>
   <div class='ocr_carea' id='block_1_78' title="bbox 1914 3446 3510 3525">
    <p class='ocr_par' dir='ltr' id='par_1_78' title="bbox 1914 3446 3510 3525">
     <span class='ocr_line' id='line_1_78' title="bbox 1914 3446 3510 3525; baseline 0.005 -24"><span class='ocrx_word' id='word_1_542' title='bbox 1914 3446 2070 3503; x_wconf 84' lang='lat' dir='ltr'><strong>litate</strong></span> <span class='ocrx_word' id='word_1_543' title='bbox 2113 3447 2459 3505; x_wconf 85' lang='lat' dir='ltr'><strong>stomachum</strong></span> <span class='ocrx_word' id='word_1_544' title='bbox 2494 3448 2631 3504; x_wconf 87' lang='lat' dir='ltr'><strong>adeo</strong></span> <span class='ocrx_word' id='word_1_545' title='bbox 2662 3448 2997 3505; x_wconf 78' lang='lat' dir='ltr'><strong>infirmatum</strong></span> <span class='ocrx_word' id='word_1_546' title='bbox 3029 3465 3152 3507; x_wconf 88' lang='lat' dir='ltr'><strong>esse</strong></span> <span class='ocrx_word' id='word_1_547' title='bbox 3193 3467 3305 3507; x_wconf 89' lang='lat' dir='ltr'><strong>non</strong></span> <span class='ocrx_word' id='word_1_548' title='bbox 3349 3452 3510 3525; x_wconf 78' lang='lat' dir='ltr'><strong>igno-</strong></span> 
     </span>
    </p>
   </div>
   <div class='ocr_carea' id='block_1_79' title="bbox 1917 3539 3513 3612">
    <p class='ocr_par' dir='ltr' id='par_1_79' title="bbox 1917 3539 3513 3612">
     <span class='ocr_line' id='line_1_79' title="bbox 1917 3539 3513 3612; baseline 0.003 -17"><span class='ocrx_word' id='word_1_549' title='bbox 1917 3539 2059 3595; x_wconf 87' lang='lat' dir='ltr'><strong>ravit</strong></span> <span class='ocrx_word' id='word_1_550' title='bbox 2082 3581 2099 3607; x_wconf 92' lang='lat'><strong>,</strong></span> <span class='ocrx_word' id='word_1_551' title='bbox 2149 3548 2210 3595; x_wconf 91' lang='lat' dir='ltr'><strong>ut</strong></span> <span class='ocrx_word' id='word_1_552' title='bbox 2258 3540 2425 3596; x_wconf 85' lang='lat' dir='ltr'><strong>etiam</strong></span> <span class='ocrx_word' id='word_1_553' title='bbox 2474 3548 2602 3596; x_wconf 86' lang='lat' dir='ltr'><strong>ante</strong></span> <span class='ocrx_word' id='word_1_554' title='bbox 2648 3541 2860 3612; x_wconf 87' lang='lat' dir='ltr'><strong>aliquot</strong></span> <span class='ocrx_word' id='word_1_555' title='bbox 2902 3540 3275 3599; x_wconf 85' lang='lat' dir='ltr'><strong>hebdomadas</strong></span> <span class='ocrx_word' id='word_1_556' title='bbox 3327 3545 3513 3601; x_wconf 83' lang='lat' dir='ltr'><strong>cibum</strong></span> 
     </span>
    </p>
   </div>
   <div class='ocr_carea' id='block_1_80' title="bbox 1917 3629 3508 3704">
    <p class='ocr_par' dir='ltr' id='par_1_80' title="bbox 1917 3629 3508 3704">
     <span class='ocr_line' id='line_1_80' title="bbox 1917 3629 3508 3704; baseline 0.003 -17"><span class='ocrx_word' id='word_1_557' title='bbox 1917 3631 2198 3703; x_wconf 86' lang='lat' dir='ltr'><strong>percipere</strong></span> <span class='ocrx_word' id='word_1_558' title='bbox 2228 3629 2542 3700; x_wconf 82' lang='lat' dir='ltr'><strong>fastidierit,</strong></span> <span class='ocrx_word' id='word_1_559' title='bbox 2563 3632 2651 3687; x_wconf 86' lang='lat' dir='ltr'><strong>vir</strong></span> <span class='ocrx_word' id='word_1_560' title='bbox 2670 3631 2768 3688; x_wconf 91' lang='lat' dir='ltr'><strong>Dei</strong></span> <span class='ocrx_word' id='word_1_561' title='bbox 2795 3632 3094 3704; x_wconf 87' lang='lat' dir='ltr'><strong>respondet</strong></span> <span class='ocrx_word' id='word_1_562' title='bbox 3120 3652 3134 3689; x_wconf 87' lang='lat'>:</span> <span class='ocrx_word' id='word_1_563' title='bbox 3173 3633 3304 3691; x_wconf 86' lang='lat' dir='ltr'><strong>Sine</strong></span> <span class='ocrx_word' id='word_1_564' title='bbox 3324 3637 3508 3693; x_wconf 86' lang='lat' dir='ltr'><strong>modo.</strong></span> 
     </span>
    </p>
   </div>
   <div class='ocr_carea' id='block_1_81' title="bbox 1921 3721 3515 3797">
    <p class='ocr_par' dir='ltr' id='par_1_81' title="bbox 1921 3721 3515 3797">
     <span class='ocr_line' id='line_1_81' title="bbox 1921 3721 3515 3797; baseline 0.002 -17"><span class='ocrx_word' id='word_1_565' title='bbox 1921 3721 2083 3780; x_wconf 86' lang='lat' dir='ltr'><strong>Scias</strong></span> <span class='ocrx_word' id='word_1_566' title='bbox 2116 3723 2263 3781; x_wconf 83' lang='lat' dir='ltr'><strong>enim</strong></span> <span class='ocrx_word' id='word_1_567' title='bbox 2320 3724 2614 3794; x_wconf 86' lang='lat' dir='ltr'><strong>quodtam</strong></span> <span class='ocrx_word' id='word_1_568' title='bbox 2672 3724 2997 3780; x_wconf 79' lang='lat' dir='ltr'><strong>festinanter</strong></span> <span class='ocrx_word' id='word_1_569' title='bbox 3036 3740 3148 3780; x_wconf 90' lang='lat' dir='ltr'><strong>non</strong></span> <span class='ocrx_word' id='word_1_570' title='bbox 3180 3727 3515 3797; x_wconf 65' lang='lat' dir='ltr'><strong>praparabi-</strong></span> 
     </span>
    </p>
   </div>
   <div class='ocr_carea' id='block_1_82' title="bbox 1921 3814 3517 3889">
    <p class='ocr_par' dir='ltr' id='par_1_82' title="bbox 1921 3814 3517 3889">
     <span class='ocr_line' id='line_1_82' title="bbox 1921 3814 3517 3889; baseline 0.003 -18"><span class='ocrx_word' id='word_1_571' title='bbox 1921 3824 2013 3871; x_wconf 89' lang='lat' dir='ltr'><strong>tur</strong></span> <span class='ocrx_word' id='word_1_572' title='bbox 2052 3814 2335 3887; x_wconf 90' lang='lat' dir='ltr'><strong>quomodo</strong></span> <span class='ocrx_word' id='word_1_573' title='bbox 2373 3814 2490 3886; x_wconf 88' lang='lat' dir='ltr'><strong>ipse</strong></span> <span class='ocrx_word' id='word_1_574' title='bbox 2518 3815 2868 3872; x_wconf 83' lang='lat' dir='ltr'><strong>desiderabit.</strong></span> <span class='ocrx_word' id='word_1_575' title='bbox 2925 3814 3044 3873; x_wconf 82' lang='lat' dir='ltr'><strong>Hoc</strong></span> <span class='ocrx_word' id='word_1_576' title='bbox 3077 3816 3154 3872; x_wconf 91' lang='lat' dir='ltr'><strong>ita</strong></span> <span class='ocrx_word' id='word_1_577' title='bbox 3193 3833 3284 3873; x_wconf 87' lang='lat' dir='ltr'><strong>res</strong></span> <span class='ocrx_word' id='word_1_578' title='bbox 3315 3819 3517 3889; x_wconf 82' lang='lat' dir='ltr'><strong>proba-</strong></span> 
     </span>
    </p>
   </div>
   <div class='ocr_carea' id='block_1_83' title="bbox 1919 3907 3517 3983">
    <p class='ocr_par' dir='ltr' id='par_1_83' title="bbox 1919 3907 3517 3983">
     <span class='ocr_line' id='line_1_83' title="bbox 1919 3907 3517 3983; baseline 0.003 -19"><span class='ocrx_word' id='word_1_579' title='bbox 1919 3910 2018 3965; x_wconf 87' lang='lat' dir='ltr'><strong>vit.</strong></span> <span class='ocrx_word' id='word_1_580' title='bbox 2053 3907 2190 3965; x_wconf 86' lang='lat' dir='ltr'><strong>Nam</strong></span> <span class='ocrx_word' id='word_1_581' title='bbox 2237 3907 2570 3965; x_wconf 71' lang='lat' dir='ltr'><strong>sufﬁcienter</strong></span> <span class='ocrx_word' id='word_1_582' title='bbox 2611 3907 2849 3965; x_wconf 84' lang='lat' dir='ltr'><strong>refectus</strong></span> <span class='ocrx_word' id='word_1_583' title='bbox 2872 3951 2890 3976; x_wconf 92' lang='lat'><strong>,</strong></span> <span class='ocrx_word' id='word_1_584' title='bbox 2919 3909 3253 3966; x_wconf 84' lang='lat' dir='ltr'><strong>obdormivit</strong></span> <span class='ocrx_word' id='word_1_585' title='bbox 3286 3926 3517 3983; x_wconf 82' lang='lat' dir='ltr'><strong>sopora-</strong></span> 
     </span>
    </p>
   </div>
   <div class='ocr_carea' id='block_1_84' title="bbox 1921 4000 3518 4069">
    <p class='ocr_par' dir='ltr' id='par_1_84' title="bbox 1921 4000 3518 4069">
     <span class='ocr_line' id='line_1_84' title="bbox 1921 4000 3518 4069; baseline 0.001 -12"><span class='ocrx_word' id='word_1_586' title='bbox 1921 4010 2012 4059; x_wconf 88' lang='lat' dir='ltr'><strong>tus</strong></span> <span class='ocrx_word' id='word_1_587' title='bbox 2035 4044 2051 4069; x_wconf 92' lang='lat'><strong>,</strong></span> <span class='ocrx_word' id='word_1_588' title='bbox 2084 4017 2150 4058; x_wconf 89' lang='lat' dir='ltr'><strong>ac</strong></span> <span class='ocrx_word' id='word_1_589' title='bbox 2176 4001 2246 4057; x_wconf 88' lang='lat' dir='ltr'><strong>de</strong></span> <span class='ocrx_word' id='word_1_590' title='bbox 2276 4000 2429 4056; x_wconf 89' lang='lat' dir='ltr'><strong>omni</strong></span> <span class='ocrx_word' id='word_1_591' title='bbox 2474 4000 2566 4056; x_wconf 87' lang='lat' dir='ltr'><strong>illa</strong></span> <span class='ocrx_word' id='word_1_592' title='bbox 2598 4001 2937 4058; x_wconf 89' lang='lat' dir='ltr'><strong>validissima</strong></span> <span class='ocrx_word' id='word_1_593' title='bbox 2978 4000 3351 4059; x_wconf 87' lang='lat' dir='ltr'><strong>invaletudine</strong></span> <span class='ocrx_word' id='word_1_594' title='bbox 3394 4003 3518 4060; x_wconf 86' lang='lat' dir='ltr'><strong>sine</strong></span> 
     </span>
    </p>
   </div>
   <div class='ocr_carea' id='block_1_85' title="bbox 1923 4092 2409 4151">
    <p class='ocr_par' dir='ltr' id='par_1_85' title="bbox 1923 4092 2409 4151">
     <span class='ocr_line' id='line_1_85' title="bbox 1923 4092 2409 4151; baseline -0.008 0"><span class='ocrx_word' id='word_1_595' title='bbox 1923 4109 2081 4151; x_wconf 86' lang='lat' dir='ltr'><strong>mora</strong></span> <span class='ocrx_word' id='word_1_596' title='bbox 2110 4092 2409 4150; x_wconf 84' lang='lat' dir='ltr'><strong>convaluit.</strong></span> 
     </span>
    </p>
   </div>
   <div class='ocr_carea' id='block_1_86' title="bbox 1997 4183 3514 4242">
    <p class='ocr_par' dir='ltr' id='par_1_86' title="bbox 1997 4183 3514 4242">
     <span class='ocr_line' id='line_1_86' title="bbox 1997 4183 3514 4242; baseline 0.001 -2"><span class='ocrx_word' id='word_1_597' title='bbox 1997 4186 2085 4240; x_wconf 85' lang='grc'><strong>17.</strong></span> <span class='ocrx_word' id='word_1_598' title='bbox 2112 4185 2314 4240; x_wconf 83' lang='lat' dir='ltr'><strong>lterum</strong></span> <span class='ocrx_word' id='word_1_599' title='bbox 2336 4184 2421 4238; x_wconf 89' lang='lat' dir='ltr'><strong>vir</strong></span> <span class='ocrx_word' id='word_1_600' title='bbox 2442 4183 2637 4239; x_wconf 88' lang='lat' dir='ltr'><strong>beatus</strong></span> <span class='ocrx_word' id='word_1_601' title='bbox 2664 4183 2732 4240; x_wconf 86' lang='lat' dir='ltr'><strong>ad</strong></span> <span class='ocrx_word' id='word_1_602' title='bbox 2756 4183 3126 4240; x_wconf 86' lang='lat' dir='ltr'><strong>Eeclesiarum</strong></span> <span class='ocrx_word' id='word_1_603' title='bbox 3156 4184 3514 4242; x_wconf 73' lang='lat' dir='ltr'><strong>directionem</strong></span> 
     </span>
    </p>
   </div>
   <div class='ocr_carea' id='block_1_87' title="bbox 1925 4274 3517 4346">
    <p class='ocr_par' dir='ltr' id='par_1_87' title="bbox 1925 4274 3517 4346">
     <span class='ocr_line' id='line_1_87' title="bbox 1925 4274 3517 4346; baseline 0 -13"><span class='ocrx_word' id='word_1_604' title='bbox 1925 4293 1958 4333; x_wconf 88' lang='lat' dir='ltr'><strong>a</strong></span> <span class='ocrx_word' id='word_1_605' title='bbox 1983 4276 2218 4332; x_wconf 87' lang='lat' dir='ltr'><strong>Domino</strong></span> <span class='ocrx_word' id='word_1_606' title='bbox 2250 4274 2398 4346; x_wconf 86' lang='lat' dir='ltr'><strong>Papa</strong></span> <span class='ocrx_word' id='word_1_607' title='bbox 2431 4274 2759 4341; x_wconf 85' lang='lat' dir='ltr'><strong>destinatus,</strong></span> <span class='ocrx_word' id='word_1_608' title='bbox 2803 4289 2929 4330; x_wconf 90' lang='lat' dir='ltr'><strong>cum</strong></span> <span class='ocrx_word' id='word_1_609' title='bbox 2973 4275 3118 4330; x_wconf 89' lang='lat' dir='ltr'><strong>inter</strong></span> <span class='ocrx_word' id='word_1_610' title='bbox 3153 4277 3326 4331; x_wconf 83' lang='lat' dir='ltr'><strong>muita</strong></span> <span class='ocrx_word' id='word_1_611' title='bbox 3370 4277 3517 4334; x_wconf 84' lang='lat' dir='ltr'><strong>bona</strong></span> 
     </span>
    </p>
   </div>
   <div class='ocr_carea' id='block_1_88' title="bbox 1927 4365 3519 4441">
    <p class='ocr_par' dir='ltr' id='par_1_88' title="bbox 1927 4365 3519 4441">
     <span class='ocr_line' id='line_1_88' title="bbox 1927 4365 3519 4441; baseline 0 -16"><span class='ocrx_word' id='word_1_612' title='bbox 1927 4384 2093 4441; x_wconf 85' lang='lat' dir='ltr'><strong>opera</strong></span> <span class='ocrx_word' id='word_1_613' title='bbox 2111 4383 2235 4439; x_wconf 66' lang='lat' dir='ltr'><strong>quae</strong></span> <span class='ocrx_word' id='word_1_614' title='bbox 2254 4374 2514 4438; x_wconf 82' lang='lat' dir='ltr'><strong>operatus</strong></span> <span class='ocrx_word' id='word_1_615' title='bbox 2537 4374 2643 4434; x_wconf 87' lang='lat' dir='ltr'><strong>est,</strong></span> <span class='ocrx_word' id='word_1_616' title='bbox 2676 4366 2991 4422; x_wconf 81' lang='lat' dir='ltr'><strong>Antistitem</strong></span> <span class='ocrx_word' id='word_1_617' title='bbox 3021 4365 3335 4437; x_wconf 87' lang='lat' dir='ltr'><strong>quemdam,</strong></span> <span class='ocrx_word' id='word_1_618' title='bbox 3359 4366 3519 4426; x_wconf 81' lang='lat' dir='ltr'><strong>falsis</strong></span> 
     </span>
    </p>
   </div>
   <div class='ocr_carea' id='block_1_89' title="bbox 228 4453 3519 4540">
    <p class='ocr_par' dir='ltr' id='par_1_89' title="bbox 228 4453 3519 4540">
     <span class='ocr_line' id='line_1_89' title="bbox 228 4453 3519 4540; baseline -0.002 -17"><span class='ocrx_word' id='word_1_619' title='bbox 228 4477 279 4523; x_wconf 91' lang='lat' dir='ltr'><strong>et</strong></span> <span class='ocrx_word' id='word_1_620' title='bbox 298 4468 632 4540; x_wconf 84' lang='lat' dir='ltr'><strong>quantocius</strong></span> <span class='ocrx_word' id='word_1_621' title='bbox 661 4466 996 4536; x_wconf 87' lang='lat' dir='ltr'><strong>relinqueret</strong></span> <span class='ocrx_word' id='word_1_622' title='bbox 1020 4464 1321 4531; x_wconf 87' lang='lat' dir='ltr'><strong>civitatem,</strong></span> <span class='ocrx_word' id='word_1_623' title='bbox 1356 4463 1601 4534; x_wconf 87' lang='lat' dir='ltr'><strong>alioquin</strong></span> <span class='ocrx_word' id='word_1_624' title='bbox 1630 4477 1825 4519; x_wconf 85' lang='lat' dir='ltr'><strong>omnes</strong></span> <span class='ocrx_word' id='word_1_625' title='bbox 1856 4453 1902 4509; x_wconf 84' lang='lat' dir='ltr'><strong>D</strong></span> <span class='ocrx_word' id='word_1_626' title='bbox 1925 4461 2251 4518; x_wconf 88' lang='lat' dir='ltr'><strong>criminibus</strong></span> <span class='ocrx_word' id='word_1_627' title='bbox 2285 4459 2593 4531; x_wconf 89' lang='lat' dir='ltr'><strong>impetitum</strong></span> <span class='ocrx_word' id='word_1_628' title='bbox 2619 4499 2634 4527; x_wconf 94' lang='lat'><strong>,</strong></span> <span class='ocrx_word' id='word_1_629' title='bbox 2675 4474 2709 4513; x_wconf 88' lang='lat' dir='ltr'><strong>a</strong></span> <span class='ocrx_word' id='word_1_630' title='bbox 2759 4458 3175 4530; x_wconf 65' lang='lat' dir='ltr'><strong>malignantium</strong></span> <span class='ocrx_word' id='word_1_631' title='bbox 3224 4459 3519 4518; x_wconf 76' lang='lat' dir='ltr'><strong>calumniis</strong></span> 
     </span>
    </p>
   </div>
   <div class='ocr_carea' id='block_1_90' title="bbox 228 4555 1827 4634">
    <p class='ocr_par' dir='ltr' id='par_1_90' title="bbox 228 4555 1827 4634">
     <span class='ocr_line' id='line_1_90' title="bbox 228 4555 1827 4634; baseline -0.004 -18"><span class='ocrx_word' id='word_1_632' title='bbox 228 4561 454 4634; x_wconf 80' lang='lat' dir='ltr'><strong>perituri</strong></span> <span class='ocrx_word' id='word_1_633' title='bbox 483 4566 697 4616; x_wconf 86' lang='lat' dir='ltr'><strong>essent.</strong></span> <span class='ocrx_word' id='word_1_634' title='bbox 729 4557 890 4612; x_wconf 89' lang='lat' dir='ltr'><strong>Dicto</strong></span> <span class='ocrx_word' id='word_1_635' title='bbox 914 4572 1118 4628; x_wconf 86' lang='lat' dir='ltr'><strong>parens</strong></span> <span class='ocrx_word' id='word_1_636' title='bbox 1145 4555 1330 4612; x_wconf 82' lang='lat' dir='ltr'><strong>Ahbas</strong></span> <span class='ocrx_word' id='word_1_637' title='bbox 1359 4556 1621 4612; x_wconf 84' lang='lat' dir='ltr'><strong>velociter</strong></span> <span class='ocrx_word' id='word_1_638' title='bbox 1644 4570 1827 4611; x_wconf 90' lang='lat' dir='ltr'><strong>rever-</strong></span> 
     </span>
    </p>
   </div>
   <div class='ocr_carea' id='block_1_91' title="bbox 230 4645 1829 4720">
    <p class='ocr_par' dir='ltr' id='par_1_91' title="bbox 230 4645 1829 4720">
     <span class='ocr_line' id='line_1_91' title="bbox 230 4645 1829 4720; baseline -0.004 -12"><span class='ocrx_word' id='word_1_639' title='bbox 230 4668 320 4708; x_wconf 79' lang='lat' dir='ltr'><strong>sos</strong></span> <span class='ocrx_word' id='word_1_640' title='bbox 363 4659 453 4708; x_wconf 87' lang='lat' dir='ltr'><strong>est</strong></span> <span class='ocrx_word' id='word_1_641' title='bbox 497 4650 567 4706; x_wconf 89' lang='lat' dir='ltr'><strong>ad</strong></span> <span class='ocrx_word' id='word_1_642' title='bbox 614 4649 918 4720; x_wconf 86' lang='lat' dir='ltr'><strong>hospitium</strong></span> <span class='ocrx_word' id='word_1_643' title='bbox 944 4689 960 4716; x_wconf 94' lang='lat'><strong>,</strong></span> <span class='ocrx_word' id='word_1_644' title='bbox 1011 4656 1070 4705; x_wconf 91' lang='lat' dir='ltr'><strong>et</strong></span> <span class='ocrx_word' id='word_1_645' title='bbox 1109 4662 1236 4703; x_wconf 79' lang='lat' dir='ltr'><strong>ecce</strong></span> <span class='ocrx_word' id='word_1_646' title='bbox 1285 4647 1488 4717; x_wconf 89' lang='lat' dir='ltr'><strong>reperit</strong></span> <span class='ocrx_word' id='word_1_647' title='bbox 1536 4647 1677 4703; x_wconf 90' lang='lat' dir='ltr'><strong>duos</strong></span> <span class='ocrx_word' id='word_1_648' title='bbox 1727 4645 1829 4701; x_wconf 71' lang='lat' dir='ltr'><strong>vite</strong></span> 
     </span>
    </p>
   </div>
   <div class='ocr_carea' id='block_1_92' title="bbox 230 4736 1829 4814">
    <p class='ocr_par' dir='ltr' id='par_1_92' title="bbox 230 4736 1829 4814">
     <span class='ocr_line' id='line_1_92' title="bbox 230 4736 1829 4814; baseline -0.006 -13"><span class='ocrx_word' id='word_1_649' title='bbox 230 4744 409 4801; x_wconf 79' lang='lat' dir='ltr'><strong>socios</strong></span> <span class='ocrx_word' id='word_1_650' title='bbox 455 4741 746 4814; x_wconf 88' lang='lat' dir='ltr'><strong>repentina</strong></span> <span class='ocrx_word' id='word_1_651' title='bbox 776 4749 955 4795; x_wconf 90' lang='lat' dir='ltr'><strong>morte</strong></span> <span class='ocrx_word' id='word_1_652' title='bbox 996 4747 1327 4811; x_wconf 89' lang='lat' dir='ltr'><strong>prostratos.</strong></span> <span class='ocrx_word' id='word_1_653' title='bbox 1376 4736 1627 4810; x_wconf 89' lang='lat' dir='ltr'><strong>Cumque</strong></span> <span class='ocrx_word' id='word_1_654' title='bbox 1670 4737 1829 4795; x_wconf 80' lang='lat' dir='ltr'><strong>festi-</strong></span> 
     </span>
    </p>
   </div>
   <div class='ocr_carea' id='block_1_93' title="bbox 232 4829 1830 4902">
    <p class='ocr_par' dir='ltr' id='par_1_93' title="bbox 232 4829 1830 4902">
     <span class='ocr_line' id='line_1_93' title="bbox 232 4829 1830 4902; baseline -0.006 -9"><span class='ocrx_word' id='word_1_655' title='bbox 232 4836 558 4893; x_wconf 82' lang='lat' dir='ltr'><strong>nantissime</strong></span> <span class='ocrx_word' id='word_1_656' title='bbox 603 4833 981 4889; x_wconf 87' lang='lat' dir='ltr'><strong>deseruissent</strong></span> <span class='ocrx_word' id='word_1_657' title='bbox 1026 4833 1208 4888; x_wconf 91' lang='lat' dir='ltr'><strong>locum</strong></span> <span class='ocrx_word' id='word_1_658' title='bbox 1254 4830 1598 4902; x_wconf 64' lang='lat' dir='ltr'><strong>pestilentiae,</strong></span> <span class='ocrx_word' id='word_1_659' title='bbox 1645 4829 1830 4885; x_wconf 82' lang='lat' dir='ltr'><strong>Abbas</strong></span> 
     </span>
    </p>
   </div>
   <div class='ocr_carea' id='block_1_94' title="bbox 228 4926 1832 5000">
    <p class='ocr_par' dir='ltr' id='par_1_94' title="bbox 228 4926 1832 5000">
     <span class='ocr_line' id='line_1_94' title="bbox 228 4926 1832 5000; baseline -0.006 -16"><span class='ocrx_word' id='word_1_660' title='bbox 228 4930 335 4999; x_wconf 83' lang='lat' dir='ltr'><strong>jam</strong></span> <span class='ocrx_word' id='word_1_661' title='bbox 374 4930 588 5000; x_wconf 86' lang='lat' dir='ltr'><strong>potitus</strong></span> <span class='ocrx_word' id='word_1_662' title='bbox 629 4926 947 4982; x_wconf 87' lang='lat' dir='ltr'><strong>sciscitandi</strong></span> <span class='ocrx_word' id='word_1_663' title='bbox 989 4926 1238 4981; x_wconf 89' lang='lat' dir='ltr'><strong>libertate</strong></span> <span class='ocrx_word' id='word_1_664' title='bbox 1261 4965 1278 4991; x_wconf 89' lang='lat'><strong>,</strong></span> <span class='ocrx_word' id='word_1_665' title='bbox 1319 4930 1709 4994; x_wconf 89' lang='lat' dir='ltr'><strong>percunctatus</strong></span> <span class='ocrx_word' id='word_1_666' title='bbox 1747 4929 1832 4977; x_wconf 90' lang='lat' dir='ltr'><strong>est</strong></span> 
     </span>
    </p>
   </div>
   <div class='ocr_carea' id='block_1_95' title="bbox 233 5016 1830 5091">
    <p class='ocr_par' dir='ltr' id='par_1_95' title="bbox 233 5016 1830 5091">
     <span class='ocr_line' id='line_1_95' title="bbox 233 5016 1830 5091; baseline -0.006 -13"><span class='ocrx_word' id='word_1_667' title='bbox 233 5022 603 5078; x_wconf 85' lang='lat' dir='ltr'><strong>venerabilem</strong></span> <span class='ocrx_word' id='word_1_668' title='bbox 650 5019 897 5075; x_wconf 86' lang='lat' dir='ltr'><strong>Levitam</strong></span> <span class='ocrx_word' id='word_1_669' title='bbox 966 5018 1099 5091; x_wconf 88' lang='lat' dir='ltr'><strong>quid</strong></span> <span class='ocrx_word' id='word_1_670' title='bbox 1136 5016 1385 5083; x_wconf 85' lang='lat' dir='ltr'><strong>vidisset,</strong></span> <span class='ocrx_word' id='word_1_671' title='bbox 1430 5016 1578 5087; x_wconf 87' lang='lat' dir='ltr'><strong>quod</strong></span> <span class='ocrx_word' id='word_1_672' title='bbox 1621 5022 1830 5070; x_wconf 85' lang='lat' dir='ltr'><strong>tantam</strong></span> 
     </span>
    </p>
   </div>
   <div class='ocr_carea' id='block_1_96' title="bbox 298 5193 1829 5286">
    <p class='ocr_par' dir='ltr' id='par_1_96' title="bbox 298 5193 1829 5286">
     <span class='ocr_line' id='line_1_96' title="bbox 298 5193 1829 5286; baseline 0 0"><span class='ocrx_word' id='word_1_673' title='bbox 298 5200 415 5286; x_wconf 64' lang='lat'><strong>«.22</strong></span> <span class='ocrx_word' id='word_1_674' title='bbox 440 5198 760 5286; x_wconf 47' lang='lat' dir='ltr'><strong>emisre</strong></span> <span class='ocrx_word' id='word_1_675' title='bbox 784 5195 842 5286; x_wconf 71' lang='lat'><strong>5.-</strong></span> <span class='ocrx_word' id='word_1_676' title='bbox 876 5196 1114 5286; x_wconf 59' lang='grc' dir='ltr'><strong>ξίνετιοπεζε</strong></span> <span class='ocrx_word' id='word_1_677' title='bbox 1139 5193 1829 5286; x_wconf 52' lang='grc' dir='ltr'><strong>(Ξβίὲἱῐτξυξὲθοὲἒείει.ίξε..-</strong></span> 
     </span>
    </p>
   </div>
   <div class='ocr_carea' id='block_1_97' title="bbox 1926 4549 3516 4623">
    <p class='ocr_par' dir='ltr' id='par_1_97' title="bbox 1926 4549 3516 4623">
     <span class='ocr_line' id='line_1_97' title="bbox 1926 4549 3516 4623; baseline 0.001 -14"><span class='ocrx_word' id='word_1_678' title='bbox 1926 4554 2066 4610; x_wconf 82' lang='lat' dir='ltr'><strong>duce</strong></span> <span class='ocrx_word' id='word_1_679' title='bbox 2092 4551 2297 4623; x_wconf 86' lang='lat' dir='ltr'><strong>Spiritu</strong></span> <span class='ocrx_word' id='word_1_680' title='bbox 2332 4551 2581 4609; x_wconf 86' lang='lat' dir='ltr'><strong>veritatis</strong></span> <span class='ocrx_word' id='word_1_681' title='bbox 2607 4550 2918 4622; x_wconf 78' lang='lat' dir='ltr'><strong>eripuisset;</strong></span> <span class='ocrx_word' id='word_1_682' title='bbox 2963 4549 3196 4606; x_wconf 78' lang='lat' dir='ltr'><strong>Romam</strong></span> <span class='ocrx_word' id='word_1_683' title='bbox 3239 4566 3516 4620; x_wconf 87' lang='lat' dir='ltr'><strong>reversus,</strong></span> 
     </span>
    </p>
   </div>
   <div class='ocr_carea' id='block_1_98' title="bbox 1928 4642 3519 4716">
    <p class='ocr_par' dir='ltr' id='par_1_98' title="bbox 1928 4642 3519 4716">
     <span class='ocr_line' id='line_1_98' title="bbox 1928 4642 3519 4716; baseline -0.001 -15"><span class='ocrx_word' id='word_1_684' title='bbox 1928 4645 2216 4703; x_wconf 89' lang='lat' dir='ltr'><strong>Basilicam</strong></span> <span class='ocrx_word' id='word_1_685' title='bbox 2240 4644 2387 4700; x_wconf 87' lang='lat' dir='ltr'><strong>Petri</strong></span> <span class='ocrx_word' id='word_1_686' title='bbox 2413 4643 2680 4714; x_wconf 81' lang='lat' dir='ltr'><strong>Apostoli,</strong></span> <span class='ocrx_word' id='word_1_687' title='bbox 2715 4658 2884 4699; x_wconf 88' lang='lat' dir='ltr'><strong>causa</strong></span> <span class='ocrx_word' id='word_1_688' title='bbox 2926 4642 3193 4699; x_wconf 87' lang='lat' dir='ltr'><strong>orationis</strong></span> <span class='ocrx_word' id='word_1_689' title='bbox 3221 4653 3278 4700; x_wconf 88' lang='lat' dir='ltr'><strong>et</strong></span> <span class='ocrx_word' id='word_1_690' title='bbox 3310 4646 3519 4716; x_wconf 79' lang='lat' dir='ltr'><strong>gratia-</strong></span> 
     </span>
    </p>
   </div>
   <div class='ocr_carea' id='block_1_99' title="bbox 1930 4733 3517 4807">
    <p class='ocr_par' dir='ltr' id='par_1_99' title="bbox 1930 4733 3517 4807">
     <span class='ocr_line' id='line_1_99' title="bbox 1930 4733 3517 4807; baseline -0.001 -13"><span class='ocrx_word' id='word_1_691' title='bbox 1930 4754 2054 4794; x_wconf 90' lang='lat' dir='ltr'><strong>rum</strong></span> <span class='ocrx_word' id='word_1_692' title='bbox 2083 4736 2337 4803; x_wconf 89' lang='lat' dir='ltr'><strong>actionis,</strong></span> <span class='ocrx_word' id='word_1_693' title='bbox 2364 4735 2647 4807; x_wconf 76' lang='lat' dir='ltr'><strong>ingressus</strong></span> <span class='ocrx_word' id='word_1_694' title='bbox 2666 4742 2769 4790; x_wconf 90' lang='lat' dir='ltr'><strong>est.</strong></span> <span class='ocrx_word' id='word_1_695' title='bbox 2794 4733 2928 4789; x_wconf 88' lang='lat' dir='ltr'><strong>Erat</strong></span> <span class='ocrx_word' id='word_1_696' title='bbox 2954 4734 3006 4791; x_wconf 90' lang='lat' dir='ltr'><strong>ei</strong></span> <span class='ocrx_word' id='word_1_697' title='bbox 3036 4734 3307 4792; x_wconf 87' lang='lat' dir='ltr'><strong>familiare</strong></span> <span class='ocrx_word' id='word_1_698' title='bbox 3335 4737 3517 4793; x_wconf 87' lang='lat' dir='ltr'><strong>diver-</strong></span> 
     </span>
    </p>
   </div>
   <div class='ocr_carea' id='block_1_100' title="bbox 1932 4825 3519 4897">
    <p class='ocr_par' dir='ltr' id='par_1_100' title="bbox 1932 4825 3519 4897">
     <span class='ocr_line' id='line_1_100' title="bbox 1932 4825 3519 4897; baseline -0.001 -11"><span class='ocrx_word' id='word_1_699' title='bbox 1932 4831 2181 4897; x_wconf 83' lang='lat' dir='ltr'><strong>ticulum,</strong></span> <span class='ocrx_word' id='word_1_700' title='bbox 2226 4837 2290 4884; x_wconf 91' lang='lat' dir='ltr'><strong>ut</strong></span> <span class='ocrx_word' id='word_1_701' title='bbox 2329 4827 2399 4884; x_wconf 91' lang='lat' dir='ltr'><strong>ad</strong></span> <span class='ocrx_word' id='word_1_702' title='bbox 2444 4827 2507 4881; x_wconf 92' lang='lat' dir='ltr'><strong>B.</strong></span> <span class='ocrx_word' id='word_1_703' title='bbox 2555 4826 2742 4882; x_wconf 78' lang='lat' dir='ltr'><strong>Marize</strong></span> <span class='ocrx_word' id='word_1_704' title='bbox 2778 4825 2873 4882; x_wconf 89' lang='lat' dir='ltr'><strong>Dei</strong></span> <span class='ocrx_word' id='word_1_705' title='bbox 2919 4826 3215 4883; x_wconf 87' lang='lat' dir='ltr'><strong>Genitricis</strong></span> <span class='ocrx_word' id='word_1_706' title='bbox 3263 4830 3476 4884; x_wconf 87' lang='lat' dir='ltr'><strong>iconem</strong></span> <span class='ocrx_word' id='word_1_707' title='bbox 3502 4871 3519 4896; x_wconf 94' lang='lat'><strong>,</strong></span> 
     </span>
    </p>
   </div>
   <div class='ocr_carea' id='block_1_101' title="bbox 1931 4917 3524 4987">
    <p class='ocr_par' dir='ltr' id='par_1_101' title="bbox 1931 4917 3524 4987">
     <span class='ocr_line' id='line_1_101' title="bbox 1931 4917 3524 4987; baseline -0.003 -7"><span class='ocrx_word' id='word_1_708' title='bbox 1931 4924 2323 4980; x_wconf 89' lang='lat' dir='ltr'><strong>consistentem</strong></span> <span class='ocrx_word' id='word_1_709' title='bbox 2359 4920 2504 4974; x_wconf 87' lang='lat' dir='ltr'><strong>intra</strong></span> <span class='ocrx_word' id='word_1_710' title='bbox 2546 4918 2794 4974; x_wconf 89' lang='lat' dir='ltr'><strong>eamdem</strong></span> <span class='ocrx_word' id='word_1_711' title='bbox 2845 4917 3137 4975; x_wconf 88' lang='lat' dir='ltr'><strong>Basilicam</strong></span> <span class='ocrx_word' id='word_1_712' title='bbox 3164 4960 3180 4987; x_wconf 93' lang='lat'><strong>,</strong></span> <span class='ocrx_word' id='word_1_713' title='bbox 3224 4929 3352 4975; x_wconf 90' lang='lat' dir='ltr'><strong>ante</strong></span> <span class='ocrx_word' id='word_1_714' title='bbox 3401 4936 3524 4976; x_wconf 87' lang='lat' dir='ltr'><strong>eam</strong></span> 
     </span>
    </p>
   </div>
   <div class='ocr_carea' id='block_1_102' title="bbox 1933 5010 3518 5084">
    <p class='ocr_par' dir='ltr' id='par_1_102' title="bbox 1933 5010 3518 5084">
     <span class='ocr_line' id='line_1_102' title="bbox 1933 5010 3518 5084; baseline -0.004 -12"><span class='ocrx_word' id='word_1_715' title='bbox 1933 5016 2145 5073; x_wconf 88' lang='lat' dir='ltr'><strong>orando</strong></span> <span class='ocrx_word' id='word_1_716' title='bbox 2164 5012 2491 5084; x_wconf 88' lang='lat' dir='ltr'><strong>procideret,</strong></span> <span class='ocrx_word' id='word_1_717' title='bbox 2520 5020 2576 5067; x_wconf 87' lang='lat' dir='ltr'><strong>et</strong></span> <span class='ocrx_word' id='word_1_718' title='bbox 2599 5010 2867 5081; x_wconf 89' lang='lat' dir='ltr'><strong>plorando</strong></span> <span class='ocrx_word' id='word_1_719' title='bbox 2895 5026 2992 5067; x_wconf 92' lang='lat' dir='ltr'><strong>cor</strong></span> <span class='ocrx_word' id='word_1_720' title='bbox 3012 5026 3173 5068; x_wconf 88' lang='lat' dir='ltr'><strong>suum</strong></span> <span class='ocrx_word' id='word_1_721' title='bbox 3195 5011 3518 5071; x_wconf 68' lang='lat' dir='ltr'><strong>effunderet.</strong></span> 
     </span>
    </p>
   </div>
   <div class='ocr_carea' id='block_1_103' title="bbox 1936 5187 2601 5259">
    <p class='ocr_par' dir='ltr' id='par_1_103' title="bbox 1936 5187 2601 5259">
     <span class='ocr_line' id='line_1_103' title="bbox 1936 5187 2601 5259; baseline -0.014 -8"><span class='ocrx_word' id='word_1_722' title='bbox 1936 5194 2153 5251; x_wconf 85' lang='lat' dir='ltr'><strong>adesset</strong></span> <span class='ocrx_word' id='word_1_723' title='bbox 2180 5187 2601 5259; x_wconf 70' lang='lat' dir='ltr'><strong>Hildebranglus.</strong></span> 
     </span>
    </p>
   </div>
   <div class='ocr_carea' id='block_1_104' title="bbox 2019 5254 3528 5286">
    <p class='ocr_par' dir='ltr' id='par_1_104' title="bbox 2019 5254 3528 5286">
     <span class='ocr_line' id='line_1_104' title="bbox 2019 5254 3528 5286; baseline 0 0"><span class='ocrx_word' id='word_1_724' title='bbox 2019 5265 2059 5286; x_wconf 85' lang='lat' dir='ltr'><strong>Il</strong></span> <span class='ocrx_word' id='word_1_725' title='bbox 2082 5262 2125 5286; x_wconf 53' lang='grc' dir='ltr'>ιχ</span> <span class='ocrx_word' id='word_1_726' title='bbox 2178 5254 2424 5286; x_wconf 47' lang='lat' dir='ltr'><strong>null...“</strong></span> <span class='ocrx_word' id='word_1_727' title='bbox 2472 5256 2528 5286; x_wconf 80' lang='grc' dir='ltr'><strong>ΙΙ</strong></span> <span class='ocrx_word' id='word_1_728' title='bbox 2570 5256 2706 5286; x_wconf 60' lang='grc' dir='ltr'><strong>μλλερ</strong></span> <span class='ocrx_word' id='word_1_729' title='bbox 2730 5273 2757 5286; x_wconf 70' lang='grc' dir='ltr'><strong>ε.</strong></span> <span class='ocrx_word' id='word_1_730' title='bbox 2792 5256 3048 5286; x_wconf 55' lang='grc' dir='ltr'><strong>1-.....ηάη</strong></span> <span class='ocrx_word' id='word_1_731' title='bbox 3072 5256 3199 5286; x_wconf 65' lang='grc' dir='ltr'><strong>...ηιξ</strong></span> <span class='ocrx_word' id='word_1_732' title='bbox 3227 5254 3364 5286; x_wconf 63' lang='grc' dir='ltr'><strong>ιηεο</strong></span> <span class='ocrx_word' id='word_1_733' title='bbox 3416 5254 3528 5286; x_wconf 62' lang='grc' dir='ltr'><strong>θακω</strong></span> 
     </span>
    </p>
   </div>
  </div>
