3986 5386
431 197 500 272 ri
678 265 682 268 ,
1410 253 1419 264 .
1633 201 1688 260 ε.
1731 198 1994 257 cnecor

2163 201 2253 256 Vll
2288 200 2478 260 PAPA.
3628 211 3704 268 48

432 320 602 392 Igitur
625 333 750 396 cum
779 318 884 374 hac
917 318 1032 376 vice
1058 317 1356 374 secundum
1389 317 1531 371 hanc
1557 315 2008 371 consuetudinem
2038 320 2082 376 Α
2109 315 2276 368 deus:
2303 313 2501 372 Sancta
2546 315 2796 384 Domina,
2829 314 2926 372 Dei
2947 317 3215 388 Cenitrix,
3242 319 3507 391 quoniam
3551 321 3702 384 viam

430 409 1050 477 Iacturus"accessissct;
1077 409 1230 477 vidit,
1263 407 1408 478 quod
1434 407 1581 462 dictu
1613 406 1862 462 mirabile
1903 413 2008 474 εει,

433 503 609 578 ipsam
647 501 938 578 imaginem
959 500 1228 574 lacrymas
1253 499 1486 564 stillare,
1511 507 1566 554 et
1585 497 1742 570 quasi
1765 498 2010 554 dolorem

433 610 594 650 suum
624 588 723 666 pro
744 592 925 664 aliqua
947 591 1129 648 dilecti
1152 591 1236 647 sui
1263 590 1514 645 molestia
1538 590 1865 662 signiﬁcare.
1891 588 2011 659 lpse

423 677 614 741 autem
643 685 880 756 repletus
906 692 1131 754 stupore
1152 691 1207 738 et
1233 682 1454 748 ecstasi,
1477 690 1766 752 postquam
1795 681 1930 736 satis
1952 681 2008 734 in

433 779 850 834 admirationem
881 775 1090 832 delirus
1111 785 1216 843 est,
1242 775 1498 846 lacrymis
1531 774 1802 846 lacrymas
1842 773 2009 828 uber-

429 863 842 926 timireddidit:
876 875 931 924 et
981 867 1378 940 supplicatione
1425 866 1694 937 completa
1721 907 1736 932 ,
1779 863 2007 920 Latera-

423 951 598 1020 nense
625 961 915 1030 Palatium,
953 963 1290 1020 salutaturus
1321 962 1592 1017 Domuum
1617 959 1843 1032 Papam,
1865 959 2007 1015 revi-

425 1044 500 1110 s1t
545 1055 652 1122 Qui
676 1072 803 1127 mox
833 1056 1025 1127 perlati
1061 1055 1129 1110 ad
1161 1071 1288 1110 eum
1325 1054 1449 1110 falsi
1472 1053 1709 1110 rumoris
1732 1041 2006 1122 excipiens

425 1127 712 1216 indicium;
733 1149 880 1220 quod
903 1143 1272 1218 videlicet'pro
1294 1145 1612 1202 muneribus
1644 1153 2003 1216 praenotatum

417 1233 775 1310 justiiicasset
793 1237 1142 1310 Episcopum,
1167 1238 1584 1310 patenter‘dcdit
1613 1235 1835 1306 intelligi
1874 1236 2006 1307 quid

421 1329 478 1383 in
505 1327 662 1386 sacra
688 1327 922 1404 imagine
943 1323 1306 1402 signiﬁcasset
1334 1328 1632 1386 similitudo
1657 1325 2000 1384 condoleudi.

421 1420 623 1479 Verum
648 1440 774 1479 cum
797 1423 1086 1495 sapientia,
1109 1439 1232 1494 qua:
1255 1422 1472 1478 lucebat
1497 1421 1552 1476 in
1575 1405 1726 1475 vultu
1751 1420 1890 1491 ejus,
1913 1435 2004 1474 ra-

421 1516 624 1572 tionem
651 1518 907 1588 coepisset
935 1511 1180 1585 reddere;
1212 1515 1608 1572 erubescebant
1640 1529 1864 1580 omnes,
1907 1513 2002 1584 qui

419 1609 477 1685 in
503 1609 792 1680 praesentia
821 1617 998 1676 erant,
1023 1607 1321 1666 adversarii
1345 1607 1466 1679 ejus
1493 1626 1506 1662 :
1537 1596 1765 1678 etjuxta
1790 1604 1850 1658 B.
1877 1603 2002 1660 Hie-

418 1717 731 1774 ronymum,
766 1700 937 1756 falsus
965 1717 1154 1756 rumor
1179 1701 1288 1756 cito
1322 1699 1752 1771 opprimebatur,
1777 1706 1832 1752 et
1853 1712 2001 1751 mor-

417 1794 524 1849 dax
573 1793 754 1866 lingua
793 1794 904 1850 cito
933 1791 1348 1850 confodiebatur
1379 1811 1392 1846 :
1435 1791 1634 1864 quippe
1673 1790 1784 1845 vita
1827 1788 2000 1860 ipsius

414 1902 549 1942 voce
595 1896 649 1942 et
687 1890 934 1957 exemplo
974 1880 1480 1942 commendabatur.
1515 1881 1645 1940 Inde
1688 1898 1816 1939 cum
1856 1895 2000 1952 pra:-

413 1979 560 2033 dicto
584 1970 735 2034 more
757 1978 918 2035 solito
930 1985 1194 2048 repeteret
1216 1976 1529 2048 imaginem,
1545 1966 1811 2031 converso
1827 1974 1999 2029 mira-

414 2069 713 2138 culo,vidit
744 2086 866 2125 eam
894 2069 1140 2126 arridere
1170 2067 1275 2124 sibi
1302 2077 1562 2138 tanquam
1586 2065 1994 2138 triumphatori.

484 2161 570 2216 l8.
607 2147 688 2224 Nc
715 2151 898 2216 autem
921 2160 1040 2218 haec
1082 2158 1369 2226 miracula,
1399 2159 1653 2229 quamvis
1675 2159 1742 2214 de
1767 2158 1996 2225 sanctis,

411 2233 594 2309 tamen
626 2251 692 2309 de
737 2252 1032 2308 insensatis
1060 2242 1248 2320 rebus,
1288 2250 1626 2330 incredibilia
1667 2250 1994 2306 videantur:

409 2363 474 2402 ex
498 2345 957 2420 probabilioribus
989 2343 1424 2399 orthodoxorum
1443 2342 1668 2411 Patrum
1693 2343 1910 2413 scriptis
1940 2343 1997 2398 ii-

409 2429 532 2496 dem
595 2439 726 2494 dare
776 2438 1054 2504 volumus,
1127 2436 1378 2508 qumdam
1427 2452 1496 2492 ex
1545 2435 1634 2491 his
1683 2443 1996 2492 mutuantes

408 2531 656 2601 exempla
691 2546 813 2604 quae
843 2537 1035 2586 contra
1067 2529 1383 2600 hujusmodi
1409 2528 1846 2584 incredulitatem
1884 2543 1996 2584 non

407 2634 667 2700 putamus
701 2621 967 2700 invalida.
1010 2619 1101 2682 Sic
1145 2621 1525 2700 enim-legitur
1565 2620 1621 2675 in
1672 2619 1995 2676 Actionibus

407 2698 628 2788 septimi
702 2697 1029 2770 universalis
1103 2699 1360 2780 Concilii,
1423 2713 1749 2768 auctoritate
1830 2711 1996 2782 primi

404 2808 630 2864 Adriani
650 2805 812 2880 Papze
832 2807 1044 2863 collecti
1067 2807 1178 2878 (-15)
1206 2825 1220 2860 :
1246 2804 1500 2861 Narravit
1523 2806 1681 2861 nobis
1699 2805 1994 2876 Dionysius

403 2903 688 2980 presbyter
737 2900 998 2980 Ecclesiae
1043 2899 1368 2976 Ascalonis,
1424 2899 1492 2955 de
1551 2899 1746 2954 abbate
1783 2897 1995 2953 Joanne

2112 405 2286 460 habeo
2311 406 2528 477 longam
2587 407 2653 461 ad
2689 409 3105 478 ambulandum,
3136 412 3439 468 multorum
3478 414 3703 474 dierum

2110 498 2346 568 spatium
2387 499 2696 567 habentem,
2735 500 2803 555 de
2843 502 3067 558 candela
3106 512 3202 558 tua
3255 520 3446 560 curam
3471 505 3701 576 habeto,

2109 598 2160 644 et
2221 577 2687 662 inextinguibilem
2743 609 2864 647 eam
2919 595 3219 650 secundum
3266 612 3449 652 meum
3488 613 3701 670 propo-

2109 681 2275 737 situm
2329 683 2586 740 custodi:
2628 698 2732 756 ego
2802 685 2948 740 enim
3008 686 3341 758 adjutorium
3393 697 3547 744 tuum
3601 705 3702 746 co-

2107 774 2292 828 mitem
2336 774 2545 830 habens
2576 777 2792 831 vadam.
2833 776 2901 832 Et
2947 777 3034 834 his
3064 779 3133 834 ad
3181 779 3474 852 imaginem
3509 782 3698 850 dictis,

2107 865 2287 922 abibat
2321 885 2334 920 :
2371 875 2425 920 et
2444 867 2728 938 proposito
2765 868 2962 925 itinere
2995 871 3267 941 completo
3296 873 3698 941 revertebatur,

2107 959 2400 1028 aliquando
2428 959 2646 1029 quidem
2675 975 2864 1016 mense
2887 977 3019 1029 uno,
3057 963 3352 1033 aliquando
3383 963 3516 1019 vero
3561 965 3700 1020 duo-

2106 1050 2209 1105 bus
2251 1051 2335 1106 vel
2363 1051 2560 1118 tribus,
2590 1066 2986 1124 nonnunquam
3020 1055 3266 1126 quinque
3301 1059 3396 1110 aut
3443 1071 3538 1111 sex
3572 1070 3700 1110 mo—

2107 1149 2260 1196 ratus
2285 1161 2297 1196 :
2329 1152 2384 1197 et
2413 1141 2492 1198 sic
2517 1143 2829 1217 inveniebat
2848 1147 3129 1204 candelam
3169 1147 3480 1202 ordinatam
3508 1156 3563 1203 et
3602 1163 3699 1202 ar-

2103 1235 2342 1301 dentem,
2380 1245 2570 1291 uteam
2595 1236 2662 1291 ad
2691 1236 2794 1292 iter
2815 1239 3081 1309 agendum
3103 1255 3426 1311 egressurus
3455 1241 3668 1298 sinebat

2103 1312 2401 1396 numquam
2431 1326 2578 1382 illam
2597 1327 2890 1400 aliquando
2911 1345 2942 1386 a
2963 1330 3254 1400 semetipsa
3281 1331 3578 1386 extinctam
3607 1333 3695 1388 vi-

2101 1417 2201 1485 dit,
2225 1433 2400 1488 neque
2425 1434 2456 1474 a
2479 1433 2674 1476 somno
2699 1435 2950 1492 surgens,
2977 1437 3152 1493 neque
3171 1422 3240 1477 ab
3258 1437 3446 1479 eremo
3468 1423 3696 1481 rediens

2103 1509 2158 1565 in
2184 1509 2522 1579 speluncam.

2173 1601 2260 1655 19.
2307 1600 2442 1658 Item
2496 1618 2563 1659 ex
2597 1602 2801 1659 eisdem
2842 1604 3168 1660 Actionibus
3208 1620 3276 1661 ex
3314 1604 3437 1662 Vita
3477 1606 3588 1680 (i9)
3624 1605 3691 1666 S.

2102 1691 2374 1748 Theodori
2400 1694 2874 1763 Archimandriuc,
2910 1713 3034 1753 cum
3060 1705 3208 1754 esset
3225 1713 3494 1754 annorum
3528 1702 3693 1770 quasi

2101 1799 2199 1850 xu,
2221 1782 2361 1839 facta
2385 1795 2469 1842 est
2493 1787 2797 1843 mortalitas
2817 1803 2881 1843 ex
2911 1789 3128 1844 bubone
3153 1788 3208 1842 in
3220 1779 3320 1844 illa
3346 1790 3492 1858 villa,
3522 1790 3599 1846 ita
3629 1801 3694 1850 ut

2099 1867 2154 1930 et
2167 1875 2282 1944 ipse
2310 1876 2681 1933 inlirmarctur
2706 1894 2844 1948 pene
2876 1879 2943 1935 ad
2987 1888 3239 1935 mortem.
3272 1879 3446 1937 Porro
3483 1883 3702 1942 detule—.

2098 1977 2228 2022 runt
2249 1983 2374 2022 eum
2405 1970 2459 2024 in
2486 1972 2783 2026 oratoriam
2807 1972 3029 2027 domum
3057 1973 3114 2028 S.
3155 1971 3384 2029 Joannis
3409 1973 3690 2047 Baptistae,

2097 2074 2222 2136 qua:
2255 2069 2373 2114 erat
2379 2061 2536 2130 juxta
2566 2063 2770 2129 villam,
2815 2072 2869 2119 et
2904 2072 3217 2119 straverunt
3247 2080 3374 2120 eum
3403 2066 3470 2120 ad
3506 2067 3688 2123 intro-

2099 2149 2236 2206 itum
2259 2152 2470 2206 altaris.
2500 2152 2672 2210 Porro
2702 2170 2866 2225 supra
2906 2155 3058 2210 illum
3097 2155 3153 2209 in
3181 2157 3524 2227 receptaculo
3545 2157 3692 2219 Cru-

2097 2243 2178 2298 cis
2226 2244 2406 2299 stabat
2449 2245 2632 2317 imago
2664 2245 2963 2304 Salvatoris
3007 2239 3134 2303 JeSu
3167 2248 3412 2317 Christi;
3445 2265 3690 2322 eumque

2095 2357 2162 2416 ex
2197 2343 2386 2398 dolore
2414 2345 2648 2401 bubonis
2687 2333 3046 2413 cruciaretur,
3081 2348 3400 2422 l‘CpClllcCt.
3445 2347 3690 2419 imagine

2096 2437 2410 2492 ceciderunt
2437 2452 2601 2508 super
2629 2454 2753 2493 eum
2791 2439 2933 2494 roris
2957 2439 3154 2509 guttai;
3187 2447 3242 2495 et
3278 2440 3484 2510 statim,
3507 2442 3688 2512 gratia

2097 2525 2212 2595 Dei,
2255 2543 2286 2582 a
2319 2529 2513 2584 dolore
2551 2529 2848 2598 convaluit,
2885 2539 2941 2586 et
2986 2547 3156 2588 sanus
3207 2531 3432 2588 elfcetus
3476 2541 3585 2604 est,
3629 2521 3694 2590 et

2097 2619 2192 2673 ivit
2216 2620 2441 2676 domum
2495 2637 2673 2677 suam.
2707 2620 2806 2678 His
2833 2623 3117 2694 exemplis,
3167 2623 3236 2680 ad
3289 2625 3692 2703 adstruendatn

2095 2710 2257 2766 ﬁdem
2301 2713 2546 2770 sulliccre
2590 2714 2920 2784 valentibus,
2975 2717 3044 2772 ad
3093 2726 3298 2774 nostrae
3342 2719 3688 2778 narrationis

2096 2805 2343 2860 ordinem
2368 2807 2678 2862 redeamus.
3409 2857 3416 2860 .
3601 2825 3610 2834 '

2154 2895 2440 2975 _20.lgitur
2462 2899 2792 2976 venerabilis
2817 2898 3204 2959 Hiltebrandus
3231 2902 3684 2975 viditvisionem,

405 2995 756 3073 anachoreta,
799 2995 989 3050 dicens
1021 3012 1034 3048 :
1074 2991 1213 3070 Quia
1262 2991 1353 3048 hic
1381 3007 1615 3063 magnus
1644 2991 1699 3045 in
1737 2989 1993 3062 praesenti
2020 3003 2063 3060 ο
2093 2987 2420 3059 Apostolica:
2452 2991 2668 3061 pietatis
2715 2991 2770 3046 in
2802 2993 3054 3063 proximo
3095 2995 3455 3066 suscipiendae
3489 2999 3689 3058 praesi-

329 3067 336 3077 ’
403 3067 752 3156 generatione
777 3084 881 3140 fuit
917 3086 1106 3153 homo,
1135 3067 1190 3140 et
1217 3083 1284 3140 ad
1315 3092 1518 3139 statum
1544 3075 1843 3139 suum'Deo
1875 3083 1992 3153 pla-

403 3163 618 3232 centem
659 3178 766 3233 hoc
801 3177 870 3233 de
919 3192 986 3232 eo
1013 3175 1340 3232 miraculum
1366 3173 1774 3250 asserebatzln
1801 3190 1989 3245 specu,

403 3263 873 3342 inquiens,.senex
897 3269 1121 3342 sedebat
1143 3267 1197 3322 in
1223 3267 1475 3338 partibus
1508 3265 1744 3340 Seehus,
1769 3280 1990 3336 posses-

403 3360 577 3430 sionis
637 3361 707 3415 ab
745 3341 1155 3431 liierésolymis
1217 3357 1489 3414 milliariis
1538 3373 1594 3414 ut
1655 3356 1768 3429 (16)
1817 3356 1990 3413 ferme

400 3453 676 3515 distantis.
707 3451 1004 3523 Imaginem
1033 3459 1216 3507 autem
1244 3451 1477 3506 habebat
1527 3466 1692 3506 senex
1726 3450 1783 3505 in
1821 3465 1989 3520 specu

403 3550 608 3621 sancta:
633 3553 688 3600 et
731 3545 1069 3621 intemerata:
1096 3542 1342 3599 Domina:
1375 3551 1598 3610 nostrae,
1627 3542 1724 3598 Dei
1751 3541 1989 3598 Genitri—

401 3615 483 3714 eis
529 3646 586 3714 et
626 3615 842 3706 semper
867 3635 1108 3707 Virginis
1142 3634 1346 3704 Μαι-ἰπὶ,
1391 3635 1683 3691 habentem
1738 3635 1796 3691 in
1843 3635 1988 3692 ulnis

400 3709 682 3806 Christum
707 3725 1000 3807 Dominum
1030 3737 1300 3783 nostrum.
1329 3716 1792 3800 Quotiescumque
1819 3728 1987 3800 igitur

402 3822 619 3878 volebat
671 3836 952 3902 quoquam
995 3836 1239 3892 pergere,
1271 3830 1368 3876 aut
1415 3822 1483 3878 ad
1523 3838 1738 3878 eremos
1772 3821 1988 3894 longin-

404 3930 564 3984 quas,
613 3921 709 3968 aut
759 3911 1191 3987 Hierosolymam
1246 3914 1314 3969 ad
1361 3915 1694 3971 adorandam
1739 3924 1986 3975 sanctam

403 4007 638 4061 Crucem
694 4015 748 4060 et
787 4013 976 4060 sancta
1002 4006 1142 4070 loca,
1191 4007 1277 4060 vel
1313 4007 1477 4062 etiam
1510 4008 1577 4076 in
1629 4007 1760 4064 Sina
1799 4019 1985 4066 monte

401 4107 682 4166 oraturus,
739 4106 834 4152 aut
885 4098 955 4153 ad
1003 4106 1272 4170 martyres
1325 4087 1420 4171 qui
1471 4101 1540 4170 ab
1591 4099 1984 4176 Iiierosorymis

402 4192 589 4247 multis
612 4191 801 4268 spatiis
837 4191 1063 4246 aberant
1089 4191 1227 4262 (erat
1261 4193 1406 4248 enim
1448 4195 1659 4253 amicus
1684 4195 1988 4270 Martyrum

401 4284 600 4356 oppido
622 4299 824 4350 senex;
872 4299 1020 4350 nam,
1063 4300 1210 4338 nunc
1248 4285 1467 4356 quidem
1515 4288 1584 4343 ad
1626 4287 1684 4344 S.
1712 4287 1980 4348 Joannem

2093 3081 2428 3151 gnationem.
2461 3082 2729 3155 Apparuit
2747 3085 2799 3140 ei
2827 3083 3017 3140 Simon
3048 3085 3260 3158 Magus,
3294 3088 3602 3160 tripudians
3627 3100 3694 3146 et

2089 3174 2342 3229 exultans
2372 3175 2429 3230 in
2460 3176 2586 3230 navi
2611 3195 2624 3231 :
2650 3184 2705 3232 et
2730 3177 2846 3248 ipse
2879 3166 2984 3233 sibi
3013 3171 3300 3236 videbatur
3341 3181 3492 3235 illum
3539 3181 3696 3240 insi-.

2088 3264 2210 3331 lire,
2235 3273 2290 3320 et
2324 3267 2671 3324 colluctando
2699 3270 2928 3338 pedibus
2973 3271 3260 3326 subactum
3294 3273 3688 3332 insolubili-bus

2089 3358 2322 3413 nexibus
2371 3359 2598 3416 vincire.
2643 3360 2800 3428 Quod
2831 3363 2989 3418 novis
3035 3361 3336 3418 Ecclesiam
3385 3365 3684 3437 signiﬁcet,

2088 3465 2248 3504 rarus
2272 3459 2356 3506 cst
2377 3452 2472 3522 qui
2519 3452 2732 3523 ignoret
2764 3473 2777 3510 :
2804 3453 2994 3524 inqua
3030 3454 3291 3510 nimirum
3325 3454 3513 3527 Simon
3560 3459 3694 3532 Ma—l

2087 3556 2210 3612 gus,
2237 3551 2363 3598 ante
2394 3545 2539 3599 beati
2577 3545 2680 3600 viri
2707 3546 2870 3616 hujus
2905 3547 3309 3616 Apostolatum,
3339 3549 3499 3621 longe
3533 3551 3697 3614 late-.

2087 3649 2194 3704 que
2223 3651 2318 3704 per
2345 3651 2476 3693 suos
2497 3652 2759 3710 sequaces
2787 3639 3058 3710 sacrilega.
3086 3641 3382 3698 venalitate
3424 3643 3632 3712 luserat
3657 3689 3680 3718 ,

2085 3725 2256 3782 libere
2278 3729 2488 3785 scilicet
2530 3739 2585 3786 et
2619 3731 2963 3804 impudenter
2999 3747 3187 3791 emens
3218 3749 3282 3790 ac
3313 3737 3551 3792 vendens
3579 3721 3695 3797 εει-ί

2084 3819 2422 3882 clcsiasticas
2473 3813 2789 3894 dignitates.
2840 3823 3128 3892 Quomodo
3169 3835 3352 3883 autem
3395 3845 3492 3900 per
3521 3831 3692 3901 hunc_

2085 3911 2344 3967 athletam
2395 3911 2490 3969 Dei
2537 3923 2848 3986 prostratus
2884 3926 2941 3972 et
2969 3918 3224 3990 alligatus
3249 3921 3358 3988 sit,
3409 3937 3511 3978 suo
3545 3923 3676 3983 loco

2083 4003 2349 4064 dicemus.
2374 4003 2480 4062 Per
2499 4006 2642 4062 idem
2678 4017 2894 4079 tempus
2917 4010 3142 4081 quidam
3168 4011 3352 4068 Pisani
3378 4026 3686 4085 peruecta--

2082 4096 2214 4152 bant
2253 4097 2310 4152 in
2338 4097 2572 4156 Basilica
2619 4100 2680 4155 Β.
2714 4101 2861 4158 Petri
2901 4104 3074 4176 gratia
3105 4107 3300 4162 orandi
3334 4126 3346 4161 :
3390 4124 3516 4166 cum
3541 4126 3674 4169 ecce

2083 4189 2266 4245 vident
2291 4191 2473 4262 ipsum
2497 4192 2808 4264 Principem
2839 4195 3230 4266 Apostolorum
3269 4199 3324 4256 in
3348 4201 3538 4258 eadem
3565 4205 3672 4262 do-

2082 4297 2174 4338 mo
2190 4300 2310 4352 sua,
2334 4300 2458 4340 cum
2494 4285 2600 4342 hoc
2633 4287 3017 4356 pmedestinato
3051 4289 3250 4346 herede
3269 4307 3371 4348 suo
3401 4294 3668 4354 deambu-

401 4375 700 4446 Ephesum,
745 4391 893 4431 nunc
927 4391 1058 4430 vero
1101 4375 1168 4430 ad
1199 4373 1256 4430 S.
1310 4375 1658 4434 Theodorum
1717 4380 1834 4454 [Π]
1867 4382 1978 4440 Eu-
2011 4367 2056 4423 D
2080 4373 2304 4442 lantcm,
2327 4377 2486 4448 eique
2510 4378 2912 4462 prmcipientem
2955 4390 3014 4435 ut
3048 4390 3288 4440 stercora
3320 4385 3666 4448 diversorum

403 4469 662 4536 cbaitam,
701 4477 798 4524 aut
833 4467 900 4522 ad
941 4465 998 4520 S.
1048 4465 1307 4522 Theclam
1360 4465 1662 4536 Seleuciam
1701 4475 1978 4545 pergebat,

400 4562 488 4618 vel
517 4559 586 4616 ad
609 4558 666 4614 S.
701 4557 951 4629 Sergium
968 4557 1245 4630 Araphani
1269 4557 1440 4632 [18]),
1462 4565 1821 4632 praestruebat
1849 4584 1980 4626 can-

401 4653 582 4709 delam
624 4659 681 4706 et
723 4650 1104 4717 suecendebat,
1151 4651 1312 4708 sicuti
1358 4652 1594 4710 habebat
1637 4661 1983 4718 consuetudi-

403 4759 528 4803 nem
553 4761 575 4800 τ
599 4753 654 4798 ει
673 4741 741 4798 ad
762 4741 1196 4812 deprecationem
1237 4753 1410 4812 stans,
1441 4754 1502 4800 ut
1529 4747 1630 4804 iter
1661 4750 1764 4806 sibi
1787 4753 1982 4824 dirige-

401 4844 575 4902 rctur,
601 4835 815 4891 dicebat
838 4835 905 4906 ad
929 4833 1236 4904 Dominam,
1257 4837 1314 4892 in
1345 4837 1638 4910 imaginem
1665 4843 1784 4914 ejus
1808 4854 1982 4904 atten-

477 4991 895 5066 (lﬁilliabentur
929 4992 1043 5048 lucc
1073 4992 1129 5048 in
1148 4992 1316 5066 P_rato
1339 4995 1620 5066 Spirituali
1645 5015 1740 5056 seu
1764 5001 1858 5057 lib.
1887 5003 1976 5058 10.

403 5061 912 5146 “laetarum,
938 5061 1397 5148 ξειμριρτθιοξηηέ
1429 5065 1652 5148 Moscho
1693 5088 1814 5148 gap:
1851 5073 1972 5128 180.

2076 4467 2473 4538 jumentorum,
2505 4486 2630 4542 quae
2660 4471 2891 4541 sparsim
2928 4473 3063 4529 inibi
3093 4475 3275 4544 jacere
3317 4478 3666 4553 videbantur,

2081 4562 2136 4618 in
2157 4577 2397 4630 saccum,
2425 4563 2520 4635 qui
2547 4563 2801 4618 cominus
2822 4563 3009 4620 haberi
3033 4568 3380 4637 cernebatur,
3401 4587 3668 4646 congene-

2081 4662 2182 4720 rct,
2218 4662 2272 4708 et
2308 4655 2474 4710 dorso
2501 4655 2756 4725 imposita
2779 4667 3044 4728 egereret.
3079 4657 3147 4714 Et
3175 4661 3394 4730 quidem
3419 4680 3518 4734 per
3545 4667 3668 4725 haec

2080 4754 2344 4814 stercora,
2371 4747 2618 4801 luxurias
2657 4755 2712 4801 et
2753 4749 3044 4818 spurcitias
3093 4751 3433 4810 diversorum
3480 4756 3664 4816 homi-

2081 4854 2233 4906 num,
2261 4839 2498 4894 maxime
2518 4847 2702 4914 autem
2729 4837 3205 4912 Nicolaitarum,et
3225 4849 3407 4917 quarti
3439 4849 3665 4911 Henrici

2079 4991 2170 5064 chi
2201 4989 2384 5064 Vitam~
2427 4989 2478 5046 7.
2517 4988 2788 5049 Octobris.
2835 4991 3073 5052 Consule
3127 5008 3288 5054 notas
3329 4998 3550 5058 Baronii
3589 5006 3661 5064 ad

2080 5063 2288 5150 dict-tim
2304 5062 2517 5150 “dicata
2668 5133 2683 5150 ι
