3986 5386
199 441 259 497 ⁴⁹
754 530 757 531 ί
1144 451 1677 510 PROLEGOMENA.
1706 482 1765 491 .-

1866 448 1984 505 ετΑ
2013 449 2069 507 s.
2105 449 2479 539 consona.»
2894 536 2899 541 ἦ
3292 536 3301 543 ο
3359 422 3445 505 soi

199 556 392 629 patroni
417 569 612 613 eorum
635 560 953 631 signiﬁcari,
979 563 1032 618 in
1063 574 1317 636 promptu
1341 576 1450 633 est.
1493 565 1597 620 Sed
1619 580 1756 635 quo-

1866 562 2082 629 tionem,
2112 561 2472 636 eieemosynis
2517 559 2813 626 conditam,
2840 559 3025 617 divino
3070 558 3188 615 fulti
3226 559 3429 636 aur-ilio

199 648 344 702 modo
384 656 437 702 et
484 658 702 719 portata
736 660 791 707 et
848 664 1130 725 exportata
1180 656 1308 721 sint,
1353 673 1456 713 suo
1493 668 1753 729 tempore,

199 738 295 794 Deo
311 739 608 809 aspirante,
635 743 1136 804 demonstrabimus

793 857 1021 914 CAPUT
1048 859 1135 916 lll.

200 964 379 1021 Electio
405 967 477 1020 ad
508 966 783 1038 Papatum
823 981 873 1025 et
916 972 1049 1026 hanc
1085 983 1261 1028 secuta
1298 976 1429 1029 visio
1457 976 1710 1031 columba'
1738 992 1756 1030 :

441 1037 713 1095 divinitus
744 1040 993 1113 Gregorio
1042 1045 1269 1099 immissi
1303 1055 1352 1100 et
1401 1048 1591 1114 ablati,
1628 1049 1757 1119 rrgri

249 1124 368 1162 una
393 1123 431 1161 ι.
518 1150 527 1161 .
674 1122 679 1126 ’

249 1199 329 1252 21.
362 1198 520 1255 Nunc
553 1201 841 1259 electionis
863 1205 1000 1276 ejus,
1032 1214 1152 1275 post
1203 1215 1433 1262 mortem
1465 1208 1759 1265 Alexandri

198 1288 349 1361 Papae,
380 1291 694 1363 legitimum
731 1296 976 1351 ordinem
998 1339 1013 1362 ,
1043 1307 1204 1367 prout
1234 1298 1336 1369 ipsi
1358 1301 1619 1356 electores
1639 1301 1758 1371 ejus

203 1384 649 1454 conscripserunt,
725 1402 1118 1458 proponamus,
1198 1399 1460 1461 regnante
1526 1392 1759 1448 Domino

203 1485 364 1530 nostro
390 1474 523 1531 Jesu
557 1477 807 1546 Christo,
848 1496 994 1536 anno
1029 1483 1467 1539 clementissima:
1502 1483 1761 1540 incarna-

203 1566 341 1622 tionis
367 1567 488 1635 ejus
524 1569 654 1635 185,
685 1570 983 1628 lndietione
1021 1583 1070 1629 et
1108 1573 1258 1629 Luna
1298 1591 1375 1642 χι,
1400 1576 1611 1632 decimo
1648 1577 1758 1633 lia-

201 1657 322 1713 lend.
367 1658 491 1713 Maii
540 1660 683 1716 feria
739 1666 998 1732 secunda,
1053 1667 1140 1721 die
1203 1669 1499 1737 sepultura:
1542 1668 1757 1724 Domini

199 1748 465 1806 Alexandri
493 1753 659 1809 bona:
687 1759 965 1813 memoria:
1009 1760 1235 1814 secundi
1266 1759 1444 1831 Papze.
1495 1759 1572 1815 Ne
1602 1762 1759 1817 sedes

199 1840 485 1911 Apostoliea
524 1845 625 1900 diu
690 1846 1137 1921 lugeat‘proprio
1191 1851 1452 1907 destituta
1506 1852 1753 1920 Pastore,

198 1935 487 2006 congregati
538 1937 598 1991 in
652 1938 885 1996 Basilica
934 1941 994 1996 Β.
1046 1943 1192 1998 Petri
1236 1944 1302 1998 ad
1352 1938 1605 2012 Vincula,
1658 1961 1760 2001 nos

194 2035 374 2080 sanctae
410 2026 681 2086 Romana:
708 2031 1006 2089 Catholicae
1051 2046 1103 2091 et
1149 2036 1478 2107 Apostolicm
1506 2036 1761 2093 Ecclesia:

193 2115 509 2185 Gardinales,
563 2112 785 2189 Clerici,
814 2124 1088 2197 Acolythi,
1126 2125 1480 2194 Subdiaeoni,
1512 2127 1758 2193 Diaconi,
1790 2152 1796 2158 -

194 2206 517 2281 Presbyteri;
581 2218 949 2283 praesentibus
992 2219 1397 2275 venerabilibus
1444 2219 1758 2290 Episcopis;

193 2301 498 2372 Abbatihus,
541 2305 779 2363 Clerieis
829 2319 886 2364 et
930 2309 1211 2367 Monacbis
1255 2312 1757 2377 consentientibus;

192 2394 417 2464 plurimis
446 2398 629 2454 turbis
658 2401 948 2472 utriusque
1000 2419 1164 2459 sexus
1196 2404 1504 2475 diversique
1555 2405 1762 2460 ordinis

193 2487 605 2546 acclamantibus
625 2509 640 2557 ;
663 2492 929 2563 elegimus
958 2495 1189 2551 nobisin
1216 2495 1495 2552 Pastorem
1528 2505 1581 2552 et
1599 2497 1763 2551 Sum-
1787 2488 1795 2499 ’

196 2593 325 2634 unum
344 2579 692 2649 Pontiﬁcem,
728 2585 911 2639 virum
946 2587 1284 2658 religiosum,
1318 2590 1546 2658 geminae
1584 2589 1761 2643 scien-

198 2671 272 2727 tiae
311 2674 602 2742 prudentia
641 2677 959 2747 pollentem,
996 2681 1268 2749 aequitatis
1292 2688 1346 2735 et
1371 2681 1595 2750 iustitia:
1623 2698 1762 2752 pra:-

199 2764 577 2821 stanlissimum
648 2758 974 2835 amatorem,
1029 2771 1084 2826 in
1150 2772 1395 2827 adversis
1440 2772 1658 2839 fortem,
1705 2772 1761 2827 in

200 2856 448 2926 prosperis
473 2866 950 2930 temperatum,et,
971 2861 1125 2931 juxta
1138 2864 1381 2933 Apostoli
1412 2864 1635 2928 dictum,
1663 2866 1761 2919 ho-

202 2946 272 3002 nis
307 2950 550 3006 moribus
617 2960 899 3019 ornatum,
946 2955 1225 3023 pudicum,
1286 2956 1615 3023 modestum,
1666 2972 1759 3011 so-

202 3037 375 3106 brium,
427 3051 670 3110 castum,
731 3043 1080 3115 hospitalem,
1127 3047 1352 3102 domum
1418 3064 1575 3103 suam
1624 3049 1762 3103 bene

201 3142 471 3201 regentem,
495 3134 553 3189 in
589 3136 801 3206 gremio
851 3137 1014 3207 hujus
1060 3137 1248 3195 Matris
1282 3138 1539 3196 Ecclesia:
1561 3156 1592 3195 a
1630 3155 1762 3210 pue-

200 3221 305 3278 ritia
339 3226 475 3281 satis
501 3227 761 3282 nobiliter
790 3228 1079 3283 educatum
1116 3238 1171 3283 et
1201 3230 1446 3298 doctum,
1475 3241 1636 3302 atque
1661 3248 1761 3300 pro

199 3315 303 3370 vita:
313 3317 508 3373 merito
537 3318 595 3372 in
609 3318 1108 3376 Archidiaconatus
1121 3322 1387 3377 honorem
1415 3338 1587 3394 usque
1604 3324 1765 3378 hodie

199 3407 569 3477 sublimtum,
615 3410 1046 3467 Hildebrandum
1105 3413 1357 3470 videlicet
1408 3416 1763 3471 Arcbidiaco-

200 3513 341 3567 mm,
375 3517 544 3572 quem
577 3503 779 3558 amodo
819 3520 994 3575 usque
1037 3505 1093 3559 in
1137 3505 1526 3576 sempiternum
1569 3515 1623 3561 ct
1647 3522 1768 3562 esse

197 3591 360 3648 etdici
387 3592 717 3665 Gregorium
762 3593 967 3665 Papam
1011 3605 1065 3651 et
1106 3596 1479 3667 Apostolicum
1516 3600 1769 3656 volumus

197 3689 243 3735 et
268 3686 658 3755 approbamus.
710 3685 898 3742 Placet
949 3688 1139 3744 vobis?
1174 3688 1377 3745 Placet.
1404 3690 1581 3747 Vultis
1608 3694 1771 3753 eum?

201 3770 466 3832 Volumus.
494 3776 759 3833 Laudatis
779 3781 948 3834 eum?
978 3779 1312 3837 Laudamus.
1365 3782 1499 3840 Acta
1522 3785 1708 3840 Roma:
1736 3801 1769 3839 κ

196 3860 406 3922 Kalend.
443 3866 598 3935 Maii,
632 3868 939 3925 lndietione
976 3887 1052 3925 xl.

250 3956 336 4013 22.
371 3957 495 4029 Ipse
515 3976 739 4031 quoque
775 3962 1069 4033 Gregorius
1088 3963 1156 4019 de
1181 3964 1447 4021 electione
1477 3982 1575 4022 sua
1598 3968 1773 4022 conti-

195 4061 295 4104 nuo
328 4049 429 4106 has
480 4052 632 4107 misit
663 4054 949 4123 epistolas.
984 4053 1303 4125 Gregorius,
1351 4057 1407 4111 in
1460 4055 1770 4112 Romanum

196 4137 502 4198 Pontiﬁeem
566 4145 794 4209 electus,
872 4144 1153 4201 Desiderio
1206 4146 1403 4203 Abbati
1457 4148 1773 4206 Monasterii

198 4229 249 4285 S.
278 4232 556 4291 Benedicti
583 4237 988 4293 montisCasini
1005 4280 1019 4303 ,
1044 4239 1273 4295 salutem
1298 4240 1352 4294 in
1370 4240 1589 4297 Christo
1620 4241 1769 4297 Jesn.

198 4321 445 4383 Dominus
469 4326 619 4398 Papa
654 4328 967 4384 Alexander
1008 4338 1258 4388 mortuus
1278 4340 1362 4387 est
1400 4352 1413 4386 :
1439 4334 1597 4403 cujus
1626 4350 1775 4390 mors

198 4430 344 4485 super
370 4434 458 4474 me
481 4421 700 4487 cecidit,
738 4430 794 4475 et
812 4423 1002 4476 omnia
1032 4424 1241 4479 viscera
1281 4440 1402 4479 mea
1433 4425 1771 4492 concutiens,

199 4509 392 4574 penitus
424 4513 788 4568 :on'turbavit.
822 4513 958 4568 Nam
986 4515 1041 4569 in
1073 4524 1250 4570 morte
1272 4516 1491 4587 quidem
1518 4517 1637 4586 ejus
1660 4517 1773 4571 Ro-

1857 661 2224 708 statueremus
2246 654 2391 724 quod
2420 650 2613 708 melius
2641 654 2708 709 de
2731 653 2994 709 electione
3028 651 3259 708 Romani
3285 652 3433 708 Pon-

1859 746 2017 801 tiﬁcis
2042 746 2334 800 videretur.
2383 745 2487 801 Sed
2526 746 2728 812 subito,
2757 762 2881 800 cum
2921 736 3211 817 praxiietus
3247 743 3430 800 Domi-

1860 853 1963 892 nus
1996 845 2184 892 nostcr
2215 836 2361 907 Papa
2400 838 2454 892 in
2516 837 2756 893 Ecclesia
2797 837 3095 893 Salvatoris
3140 826 3434 907 sepulturae

1856 930 2183 995 traderetur,
2222 938 2377 986 ortus
2427 938 2510 984 est
2560 945 2789 1001 magnus
2844 922 3123 1011 tumultus.
3152 924 3338 1000 populi
3382 937 3436 985 et

1858 1019 2128 1088 fremitus,
2159 1030 2213 1076 et
2241 1022 2296 1076 in
2332 1012 2418 1077 me
2446 1022 2601 1093 quasi
2622 1023 2830 1076 'vesani
2879 1023 3331 1089 insurrexerunt;
3359 1022 3436 1075 ita

1859 1122 1921 1169 ut
1942 1129 2067 1169 cum
2106 1113 2375 1184 Propheta
2407 1114 2613 1185 possim
2659 1114 2839 1169 dicere
2878 1134 2893 1169 :
2933 1113 3067 1169 Veni
3092 1114 3163 1183 in
3194 1106 3437 1169 altitudi-

1859 1222 1984 1262 nem
2045 1207 2236 1273 maris,
2283 1215 2338 1261 et
2394 1214 2691 1277 tempestas
2733 1207 2993 1262 demersit
3020 1222 3141 1274 me;
3169 1205 3435 1260 Laboravi
3474 1208 3479 1213 '

1859 1298 2124 1364 clamans,
2160 1314 2343 1354 raucze
2368 1299 2524 1354 factae
2550 1307 2677 1354 sunt
2719 1297 2903 1355 fauces
2935 1314 3098 1364 mea};
3130 1305 3182 1351 et
3208 1314 3220 1349 :
3249 1295 3438 1352 Timor

1859 1398 1914 1444 θῑ
1950 1399 2157 1446 tremor
2202 1400 2470 1446 venerunt
2497 1407 2661 1461 super
2685 1407 2792 1456 me,
2846 1398 2899 1447 et
2948 1394 3307 1446 contexerunt
3351 1400 3441 1441 me

1861 1482 2115 1537 tenebrae.
2158 1480 2263 1537 Sed
2305 1483 2433 1553 quia
2489 1483 2543 1536 in
2569 1483 2709 1539 lecto
2754 1484 2945 1554 jaccns
2998 1482 3153 1535 valde
3185 1479 3439 1552 fatigatus

1862 1572 1995 1628 satis
2036 1573 2242 1631 dictare
2289 1590 2524 1645 nequeo,
2561 1576 2846 1645 angustias
2880 1590 3030 1630 meas
3058 1586 3317 1628 enarrare
3349 1586 3443 1627 su-

1861 1664 2142 1732 persedeo.
2193 1664 2270 1721 Te
2325 1665 2493 1736 igitur
2531 1682 2629 1736 per
2673 1668 3103 1737 omnipotentem
3149 1663 3441 1717 Dominum

1864 1771 2018 1824 rogo,
2058 1766 2119 1811 ut
2172 1757 2549 1829 suﬁ'raganeos
2600 1758 2819 1813 Fratres
2867 1766 2921 1812 ct
2976 1757 3163 1822 i'ilios,
3214 1770 3354 1824 quos
3389 1753 3444 1807 in

1862 1846 2112 1902 Christus
2140 1850 2338 1916 nutris,
2370 1851 2438 1904 ad
2470 1850 2809 1904 exorandum
2839 1848 3011 1904 Deum
3048 1864 3147 1919 pro
3188 1862 3277 1900 me
3314 1859 3445 1914 pro-

1861 1954 2043 2004 voces,
2068 1948 2121 1993 ct
2142 1955 2206 1994 ex
2237 1956 2359 1995 vera
2412 1942 2640 1996 caritate
2682 1940 2877 1995 invites
2909 1959 2921 1993 :
2946 1947 3215 2010 quatenus
3245 1935 3442 2000 oratio,

1862 2045 1984 2099 qua:
2007 2047 2095 2085 me
2124 2031 2358 2087 libezare
2387 2032 2593 2098 debuit,
2631 2048 2699 2087 ne
2730 2032 3066 2087 incurrerem
3116 2027 3444 2099 periculum,

1863 2122 2055 2176 saltem
2078 2131 2316 2178 tueatur
2364 2124 2419 2178 in
2451 2123 2694 2194 periculo
2725 2124 2983 2194 positum.
3011 2120 3090 2176 Tu
3119 2130 3298 2175 autem
3330 2118 3448 2187 ipse

1862 2206 2190 2282 quantocius
2245 2216 2313 2270 ad
2361 2232 2463 2272 nos
2505 2216 2690 2270 venire
2751 2231 2862 2269 non
2902 2212 3308 2284 pnetermittas,
3352 2208 3448 2281 qui

1862 2314 2126 2374 quantum
2164 2305 2411 2363 Romana
2449 2305 2690 2362 Ecclesia
2742 2315 2793 2362 te
2839 2305 3097 2377 indigeat,
3145 2312 3198 2359 et
3229 2303 3283 2358 in
3312 2316 3448 2375 pru-

1862 2396 2054 2475 dentia
2090 2404 2181 2452 tua
2235 2398 2491 2477 ﬁduciam
2540 2398 2758 2463 habeat,
2799 2412 2908 2471 non
2964 2394 3204 2468 ignoras.
3260 2392 3454 2449 Domi-

1862 2470 1989 2541 nam
2009 2470 2273 2558 Agnetem
2297 2470 2700 2559 imperatricem
2737 2486 2873 2559 (20),
2903 2496 2955 2543 et
2980 2486 3303 2557 Rain'aldum
3333 2484 3448 2556 (21)
3478 2498 3483 2503 ‘

1862 2581 2222 2636 venerabilem
2264 2582 2571 2637 Cumanum
2610 2583 2928 2653 episcopum
2961 2599 3025 2637 ex
3063 2588 3253 2636 nostra
3297 2569 3454 2650 parte

1864 2671 2041 2725 saluta
2074 2681 2164 2727 :et
2192 2684 2459 2744 quantum
2492 2691 2621 2746 erga
2657 2690 2759 2729 nos
2789 2674 3099 2730 dilectionis
3138 2668 3455 2743 habuerint,

1862 2778 2010 2819 nunc
2058 2773 2120 2819 ut
2163 2748 2475 2833 oStenda'nt',
2522 2775 2711 2822 nostra
2755 2767 2873 2821 vice
2916 2767 3150 2821 ﬁdeliter
3203 2766 3451 2837 obsecra.

1864 2854 1997 2909 Data
2025 2855 2231 2925 Romaa,
2272 2875 2327 2913 Ix
2361 2857 2479 2914 Kal.
2515 2858 2662 2926 Maii,
2695 2858 2995 2915 lndietione
3028 2858 3336 2913 undecima.

1931 2946 2022 3001 25.
2058 2947 2375 3020 Gregorius,
2403 2950 2456 3005 in
2500 2949 2808 3005 Romanum
2853 2949 3170 3005 Pontiﬁccm
3226 2950 3451 3015 electus,

1864 3036 2167 3094 Gottifredo
2233 3041 2348 3112 (22)
2424 3040 2559 3097 Duei
2621 3043 2852 3097 salutem
2916 3044 2968 3097 in
3033 3041 3267 3121 Domino
3324 3039 3451 3095 Jesu

1860 3126 2102 3184 Christo.
2128 3129 2292 3185 Grata
2322 3132 2480 3188 nobis
2502 3142 2587 3188 est
2608 3132 2793 3188 laetitia
2820 3142 2935 3200 tua,
2978 3149 3141 3205 quam
3168 3132 3221 3185 in
3255 3131 3449 3187 litteris

1789 3256 1831 3314 Ε
1862 3220 1976 3274 tuis
1997 3220 2065 3275 de
2105 3223 2452 3291 promotione
2494 3233 2682 3279 nostra
2714 3233 2767 3279 te
2811 3226 3014 3280 habere
3062 3224 3452 3294 cognovimus;

1866 3325 1976 3366 non
2026 3321 2086 3367 ut
2117 3314 2221 3369 hoc
2268 3315 2450 3387 aliqua
2504 3312 2685 3372 eauSa:
2720 3326 2925 3373 nostra:
2952 3317 3240 3373 delectatio
3269 3315 3456 3384 faciat,

1867 3403 1962 3458 sed
1986 3406 2132 3475 quod
2154 3420 2275 3461 eam
2322 3423 2389 3463 ex
2441 3406 2590 3463 fonte
2626 3410 2854 3465 sincera:
2884 3409 3192 3465 dilectionis
3234 3416 3288 3462 ct
3316 3406 3457 3463 ﬁdeli
3549 3477 3557 3493 Ι

1867 3504 2050 3551 mente
2088 3497 2391 3553 derivatam
2416 3516 2559 3567 esse,
2591 3516 2701 3555 non
2731 3498 3065 3557 dubitamus.
3094 3498 3293 3556 Nostra
3313 3501 3455 3555 enim

1869 3589 2163 3657 promotio,
2188 3607 2310 3661 qua:
2336 3592 2433 3646 tibi
2458 3592 2764 3664 ceterisque
2787 3592 3039 3649 ﬁdelibus
3077 3592 3222 3663 piam
3259 3593 3326 3647 dc
3354 3608 3452 3646 no-

1871 3678 1956 3734 bis
1985 3680 2450 3739 existimationem
2491 3693 2546 3741 et
2586 3685 2846 3757 gaudium
2893 3685 3265 3751 administrat,
3302 3684 3461 3739 nobis

1872 3770 2072 3826 interni
2108 3773 2329 3831 doloris
2373 3777 2793 3832 amaritudinem
2832 3784 2886 3832 et
2936 3776 3129 3832 nimim.
3170 3777 3461 3831 anxietatis

1871 3864 2152 3932 angustias
2173 3876 2411 3937 generat.
2449 3868 2711 3925 Videmus
2763 3870 2907 3925 enim
2948 3877 3154 3942 quanta
3200 3884 3302 3924 nos
3333 3868 3464 3922 soli-

1872 3953 2058 4009 eitudo
2091 3944 2457 4015 circumstat:
2523 3944 2795 4016 sentimus
2835 3977 3001 4031 quam
3059 3975 3159 4016 nos
3220 3959 3460 4028 suscepti

1873 4046 2058 4101 oneris
2115 4050 2331 4105 sarcina
2377 4062 2566 4121 gravat
2607 4072 2620 4107 :
2662 4053 2766 4108 sub
2818 4054 3041 4123 quibus,
3092 4053 3222 4107 dum
3260 4050 3463 4106 nostrce

1873 4138 2208 4196 inﬁrmitatis
2266 4144 2600 4200 conscientia
2636 4145 2855 4211 tremit,
2916 4146 3099 4199 anima
3175 4142 3464 4200 nostrain

1874 4228 2094 4285 Christo
2122 4233 2303 4301 potius
2331 4234 2710 4292 dissolutionis
2750 4237 3017 4306 requiem,
3048 4252 3211 4306 quem
3257 4236 3309 4289 in
3339 4242 3463 4288 tan-

1875 4321 1946 4376 tis
1978 4323 2413 4391 periculisvitam
2442 4329 2608 4397 cupit.
2637 4327 2696 4381 In
2728 4324 2937 4383 tantum
2963 4328 3161 4397 quippe
3182 4325 3464 4381 commissi

1875 4414 2036 4468 nobis
2064 4413 2224 4471 oﬁicii
2253 4419 2622 4475 consideratio
2658 4435 2759 4475 nos
2804 4418 3089 4486 sollicitat,
3114 4416 3201 4485 ut,
3250 4419 3359 4473 nisi
3408 4418 3465 4472 in

1850 4506 2222 4581 orationibus
2294 4511 2665 4580 spiritualium
2732 4513 3038 4579 hominum,
3095 4519 3220 4582 post
3267 4509 3466 4579 Deum,

202 4613 375 4656 manus
423 4604 668 4674 populus
727 4613 921 4660 contra
971 4621 1181 4661 morem
1224 4607 1298 4662 ita
1346 4607 1573 4679 quiem,
1620 4618 1674 4664 ει
1719 4609 1773 4663 in
1807 4591 2058 4668 Daliqua
2088 4601 2285 4656 ﬁducia
2306 4619 2408 4658 nos
2430 4612 2785 4672 sustentaret,
2810 4621 3067 4661 curarum
3102 4603 3468 4658 immensitate

201 4704 347 4746 manu
394 4704 588 4751 nostra
646 4696 863 4751 consilii
907 4696 1061 4753 frena
1109 4698 1337 4767 dimisit,
1386 4709 1445 4755 ut
1503 4701 1779 4756 evidenter

203 4796 462 4854 appareret
519 4805 590 4844 ex
656 4787 755 4843 Dei
811 4789 1195 4845 misericordia
1265 4792 1370 4848 hoc
1437 4793 1773 4863 provenisse.

207 4869 337 4932 Unde
357 4889 583 4952 accepto
621 4876 858 4936 consilio
890 4883 997 4937 hoc
1029 4883 1346 4950 statuimus,
1402 4892 1463 4938 ut
1510 4895 1635 4955 post
1678 4887 1778 4940 tri-

206 4962 417 5025 duanum
443 4972 751 5043 jejunium,
788 4982 912 5043 post
957 4972 1207 5030 Litanias
1242 4982 1297 5029 et
1326 4976 1623 5032 multorum
1651 4993 1779 5033 ora-

1880 4705 2036 4746 mens
2068 4702 2257 4747 nostra
2288 4698 2691 4752 succumberet.
2737 4696 2986 4752 Peccatis
3025 4696 3171 4752 enim
3216 4695 3467 4750 facienti-

1879 4784 2003 4849 bus,
2028 4785 2102 4839 ita
2136 4800 2275 4856 pene
2307 4796 2457 4843 totus
2485 4789 2723 4843 mundus
2752 4789 2808 4844 in
2853 4786 3095 4861 maligno
3124 4788 3467 4859 estpositus,

1878 4883 1940 4929 ut
1990 4892 2183 4931 omnes
2239 4877 2314 4949 (et
2355 4875 2655 4951 praecipue
2684 4878 2793 4949 qui
2837 4880 2890 4935 in
2952 4880 3193 4937 Ecclesia
3251 4880 3469 4937 Przelati

1877 4970 2029 5036 sunt)
2053 4956 2174 5024 eam
2208 4966 2388 5027 nullius
2414 4973 2763 5039 conturbare,
2796 4990 2964 5047 quam
2995 4972 3137 5029 ﬁdeli
3185 4973 3471 5028 devotione
