3986 5386
428 392 497 452 at
1647 389 1686 447 s
1736 385 2133 446 caueamus
2174 382 2262 438 vn
2298 345 2524 440 para
3634 366 3708 426 se

432 507 727 567 defendere
782 506 867 562 vel
900 504 1175 563 celebrare
1216 467 1569 569 contendant,
1613 512 1688 568 et,
1719 502 1850 560 dum
1901 499 2018 556 suis
2045 500 2092 556 Α
2117 495 2263 551 unde
2292 499 2535 559 venerat,
2562 490 2709 546 illico
2735 501 2952 543 reversa
3005 492 3108 540 est.
3147 481 3496 555 Stupefactus
3537 481 3707 552 igitur

435 608 538 656 aut
576 599 748 657 lucris
779 607 875 655 aut
903 597 1188 670 praesentis
1221 595 1410 668 gloria:
1451 593 1734 652 desideriis
1785 593 2020 660 inhiant,

434 693 720 759 omnibus,
737 707 861 764 quae
887 691 958 746 ad
985 689 1306 760 religionem
1329 697 1384 743 et
1413 687 1689 759 justitiam
1721 683 1818 740 Dei
1849 681 2018 756 perti-

435 791 593 848 nent,
641 797 704 838 se
753 783 912 838 velut.
933 781 1122 837 hostes
1149 789 1443 852 opponant.
1495 777 1618 846 Quo
1654 777 1832 849 magis
1860 775 2022 832 nobis

435 873 728 930 dolendum
755 881 868 939 est,
895 871 991 944 qui
1029 879 1344 942 susceptum
1389 869 1714 926 universalis
1768 865 2022 924 Ecclesia

435 964 682 1036 regimen
715 964 769 1020 in
791 949 941 1020 tanta
969 962 1302 1030 diﬁicultate,
1345 977 1448 1018 nec
1469 961 1572 1018 rite
1613 959 2020 1028 administrare,

436 1071 539 1112 nec
578 1064 697 1115 tuto
723 1056 977 1114 deserere
1015 1069 1332 1128 possumus.
1357 1053 1634 1122 Ceterum,
1665 1053 1795 1125 quia
1817 1053 1940 1110 ﬁdei
1969 1063 2022 1109 et

437 1147 761 1206 constantiae
783 1147 1042 1204 virtutem
1066 1147 1325 1219 (donante
1347 1145 1480 1218 Deo)
1513 1146 1569 1202 in
1609 1154 1662 1201 te
1699 1145 1862 1202 sitam
1898 1159 2020 1202 esse

435 1239 830 1320 cognovimus;
867 1254 1106 1307 omnem,
1144 1255 1310 1312 quam
1355 1245 1570 1311 oportet
1624 1237 1678 1294 in
1733 1236 2022 1295 carissimo

439 1327 500 1385 S.
540 1329 690 1386 Petti
732 1331 866 1400 lilio,
919 1331 974 1386 in
1011 1339 1065 1386 te
1108 1331 1365 1388 ﬁduciam
1419 1331 1704 1396 habentes,
1775 1323 2020 1385 animum

435 1429 597 1477 tuum
624 1422 694 1478 de
726 1430 919 1480 nostra
949 1423 1136 1479 itidem
1161 1422 1608 1480 constantissima
1631 1421 1941 1487 dilectione,
1967 1428 2024 1476 et

437 1526 572 1588 erga
612 1513 854 1573 honores
894 1523 1021 1572 tuos
1049 1515 1460 1587 promptissima
1491 1514 1794 1582 voluntate,
1816 1528 2024 1584 nequa-

437 1618 608 1675 quam
631 1605 882 1664 dubitare
915 1607 1195 1664 volumus.
1225 1607 1300 1664 De
1327 1623 1454 1680 rege
1473 1623 1606 1668 vero
1645 1613 1884 1664 mentem
1922 1620 2023 1660 no-

435 1703 610 1754 stram
633 1705 689 1754 et
725 1699 1056 1756 desiderium
1097 1701 1255 1771 plene
1285 1713 1616 1772 cognoscere
1636 1705 1826 1770 potes;
1851 1696 2020 1768 quod,

436 1799 704 1860 quantum
733 1790 786 1846 in
809 1791 1044 1848 Domino
1065 1792 1331 1863 sapimus,
1353 1793 1628 1846 neminem
1649 1790 1718 1846 de
1743 1787 1867 1860 ejus
1885 1804 2023 1860 pra:-

436 1881 582 1936 senti
593 1897 660 1937 ac
681 1879 865 1939 futura
885 1883 1058 1956 gloria
1083 1891 1180 1938 aut
1196 1882 1594 1949 sollicitiorem,
1616 1889 1714 1936 aut
1728 1878 2024 1951 copiosiori

436 1973 716 2032 desiderio
747 1975 907 2034 nobis
958 1973 1203 2048 praeferri
1241 1975 1536 2032 credimus.
1574 1973 1674 2031 Est
1715 1972 1882 2029 etiam
1909 1971 2026 2027 haec

439 2067 698 2127 voluntas
728 2076 942 2136 nostra,
979 2077 1064 2137 ut,
1101 2067 1342 2140 primum
1371 2067 1554 2126 oblata
1574 2065 1736 2124 nobis
1765 2072 2027 2136 opportu-

436 2157 631 2226 nitate,
665 2173 766 2234 per
787 2160 1010 2216 nuntios
1037 2167 1284 2230 nostros,
1323 2174 1489 2231 super
1529 2159 1618 2216 his
1651 2155 1864 2229 quaead
1893 2169 2024 2225 pro-

437 2247 643 2306 fectum
685 2249 944 2308 Ecclesiae
971 2259 1027 2307 et
1062 2252 1330 2316 honorem
1373 2251 1557 2324 Regia:
1586 2249 1868 2322 dignitatis
1912 2259 2029 2303 sua

439 2340 718 2411 pertinere
770 2345 1136 2412 arbitramur,
1179 2353 1405 2415 paterna
1445 2359 1572 2398 eum
1633 2341 1926 2398 dilectione
1974 2346 2030 2394 et

441 2431 815 2494 admonitione
849 2435 1260 2492 conveniamus.
1308 2435 1466 2503 Quod
1511 2435 1558 2491 si
1605 2448 1705 2490 nos
1760 2431 2024 2500 audierit,

439 2537 552 2580 non
613 2525 774 2582 aliter
821 2527 889 2585 de
930 2527 1052 2600 ejus
1093 2543 1261 2599 quam
1301 2527 1370 2583 de
1417 2535 1606 2582 nostra
1669 2525 1845 2582 salute
1889 2540 2027 2598 gau-

441 2614 726 2687 debimus;
777 2635 946 2690 quam
1004 2628 1136 2675 tunc
1186 2619 1492 2675 certissime
1533 2617 1638 2674 sibi
1677 2617 1882 2674 lucrari
1930 2631 2031 2687 po-

442 2709 592 2778 terit,
613 2711 685 2777 si,
709 2711 763 2766 in
787 2713 1017 2789 tenenda
1043 2711 1277 2783 justitia,
1300 2711 1505 2768 nostris
1533 2711 1759 2766 monitis
1781 2710 2031 2766 etconsi—

443 2799 534 2858 liis
560 2802 914 2873 acquieverit.
946 2803 1044 2860 Sin
1074 2819 1208 2860 vero
1233 2803 1405 2876 (quod
1435 2819 1547 2859 non
1571 2807 1849 2874 optamus)
1871 2803 2032 2858 nobis

443 2893 630 2948 odium
656 2909 758 2966 pro
781 2895 1108 2964 dilectione;
1132 2896 1496 2968 omnipotenti
1532 2903 1715 2951 autem
1755 2894 1887 2963 Deo,
1931 2910 2031 2966 pro

445 2993 599 3042 tanto
629 2986 840 3044 honore
895 2988 1001 3045 sibi
1039 2989 1274 3056 collato,
1315 2989 1713 3046 dissimulando
1759 2988 2031 3060 justitiam

2123 601 2267 642 novo
2297 583 2570 642 miraculo
2613 579 2876 644 rusticus,
2922 586 3086 646 atque
3126 583 3250 646 post
3300 585 3521 645 paulum
3551 575 3620 628 ad
3643 586 3710 628 se

2122 692 2397 734 reversus.
2432 675 2500 731 ad
2522 672 2743 744 propria
2776 669 3040 725 remeavit

2191 791 2285 847 25.
2315 785 2578 860 Sequenti
2608 793 2768 842 nocte
2810 793 2922 841 tres
2952 781 3075 850 viri,
3120 780 3310 838 habitu
3346 781 3545 836 decoro
3591 774 3710 832 vnio

2123 892 2289 955 tuque
2339 880 2642 952 splendido,
2694 877 2745 935 ei
2805 881 3174 948 apparuerunt
3205 893 3219 930 :
3247 887 3484 944 quorum
3535 885 3708 937 unus,

2119 973 2318 1030 vestitu
2347 973 2628 1029 succincto
2655 969 2972 1040 canicieque
3005 965 3240 1033 decenti,
3268 965 3500 1036 ﬁguram
3536 960 3705 1028 Petri,

2122 1066 2206 1138 (ut
2242 1065 2298 1120 in
2342 1063 2570 1135 picturis
2609 1060 2798 1117 videre
2833 1059 3064 1130 solebat)
3092 1057 3196 1113 sibi
3218 1064 3491 1128 expressit
3515 1073 3534 1109 ι
3564 1054 3712 1110 alius

2121 1158 2274 1214 vultu
2293 1155 2631 1228 splendidus,
2660 1161 2869 1210 statura
2892 1165 3176 1222 procerus,
3205 1149 3262 1204 in
3285 1146 3708 1204 admirationem

2122 1248 2286 1305 simul
2329 1257 2386 1302 et
2432 1247 2684 1302 timorem
2713 1243 2982 1300 convertit
3017 1241 3414 1312 inspectorem;
3459 1238 3740 1305 tertium,’

2121 1339 2280 1410 cujus
2307 1337 2589 1410 qualitatis
2615 1346 2782 1404 esset,
2825 1351 2936 1392 non
2983 1334 3122 1390 adeo
3165 1331 3384 1389 curiose
3431 1332 3710 1404 quasivit.

2120 1429 2357 1489 Proinde
2381 1429 2651 1486 aﬁ‘abilior
2669 1429 2868 1484 horum
2892 1427 3079 1492 trium,
3106 1425 3232 1496 quis
3251 1431 3399 1481 esset
3423 1423 3518 1479 diu
3547 1423 3714 1479 haesi-

2123 1531 2268 1589 tans,
2293 1522 2513 1578 tandem
2543 1536 2744 1577 canum
2773 1519 2928 1574 illum
2958 1532 3213 1574 sermone
3241 1530 3551 1588 aggressus,
3583 1513 3715 1585 quis

2122 1614 2212 1671 ille
2223 1614 2398 1686 major
2406 1621 2573 1679 esset,
2587 1612 2671 1668 vel
2694 1627 2807 1682 quo
2816 1600 3130 1666 censeretur
3141 1607 3381 1673 nomine,
3396 1605 3716 1662 sciscitatus

2121 1714 2206 1764 est
2228 1724 2242 1762 :
2265 1721 2294 1761 a
2317 1721 2430 1777 quo
2451 1719 2799 1774 responsum,
2813 1701 2961 1774 quod
2977 1700 3070 1756 Sol
3090 1708 3404 1766 vocaretur,
3413 1697 3715 1768 accipiens,

2122 1795 2347 1868 insuper
2372 1797 2445 1852 ita
2474 1796 2792 1866 increpatus
2825 1802 2912 1849 est
2937 1813 2950 1848 :
2979 1792 3160 1861 Quare
3209 1807 3321 1846 non
3372 1788 3716 1848 annuntiasti

2127 1887 2423 1961 Gregorio,
2445 1888 2593 1959 quod
2629 1886 2747 1942 beri
2777 1885 3000 1942 vidisti?
3049 1883 3142 1940 llle
3187 1899 3319 1938 vero
3365 1880 3714 1954 perterritus,

2126 1979 2263 2034 nihil
2287 1995 2346 2036 se
2361 1979 2564 2034 vidisse
2574 1986 2828 2034 testatur.
2843 1975 3127 2032 Oblitusne
3143 1991 3222 2042 es,
3243 1973 3442 2045 inquit,
3455 1971 3604 2043 quod
3620 1986 3716 2026 co-

2127 2071 2368 2128 lumbam
2415 2070 2535 2126 heri
2573 2071 2718 2126 inter
2744 2069 3037 2125 Missarum
3071 2067 3336 2123 solemnia
3380 2063 3718 2136 requievisse

2126 2179 2292 2235 super
2312 2163 2603 2218 humerum
2625 2162 2746 2233 ejus
2771 2160 3010 2217 videris?
3038 2167 3322 2230 totamque
3343 2157 3638 2221 visionem,
3657 2162 3720 2209 ut

2127 2255 2356 2321 viderat,
2381 2254 2486 2310 sibi
2516 2254 2768 2310 retexuit.
2794 2253 3000 2309 Deinde
3026 2252 3284 2324 praecepit
3305 2251 3360 2307 ei
3404 2259 3462 2305 ut
3487 2256 3726 2319 quanto-

2127 2347 2247 2407 cias
2269 2347 2338 2402 ad
2362 2345 2685 2418 Gregorium
2723 2345 2848 2413 iret,
2889 2345 3020 2414 quia
3057 2344 3246 2399 eadem
3289 2343 3378 2398 die
3428 2341 3553 2398 inde
3598 2349 3722 2396 erat

2129 2439 2496 2508 transiturus,
2519 2447 2684 2509 atque
2712 2452 2781 2492 ex
2813 2436 3007 2492 ordine
3041 2435 3092 2491 ei
3117 2435 3384 2490 visionem
3439 2433 3719 2489 recitaret.

2131 2530 2288 2586 Mane
2317 2530 2464 2586 facto
2499 2516 2762 2595 rusticus,
2808 2528 2940 2600 quid
2999 2536 3184 2599 ageret
3225 2527 3504 2594 dubitans,
3553 2533 3724 2594 atque

2130 2622 2399 2678 visionem
2431 2622 2745 2676 illusionem
2785 2636 2909 2676 esse
2939 2635 3124 2675 secum
3153 2627 3512 2689 pertractans,
3533 2631 3727 2688 quem-

2131 2715 2258 2772 dam
2287 2715 2535 2786 ejusdem
2571 2713 2678 2769 loci
2717 2712 3037 2784 religiosum
3080 2711 3259 2766 virum
3309 2711 3440 2776 adit,
3489 2717 3544 2764 et
3587 2706 3727 2779 quid

2133 2808 2236 2863 sibi
2261 2807 2439 2862 visum
2470 2805 2664 2862 fuisset
2693 2803 2980 2860 intimavit.
3006 2802 3060 2858 Id
3092 2811 3273 2858 autem
3310 2801 3526 2859 consilii
3565 2813 3746 2874 accc-1

2134 2899 2232 2969 pit,
2277 2907 2548 2970 quatenus
2610 2896 2904 2953 Dominum
2936 2895 3155 2965 ~obnixe
3204 2896 3589 2966 deprecaretur
3639 2899 3721 2958 ut,

2135 2991 2183 3046 si
2219 3008 2285 3047 ex
2309 2991 2401 3045 illo
2432 2991 2548 3047 haec
2585 2990 2724 3046 visio
2748 2989 2964 3056 fuisset,
2997 2987 3240 3044 secundo
3268 3003 3332 3043 ac
3361 2987 3523 3040 tertio
3547 2984 3598 3052 ei
3628 2998 3720 3038 re-

442 3077 584 3147 ejus,
607 3087 980 3152 contemptum
1029 3096 1140 3136 non
1177 3097 1244 3136 ex
1297 3097 1457 3152 :equo
1504 3081 1834 3150 reddiderit;
1861 3081 2033 3137 inter-
2135 3084 2314 3148 velare
2335 3083 2688 3156 dignaretur:
2717 3083 2863 3154 quod
2899 3083 2972 3136 ita
3009 3081 3247 3136 rusticus
3274 3079 3466 3134 devote
3491 3073 3721 3148 peregit.

450 3169 705 3237 minatio,
732 3187 842 3242 qua
871 3172 1105 3228 dicitur:
1135 3193 1153 3225 ι
1176 3171 1491 3228 Maledictus
1515 3175 1702 3239 homo,
1731 3175 1824 3244 qui
1848 3174 2036 3245 probi-
2059 3189 2103 3246 α
2138 3174 2388 3231 Secunda
2427 3177 2596 3247 igitur
2650 3184 2810 3230 nocte
2859 3175 2991 3230 item
3044 3170 3436 3237 commonitus,
3465 3166 3726 3224 obnixius

443 3261 538 3316 bet
559 3262 798 3332 gladium
833 3279 994 3320 suum
1018 3281 1049 3318 a
1081 3265 1398 3335 sanguine,»
1429 3280 1594 3335 super
1620 3281 1742 3331 nos,
1765 3264 1877 3320 Deo
1903 3282 2032 3336 pro—
2135 3269 2389 3336 precibus
2421 3268 2638 3321 institit.
2670 3265 2854 3320 Tertia
2887 3279 3017 3319 vero
3045 3272 3238 3329 nocte,
3262 3277 3387 3318 cum
3432 3260 3595 3315 iidem
3619 3257 3727 3312 viri

445 3352 688 3418 vidente,
722 3369 833 3409 non
867 3355 1064 3410 veniet.
1094 3354 1280 3426 Neque
1301 3357 1445 3411 enim
1485 3357 1716 3412 liberum
1743 3357 1902 3412 nobis
1927 3366 2034 3423 est,

2135 3358 2434 3413 terribilius
2465 3359 2628 3412 solito
2657 3374 2714 3414 se
2744 3355 3102 3427 iugessissent
3143 3373 3156 3408 :
3201 3352 3458 3423 praecepit
3482 3350 3534 3405 ei
3577 3366 3729 3406 unus

447 3444 681 3514 alicujus
708 3447 986 3516 personali
1017 3447 1190 3516 gratia
1216 3447 1388 3517 legem
1417 3445 1513 3502 Dei
1549 3455 1899 3518 postponere,
1941 3456 2038 3504 aut
2135 3460 2216 3514 ut,
2249 3449 2294 3503 si
2326 3459 2491 3505 vitam
2533 3448 2851 3518 aliquandiu
2885 3447 3044 3501 vellet
3065 3445 3300 3510 diﬁerre,
3338 3460 3404 3498 ne
3427 3442 3726 3509 dubitaret,

448 3552 480 3591 a
503 3535 722 3592 tramite
745 3537 1093 3595 rectitudinis
1123 3554 1222 3610 pro
1269 3538 1510 3594 humano
1545 3538 1731 3594 favore
1761 3539 2032 3607 recedere,

449 3628 664 3685 dicente
713 3629 978 3700 Apostolo
1015 3649 1029 3686 :
1081 3629 1139 3685 Si
1184 3631 1501 3686 hominibus
1565 3630 1779 3700 placere
1817 3631 2036 3698 vellem,

452 3735 648 3776 servus
683 3719 780 3776 Dei
823 3736 930 3776 non
965 3737 1166 3778 essem.
1215 3720 1351 3778 Data
1385 3721 1572 3778 Romae
1617 3739 1655 3778 ιι
1693 3721 1833 3778 Non.
1885 3722 2036 3792 Maii,

451 3809 755 3869 Indictione
783 3830 868 3869 χι.

523 3905 615 3960 24.
639 3904 772 3961 Post
792 3905 926 3973 haec,
951 3905 1256 3964 Pontiﬁcali
1267 3907 1642 3964 benedictione
1656 3907 2034 3976 conﬁrmatus,

2134 3541 2281 3609 quod
2306 3540 2498 3610 jussus
2539 3541 2736 3605 fuerat,
2762 3537 2995 3594 Domino
3023 3535 3338 3607 Apostolico
3365 3533 3726 3600 denuntiare;

2135 3651 2199 3689 ac
2228 3634 2546 3716 subintulit:
2573 3632 2631 3687 Si
2654 3640 2873 3696 tu,cum
2909 3644 3078 3700 prope
3109 3627 3306 3694 fuerat,
3321 3627 3492 3697 jussis
3521 3626 3730 3682 nostris

2137 3727 2363 3783 minime
2386 3727 2796 3795 obtemperasti,
2821 3737 3043 3778 necesse
3084 3731 3169 3776 est
3202 3729 3252 3775 te
3288 3727 3414 3790 post
3442 3733 3567 3772 eum
3605 3718 3733 3774 lon-

2137 3817 2260 3890 gius
2283 3819 2464 3873 eundo
2502 3818 2774 3872 laborare.
2803 3815 2910 3870 Sed
2946 3814 3057 3868 ille.
3079 3811 3284 3868 certius
3309 3810 3488 3865 adhuc
3523 3808 3728 3880 aliquid

2138 3910 2208 3965 ab
2236 3911 2321 3965 bis
2343 3910 2538 3966 elicere
2577 3909 2848 3979 gestiens,
2875 3905 3012 3961 dixit
3045 3924 3056 3958 :
3094 3902 3207 3976 Ego
3232 3902 3450 3974 quidem
3487 3903 3726 3956 rusticus

454 4011 621 4066 quam
652 4006 910 4068 acceptus
933 3999 1038 4054 sibi
1069 3998 1232 4056 fuerit
1259 4041 1276 4066 ,
1306 4001 1373 4055 ad
1421 4000 1730 4070 exemplum
1760 3999 2041 4072 Evangelii
2140 4019 2261 4058 sum
2293 4011 2347 4057 et
2377 4002 2651 4068 indoctus,
2679 4001 2811 4071 quid
2844 3999 2979 4054 mihi
3002 4000 3057 4051 in
3081 3997 3300 4067 signum
3327 3993 3567 4059 dabitur,
3601 4001 3660 4048 ut
3693 4009 3725 4046 a

455 4087 617 4143 Pater
671 4090 912 4146 celestis
957 4092 1216 4159 ostendit,
1265 4093 1528 4163 quoniam
1583 4091 1861 4164 mysteria,
1915 4109 2042 4162 quae
2139 4095 2234 4150 tali
2265 4110 2500 4164 persona
2525 4093 2816 4150 credatur?
2858 4090 3015 4146 Unus
3040 4105 3254 4154 eorum,
3277 4087 3370 4157 qui
3400 4094 3613 4140 tantum
3642 4099 3732 4138 so-

457 4181 744 4240 abscondit
779 4199 814 4238 a
859 4183 1198 4254 sapientibus
1254 4193 1310 4240 et
1352 4183 1733 4254 prudentibus,
1782 4185 2043 4242 revelavit
2139 4188 2286 4243 lebat
2311 4203 2409 4258 pro
2431 4186 2630 4242 ceteris
2650 4185 2830 4256 loqui,
2854 4182 3101 4240 dicebat:
3125 4177 3252 4234 llaec
3270 4179 3418 4235 dices
3440 4175 3728 4247 Gregorio,

455 4275 716 4344 parvulis.
750 4273 888 4331 Nam
914 4275 1025 4332 duo
1059 4276 1274 4342 rustici,
1295 4291 1406 4331 non
1430 4276 1772 4346 improbabili
1799 4277 2039 4332 curiosi-
2142 4281 2289 4352 quod
2333 4279 2498 4335 etiam
2551 4279 2668 4348 ipse
2710 4292 2900 4332 verum
2942 4289 3064 4330 esse
3108 4271 3389 4344 cognoscit
3423 4288 3437 4325 :
3466 4267 3729 4339 quoniam

456 4374 568 4422 tate
595 4367 766 4430 ducti,
803 4383 931 4425 cum
950 4368 1242 4424 adventum
1267 4368 1395 4424 novi
1422 4366 1706 4424 Pontiﬁcis
1727 4368 1782 4421 in
1813 4367 2040 4424 Latera-
2144 4372 2409 4428 accedens
2439 4369 2508 4424 ad
2537 4370 2729 4435 altare,
2751 4367 2899 4439 quod
2939 4365 3130 4420 eodem
3167 4364 3254 4420 die
3280 4361 3560 4433 cogitavit,
3585 4360 3732 4430 apud

459 4473 588 4514 nam
644 4459 926 4516 dioecesim
973 4460 1393 4530 comperissent,
1447 4459 1514 4514 ad
1570 4459 1866 4514 videndum
1910 4475 2037 4516 eum
2145 4463 2572 4532 omnipotentem
2597 4459 2889 4515 Dominum
2913 4458 3205 4527 impetrare
3225 4455 3443 4510 meruit.
3471 4452 3734 4509 Rusticus

460 4551 668 4606 mutuis
726 4551 1200 4608 cohortationibus
1289 4550 1570 4622 instigati,
1629 4549 1697 4605 ad
1741 4550 2044 4606 ecclesiam
2077 4536 2124 4591 Ῑ)
2147 4555 2214 4610 ad
2241 4553 2561 4624 Gregorium
2587 4552 2928 4622 perveniens,
2961 4557 3233 4604 secretum
3269 4547 3339 4602 ab
3360 4561 3427 4600 eo
3460 4544 3648 4616 petiit;
3675 4552 3733 4599 et

461 4650 774 4711 properant.
807 4641 930 4708 Quo
967 4659 1093 4700 cum
1141 4643 1535 4714 pervenissent,
1562 4643 1886 4698 invenerunt
1915 4658 2044 4698 eum
2147 4663 2270 4717 quae
2306 4645 2516 4700 itineris
2543 4653 2597 4698 et
2620 4643 2824 4699 laboris
2849 4641 2969 4712 ejus
2995 4657 3156 4696 causa
3185 4639 3482 4702 extitisset,
3505 4635 3735 4691 ﬁdeliter

457 4731 618 4802 juxta
641 4733 813 4788 altare
840 4733 1128 4792 Missarum
1167 4733 1432 4793 solemnia
1457 4734 1842 4790 celebrantem.
1872 4733 2046 4801 Quem
2146 4737 2464 4795 insinuavit.
2495 4735 2590 4791 llle
2639 4751 2776 4790 vero
2807 4734 3038 4805 benigne
3073 4731 3360 4788 subridens
3378 4770 3394 4796 ,
3417 4744 3482 4784 ac
3514 4727 3732 4798 signum

463 4825 684 4880 curiose
721 4824 1092 4895 inspieientes,
1115 4842 1308 4884 omnes
1321 4835 1504 4882 motus
1522 4825 1770 4896 corporis
1791 4835 1846 4881 et
1863 4835 2048 4897 gestus
2147 4843 2618 4901 praecognoscens,
2650 4827 2938 4891 rusticum,
2963 4831 3127 4880 tanta:
3147 4821 3432 4893 legationis
3455 4819 3733 4886 nuntium,

464 4916 587 4987 ejus
635 4916 882 4987 diligenti
925 4917 1396 4974 animadversione
1432 4925 1714 4974 notarunt.
1765 4916 1870 4974 Sed
1910 4919 2049 4973 alter
2147 4923 2214 4978 ad
2239 4937 2337 4978 sua
2359 4919 2708 4991 regredicum
2729 4917 3042 4988 Apostolica
3062 4914 3435 4970 benedictione
3459 4911 3732 4982 permisit.

463 5023 657 5046 mrum
685 5009 830 5046 valui
865 5009 917 5046 in
941 5011 1178 5048 onclouin
1210 5018 1400 5048 mne-aa
1435 5010 1567 5050 vidit
1595 5010 1905 5050 nnlnmlmln
1931 5009 2026 5052 [ΘΞ

2217 5013 2287 5052 θκ
2340 5010 2686 5052 Δῑὶηηιιηηιιρ
2712 5017 2953 5052 ιρηιηοιιρ
2985 5005 3117 5052 (9.“-
3137 5020 3260 5052 cum
3283 5003 3519 5052 maxima
3534 5001 3738 5052 detine-
