3986 5386
239 299 304 356 53
1203 301 1740 362 PROLEGOMENA.
1778 330 1847 339 κ-
1882 301 2065 358 ACTA
2096 302 2152 360 S.
2184 304 2528 363 GREGORII.

3420 316 3499 372 ει
3524 382 3543 394 ί,

239 434 300 473 an
322 419 525 476 nubere
552 421 743 487 vellet,
778 420 1083 492 requisivit.
1129 419 1278 487 Post,
1306 428 1520 490 recepta
1550 421 1804 486 sanitate,
1836 415 1881 470 Α
1975 418 2066 472 28.
2094 416 2237 475 Inter
2265 420 2415 484 haec,
2457 428 2659 491 quanta
2693 419 3000 476 obedientia
3020 429 3172 476 tanto
3197 423 3314 477 viro
3339 416 3495 479 exbi¥

237 511 354 565 dum
382 512 559 571 solitis
585 513 897 570 rationibus
922 512 1279 578 incumberet,
1308 528 1406 569 nec
1437 512 1812 568 recordatione

236 603 621 672 prateritorum
640 607 939 671 malorum,
953 620 1053 660 nec
1074 620 1168 675 spe
1184 604 1492 665 futurorum
1512 605 1808 671 bonorum.

234 704 317 748 aut
347 696 644 761 desiderio,
689 706 768 763 et,
819 705 879 752 ut
920 696 1157 752 breviter
1198 696 1622 757 concludamus.
1662 698 1811 754 nullo

232 786 473 842 modoad
503 788 635 854 hoc,
662 797 724 843 ut
765 790 958 845 saltem
1002 803 1167 843 unam
1219 788 1573 859 lacrymulam
1629 790 1811 859 expri-

236 893 369 932 mere
403 881 637 945 valeret,
662 882 974 952 pertingere
1012 879 1205 951 potuit.
1254 879 1356 934 Diu
1400 880 1566 951 igitur
1611 889 1810 939 maesto

232 970 399 1025 animo
439 972 742 1026 revolvens
783 972 916 1042 quid
949 972 1167 1042 egisset,
1214 987 1325 1041 quo
1392 972 1590 1026 delicto
1637 971 1807 1028 Deum

232 1060 553 1129 ofendisset,
580 1078 695 1133 qua
728 1063 964 1133 denique
989 1064 1146 1133 culpa
1183 1062 1367 1118 datam
1405 1063 1508 1118 sibi
1543 1079 1809 1134 compun-

228 1151 407 1208 ctiouis
430 1154 672 1225 gratiam
696 1156 1053 1224 perdidisset;
1086 1154 1325 1222 tandem,
1353 1163 1651 1225 temperato
1672 1172 1808 1211 mre-

231 1258 354 1308 mre,
376 1244 428 1298 id
457 1247 684 1300 consilii
713 1247 921 1317 accepit
945 1255 1003 1300 ut
1047 1246 1331 1318 religiosos
1362 1248 1510 1303 viros
1542 1265 1726 1304 secum
1752 1250 1805 1304 in

225 1336 428 1407 jejuuiis
466 1345 525 1392 et
561 1338 1257 1408 orationibus’supplicare
1284 1338 1517 1395 Domino
1547 1342 1807 1411 deposce-

229 1435 327 1493 ret;
364 1437 647 1498 quatenus
675 1431 727 1484 ei
774 1430 1014 1485 revelare
1038 1431 1356 1502 dignaretur
1405 1448 1505 1503 pro
1533 1450 1639 1505 qua
1663 1450 1805 1490 noxa

227 1517 409 1573 donum
457 1519 562 1586 illi,
614 1521 767 1591 quod
817 1521 1023 1592 pridem
1080 1521 1351 1590 habuerit,
1386 1525 1659 1580 sublatum
1710 1527 1801 1582 sit.

1913 508 2088 564 benda
2115 509 2276 576 l'oret,
2304 511 2615 567 Hermanuo
2638 519 2769 566 tunc
2795 514 3055 582 temporis
3082 515 3379 581 Cardinali,
3397 514 3492 571 sed
3518 496 3525 535 ί

1911 601 2256 669 postmodum
2270 601 2567 659 Brixiensis
2580 602 2834 658 Ecclesiae
2854 604 3069 674 praesuli
3083 600 3216 676 (25),
3229 604 3491 663 divinitus
3524 610 3529 617 ’

1912 700 2192 747 ostensum
2218 702 2318 748 est.
2367 693 2502 748 Nam
2523 710 2648 749 cum
2679 694 2749 748 ab
2772 709 2838 749 eo
2874 695 2940 750 ad
2978 698 3222 751 mensam
3254 699 3490 768 quadam
3518 696 3529 723 λ

1911 783 1997 838 die
2023 792 2249 840 vocatus
2278 801 2387 840 non
2407 786 2665 851 venisset,
2700 794 2856 840 nocte
2894 773 3235 857 insequenti,
3267 778 3488 845 terribi-
3520 806 3539 813 "

1911 873 1980 929 lis
2004 876 2053 929 ei
2081 878 2329 958 quaedam
2351 877 2560 947 species
2587 877 2857 947 apparuit,
2880 893 3115 949 eumque
3140 879 3490 936 vehementer
3516 888 3539 907 ν

1912 967 2228 1039 increpavit,
2255 970 2444 1024 dicens
2476 989 2487 1022 :
2524 966 2592 1023 Ut
2617 968 2768 1039 quid,
2794 968 2979 1036 miser,
2995 968 3239 1025 imitatus
3273 986 3333 1027 cs
3354 973 3492 1026 con;
3526 962 3537 995 ἶ

1912 1061 2201 1115 tumaciam
2235 1060 2445 1115 Dathan
2473 1069 2528 1115 et
2561 1059 3217 1131 Abiron,‘supersedendo
3241 1060 3490 1133 Gregorii
3508 1053 3533 1081 ·³

1908 1151 1976 1205 ad
2007 1153 2317 1206 convivium
2349 1152 2688 1217 invitatione,
2713 1152 2858 1207 sicut
2882 1152 2959 1205 illi
2990 1152 3220 1221 superbe
3263 1142 3487 1222 respue-
3516 1174 3523 1179 ·

1907 1251 2038 1298 runt
2070 1242 2241 1315 Moysi
2280 1243 2347 1298 ad
2378 1243 2669 1299 concilium
2724 1243 3104 1298 vocationem?
3155 1244 3238 1299 An
3287 1244 3527 1323 excidit;

1909 1333 2039 1398 tibi,
2066 1344 2271 1404 quanta
2294 1334 2460 1389 millia
2492 1334 2724 1388 millium
2769 1334 2824 1388 in
2862 1322 3080 1389 inferno
3103 1335 3349 1390 demersa
3377 1333 3489 1390 sint
3518 1322 3531 1353 ⁴

1906 1434 2125 1496 propter
2172 1427 2334 1482 unius
2376 1424 2706 1495 Protoplasti
2750 1424 3212 1481 inobedientiam?
3265 1423 3487 1481 Festina
3522 1414 3533 1431 “

1905 1533 2035 1589 ergo
2077 1518 2145 1572 ad
2187 1517 2639 1583 satisfactionem,
2666 1516 2720 1571 ‘si
2776 1517 3002 1571 evadere
3046 1512 3205 1585 cupis
3248 1512 3483 1579 debitam
3521 1522 3533 1535 '”

226 1607 365 1675 Quod
396 1626 651 1682 congrua
689 1612 979 1668 devotione
1033 1622 1313 1685 peractum
1359 1624 1461 1671 est.
1508 1618 1796 1689 Completis

1905 1610 2198 1665 rebellibus
2221 1610 2647 1665 damnationem.
2671 1606 2857 1679 Itaque
2873 1624 3018 1674 mox,
3034 1608 3480 1678 utopportunitar
3510 1599 3522 1634 ῖ

224 1699 388 1770 itaque
409 1702 653 1758 duarum
691 1704 1157 1761 hebdomadarum
1197 1708 1418 1778 vigiliis,
1464 1711 1695 1781 jejunio,
1748 1720 1796 1767 et

1903 1702 2028 1756 data
2051 1710 2155 1768 est,
2175 1702 2497 1772 provolutus
2512 1710 2595 1756 est
2608 1701 2835 1771 pedibus
2856 1701 3268 1757 clementissimi
3289 1696 3450 1786 Papae
3463 1716 3482 1759 ε
3496 1704 3519 1721 ’“

227 1794 475 1861 corporali
496 1793 819 1867 disciplina,
840 1797 962 1866 pius
973 1805 1027 1853 et
1043 1799 1200 1853 velox
1223 1800 1441 1855 auditor
1467 1802 1796 1859 desiderium

1902 1808 2002 1848 nec
2032 1789 2214 1859 mora,
2240 1794 2457 1848 veniam
2503 1793 2831 1863 impetravit
2858 1794 3164 1866 lacrymosa
3205 1784 3525 1864 supplicaci’

194 1884 386 1938 ’eordis
409 1886 614 1940 tribuit
637 1887 709 1941 ei.
743 1886 880 1941 Nam
908 1890 1121 1945 cuidam
1150 1891 1427 1947 innocenti
1472 1903 1527 1948 et
1566 1896 1799 1966 simplici
1904 1884 2068 1938 ῑίοηθο
2776 1950 2779 1953 .
3236 1892 3241 1899 ’
3386 1904 3395 1908 ⁴
3462 1904 3463 1909 “

226 1976 331 2029 viro
360 1974 526 2032 Beata
571 1977 675 2034 Dei
704 1978 951 2035 Genitrix
981 1980 1036 2035 in
1075 1982 1286 2038 visione
1332 1986 1604 2055 apparuit,
1641 1970 1800 2059 eique
1969 1975 2059 2031 99·
2126 1973 2281 2032 Nunc
2326 1975 2460 2032 Ῐίδθῑ
2518 1976 2626 2031 duo
2682 1977 2947 2031 miracula
3011 1972 3319 2032 sanctitatis
3382 1986 3513 2042 μετ’

226 2068 457 2144 μεθερῇ
482 2068 683 2126 dicens
713 2090 726 2125 ε
767 2070 934 2138 vade,
960 2081 1014 2127 ει
1052 2073 1139 2128 dic
1186 2073 1467 2146 Gregorio,
1495 2080 1643 2148 quod
1672 2097 1796 2135 cum
1899 2066 1960 2121 Β.
1988 2066 2310 2138 Gregorium
2337 2066 2597 2122 divinitus
2625 2064 2767 2150 facta
2791 2068 3037 2123 breviter
3057 2067 3337 2157 assignare
3364 2081 3375 2116 :
3398 2078 3483 2157 ~ne
3508 2066 3519 2081 '

226 2173 311 2228 ego
343 2158 492 2214 illum
524 2161 588 2216 in
613 2162 845 2217 chorum
875 2163 1005 2234 (non
1051 2164 1276 2221 dubium
1315 2168 1446 2239 quin
1488 2169 1795 2243 Virginum)
1900 2157 2040 2213 forte
2062 2157 2325 2229 ingressis
2354 2158 2512 2213 nobis
2534 2157 2725 2214 silvam
2746 2158 3017 2215 densioris
3045 2152 3309 2221 historiae,
3333 2152 3480 2208 exci-

226 2250 477 2321 elegerim,
504 2252 631 2323 ipse
657 2269 689 2308 e
718 2256 997 2311 contrario
1023 2257 1179 2311 aliter
1202 2275 1368 2329 quam
1407 2261 1630 2318 deberet
1662 2262 1791 2334 egit.

1898 2250 2030 2304 dant
2054 2249 2352 2305 memoriae.
2380 2250 2628 2316 Quodam
2672 2266 2910 2321 namque
2946 2258 3209 2319 tempore,
3254 2262 3379 2302 cum
3410 2245 3481 2299 de
3516 2274 3525 2277 -

227 2339 356 2396 Novo
383 2353 571 2399 autem
596 2354 878 2415 permotus
906 2347 1082 2418 elogio
1103 2347 1417 2420 Gregorius,
1442 2354 1614 2424 magis
1635 2355 1798 2411 laesi-
1898 2354 2049 2396 more
2084 2356 2271 2397 sacras
2297 2356 2495 2397 manus
2527 2341 2789 2407 ablueret,
2827 2343 2944 2413 ipsa
2999 2338 3293 2397 ablutionis
3334 2352 3481 2407 aqua
3510 2350 3519 2385 ιλ

228 2440 325 2487 tare
346 2436 541 2505 coepit;
575 2436 949 2508 intentiusque
992 2454 1171 2505 orare,
1209 2450 1268 2495 ut
1295 2444 1536 2512 apertius
1567 2445 1669 2499 sibi
1698 2446 1795 2501 Dei

1898 2432 2072 2488 instar
2094 2434 2251 2489 lactis
2282 2431 2446 2500 facta,
2466 2448 2672 2507 aegrum
2703 2435 3016 2504 quemdam,
3038 2450 3163 2490 cum
3192 2431 3296 2487 ﬁde
3326 2446 3480 2485 recu-
3504 2448 3519 2461 ν

230 2525 607 2595 misericordia,
647 2530 780 2598 quid
801 2537 977 2595 esset,
1000 2532 1326 2589 ostenderet.
1366 2533 1566 2590 lterum
1594 2537 1792 2605 eidem,

230 2616 303 2670 cui
325 2634 505 2687 supra,
531 2620 887 2675 sanctissima
913 2620 1076 2693 Virgo
1099 2622 1268 2678 Maria
1295 2634 1468 2681 mater
1496 2626 1711 2683 Domini
1738 2629 1793 2684 in

230 2710 417 2764 somnis
435 2726 736 2780 apparens,
763 2712 940 2783 inquit
971 2732 983 2767 :
1025 2712 1148 2769 Haec
1172 2714 1321 2770 dices
1344 2714 1638 2787 Gregorio;
1664 2738 1797 2791 quo-

232 2799 357 2853 niam
405 2800 520 2871 ipse
576 2811 769 2857 contra
827 2806 1145 2874 gravitatem
1193 2805 1553 2865 institutionis
1594 2822 1794 2869 nostrae

232 2892 429 2946 monilia
452 2894 713 2948 tractavit
738 2896 913 2964 neptis
941 2912 1053 2951 sua:
1083 2917 1096 2951 :
1129 2897 1332 2954 idcirco
1359 2902 1609 2971 gratiam,
1626 2921 1791 2974 quam

232 2980 417 3050 habuit,
446 2986 657 3040 amisit.
689 2984 797 3039 Sed
826 3003 994 3053 nunc,
1017 2989 1144 3058 quia
1166 2990 1541 3059 pcenitentiam
1569 2996 1634 3050 de
1666 3013 1792 3066 pec-

1896 2525 2150 2593 perandaa
2179 2525 2432 2581 sanitatis
2456 2541 2577 2581 eam
2606 2526 2662 2580 in
2709 2541 2869 2581 usum
2922 2533 3248 2590 sumentem,
3286 2522 3478 2579 confe-
3510 2518 3514 2524 ’

1896 2617 2023 2671 stim
2052 2618 2122 2671 ab
2147 2618 2469 2688 aegritudine
2498 2618 2767 2673 liberavit.
2794 2618 2948 2685 Item,
2976 2633 3101 2672 cum
3131 2616 3183 2671 in
3216 2615 3477 2671 comitatu
3504 2631 3512 2645 τ’

1895 2709 2147 2779 gloriosae
2173 2708 2447 2765 Matbildis
2480 2710 2838 2775 delitesceret,
2879 2719 2933 2765 et
2973 2709 3179 2764 rabiem
3224 2720 3513 2777 persecu-'

1898 2800 2082 2865 tionis,
2110 2801 2177 2855 de
2202 2817 2310 2871 qua
2345 2803 2576 2872 posthac
2620 2803 2836 2872 plenius
2875 2801 3073 2857 dicturi
3115 2812 3328 2865 sumus,
3384 2799 3509 2853 ἀθέ-

1894 2892 2155 2958 clinaret;
2216 2894 2453 2963 quadam
2514 2894 2602 2949 die
2658 2893 2981 2949 venerabilis
3046 2891 3322 2948 Hubaldus
3361 2890 3476 2961 (26)

1894 2983 2219 3040 Mantuanus
2254 2983 2553 3054 Episcopus
2578 2985 2835 3040 indicavit
2858 2985 2908 3038 ei
2928 2984 3074 3054 quod
3102 2998 3310 3053 coquus
3334 2982 3476 3051 ejus,
3502 3007 3507 3011 υ

232 3082 337 3127 cato
352 3090 449 3129 suo
468 3077 702 3148 peregit,
730 3077 937 3132 donum
982 3081 1346 3152 lacrymarum
1379 3085 1621 3155 recipiet.
1656 3086 1791 3144 Hinc

1898 3075 2062 3128 nimia
2103 3075 2420 3130 inﬁrmitate
2448 3084 2840 3148 praegravatus,
2891 3076 2958 3131 de
3006 3074 3205 3130 lectulo
3253 3087 3509 3144 surgere»;

231 3164 566 3222 admonemur
594 3168 741 3223 illius
780 3169 911 3223 dicti
937 3190 949 3223 :
978 3192 995 3220 ι
1026 3170 1234 3226 Bonum
1264 3182 1348 3227 est
1369 3175 1575 3230 homini
1602 3179 1794 3233 mulie-

234 3269 330 3309 rem
350 3273 455 3313 non
480 3267 706 3330 tangere
733 3259 789 3331 (1
821 3260 943 3315 Cor.
971 3260 1143 3331 vn)?»

288 3346 368 3400 27.
403 3348 647 3415 Quadam
684 3360 1034 3424 :estate,qu;e
1064 3353 1251 3409 Romae
1276 3356 1534 3414 humanis
1552 3363 1793 3431 corpori-

236 3436 323 3490 bus
346 3441 492 3495 valde
519 3446 801 3499 contraria
829 3454 934 3511 cst,
958 3446 1089 3499 dum
1113 3447 1252 3501 idem
1292 3447 1377 3501 vir
1409 3448 1503 3504 Dei
1536 3454 1792 3509 maximis

234 3541 315 3595 per
338 3530 593 3603 integram
623 3536 1021 3592 hebdomadam
1044 3547 1297 3593 mstuaret
1319 3539 1594 3611 febribus;
1626 3559 1792 3615 appa-

236 3620 405 3677 ruit‘ei
431 3623 490 3677 Β.
522 3624 617 3681 Dei
640 3626 888 3689 Genitrix
920 3645 1135 3699 semper
1169 3628 1330 3700 Virgo
1364 3630 1566 3699 Maria;
1592 3645 1788 3705 atque,

237 3719 285 3765 ut
341 3713 757 3787 indignationem
816 3721 1148 3785 ostenderet,
1180 3730 1422 3777 ventrem
1467 3725 1586 3794 ejus
1623 3743 1790 3782 manu

238 3818 371 3858 versa
399 3809 993 3875 percutiens,recessit.
1020 3810 1224 3867 Deinde
1253 3829 1350 3882 per
1378 3816 1604 3870 alteram
1633 3820 1794 3889 septi-

238 3909 428 3951 manam
456 3900 589 3955 adeo
616 3902 935 3961 debilitatus
957 3912 1061 3970 est,
1088 3910 1147 3958 ut
1195 3905 1463 3974 respirare
1508 3923 1655 3976 eum,
1696 3911 1792 3980 qui

237 3987 414 4042 exitum
444 3992 559 4060 ejus
604 3996 1088 4063 prmstolabantur,
1132 3997 1221 4050 vix
1287 3998 1491 4053 sentire
1543 4010 1786 4070 possent.

239 4076 392 4134 Finita
448 4082 783 4141 hebdomada
826 4087 937 4153 illa,
970 4104 1163 4143 rursus
1191 4089 1258 4143 ad
1305 4104 1431 4144 eum
1483 4089 1647 4147 Beata
1694 4093 1790 4149 Dei

239 4167 475 4237 chitrix,
511 4175 645 4230 hora
673 4177 783 4232 diei
808 4179 967 4248 quasi
990 4188 1161 4245 sexta,
1189 4181 1450 4247 accessit;
1504 4184 1684 4252 qualis
1733 4201 1791 4241 se

242 4262 454 4330 haberet,
474 4273 525 4319 et
562 4267 609 4321 si
638 4270 820 4324 adhuc
852 4271 986 4326 satis
1006 4286 1292 4340 poenarum
1328 4273 1493 4328 luisse
1519 4260 1622 4330 sibi
1649 4278 1793 4332 vide-

240 4362 384 4419 retur.
413 4360 479 4415 ab
499 4375 565 4414 eo
590 4361 922 4416 sciscitatur.
949 4360 1052 4416 Cui
1076 4362 1166 4417 ille
1199 4365 1479 4433 respondit
1505 4385 1518 4418 :
1561 4366 1789 4422 Domina

1896 3180 2004 3219 nou
2027 3166 2250 3221 valeret.
2288 3167 2356 3221 At
2390 3167 2497 3233 ille,
2527 3171 2820 3222 necessarii
2852 3164 3334 3222 commutationem
3364 3180 3496 3224 non.

1894 3256 2101 3311 habens
2123 3258 2284 3311 ollicii
2304 3300 2319 3323 ,
2356 3273 2480 3312 cum
2516 3258 2620 3312 [ide
2646 3274 2816 3329 grano
2855 3259 3059 3329 sinapis
3087 3259 3491 3328 comparanda,

1892 3347 2171 3402 transtulit
2198 3358 2440 3403 montem
2473 3349 2808 3404 inﬁrmitatis
2826 3393 2840 3417 ,
2865 3358 2919 3405 et
2950 3351 3118 3406 crevit
3153 3350 3209 3405 in
3235 3349 3491 3405 validum»

1894 3439 2393 3510 gratiasospitatis.
2423 3439 2624 3495 Eadem
2661 3442 2863 3511 quippe
2906 3444 3040 3496 hora
3059 3485 3073 3509 ,
3097 3457 3205 3513 qua
3230 3441 3477 3512 jubentis

1892 3547 2081 3587 vocem
2111 3533 2337 3599 audivit,
2368 3532 2623 3599 surrexit,
2665 3548 2727 3587 ac
2789 3535 3100 3589 necessaria
3141 3534 3501 3605 preparavit:

2501 3686 2732 3743 CAPUT
2760 3688 2849 3744 Ν.

1895 3801 2134 3872 Gregorii
2174 3799 2471 3854 Decretales
2509 3798 2785 3939 {Epistolte
2818 3809 3003 3853 contra
3051 3797 3382 3857 Simoniacos
3425 3810 3499 3854 ει·

2533 3886 2848 3924 ormcarws.

2533 3886 2848 3924 ormcarws.

1856 3986 1862 3993 '
1962 3981 2195 4037 '50.Jam
2225 3990 2439 4052 tempus
2476 3983 2664 4054 exigit,
2715 3983 2925 4052 aliquot
2980 3981 3289 4040 Decretales
3330 3988 3476 4043 beati

1891 4073 2146 4130 Praesulis
2177 4074 2448 4145 Epistolas
2465 4114 2480 4141 ,
2504 4083 2695 4130 contra
2726 4075 3070 4130 Simoniacos
3098 4084 3153 4130 et
3178 4074 3474 4133 Nicolaitas

1893 4167 2008 4237 (27)
2031 4167 2086 4219 in
2110 4165 2340 4220 Galliam
2378 4175 2540 4235 atque
2570 4167 2915 4221 Germaniam
2971 4168 3327 4225 transmissas
3381 4170 3477 4238 p0-

1892 4273 2023 4314 nere
2051 4276 2062 4311 :
2092 4264 2147 4311 et
2175 4257 2426 4321 subinde,
2453 4256 2585 4325 quid
2614 4256 2717 4309 sibi
2773 4256 2899 4309 velit
2954 4271 3147 4311 saccus
3192 4259 3281 4313 ille
3327 4269 3491 4315 stcr-~

1904 4350 2127 4406 coribus
2154 4348 2584 4418 refertus,qucm
2615 4363 2779 4417 supra
2820 4347 3036 4401 Pisanis
3084 4350 3263 4404 visum
3320 4368 3471 4408 com-

240 4450 477 4518 piissima,
496 4462 552 4508 ut
581 4454 678 4507 tibi
710 4453 942 4508 videtur.
968 4452 1107 4509 Tum
1135 4455 1241 4509 leni
1267 4470 1455 4520 manu,
1483 4459 1642 4526 quasi
1666 4473 1791 4514 cor-

1898 4441 2343 4507 memoravimus,
2386 4441 2644 4510 aliquam,
2681 4447 2742 4493 ut
2784 4439 3157 4510 promisimus,
3200 4444 3487 4515 conjectu-,

243 4556 329 4611 pus
348 4545 458 4613 ejus
477 4560 808 4616 perungeus,
829 4547 899 4601 ab
927 4547 1102 4601 oculis
1128 4548 1250 4619 ejus
1266 4548 1505 4603 evanuit.
1552 4548 1677 4604 Mox
1699 4550 1792 4604 illo

241 4635 530 4691 vestimenta
580 4653 703 4703 sua,
756 4638 914 4707 quasi
971 4638 1039 4693 ad
1095 4639 1381 4694 ecclesiam
1435 4654 1793 4710 processurus

245 4729 737 4798 esset,'requirente;
778 4731 854 4794 hi,
881 4730 977 4801 qui
1012 4731 1259 4796 aderant,
1293 4724 1404 4800 pra:
1443 4732 1609 4788 nimia
1646 4735 1794 4789 infir-

247 4816 406 4871 mitate
428 4819 604 4875 minus
643 4836 836 4876 sanum
867 4822 1070 4877 sentire
1094 4823 1461 4878 azstimabant.
1491 4825 1692 4891 Atille,
1717 4828 1791 4881 nil

248 4908 355 4960 mali
376 4924 428 4962 se
460 4910 657 4966 habere
692 4911 984 4980 afﬁrmans,
1021 4921 1311 4985 extorquet
1360 4921 1418 4967 ut
1464 4916 1703 4971 vestibus
1733 4932 1792 4972 se

250 4996 463 5065 induant,
483 5010 645 5073 atque
671 5004 739 5057 ad
767 5006 1049 5060 ecclesiam
1079 5006 1400 5078 perducant.
1449 5004 1570 5073 Quo
1622 5007 1787 5076 facto,

252 5087 296 5141 iu
329 5098 516 5147 tantum
538 5096 773 5150 sanitate
801 5106 1010 5166 recepta
1034 5098 1335 5163 convaluit,
1366 5106 1426 5150 ut
1445 5099 1608 5152 etiam
1635 5116 1789 5155 sacra

1894 4549 2011 4587 ram
2053 4532 2248 4587 facere.
2297 4532 2647 4589 Denuntiatio
2709 4534 2908 4603 quippe
2959 4536 3227 4609 regularis
3253 4538 3485 4608 judicii,

1892 4624 2278 4695 praedictorum
2309 4626 2691 4680 haereticorum
2717 4628 2905 4697 eisque
2931 4628 3231 4685 faventium
3266 4643 3491 4687 concu-’

1892 4716 2033 4771 tiens
2063 4725 2118 4770 et
2142 4729 2402 4771 coercens
2431 4717 2806 4788 ignominiam,
2837 4735 2946 4775 non
2985 4722 3219 4778 absurde
3258 4724 3477 4781 videtur

1890 4806 2198 4876 comparari
2218 4821 2379 4861 sacco
2402 4817 2646 4866 stercora
2675 4812 3008 4879 continenti;
3038 4829 3201 4884 quem
3226 4816 3474 4873 videlicet

1891 4900 1976 4953 vir
2018 4906 2242 4954 sanctus
2272 4899 2679 4968 quodammodo
2714 4904 2978 4971 portavit,
3010 4906 3163 4971 dum,
3201 4906 3473 4977 Epistolas

1892 4990 2177 5054 mittendo,
2211 4995 2630 5048 conversionem
2667 5006 2880 5062 eorum,
2918 5012 3058 5066 quos
3100 4999 3329 5065 notavit,
3378 4997 3474 5055 diu

1892 5084 2157 5159 patienter
2183 5086 2489 5150 expectavit
2514 5104 2526 5138 :
2550 5086 2855 5152 exportavit
2883 5095 3086 5155 autem,
3110 5088 3332 5157 quando
3357 5104 3481 5159 per-
