3986 5386
1669 251 1730 308 8.
1769 249 2171 310 GREGORIUS
2190 249 2284 308 VII
2319 249 2516 312 PAPA.

3666 252 3737 310 56

458 364 720 433 occurrit,
767 363 836 422 ad
883 362 1140 424 Ottonem
1185 362 1664 426 Constantiensem
1713 363 2046 436 Episcbpum
2073 361 2776 437 A'guendo,-obsecraudo,
2807 355 3142 434 increpando
3179 377 3306 420 cum
3344 363 3496 420 omni
3515 365 3736 436 patien-

457 457 688 524 directa,
713 469 837 530 quae
859 457 937 514 ita
964 472 1026 515 se
1049 457 1234 514 habet.

529 550 619 606 3L
659 568 680 603 ι
713 549 1010 622 Gregorius
1040 548 1363 620 Episcopus,
1389 563 1584 605 servus
1613 563 1898 606 servorum
1924 547 2043 616 Dei,

457 640 659 698 dilecto
680 641 736 698 in
757 641 978 697 Christo
1015 640 1173 696 fratri
1201 639 1422 705 Ottoni,
1457 639 1866 704 Constantiensi
1913 639 2077 710 Epi-.

459 747 651 803 scopo,
683 733 916 789 salutem
943 740 999 788 et
1035 731 1408 803 Apostolicam
1457 731 1913 788 benedictionem.
1959 730 2048 787 ln-

460 825 664 880 stantia
703 825 1024 880 nuntiorum
1070 833 1312 892 tuorum,
1345 843 1364 877 ι
1393 833 1502 880 etc.
1570 823 1702 880 Vide
1737 825 1884 896 infra
1910 826 2050 880 inter

458 917 713 988 epistolas
748 915 806 972 S.
844 916 1106 989 Gregorii.

528 1008 620 1064 52.
664 1007 783 1076 Qua
807 1025 940 1066 vero
961 1010 1307 1068 contumacia
1345 1010 1775 1082 praenominatus
1819 1008 2047 1080 Episco-

458 1115 566 1173 pus
599 1101 834 1158 decretis
869 1103 1203 1160 salutaribus
1226 1102 1590 1169 resultaverit,
1610 1103 1696 1158 vel
1735 1102 1918 1174 potius
1961 1103 2074 1157 in-.

460 1193 766 1262 sultaverit,
815 1210 1050 1266 sequens
1096 1195 1339 1267 Epistula
1393 1195 1594 1266 prodit.
1656 1213 1675 1246 ι
1731 1193 2047 1266 Gregorius,

460 1298 656 1342 servus
705 1300 991 1342 servorum
1042 1285 1174 1355 Dei,
1216 1287 1333 1359 (28)
1401 1284 1588 1342 Ottoni
1639 1285 2052 1342 Constantiensi

461 1371 767 1448 Episcopo,
798 1379 1031 1436 salutem
1074 1389 1131 1434 et
1167 1379 1540 1452 Apostolicam
1589 1378 2077 1446 benedictionem.-

461 1463 741 1525 Perlatum
765 1480 851 1527 est
869 1472 937 1528 ad
979 1470 1112 1539 Nos,
1143 1490 1161 1524 ι
1190 1481 1295 1530 etc.
1315 1467 1324 1475 ’
1346 1473 1476 1528 Vide
1506 1473 1646 1527 inter
1668 1471 1941 1543 epistolas.

535 1561 625 1616 55.
654 1560 754 1619 Hic
777 1562 939 1622 Clero
972 1573 1028 1620 et
1047 1565 1251 1636 populo
1284 1563 1580 1621 demandat
1624 1580 1692 1620 ne
1719 1563 2052 1621 inobedienti

464 1649 736 1724 Episcopo
783 1654 1060 1712 obediant.
1105 1676 1124 1708 α
1164 1656 1462 1728 Gregorius
1502 1656 1827 1728 Episcopus,
1859 1671 2054 1713 servus

463 1758 748 1802 servorum
786 1745 906 1814 Dei,
953 1747 1182 1823 Clericis
1217 1757 1271 1804 et
1297 1748 1478 1806 Laicis
1522 1748 1824 1819 majoribus
1873 1757 1929 1804 et
1949 1749 2052 1802 πηί-

463 1836 692 1892 naribus
736 1837 790 1892 in
813 1837 1225 1895 Constantiensi
1246 1838 1576 1910 Episcopatu
1595 1840 2050 1907 consistentibus,

462 1924 836 1984 Christianam
863 1929 1035 2002 legem
1065 1930 1441 2002 diligentibus,
1465 1933 1697 1988 salutem
1733 1940 1788 1987 et
1812 1933 2050 2002 Aposto-

463 2017 627 2074 licam
656 2021 1111 2078 benedictionem.
1158 2022 1424 2082 Misimus.
1447 2024 1624 2080 Fratri
1671 2034 1882 2092 nostro,
1923 2023 2076 2095 Epi-‘

465 2125 637 2182 scopo
683 2121 890 2181 vestro,
924 2113 1134 2184 Ottoni,
1173 2134 1192 2169 ι
1220 2124 1325 2172 etc.
1375 2114 1514 2171 Vide
1545 2117 1684 2172 inter
1704 2115 1961 2187 epistolas
1988 2115 2048 2172 S.

473 2201 734 2274 Gregorii.
1027 2212 1030 2216 ’

539 2295 630 2352 54.
661 2295 740 2351 Ad
763 2295 981 2366 Laicos,
1010 2314 1111 2369 pro
1130 2299 1465 2371 exequendis
1491 2300 2052 2372 superioribus‘insti-

467 2385 624 2442 tutis.
655 2406 675 2438 α
720 2387 1016 2460 Gregorius
1049 2391 1373 2463 Episcopus,
1405 2406 1598 2449 servus
1625 2407 1910 2450 servorum
1935 2391 2052 2458 Dei,

469 2475 708 2535 Rodull‘o
729 2479 865 2536 Duci
889 2481 1119 2550 Sueviae,
1161 2492 1324 2555 atque
1354 2483 1651 2546 Bertholdo
1680 2484 1816 2541 Duei
1844 2485 2053 2542 Caren-

467 2576 622 2637 tauo,
673 2572 906 2629 salutem
940 2583 994 2630 ct
1038 2575 1408 2646 Apostolicam
1454 2576 1886 2633 benedictionem
1915 2578 2050 2650 (29).

469 2657 690 2719 Scimus
763 2665 1023 2735 quoniam
1101 2667 1389 2738 prudentia
1447 2675 1632 2724 vestra
1686 2669 2054 2726 miserabilem

468 2750 797 2812 Christianae
819 2757 1096 2830 religionis
1115 2759 1506 2816 desolationem
1538 2760 1843 2830 perspicaci
1872 2769 2056 2818 mente

469 2847 774 2918 perpendit,
812 2866 830 2900 ι
865 2857 970 2906 etc.
1003 2849 1142 2906 Vide
1170 2851 1310 2906 inter
1327 2851 1600 2922 epistolas.

543 2937 634 2994 55.
673 2937 804 2995 Item
825 2941 892 2997 ad
923 2940 1119 2998 Laicos
1146 2951 1248 3014 pro
1268 2944 1462 3000 iisdem
1483 2943 1768 3001 institutis.
1801 2963 1820 2997 ‹
1849 2943 2056 3017 Grego-

2144 456 2221 512 tia
2243 464 2301 512 et
2321 456 2576 512 doctrina
2619 463 2905 527 portatus;
2936 455 3030 524 s_ed
3058 471 3136 525 ex
3168 465 3307 526 tunc
3345 455 3507 529 justa
3532 457 3740 514 ultione

2145 547 2315 604 divini
2345 547 2446 604 zeli
2463 554 2806 618 exportatus,
2838 547 3140 602 secundum
3163 547 3412 603 ordinem
3425 564 3598 620 quem
3620 549 3740 605 suis

2147 639 2420 714 ultoribus
2442 639 2559 710 ipse
2607 638 2878 706 Dominus
2913 653 3010 708 per
3043 636 3380 694 Ezechielem
3406 638 3740 710 Prophetam

2147 732 2407 800 ostendit,
2437 731 2628 788 dicens
2660 750 2674 786 :
2710 731 2770 784 Α·
2806 730 3126 801 sanctuario
3165 745 3287 805 meo
3334 731 3577 802 incipite.
3606 732 3740 788 Cla-

2147 839 2271 881 mor
2298 839 2539 894 namque
2580 822 2948 880 Sodomorum
2971 822 3539 879 -et.Gomorrbeorum
3565 839 3744 894 usque

2147 915 2218 972 ad
2266 915 2452 986 ipsius
2481 903 2869 976 Pontificatum
2909 913 3305 984 multiplicatus
3348 913 3530 986 fuerat
3573 915 3744 972 nimis

2151 1006 2291 1080 (Isa.
2324 1023 2364 1075 ι,
2391 1007 2448 1077 9)
2477 1021 2492 1072 ξ
2522 1007 2580 1074 in
2601 1021 2668 1062 eo
2691 1005 2901 1062 scilicet
2927 1005 3077 1077 quod
3112 1007 3356 1076 praedicti
3383 1007 3625 1064 haeretici
3646 1024 3744 1063 eo-

2149 1083 2390 1170 rumque
2406 1097 2672 1166 fautores,
2693 1097 2866 1153 nimia
2887 1098 3150 1168 peccandi
3181 1098 3432 1155 libertate
3454 1099 3743 1166 eﬂ'raanati,

2149 1199 2436 1262 peccatum
2482 1205 2645 1246 suum
2681 1191 2828 1246 sicut
2881 1188 3120 1247 Sodoma
3179 1191 3617 1261 praedicaverunt
3640 1208 3746 1249 nec

2151 1282 2603 1338 abscondcrunt:
2646 1282 2902 1353 ideoque,
2929 1281 3038 1338 nisi
3085 1281 3350 1338 Dominus
3400 1284 3744 1351 exercituum

2151 1373 2466 1444 reliquisset
2497 1373 2660 1429 nobis
2692 1389 2878 1429 semen
2900 1373 3350 1444 incorruptionis,
3369 1375 3528 1446 quasi
3569 1373 3749 1431 Sodo-

2153 1481 2242 1531 ma
2267 1464 2596 1535 fuissemus,
2615 1473 2672 1544 et
2693 1465 2852 1536 quasi
2895 1463 3204 1520 Gomorrha
3239 1465 3448 1522 similes
3470 1482 3742 1522 essemus.

2223 1556 2313 1612 58.
2361 1555 2475 1613 Hac
2504 1556 2648 1613 fama
2678 1556 3104 1627 Jjustificatiouis
3138 1557 3381 1628 instigati
3427 1557 3736 1614 Bahenber-

2156 1663 2352 1720 genses
2375 1648 2572 1704 Clerici
2601 1647 2738 1720 (50),
2769 1631 3084 1704 detulerunt
3115 1647 3184 1704 ad
3209 1664 3382 1706 aures
3404 1650 3526 1720 ejus
3558 1649 3746 1705 Simo-

2155 1741 2376 1797 niacum
2405 1741 2693 1809 introitum
2720 1740 3208 1810 Pseudo-episcopi
3229 1741 3335 1808 sui,
3364 1742 3588 1798 nomine
3607 1741 3750 1798 Her-

2155 1833 2364 1888 manni.
2398 1831 2602 1900 Atille,
2643 1841 3072 1891 contractacnon
3096 1832 3322 1888 minima
3357 1834 3590 1904 pecunia
3617 1849 3750 1905 pre-

2152 1924 2280 1980 tiosi
2315 1925 2520 1980 metalli
2546 1933 2603 1980 et
2637 1924 2952 1980 vestimenti
2982 1924 3160 1994 copia,
3197 1925 3439 1994 speravit
3465 1925 3751 1996 Apostoli—

2153 2031 2280 2071 cum
2299 2015 2543 2086 rigorem
2570 2015 2896 2072 muneribus
2919 2015 3151 2070 emolliri
3175 2030 3337 2085 posse
3365 2035 3378 2070 :
3407 2025 3463 2072 et
3489 2017 3752 2087 approxi-

2152 2123 2312 2165 mans
2347 2107 2585 2175 Romae,-
2607 2107 2870 2164 exoravit
2908 2107 3280 2176 venerabilem
3319 2108 3442 2180 (51),
3479 2093 3750 2164 Herman-

2153 2216 2309 2266 sum,
2355 2199 2614 2256 Metensis
2656 2198 2914 2254 Ecclesia:
2963 2197 3295 2270 Episcopum
3329 2208 3385 2255 et
3413 2199 3753 2270 Apostolica:

2155 2291 2312 2348 Sedis
2333 2291 2620 2362 Legatum,
2641 2291 2738 2361 qui
2760 2299 2891 2346 tunc
2905 2289 3045 2346 forte
3061 2289 3164 2363 [in]
3181 2291 3500 2346 societatem
3526 2291 3750 2348 itineris

2153 2383 2440 2449 inciderat,
2473 2383 2550 2437 uti
2573 2397 2639 2438 se
2664 2383 2732 2437 ad
2762 2381 3054 2437 Dominum
3079 2381 3282 2452 Papam
3307 2383 3549 2452 praeiret,
3576 2393 3631 2438 et
3659 2385 3752 2438 in-

2154 2473 2470 2530 tercederet.
2505 2472 2664 2541 Quod
2695 2489 2820 2528 cum
2863 2480 3210 2541 attentasset,
3241 2482 3310 2530 'et
3344 2475 3598 2544 humana:
3627 2475 3751 2545 pla-

2152 2565 2387 2637 catiouis
2412 2581 2524 2622 non
2571 2581 2794 2637 parvam
2831 2565 3120 2620 materiam
3167 2566 3338 2621 aliore
3364 2566 3746 2637 designasset;

2153 2657 2238 2712 vir
2271 2665 2476 2728 justus,
2506 2665 2762 2717 excutere
2804 2671 3002 2712 manus
3041 2673 3172 2714 suas
3222 2657 3293 2713 ab
3331 2657 3484 2712 omni
3515 2673 3750 2714 munere

2153 2749 2372 2815 solitus,
2394 2757 2455 2804 ut
2484 2757 2602 2808 erat
2625 2748 2680 2804 in
2711 2747 2961 2810 conclavi
2987 2765 3090 2805 suo
3111 2749 3345 2820 positus,
3374 2747 3581 2820 Spiritu
3615 2765 3749 2806 san-

2154 2849 2243 2897 cto
2273 2855 2333 2896 se
2357 2839 2752 2906 inﬂammante,
2774 2840 3094 2910 respondit:
3131 2841 3239 2896 Fac
3261 2856 3408 2906 cum,
3432 2841 3480 2897 si
3507 2841 3748 2912 aliquam

2155 2931 2397 2989 ﬁdelium
2447 2931 2894 2989 communionem
2947 2932 3078 2987 velit
3129 2933 3402 2998 obtinere,
3452 2932 3510 2987 in
3563 2941 3754 3003 partes

468 3027 588 3086 rius
632 3029 955 3104 Episcopus,
1011 3050 1206 3091 servus
1257 3051 1546 3092 servorum
1594 3036 1720 3103 Dei,
1761 3037 1959 3092 dilecto
1996 3037 2052 3092 in

2157 3039 2288 3081 suas
2313 3025 2509 3093 redire,
2547 3033 2604 3080 et
2627 3023 2949 3108 monasticae
2983 3011 3197 3095 regula:
3223 3023 3534 3079 districtum
3554 3024 3754 3095 jugum

469 3119 692 3178 Christo
714 3123 826 3179 filio
845 3135 901 3181 et
919 3126 1264 3182 nobilissimo
1302 3127 1502 3182 Comiti
1525 3127 1839 3194 Adelberto,
1859 3137 1916 3183 et
1932 3128 2056 3198 ejus

471 3214 654 3280 uxori,
684 3216 916 3272 salutem
944 3216 996 3273 et
1025 3217 1399 3288 Apostolicam
1443 3218 1899 3274 benedictionem.
1924 3219 2054 3274 Gra-

473 3303 578 3360 tias
598 3304 710 3362 Dco
746 3307 1058 3374 referimus,
1097 3328 1116 3360 ›
1145 3318 1252 3365 etc.
1293 3308 1422 3364 Vide
1443 3309 1534 3363 tibi
1556 3327 1740 3380 supra.

504 3435 508 3440 η
541 3396 632 3454 56.
675 3397 747 3456 Ut
771 3401 954 3456 nullus
995 3401 1212 3456 obediat
1260 3400 1546 3472 Episcopis
1576 3400 1804 3472 praefata
1852 3409 2054 3458 statuta

470 3492 951 3548 contemnentibus
971 3493 1056 3547 vel
1087 3493 1505 3564 negligentibus.
1542 3511 1562 3544 α
1594 3492 1910 3564 Gregorius,
1934 3505 2078 3548 ser--’

472 3595 577 3635 vus
613 3597 896 3637 servorum
943 3581 1056 3649 Dei,
1097 3583 1354 3646 omnibus
1387 3582 1616 3642 Clericis
1655 3592 1710 3640 et
1762 3583 1944 3641 Laicis
1999 3584 2056 3638 in

472 3687 644 3744 regno
669 3673 1100 3730 Teutonicorum
1122 3675 1460 3742 constitutis,
1491 3675 1720 3732 salutem
1747 3684 1802 3730 et
1827 3675 2060 3746 Aposto-

472 3762 633 3820 licam
657 3765 1108 3821 benedictionem.
1156 3767 1481 3823 Audivimus
1505 3768 1652 3836 quod
1675 3767 1898 3839 quidam
1923 3766 2056 3836 Epi-

473 3870 769 3924 scaporum
820 3857 1088 3937 apulvos
1115 3859 1596 3926 commorantium,
1627 3879 1646 3912 ι
1675 3869 1780 3916 etc.
1815 3856 2056 3939 Videub'i

472 3963 656 4017 supra.

549 4037 638 4092 57.
665 4025 775 4095 Has
799 4037 1073 4112 Epistolas
1115 4051 1404 4114 prosecuta
1433 4051 1538 4110 est,
1567 4043 1686 4114 ipso
1736 4043 2059 4114 praesidente

475 4131 746 4202 generalis
777 4129 1063 4205 Synodus;
1101 4134 1161 4190 in'
1178 4137 1310 4206 qua,
1340 4135 1484 4192 sicut
1509 4144 1660 4207 gesta
1696 4134 1868 4206 ipsius
1889 4135 2063 4190 conti-

475 4230 628 4290 nent,
664 4225 934 4282 sententia
979 4227 1343 4284 anathcmatis
1363 4214 1489 4284 data
1526 4228 1692 4284 estin
1731 4243 1923 4282 omnes
1967 4227 2059 4282 Si-

477 4315 764 4373 moniacos
787 4303 1159 4374 ct'Nicolaitas
1199 4320 1508 4386 haereticos,
1529 4320 1624 4390 qui
1650 4320 1705 4374 in
1732 4319 1937 4375 erroris
1972 4319 2066 4375 sui

477 4416 626 4463 secta
665 4409 928 4476 indurati,
968 4411 1322 4482 synodalibus
1353 4410 1682 4467 Sanctorum
1711 4409 1934 4465 Patrum
1960 4412 2058 4466 de—

477 4499 819 4556 finitionibus
852 4510 908 4556 et
943 4501 1535 4558 Decretalihus'eorum
1568 4503 1791 4558 statutis
1823 4503 2060 4558 scienter

477 4588 873 4658 inobedientes,
906 4601 1393 4665 apostatarumquc
1440 4594 1736 4664 pertinacia
1761 4593 1845 4648 eis
1882 4593 2058 4649 recal-

477 4683 757 4750 citrantes,
795 4683 984 4740 studio
1004 4693 1053 4740 et
1082 4686 1360 4742 voluntate
1382 4684 1743 4758 refragantur.
1775 4684 1916 4741 Ecce
1938 4698 2061 4742 sac-

477 4787 578 4830 cus
631 4775 965 4833 stercoribus
1003 4772 1195 4848 plenus
1256 4777 1474 4848 (Ezech.
1511 4794 1546 4844 ι,
1584 4777 1662 4848 9),
1697 4787 1926 4834 eatenus
1969 4793 2076 4833 ar-'

511 4974 514 4981 λ
553 4906 666 4978 (28)
709 4901 902 4984 Partes
942 4910 1162 4984 Henrici
1205 4912 1364 4984 Regis
1412 4913 1547 4982 {ovet
1573 4911 2059 4984 Otto,guapropter

477 4981 992 5050 “communicatae,
1035 4983 1094 5036 in
1145 4981 1367 5038 exi'ium
1401 4981 1593 5037 missus
1634 4981 1772 5038 αηιιὸ
1812 4981 1972 5050 107i,
2007 4994 2057 5040 et

478 5058 594 5120 post
626 5049 782 5120 iduos'
831 5068 998 5107 annos
1049 5053 1105 5106 in
1147 5052 1686 5108 exeonttnunicatione
1721 5049 1980 5120 mortuus,
2007 5065 2057 5110 at

479 5117 1016 5200 ggsilegeaepulms.
1066 5123 1144 5178 Ita
1191 5122 1504 5179 Chronicon
1571 5117 1992 5181 Constantiense
2025 5143 2057 5181 a

479 5187 722 5246 Pictorio
746 5187 975 5249 editum.

501 5265 513 5274 '
686 5260 791 5386 Est
813 5261 1040 5334 cpistola
1069 5263 1141 5319 45
1162 5263 1285 5319 libri
1305 5263 1360 5318 2.

743 5350 994 5386 ermmmo
1028 5334 1360 5386 Bamberuem

575 5330 664 5386 3οὶ
686 5330 994 5386 Πενηίιιηπο
1028 5334 1402 5386 Bamberuensi
1421 5332 1620 5386 scrinia
1645 5344 1728 5386 est
1745 5335 1970 5386 cpistola
1987 5335 2056 5386 84

2155 3116 2469 3188 paenitendo
2485 3117 2672 3173 subire
2692 3135 2706 3172 :
2733 3116 3018 3186 quoniam,
3041 3116 3312 3186 propitius
3333 3117 3407 3178 sit
3419 3115 3556 3180 mihi
3579 3115 3750 3179 Deus.

2157 3207 2206 3262 si
2249 3208 2474 3262 domum
2530 3207 2693 3263 istam
2748 3207 2884 3262 mihi
2941 3207 3193 3277 impleret
3239 3223 3376 3263 auro
3403 3217 3459 3262 et
3493 3217 3754 3279 argento,-

2159 3314 2460 3368 nunquam,
2518 3313 2608 3354 me
2652 3298 3070 3365 consentiente,
3127 3297 3442 3368 Episcopali
3488 3298 3756 3370 fungetur

2157 3387 2352 3443 officio.
2379 3387 2494 3444 Hoc
2517 3389 2702 3459 itaque
2727 3388 2892 3444 modo
2913 3397 2969 3445 et
3006 3388 3111 3445 iste
3143 3387 3492 3463 Simoniacus
3513 3389 3751 3450 submoa

2157 3487 2249 3536 tus
2277 3486 2362 3536 cst
2394 3496 2425 3536 a
2467 3478 2802 3536 Sacerdotio.

2783 3593 3014 3649 CAPUT
3055 3593 3118 3650 V.

2158 3683 2472 3757 Gonjuratio
2525 3687 2582 3740 in
2653 3685 2833 3740 Vitam
2859 3685 2952 3758 US.
3018 3685 3276 3758 Gregorii.
3341 3684 3753 3757 Comprehensa

2776 3766 2826 3810 et
2847 3756 3111 3814 liberalia.

2188 3907 2193 3914 .
2228 3860 2320 3915 39.
2371 3857 2493 3914 Jam
2528 3874 2662 3914 vero
2689 3857 2927 3928 qualiter
2974 3859 3328 3915 inimicorum
3361 3857 3602 3923 fraudes,
3633 3867 3754 3914 tcno

2161 3951 2415 4017 tationes,
2432 3951 2692 4022 pericula,
2707 3950 3074 4008 detractiones
3117 3951 3424 4026 irrisiones,
3440 3952 3724 4023 captiones

2159 4042 2439 4098 custodias
2464 4051 2688 4113 prepter
2717 4057 2919 4098 nomen
2947 4041 3194 4110 Domini;
3237 4051 3537 4114 postremo,
3566 4045 3750 4114 quali-

2160 4140 2262 4200 ter,
2295 4131 2510 4189 Domini
2533 4133 2807 4200 iuvamine
2826 4142 2883 4189 et
2907 4135 3307 4190 sustentatione
3327 4134 3752 4206 Apostolorum-

2160 4239 2267 4294 que
2294 4207 2590 4280 comitante
2631 4225 2923 4296 suffragio,
2961 4224 3158 4296 Reges,
3196 4225 3502 4298 Tyraunos.
3540 4225 3744 4293 Duces,

2161 4314 2482 4385 Principes,
2537 4316 2960 4388 animarumque
3005 4316 3294 4371 hominum
3346 4319 3745 4388 captivatores,

2092 4409 2138 4463 D
2160 4415 2472 4474 voratores;
2503 4407 2726 4477 insuper
2748 4408 2927 4478 lupos,
2951 4406 3275 4463 Antichristi
3303 4408 3552 4464 videlicet
3577 4409 3745 4463 mini-

2159 4505 2325 4563 stros,
2353 4499 2828 4568 Archiepiscopos,
2859 4497 3185 4570 Episcopos,
3207 4508 3264 4554 et
3287 4499 3530 4570 reliquos
3559 4498 3748 4555 Eccle-

2159 4589 2413 4646 siasticos
2424 4606 2746 4661 pervasores
2765 4590 3098 4650 fortissimus
3110 4595 3314 4648 athleta
3331 4592 3424 4646 Dei
3442 4609 3505 4647 su
3513 4593 3746 4663 perarit,

2160 4697 2504 4754 nequaquam
2560 4677 2776 4739 silentio
2825 4684 3110 4754 praeterire
3155 4687 3381 4757 dignum
3446 4684 3746 4740 ducimus:

2159 4785 2430 4845 quatenus
2455 4785 2564 4832 tam
2591 4777 2953 4848 prmseutibus
2981 4793 3147 4848 quam
3186 4776 3564 4833 subsccuturis
3587 4777 3662 4832 sit
3692 4777 3746 4831 in

2161 4911 2644 4988 Moguntiuum,_et
2687 4911 3310 4988 llenricumuilcgem,_et
3341 4922 3470 4988 s_unt
3499 4911 3744 4988 Epistola

2159 4981 2357 5054 prima,
2390 4981 2650 5054 secunda,
2680 4991 2734 5035 ct
2764 4983 2918 5036 tertia
2960 4981 3289 5042 librivtcrtii.
3341 4981 3645 5040 Fruscliius
3671 4986 3748 5040 ait

2199 5053 2307 5108 uod
2365 5051 2583 5106 tandem
2656 5054 3050 5108 monasterium
3118 5055 3626 5112 Swartzachianum
3689 5056 3744 5112 in

2199 5071 2307 5108 1100
2365 5071 2583 5106 utnucm
2656 5071 3050 5108 multaswrlum
3118 5071 3626 5112 Swanzacmanum

2159 5071 2703 5195 granciayrientali,
2742 5121 2914 5195 id_est
2949 5121 3279 5195 Francouia,
3324 5125 3630 5181 intraverit.

2231 5192 2343 5264 (δι)
2391 5190 2698 5264 Hermanno
2768 5190 3030 5264 Episcopo
3096 5190 3317 5249 Metensi
3389 5197 3746 5252 commiserat

2069 5263 2074 5266 ’
2161 5263 2218 5319 S.
2242 5261 2542 5334 Gregorius
2564 5262 2708 5317 vices
2731 5277 2883 5334 Asuas
2908 5261 3152 5334 in'causa
3192 5264 3441 5334 Episcopi
3475 5265 3742 5322 Bamber-

2159 5331 2375 5386 censis;
2395 5341 2455 5386 ut
2471 5332 2672 5386 dicitur
2695 5331 2859 5386 citata
2883 5333 3040 5386 enist.
3068 5333 3136 5386 84
3162 5335 3196 5386 l.
3232 5331 3282 5386 ἰ.
3305 5331 3493 5386 Eidem
3520 5338 3742 5386 scrinsit
