3986 5386
425 257 496 315 59
1626 266 1685 324 S.
1721 265 2124 326 GBEGORIUS
2163 265 2252 324 VII
2286 268 2484 326 PAPA.
2800 287 2802 289 ‘
3607 271 3683 328 60

419 373 674 445 captione
699 383 756 430 et
771 377 1060 448 sanguine,
1089 375 1346 434 Ecclesiae
1367 386 1570 435 statum
1598 381 1654 436 in
1669 383 1868 438 melius
1883 395 2008 452 pro-
2033 384 2082 440 A
2105 393 2318 451 pusque
2346 380 2692 438 Dominicum
2718 388 2828 438 tam
2859 374 2978 452 ipse
3033 397 3200 452 quam
3221 381 3413 438 Clerus
3439 383 3562 454 ejus
3584 398 3678 439 su-
3705 455 3708 460 _

420 467 596 533 vexit;
625 475 680 522 et
707 467 878 524 tilium
904 469 1209 540 iniquitatis
1231 487 1340 525 non
1363 472 1744 545 solum,puero
1775 491 1879 531 suo
1902 489 2004 529 no-

421 573 546 613 cere
579 559 877 629 prohibuit,
901 561 998 616 sed
1029 563 1195 618 etiam
1218 564 1458 634 propriis
1481 567 1649 623 rebus
1673 567 1928 637 privavit.

491 649 580 703 41.
613 649 882 722 Prolapso
925 653 1108 723 itaque
1149 653 1264 709 fere
1308 670 1476 723 anno,
1523 659 1762 714 ministri
1797 661 2003 718 diaboli

422 746 637 811 tempus
662 743 898 799 advenit.
929 741 1088 812 Nam,
1121 745 1362 804 instante
1391 747 1686 807 festivitate
1707 751 2005 811 Dominicae

421 829 756 902 Nativitatis,
789 835 1197 906 conspiratores
1221 855 1378 906 suos,
1407 856 1534 897 cum
1577 843 1778 914 quibus
1805 848 2003 918 conju-

421 932 655 992 raverat,
677 925 884 981 hortari
908 929 1074 999 cepit
1127 939 1190 986 ut
1208 933 1277 988 ad
1300 940 1514 988 tantum
1533 933 1796 1006 flagitium
1821 948 2005 997 mente

422 1016 659 1086 prompti
696 1029 1108 1089 concurrerent,
1137 1025 1496 1096 animumque
1543 1037 1826 1098 aptarent;
1870 1047 2003 1101 pro-

422 1105 644 1164 mittens
669 1109 752 1165 eis
777 1111 1093 1183 ineffabilia,
1121 1117 1430 1173 libertatem
1453 1119 2002 1194 fu~turam,quznstum

421 1195 542 1288 sine
573 1214 854 1270 mensura,
877 1205 1121 1262 imitator
1137 1224 1236 1279 per
1255 1211 1442 1266 omnia
1467 1210 1656 1268 fratris
1681 1223 1736 1268 et
1753 1217 2002 1288 magistri

421 1287 507 1342 sui
531 1289 761 1361 diaboli;
799 1296 896 1364 qui
931 1299 1106 1355 solius
1147 1310 1323 1357 morte
1349 1301 1570 1361 Domini
1595 1287 1865 1364 mundum
1895 1309 2002 1366 sibi

418 1385 597 1439 totum
651 1386 1042 1454 possidendum
1067 1393 1438 1462 promittebat.
1497 1395 1629 1464 Sed,
1675 1399 1822 1455 sicut
1861 1403 2002 1458 scri-

419 1478 576 1542 ptum
596 1483 722 1542 est,
743 1478 876 1534 dum
905 1483 1072 1552 capit,
1094 1485 1341 1554 capitur;
1369 1487 1502 1543 dum
1523 1489 1757 1560 praedari
1788 1491 2000 1564 incipit,

419 1565 600 1634 praeda
627 1567 725 1636 fit;
769 1577 828 1626 et
849 1571 990 1628 .du
1015 1577 1188 1632 ambit
1219 1577 1408 1635 illicita
1443 1595 1570 1650 quae
1593 1583 1842 1640 nondum
1866 1601 2002 1654 pos—

423 1656 660 1726 sederat,
675 1662 911 1730 perdidit
931 1666 1203 1736 acquisita
1228 1685 1354 1740 quat
1376 1672 1666 1729 retinebat.
1721 1673 1812 1732 Sic
1833 1670 2001 1732 etiam

419 1725 823 1832 iste,_minister
847 1725 1036 1828 utique
1071 1725 1264 1828 illius:
1283 1725 2004 1836 si
2033 1725 2078 1779 Β

419 1853 479 1894 se
504 1841 673 1898 tantis
701 1843 868 1902 rebus
891 1849 1301 1920 expoliandum,
1331 1853 1573 1913 fortasse
1593 1873 1824 1930 quoque
1840 1869 2002 1931 pacto

418 1945 449 1984 a
479 1933 615 1988 tanti
645 1935 867 1997 sceleris
899 1943 1318 2012 perpetratione,
1345 1961 1534 2004 amore
1568 1965 1795 2008 suarum
1816 1968 2002 2012 rerum
2051 1993 2058 1999 ι

419 2023 596 2116 magis
639 2042 806 2096 quam
842 2028 959 2098 Dei,
993 2049 1219 2091 manum
1246 2039 1570 2097 retraheret.
1602 2041 1706 2098 Sed
1739 2047 2000 2116 quoniam

419 2113 716 2179 obcaecavit
739 2135 867 2176 eum
891 2125 1100 2181 malitia
1135 2143 1256 2196 sua,
1283 2145 1393 2202 qua
1425 2113 1816 2194 sultarcinatus
1848 2139 2002 2196 ince-

419 2207 602 2276 debat,
636 2227 751 2268 rem
782 2215 850 2270 ad
874 2215 1126 2274 etfectum
1152 2222 1448 2292 perducere
1476 2236 1710 2284 conatus
1753 2239 1867 2299 est;
1891 2249 2004 2289 non

421 2299 645 2370 timens,
683 2304 794 2362 imo
825 2318 1163 2382 postponens
1193 2317 1390 2373 animat
1415 2334 1530 2376 suae
1550 2321 1894 2391 periculum;
1924 2325 2008 2380 al-

421 2401 504 2447 ter
525 2391 715 2463 ludas,
757 2415 953 2458 manus
1006 2403 1060 2459 in
1097 2404 1392 2466 Dominum
1433 2426 1596 2467 suum
1627 2422 1682 2468 et
1725 2413 2004 2473 Christum

421 2482 640 2542 Domini
685 2490 889 2562 injecit.
933 2495 1213 2554 Praesente
1258 2501 1448 2573 itaque
1479 2511 1648 2561 tantze
1694 2505 2006 2568 festivitatis

421 2575 511 2632 die
545 2580 612 2634 ad
658 2587 1026 2656 peragendum
1075 2588 1397 2661 Vigiliarum
1439 2596 1700 2667 obsequia
1732 2597 2004 2670 Pontifex,

421 2677 483 2724 ut
507 2685 628 2727 mos
655 2683 760 2742 est,
803 2677 870 2734 ad
895 2678 954 2733 Β.
993 2680 1178 2738 Mariae
1201 2687 1511 2754 ecclesiam,
1546 2706 1690 2760 quae,
1724 2706 1797 2748 on
1823 2701 2006 2750 tanta-

423 2777 546 2818 rum
597 2764 948 2827 dcvotionum
1006 2775 1222 2842 merita,
1272 2777 1446 2850 Major
1489 2791 1682 2838 vocata
1729 2795 1832 2851 est,
1882 2803 2008 2844 cum

423 2869 592 2948 parvo
621 2858 961 2920 Clericorum
990 2874 1046 2921 et
1075 2867 1366 2927 Laicorum
1413 2890 1644 2930 numero
1673 2892 2004 2948 properavit.

427 2946 565 3006 Nam
593 2968 714 3011 mos
738 2953 902 3014 Urbis
931 2955 1111 3016 fuerat
1144 2978 1379 3034 semper,
1414 2966 1470 3021 in
1506 2975 1672 3024 tantae
1693 2946 2012 3029 solemnita-

2105 481 2386 542 sceperat;
2423 472 2618 543 reliqui
2665 489 2794 528 vero
2837 473 2932 544 qui
2967 474 3212 540 aderant,
3253 474 3445 530 eadem
3495 475 3677 532 adhuc

2107 561 2460 620 Sacramenta
2487 563 2888 634 percipiebant;
2917 579 3043 620 cum
3079 581 3313 636 magnus
3342 565 3525 622 subito
3559 566 3678 621 cla-

2103 670 2246 722 mor,
2273 672 2509 728 magnus
2551 663 2606 711 et
2638 655 2878 714 ululatus
2907 673 2976 712 ex
3006 657 3307 728 improviso
3330 657 3588 724 intonuit,
3624 668 3680 712 et

2102 748 2388 804 ecclesiam
2415 749 2590 818 ipsam
2625 749 2886 819 implevit.
2925 749 3079 804 Tunc
3114 748 3354 820 undique
3383 748 3680 806 lustrantes

2102 841 2414 909 ecclesiam,
2445 841 2748 913 evaginatis
2772 841 3129 898 mucronibus
3151 841 3516 911 percutientes
3537 858 3680 912 quos

2103 943 2377 1004 poterant,
2405 935 2474 991 ad
2499 935 2682 990 locum
2715 932 2993 1004 Praisepii,
3019 949 3132 1004 quo
3152 931 3302 1003 Papa
3325 933 3562 990 eximius
3588 949 3679 988 rc-

2103 1026 2335 1095 sidebat,
2356 1034 2730 1083 convenerunt
2758 1045 2772 1081 :
2799 1027 3184 1097 percussisque
3206 1025 3405 1084 ibidem
3430 1026 3683 1095 aliquan-

2103 1119 2197 1185 tis,
2229 1121 2514 1191 ruptisque
2553 1119 2767 1175 ostiolis
2803 1118 2930 1185 illis,
2969 1119 3230 1190 angulum
3271 1118 3494 1191 brevem
3529 1117 3682 1171 Prai-

2103 1213 2240 1284 sepii
2282 1213 2474 1269 aeterni
2523 1211 2688 1283 Regis
2727 1218 2785 1266 et
2833 1209 3024 1290 Matris
3063 1209 3386 1265 truculentis
3429 1208 3684 1284 manibus

2103 1306 2466 1362 intraverunt.
2500 1303 2656 1360 Tunc
2679 1302 2984 1374 iniecerunt
3015 1303 3072 1356 in
3106 1317 3234 1356 eum
3255 1316 3474 1367 manus,
3512 1308 3568 1355 et
3604 1308 3684 1377 tej—

2103 1406 2360 1454 nuerunt.
2417 1396 2668 1464 Quorum
2707 1411 2854 1451 unus
2889 1395 3091 1451 educto
3127 1393 3306 1466 gladio
3350 1401 3514 1462 caput
3562 1390 3684 1461 ejus

2103 1490 2422 1548 abscindere
2464 1489 2656 1555 voluit,
2693 1487 2790 1544 sed
2820 1495 3002 1542 tamen
3047 1485 3282 1540 Domino
3317 1484 3534 1540 volente
3569 1483 3704 1539 non‘

2102 1582 2299 1654 potuit.
2351 1580 2685 1638 Percussum
2731 1587 2916 1635 tamen
2970 1579 3028 1634 in
3079 1575 3292 1644 fronte,
3336 1574 3689 1646 graviterque

2105 1675 2472 1740 vulneratum,
2505 1673 2574 1729 de
2613 1671 2776 1729 Missa
2812 1671 3058 1734 nondum
3099 1669 3253 1724 finita
3288 1667 3542 1722 violentis
3567 1681 3690 1722 ma-
3717 1717 3720 1720 .

2104 1765 2266 1820 nibus
2308 1767 2725 1832 abstraxerunt,
2769 1763 3042 1820 caedentes
3081 1770 3138 1816 et
3163 1760 3550 1832 percutientes.
3591 1757 3690 1814 Ille
3723 1811 3728 1814 .

2099 1871 2252 1925 vero,
2291 1866 2353 1912 ut
2387 1873 2564 1929 agnus
2593 1857 2859 1912 innocens
2901 1863 2957 1910 et
3003 1861 3345 1919 mansuetus,
3383 1851 3452 1906 ad
3485 1851 3700 1932 malum

2103 1949 2293 2006 oculos
2327 1949 2574 2020 erigens,
2622 1947 2834 2003 nullum
2879 1947 2962 2002 eis
3001 1945 3152 2002 dedit
3192 1958 3542 2015 responsum,
3574 1955 3689 1996 non

2103 2041 2443 2107 reclamavit,
2472 2055 2585 2103 non
2613 2039 2912 2094 reluctatus
2941 2045 3048 2104 est,
3071 2052 3250 2108 neque
3272 2043 3333 2090 ut
3363 2035 3468 2090 sibi
3501 2035 3560 2088 in
3586 2031 3694 2088 ali-

2103 2147 2216 2203 quo
2255 2132 2586 2188 miserentur
2619 2131 2850 2202 rogavit.
2881 2130 3143 2196 Tandem,
3163 2136 3389 2184 exutum
3423 2125 3598 2181 Pallio
3633 2131 3692 2180 et

2103 2223 2304 2279 Casula
2337 2239 2432 2280 seu
2463 2221 2765 2278 Dalmatica
2794 2229 2850 2277 et
2872 2221 3082 2277 Tunica
3105 2237 3231 2276 cum
3267 2219 3530 2283 Camisia,
3556 2217 3693 2273 reli-

2105 2316 2208 2372 ctis
2244 2316 2296 2370 ei
2326 2322 2542 2370 tantum
2577 2315 2781 2370 amictu
2826 2323 2882 2370 et
2922 2314 3084 2380 stola,
3124 2320 3184 2366 ut
3225 2310 3399 2366 furem
3426 2317 3688 2376 tractum,

2105 2416 2231 2478 post
2255 2408 2481 2464 dorsum
2495 2407 2782 2478 cujusdam
2806 2407 3058 2479 sacrilegi
3080 2413 3405 2477 posuerut.
3418 2403 3513 2459 ille
3533 2417 3686 2467 vero,

2107 2501 2202 2572 qui
2231 2499 2466 2557 frentem
2489 2501 2668 2572 gladio
2693 2508 3060 2570 percusserat,
3079 2493 3687 2566 arreptusadaamonio,

2106 2602 2234 2650 ante
2260 2593 2506 2664 eiusdem
2539 2592 2786 2648 ecclesiae
2815 2593 3017 2647 atrium
3037 2591 3130 2647 diu
3155 2590 3430 2646 volutatus
3451 2596 3538 2643 est
3559 2601 3694 2656 Spu-

2107 2701 2291 2754 mans,
2323 2701 2608 2756 equusque
2636 2684 2758 2754 eius
2805 2683 3024 2755 fugiens
3065 2696 3412 2753 nequaquam
3460 2679 3691 2734 ulterius

2109 2777 2363 2833 inventus
2382 2785 2488 2833 est.

2178 2870 2270 2924 45.
2304 2867 2465 2924 Tanti
2504 2867 2650 2924 fama
2679 2868 2810 2924 mali
2839 2875 3008 2922 totam
3051 2867 3161 2922 cito
3189 2864 3419 2936 perculit
3463 2861 3686 2918 Urbem.

2110 2959 2247 3028 Quis
2277 2977 2518 3031 unquam
2544 2969 2692 3016 tanta
2717 2959 2961 3015 ﬂentium
2987 2967 3250 3028 tantaque
3280 2954 3531 3011 funebria
3561 2967 3692 3008 nar-

427 3041 498 3100 tis
522 3047 861 3117 excellentia,
890 3066 1082 3109 omnes
1105 3055 1172 3109 ad
1193 3059 1439 3114 eamdem
1462 3062 1747 3118 ecclesiam
1771 3065 2012 3122 conﬂue-
2037 3065 2079 3122 C
2109 3068 2235 3110 rare
2256 3053 2498 3108 lamenta
2538 3053 2770 3124 Ροίθνίίῗ
2807 3051 2960 3107 Sicut
2984 3051 3131 3106 enim
3167 3051 3234 3106 de
3259 3047 3478 3103 Domi“
3517 3043 3692 3099 “05m

425 3149 506 3194 re.
533 3143 817 3210 totamque
846 3151 1063 3200 noctem
1107 3145 1252 3202 illam
1285 3149 1504 3219 hymnis
1543 3161 1598 3207 et
1628 3153 1879 3212 laudibus
1919 3158 2009 3212 in-

428 3234 610 3282 tentos
635 3233 949 3302 pervigilem
973 3235 1191 3290 ducere.
1225 3237 1351 3304 Sed,
1391 3239 1624 3296 Domino
1665 3245 2008 3315 disponente,

429 3316 498 3372 ad
527 3319 835 3377 evitandam
868 3331 1076 3380 tantam
1115 3329 1403 3385 ecclesiam
1435 3333 1571 3386 tanti
1610 3334 1852 3394 Pastoris
1883 3353 2012 3394 san-

428 3407 592 3474 guine
621 3411 877 3480 perfundi
899 3456 916 3478 .
947 3425 1008 3471 ut
1037 3417 1273 3476 ministri
1297 3423 1501 3480 dia‘zoli
1527 3427 1765 3488 animus.
1793 3430 2013 3490 inhians

431 3501 517 3556 sui
551 3503 617 3558 ad
649 3503 1105 3580 destructionem,
1142 3529 1268 3584 quae
1300 3517 1442 3572 male
1483 3519 1732 3574 voluerat
1755 3523 2012 3591 perlicere

325 3596 330 3601 '
434 3596 630 3663 possit,
669 3601 902 3670 populus
937 3611 1066 3660 tunc
1105 3608 1396 3662 convenire
1430 3611 1738 3680 prohibitus
1767 3622 1869 3669 est.
1897 3614 2012 3671 Diei

432 3701 669 3757 namque
721 3691 842 3761 ipso
887 3693 1208 3766 Vigiliarum
1264 3707 1472 3756 tantam
1519 3704 1690 3758 aether
1741 3721 2012 3774 aquarum

433 3774 845 3868 inundationem
876 3785 1214 3856 profuderat,
1248 3800 1309 3845 ut
1343 3791 1524 3862 ipsum
1556 3795 1720 3864 primi
1753 3799 2014 3868 temporis

434 3866 718 3927 imminere
749 3874 1014 3934 diluvium
1061 3882 1320 3939 omnibus
1370 3885 1664 3941 videretur.
1717 3887 1820 3944 Vix
1866 3866 2013 3946 cnim

433 3961 634 4032 aliquis
679 3965 876 4025 domus
907 3987 1022 4027 suae
1067 3973 1235 4030 limen
1283 3975 1552 4046 linquere,
1602 3980 1876 4052 vicinique
1909 3983 2015 4038 sibi

427 4053 608 4125 juncti
637 4071 844 4127 casam,
870 4062 918 4118 si
952 4067 1248 4122 necessitas
1279 4068 1462 4140 aliqua
1487 4071 1745 4142 exigeret,
1786 4074 2014 4144 intrare,

435 4164 503 4204 ne
537 4150 669 4206 dum
697 4154 984 4211 ecclesiam
1021 4165 1138 4214 tam'
1169 4159 1329 4232 longe
1360 4161 1520 4218 sitam
1587 4173 1875 4234 penetrare
1919 4182 2009 4222 va-

436 4243 601 4300 lebat.
639 4245 1032 4320 Loquebantur
1072 4251 1221 4307 enim
1246 4253 1654 4322 quodammodo
1687 4257 1878 4314 mundi
1901 4243 2016 4315 cla?

436 4347 618 4394 menta
653 4339 899 4397 futurum
935 4343 1132 4409 scelus,
1157 4351 1212 4398 et
1242 4345 1546 4402 inauditum
1571 4347 1785 4406 facinus
1814 4365 2020 4420 praesa-

436 4429 677 4500 gicbant.

504 4521 594 4576 42.
636 4521 740 4578 Sed
774 4525 907 4594 quid
932 4526 1127 4596 plura?
1155 4526 1324 4583 Adest
1353 4544 1482 4594 nox,
1519 4528 1576 4584 in
1617 4545 1726 4600 qua
1760 4533 2015 4588 tenebra-

435 4628 559 4668 rum
586 4613 729 4670 iilius
753 4615 892 4672 lucis
918 4619 1229 4690 aggreditur
1249 4621 1581 4676 ministrum.
1620 4620 1802 4680 Missis
1835 4624 2018 4696 itaque

435 4705 870 4777 exploratoribus
903 4711 972 4766 ad
997 4712 1134 4768 alios
1168 4713 1531 4782 exquisitores
1555 4723 1824 4770 venerunt
1850 4735 1862 4770 :
1889 4733 2016 4772 nam

438 4801 734 4871 quamdam
779 4803 1114 4878 societatem,
1149 4805 1305 4874 juxta
1334 4805 1580 4860 eamdem
1616 4807 1925 4876 ecclesiam,
1951 4825 2016 4864 ex

439 4895 612 4966 ipsius
633 4895 740 4950 vici
767 4896 1164 4952 habitatoribus
1187 4899 1288 4953 sibi
1314 4899 1644 4953 asciverant:
1669 4906 1742 4962 et,
1768 4907 2018 4958 notantes

441 4987 648 5055 omnia,
691 4988 760 5043 ad
806 4988 1055 5043 notitiam
1105 4989 1317 5046 scelesti
1367 4989 1513 5045 illius
1565 4989 1829 5046 miserant
1897 5007 2020 5062 quae

441 5082 668 5124 ant-ntali
704 5080 934 5124 “‘9an
979 5079 1134 5124 Tum!
1163 5081 1251 5124 ξιιρ
1294 5082 1561 5124 Ιρσίηηρπι
1608 5098 1763 5124 etiam
1835 5083 2020 5124 Inrinia

2107 3143 2400 3200 Nativitate
2435 3144 2576 3203 Urbs
2611 3145 2809 3202 ceteris
2849 3143 3161 3199 civitatibus
3193 3141 3358 3197 altius
3393 3144 3691 3208 congratu-

2107 3235 2211 3289 lari
2238 3237 2398 3290 solita
2421 3236 2630 3302 fuerat;
2665 3238 2748 3292 sic
2769 3236 2933 3290 modo
2953 3241 3250 3299 commota,
3281 3230 3560 3286 tristitiam
3584 3225 3691 3282 sibi

2108 3327 2506 3386 non-umiicam
2523 3327 2808 3382 advenisse
2833 3325 3221 3395 proclamabat.
3243 3321 3472 3392 Expavit
3485 3318 3692 3388 pariter

2111 3420 2215 3474 hoc
2251 3418 2458 3474 factum
2495 3421 2694 3476 coelum
2739 3427 2790 3474 et
2821 3428 2992 3484 terra,
3029 3430 3084 3474 et
3123 3417 3190 3472 ad
3218 3423 3430 3472 tantum
3475 3414 3694 3469 facinus

2112 3511 2500 3568 vindicandum
2561 3512 2728 3568 corda
2777 3519 3155 3581 praeparantur
3209 3509 3477 3566 omnium.
3535 3505 3694 3562 Tunc

2112 3601 2394 3672 impletum
2445 3611 2532 3659 est
2587 3605 2733 3674 quod
2781 3603 2987 3659 dictum
3031 3609 3116 3656 est
3161 3617 3256 3672 per
3317 3599 3688 3669 Prophetam:

2119 3712 2138 3746 ε
2175 3693 2302 3752 Dies
2326 3693 2452 3750 festi
2483 3696 2648 3752 vestri
2674 3701 3060 3750 convertentur
3085 3695 3143 3748 in
3166 3692 3610 3748 lamentaionem
3638 3699 3695 3745 et

2113 3785 2339 3853 luctum,
2367 3795 2423 3841 et
2446 3788 2703 3859 gaudium
2727 3795 2973 3842 vestrum
2999 3786 3052 3840 in
3069 3785 3344 3856 planctum
3367 3804 3385 3834 ι
3419 3781 3574 3854 (Tob.
3604 3781 3690 3851 ιι.)

2116 3877 2183 3933 Et
2212 3878 2374 3934 illud:
2402 3878 2662 3936 «Plorans
2675 3878 2912 3949 ploravit
2935 3878 2992 3932 in
3019 3885 3198 3943 nocte,
3216 3883 3270 3930 et
3293 3876 3548 3944 lacryma:
3571 3871 3694 3941 cjus

2115 3971 2172 4026 in
2207 3971 2444 4028 maxillis
2480 3971 2601 4042 ejus
2637 3991 2648 4025 :
2688 3986 2798 4026 non
2849 3977 2932 4026 est
2977 3969 3072 4039 qui
3113 3967 3430 4024 consoletur
3469 3981 3590 4020 eam
3625 3980 3695 4018 ex

2117 4064 2374 4122 amnibus
2405 4064 2549 4120 caris
2573 4063 2694 4134 ejus
2723 4083 2740 4114 ι
2761 4061 2978 4134 (Thren.
3011 4060 3074 4131 ι.)
3109 4059 3263 4114 Tunc
3283 4065 3472 4114 sancta
3501 4056 3693 4112 Eccle-

2117 4155 2198 4211 sia
2227 4155 2323 4210 Dei
2346 4155 2560 4211 dicebat
2585 4173 2597 4209 :
2643 4173 2662 4206 ι
2691 4153 2827 4220 Quis
2860 4154 3012 4209 dabit
3034 4151 3201 4224 capiti
3231 4165 3355 4206 meo
3390 4165 3615 4219 aquam,
3639 4157 3696 4204 et

2118 4247 2293 4304 oculis
2322 4247 2459 4306 meis
2495 4245 2700 4302 fontem
2741 4247 3134 4318 lacrymarum,
3157 4251 3212 4297 et
3237 4241 3463 4312 plorabo
3499 4241 3588 4294 die
3630 4255 3696 4296 ac

2118 4340 2317 4394 nocte?
2344 4358 2362 4392 ι
2401 4339 2577 4410 (Hier.
2605 4338 2705 4408 ix.)
2737 4338 2803 4393 Et
2836 4337 2968 4392 illud
2997 4356 3010 4391 :
3037 4335 3254 4400 Audite,
3281 4334 3532 4398 obsecro,
3566 4333 3696 4386 uni-

2046 4442 2090 4496 ι)
2115 4431 2258 4486 versi
2288 4431 2494 4501 populi,
2531 4440 2586 4485 et
2606 4431 2781 4486 videte
2811 4431 3056 4486 dolorem
3079 4443 3280 4482 meum.
3317 4424 3490 4491 Tunc,
3513 4425 3696 4480 omnis

2121 4525 2354 4578 maritus
2403 4524 2636 4592 sumpsit
2683 4524 3011 4587 lamentum;
3063 4529 3118 4574 et
3162 4534 3284 4589 quae
3335 4517 3596 4572 sedebant
3639 4517 3696 4570 in

2122 4623 2244 4672 toro
2279 4616 2536 4682 maritali,
2575 4615 2849 4686 lugebant.
2911 4610 3104 4666 Omnis
3129 4610 3313 4678 itaque
3336 4607 3549 4672 Clerus,
3587 4607 3696 4662 Pa-

2123 4717 2268 4764 store
2295 4723 2576 4778 percusso,
2609 4708 2717 4762 huc
2761 4706 2997 4775 illucque
3026 4702 3386 4766 discurrebat,
3420 4708 3472 4755 et
3498 4709 3698 4756 cuncta

2122 4817 2260 4871 pene
2301 4799 2495 4855 altaria
2548 4806 2810 4854 exeuntes
2857 4795 3224 4852 denudabant.
3276 4790 3423 4846 Nihil
3472 4791 3694 4858 alicubi,

2122 4900 2317 4962 praeter
2345 4892 2492 4962 quod
2522 4899 2648 4946 ante
2677 4890 2880 4946 dictum
2913 4887 3109 4950 fuerat,
3151 4886 3204 4938 in
3236 4883 3485 4938 ecclesiis
3525 4882 3696 4936 divini

2123 4982 2291 5040 Ollicii
2323 4984 2414 5039 illo
2434 4982 2520 5037 die
2547 4982 2749 5037 factum
2782 4979 2899 5033 fuit.
2924 4967 3202 5032 Elementa
3232 4984 3435 5040 tamen,
3468 4973 3536 5027 ad
3559 4981 3697 5028 tem-

2124 5093 2226 5124 nus
2252 5084 2432 5124 'usnue
2459 5075 2588 5124 illud
2618 5073 2854 5124 turbata.
2886 5085 2955 5124 ne
2987 5068 3249 5124 nonulum
3284 5067 3552 5122 zelantem
3591 5063 3699 5118 DO-
