3986 5386
216 290 276 348 6|
1190 314 1724 378 rnoreconsm.
1754 344 1825 355 --
1846 311 2031 370 ACTA
2058 316 2114 375 s.
2148 320 2495 380 GRBGORII.
3408 332 3478 389 cs

207 416 363 492 filum
386 414 570 488 patuit
596 433 611 470 :
653 412 788 471 sine
815 430 875 471 re
896 414 1064 471 dubia
1088 416 1455 484 omnibusque
1484 409 1794 484 ignoranti-
1822 406 1870 464 Α
1894 410 1963 464 ad
2013 420 2216 469 terram
2265 417 2589 473 morientem
2641 417 3108 492 palpitantequ
3158 426 3490 494 prostravit;

207 517 305 564 bus
353 515 550 562 utrum
570 509 729 562 vivus
753 523 823 562 an
848 516 1101 562 mortuus
1141 514 1308 572 esset,
1332 506 1535 576 populo
1558 517 1789 573 congre-

205 608 322 673 gato
346 598 403 653 in
424 598 729 670 Capitolio,
762 599 1129 655 referentibus
1188 600 1519 670 quibusdam
1550 596 1791 652 innotuit

204 691 338 762 quod
362 690 421 744 in
450 691 697 761 quadam
730 692 869 745 turri
896 699 1395 762 captusteneretur.
1415 689 1570 745 Tunc
1594 703 1788 744 omnes

202 792 378 855 gentes
406 783 589 839 tulere
608 798 777 839 voces
797 783 868 839 ad
896 784 1096 840 sidera.

263 876 349 930 44.
393 873 633 943 Verum,
671 875 766 931 ubi
803 876 1041 946 primum
1079 876 1196 932 dies
1231 876 1393 932 terris
1422 883 1508 932 est
1553 875 1785 940 reddita,

201 982 381 1025 omnes
419 966 574 1023 inter
609 984 672 1024 se
710 968 994 1026 hortantes
1036 969 1222 1040 populi
1256 967 1684 1024 innumerabiles
1717 967 1787 1023 ad

200 1061 410 1117 domum
439 1059 779 1117 Antichristi
815 1070 1098 1117 venerunt.
1144 1060 1365 1132 hcepta
1386 1061 1574 1131 itaque
1602 1075 1785 1131 pugna

198 1162 309 1210 est:
346 1153 443 1207 sed
468 1154 660 1223 primo
683 1169 983 1226 congressu
1016 1170 1146 1225 pars
1176 1154 1395 1210 hostilis
1424 1152 1611 1224 fugam
1645 1151 1787 1207 arri-

196 1246 321 1316 puit,
355 1245 663 1316 omnisque
694 1245 862 1302 factio
891 1246 949 1301 in
979 1247 1170 1302 eadem
1213 1261 1273 1302 se
1307 1234 1447 1301 turri
1490 1244 1781 1301 conclusit.

200 1337 337 1393 ‘func
358 1337 516 1393 omni
545 1346 708 1409 parte
736 1339 954 1394 vallata:
971 1339 1114 1410 ignis
1138 1338 1423 1409 appositus
1448 1345 1552 1405 est,
1574 1337 1788 1393 allatis-

197 1445 290 1501 que
309 1430 594 1486 machinis
614 1439 673 1485 et
710 1431 993 1498 arietibus,
1024 1431 1301 1501 rumpitur
1322 1444 1536 1497 murus,
1558 1437 1817 1486 cunctav

195 1536 289 1593 que
310 1522 445 1577 inibi
465 1524 741 1579 conclusa
777 1524 836 1578 fit
875 1522 1093 1586 Domini
1139 1523 1343 1594 populo
1368 1523 1573 1593 pmda.
1611 1520 1785 1578 Nemo

197 1629 341 1670 suum
365 1610 687 1685 periculum
718 1616 1074 1683 vitabat,-sed
1112 1616 1199 1672 sui
1241 1616 1448 1671 oblitus
1484 1630 1587 1686 pro
1623 1629 1786 1685 posse

1891 503 2079 574 sicque
2108 505 2179 561 ad
2204 515 2472 564 tartarum
2496 509 2668 565 misit.

1958 597 2047 652 46.
2068 596 2322 656 Traditor
2341 609 2544 668 autem,
2559 602 2675 672 jam
2693 602 2918 674 jamque
2941 604 3132 660 videns
3154 606 3476 676 capiendam

1886 702 2013 745 esse
2071 691 2289 760 turrim,
2332 701 2389 749 et
2421 694 2527 749 sibi
2562 695 2867 764 periculum
2921 697 3118 751 mortis
3167 698 3475 766 imminere,

1887 790 2113 838 coactus
2141 785 2377 855 procidit
2405 786 2473 841 ad
2504 787 2672 855 pedes
2700 788 3004 843 beatissimi
3041 789 3221 861 Papae,
3254 790 3473 847 dicens:

1889 872 2118 945 Semper
2140 877 2599 944 misericordiam,
2624 879 2803 947 Pater,
2830 882 3090 949 docuisti,
3115 884 3321 938 docens
3349 898 3479 954 per-

1888 966 2097 1035 fecisti;
2133 978 2491 1045 errantesque
2534 982 2877 1041 convertens,
2914 989 3211 1033 conversos
3264 976 3318 1030 in
3367 976 3475 1031 tlde

1886 1060 2157 1129 solidasti,
2189 1064 2411 1134 suscipe
2437 1074 2736 1131 errantem,
2768 1074 2825 1121 et
2858 1068 2928 1121 ab
2977 1067 3361 1137 iniquitatibus
3414 1083 3477 1125 se

1886 1163 2327 1223 convertentem;
2407 1170 2734 1213 conversum
2810 1158 3004 1225 solida,
3086 1176 3154 1215 ne
3208 1177 3297 1216 me
3341 1161 3472 1217 des-

1885 1247 2186 1317 perationis
2233 1248 2581 1319 profunditas
2620 1251 2929 1306 absorbeat.
2978 1250 3226 1319 Peccavi,
3271 1253 3470 1319 erravi,

1886 1338 2124 1407 tradidi,
2180 1340 2453 1408 interfeci,
2512 1342 2863 1413 sacrilegium
2917 1343 3246 1413 perpetravi.
3283 1343 3473 1402 Matris

1886 1428 2052 1502 Regis
2111 1431 2258 1487 enim
2303 1433 2605 1489 thalamum
2648 1434 2902 1504 corrupi,
2946 1434 3306 1506 violentisque
3356 1453 3475 1492 ma-

1885 1522 2049 1579 nibus
2101 1524 2217 1596 (59)
2256 1525 2539 1597 tugurium
2587 1535 2641 1582 et
2686 1542 2915 1597 parvum
2967 1527 3322 1586 secretarium
3376 1526 3473 1585 Dei

1885 1611 2008 1669 Filii
2050 1615 2269 1671 violavi.
2309 1615 2387 1672 Te
2429 1616 2672 1685 Patrem,
2725 1627 2781 1673 et
2832 1634 3015 1674 meum
3065 1618 3379 1687 Dominum,
3411 1629 3495 1679 ut.

195 1708 507 1802 pugnabat:
519 1707 700 1764 Porro
736 1709 958 1780 quidam
1007 1708 1115 1775 vir,
1164 1723 1292 1764 cum
1328 1707 1569 1779 quadam
1612 1706 1783 1762 nobili
1815 1747 1860 1802 Β
1884 1707 2177 1802 parricida,
2211 1709 2488 1780 perjuriis,
2517 1711 2840 1782 sacrilegiis,
2875 1712 3130 1767 manibus
3154 1713 3377 1782 pollutis
3403 1726 3479 1771 ex

196 1807 448 1865 matrona,
472 1798 703 1856 Patrem
744 1800 1067 1872 Gregorium
1102 1808 1326 1857 secutus
1349 1809 1455 1867 est,
1479 1799 1576 1870 qui
1596 1799 1648 1855 ei
1682 1815 1778 1855 εο-
1816 1798 1855 1802 ⁷
1884 1798 2033 1854 illius
2058 1801 2267 1871 gremio
2290 1802 2513 1857 attraxi.
2545 1801 2794 1873 Suscipe,
2822 1803 3014 1870 libera,
3048 1812 3219 1870 tuere,
3254 1807 3472 1862 miseri-

194 1890 363 1946 latium
393 1893 807 1963 aliquantisper
835 1892 1073 1949 fuerunt.
1104 1893 1203 1947 Vir
1223 1906 1464 1964 namque
1482 1893 1593 1958 ille,
1617 1892 1780 1949 taedio

195 1984 557 2051 detractionis,
592 1993 648 2040 et
688 1986 877 2057 algore
923 1985 1224 2042 hibernalis
1266 1986 1449 2041 noctis
1490 1985 1774 2052 amictum,

193 2076 353 2132 allatis
385 2076 648 2133 calefecit
698 2077 1251 2149 pellibus,‘pedesque
1269 2079 1392 2149 ejus
1418 2078 1475 2132 in
1507 2079 1633 2134 sinu
1673 2091 1777 2133 suo

194 2170 505 2239 composuit.
551 2169 809 2225 Matrona
835 2186 970 2225 vero
1003 2170 1139 2242 ipsa,
1174 2170 1419 2227 fomento
1458 2170 1775 2227 medicami—

198 2261 273 2316 nis
296 2262 397 2329 sui,
428 2260 617 2319 Patris
646 2264 828 2318 nostri
860 2265 1098 2334 plagam,
1120 2264 1294 2318 nimio
1325 2263 1608 2335 sanguinis
1630 2263 1774 2319 rosei

195 2354 438 2422 profluvio
469 2355 743 2421 tabidum,
776 2355 1113 2425 deplorando
1140 2356 1443 2422 mulcebat;
1470 2370 1774 2426 omnesque

195 2446 299 2502 illos
328 2445 422 2502 Dei
448 2447 737 2515 inimicos,
766 2448 1068 2504 homicidas
1092 2448 1390 2520 sacrilegos
1411 2449 1770 2514 acclamabat,

194 2539 342 2594 altera
376 2540 645 2595 nimirum
678 2539 850 2594 Maria
884 2539 1095 2596 eﬂ'ecta.
1136 2539 1274 2595 Nam
1305 2539 1771 2611 quemadmodum

194 2631 288 2697 illa,
322 2630 453 2689 ﬂens
494 2648 598 2689 sua
646 2632 868 2700 delicta,
914 2632 1131 2687 Domini
1159 2633 1388 2703 vestigia
1418 2631 1771 2705 iacrymando

193 2723 484 2791 perfuderat
511 2744 524 2780 :
553 2725 640 2782 sic
657 2726 787 2792 ista,
818 2725 1066 2781 omnium
1095 2725 1326 2781 crimina
1353 2723 1653 2796 perferens,
1685 2726 1768 2779 la-

195 2817 373 2889 crymis
399 2819 516 2873 suis
552 2826 775 2872 tantum
809 2817 1090 2874 Pastorem
1118 2818 1424 2890 proluebat.
1461 2816 1767 2874 Osculaba-

196 2917 269 2963 tur
302 2909 387 2964 illa
426 2911 602 2981 pedes
642 2909 863 2990 Domini
905 2905 1228 2978 Salvatoris,
1264 2926 1376 2982 quo
1418 2910 1614 2966 deinde
1655 2912 1767 2966 lota

193 3008 334 3070 caput
356 3003 422 3056 ad
457 3020 648 3075 usque
688 3006 1032 3075 perveniret:
1067 3007 1185 3060 bam
1215 3011 1401 3059 autem
1439 3002 1532 3057 Dei
1574 3011 1630 3058 et
1652 3003 1764 3059 Do-

1879 1892 2126 1948 cordiam
2157 1892 2267 1961 fer;
2299 1894 2370 1950 da
2397 1896 2723 1962 remedium,
2755 1897 3071 1964 consilium,
3102 1897 3423 1970 suffragium
3453 1914 3467 1955 ε

1878 1983 2101 2056 injunge
2127 2001 2366 2056 plenam,
2383 2002 2527 2057 pone
2547 1989 2924 2058 pmnitentiam
2938 1992 3199 2057 carceris,
3221 1992 3467 2057 exilium,

1877 2078 2070 2147 patriae
2103 2077 2422 2150 diffugium;
2451 2088 2506 2135 et
2529 2079 2626 2136 Dei
2666 2080 2877 2151 judicio
2924 2082 2978 2136 in
3024 2098 3113 2137 me
3160 2083 3471 2152 justissima

1876 2180 2236 2239 commotum,
2266 2188 2335 2227 ex
2359 2188 2534 2239 more,
2571 2173 2727 2243 placa
2759 2175 3040 2244 populum.
3070 2174 3207 2229 Tuis
3235 2190 3324 2231 me
3349 2178 3470 2246 pol-

1876 2262 2053 2318 lutum
2077 2264 2285 2319 sanctis
2318 2265 2539 2336 suscipe
2571 2268 2826 2321 manibus
2859 2275 2950 2321 :et
2981 2266 3149 2333 hujus
3179 2267 3287 2322 diei
3330 2267 3467 2322 mihi

1875 2356 2159 2425 pmnitenti
2182 2359 2421 2414 concede
2440 2359 2701 2428 spatium.
2726 2359 2933 2416 Furcas
2949 2360 3083 2414 mihi
3100 2360 3218 2415 iure
3244 2368 3466 2426 paratas

1874 2450 2037 2504 corde
2070 2451 2372 2521 conspicio,
2399 2453 2618 2523 dignam
2645 2467 2861 2523 pmnam
2894 2451 3141 2514 intueor;
3177 2460 3231 2506 et
3259 2451 3489 2507 ideirco

1872 2557 2105 2613 corpore
2138 2552 2436 2612 prostrato,
2462 2545 2627 2599 corde
2660 2544 2902 2600 demisso
2952 2559 3041 2598 me
3070 2544 3327 2613 potentiae
3355 2552 3464 2602 tute

1873 2636 2050 2691 trado.
2089 2633 2243 2690 Tunc
2262 2634 2409 2706 Papa
2440 2636 2926 2704 clementissimus,
2965 2637 3056 2706 pio
3091 2645 3152 2690 ut
3207 2645 3326 2691 erat
3362 2653 3455 2706 pe-

1870 2736 2043 2793 ctore,
2073 2735 2223 2783 tanta
2253 2729 2650 2799 supplicantem
2674 2729 2908 2784 adorsus
2929 2728 3229 2784 estzV'ideo
3262 2738 3313 2783 te
3337 2728 3462 2784 felle

1869 2820 2255 2876 amaritudinis
2281 2821 2602 2892 obligatum,
2636 2828 2691 2875 et
2716 2828 2826 2875 tua:
2855 2821 3056 2876 mentis
3082 2821 3275 2876 oculos
3303 2830 3465 2878 tunc:

1868 2912 2035 2968 broso
2081 2913 2698 2982 squaloreconteetos;
2734 2913 2829 2981 qui
2883 2914 3067 2967 lumen
3113 2930 3255 2969 verte
3297 2914 3457 2979 lucis,

1868 3005 2029 3059 nobis
2072 3013 2225 3059 tanto
2277 3013 2522 3074 tempore
2568 3005 2967 3070 laborantibus,
3003 3020 3334 3076 cognoscere
3363 3020 3460 3060 ne-

193 3092 304 3147 mini
354 3093 556 3150 famuli
613 3097 793 3167 primo
839 3096 1165 3166 baptismate
1214 3096 1438 3161 munda,
1483 3103 1760 3165 postremo
1787 3085 1831 3142 (ἒ
1862 3097 2177 3167 quiverunt.
2214 3096 2297 3152 Tu
2329 3096 2447 3166 ipse
2492 3096 2643 3150 nosti
2672 3097 2896 3165 quantis
2928 3096 3200 3171 rrligiosis
3238 3097 3372 3152 viris
3407 3104 3469 3171 te,

194 3188 403 3254 pectoris
428 3190 641 3245 ardore
669 3191 884 3255 adusta,
916 3199 1079 3261 caput
1116 3200 1416 3261 pectusque
1434 3188 1763 3244 deosculans

194 3278 419 3352 lacrymis
446 3284 693 3356 rigabat.
737 3280 781 3337 Ο
804 3283 1160 3338 memorabile
1191 3283 1409 3353 pectus!
1437 3278 1482 3335 Ο
1520 3281 1763 3336 devotis-

196 3371 326 3428 sima:
356 3371 584 3431 feminae
625 3375 897 3431 laudabile
935 3375 1120 3445 jecur!
1148 3384 1386 3447 quantus
1406 3374 1504 3429 tibi
1521 3382 1651 3429 tunc
1666 3392 1765 3431 ca-

194 3464 346 3522 ritatis
372 3468 544 3524 ardor
564 3468 897 3523 inhaeserat?
923 3483 1048 3523 cum
1071 3476 1195 3523 ante
1219 3468 1410 3523 oculos
1431 3475 1554 3521 tuos
1573 3466 1763 3521 aeterni

196 3554 337 3629 Regis
368 3561 713 3625 ministrum,
747 3560 1061 3631 iniquorum
1103 3559 1358 3615 manibus
1385 3559 1527 3614 male
1557 3567 1764 3613 tracta-

194 3656 293 3704 tum
317 3653 784 3724 vulneratumque
816 3654 1191 3724 prospiceres;
1226 3667 1329 3708 nec
1366 3660 1572 3707 satana:
1597 3650 1763 3706 mini-4

194 3742 305 3799 stris
329 3760 392 3800 ex
420 3762 523 3801 ore
545 3746 768 3817 pudico,
820 3747 1136 3818 sanctisque
1157 3747 1362 3802 osculis
1388 3760 1510 3817 quae
1538 3748 1765 3817 pedibus

194 3837 537 3909 manibusque
562 3847 619 3894 et
638 3839 804 3910 capiti
832 3840 970 3894 tanti
993 3839 1173 3896 Patris
1195 3840 1404 3896 feceras
1421 3841 1533 3911 jam
1562 3856 1766 3911 purga-

197 3934 260 3993 to,
284 3933 528 3987 convicia
544 3933 712 4004 digna
738 3940 793 3987 et
820 3933 1225 3989 maledictionis
1248 3934 1431 4003 jacula
1468 3934 1762 3989 subtrahe-

196 4017 294 4077 bas.
324 4021 458 4080 Vere
485 4024 751 4081 credibile
778 4033 882 4091 est,
919 4025 1159 4080 animam
1193 4034 1341 4080 tuam
1368 4034 1420 4081 te
1449 4041 1549 4096 pro
1582 4025 1762 4081 Patris

196 4113 287 4168 vita
308 4131 505 4185 ponere
536 4117 695 4183 velle,
722 4127 780 4171 et
813 4124 1085 4172 tormenta
1111 4118 1296 4189 potius
1319 4118 1762 4173 inexistimabilia

196 4220 504 4277 percurrere,
551 4225 726 4279 quam
773 4208 1064 4265 Dominum
1100 4220 1320 4280 captum
1365 4218 1419 4264 et
1459 4219 1575 4264 tam
1622 4211 1762 4266 male

199 4307 461 4357 tractatum
486 4303 699 4357 videre.
736 4300 1022 4373 Pugnabat
1048 4303 1303 4357 manibus
1324 4303 1569 4357 omnium
1599 4318 1761 4374 gene-

199 4406 369 4449 nerosa
394 4396 607 4466 virago,
647 4401 703 4449 et
731 4393 1035 4451 immodica;
1062 4394 1328 4450 mercedis
1360 4397 1605 4451 omnium
1634 4412 1759 4468 par-
1791 4432 1836 4487 Β

199 4483 364 4555 ticeps,
388 4498 659 4559 quantum
692 4488 794 4542 sibi
819 4489 1219 4544 accumulabat.

257 4578 335 4632 45.
368 4578 604 4647 Verum,
651 4588 855 4651 quanto
899 4582 1061 4637 istius
1098 4581 1344 4636 animosa
1396 4582 1549 4648 fides,
1607 4590 1759 4638 tanto

199 4668 397 4727 alterius
426 4673 679 4728 mulieris
701 4671 949 4743 linguosa
977 4673 1227 4745 perfidia.
1266 4671 1400 4728 Nam
1437 4675 1579 4730 sicut
1607 4674 1758 4741 olim,

202 4756 467 4820 Dominicae
478 4764 767 4821 Passionis
789 4774 1052 4836 tempore,
1068 4766 1266 4821 ancilla
1287 4766 1513 4822 ostiaria
1536 4765 1761 4821 Petrum

200 4859 470 4926 terruerat;
500 4860 582 4914 sic
609 4859 719 4914 ista
744 4856 1019 4914 Vicarium
1043 4860 1161 4930 ejus
1187 4859 1536 4915 mordacibus
1561 4874 1762 4928 oppro-

202 4943 315 5000 briis
336 4951 697 5005 conturbabat
722 4968 734 5003 :
758 4966 877 5020 quae
897 4952 1115 5021 quidem
1135 4952 1282 5006 illius
1300 4950 1579 5007 traditoris
1603 4967 1763 5007 soror

203 5035 371 5108 fuerat,
401 5050 455 5097 et
481 5042 690 5099 idcirco
720 5051 868 5113 tanto
896 5044 1043 5099 Patri
1067 5046 1391 5101 maledicere
1428 5061 1538 5101 non
1565 5044 1759 5100 formi—

201 5127 359 5185 dabat.
385 5133 534 5189 Alter
553 5148 709 5207 vero,
733 5134 974 5205 ejusdem
1000 5138 1287 5193 traditoris
1317 5138 1569 5193 minister
1590 5144 1645 5190 et
1673 5153 1761 5192 se-

202 5221 426 5292 quipeda,
474 5226 822 5297 evaginatum
868 5229 1103 5300 gladium
1165 5230 1431 5297 retinens,
1479 5229 1613 5285 tanti
1656 5228 1759 5283 viri

201 5324 342 5384 caput
366 5316 482 5386 ipso
502 5319 593 5373 die
624 5334 685 5373 se
703 5319 1104 5386 ,abscissurum,
1142 5324 1574 5386 blasphemando
1608 5338 1760 5376 assc-

1864 3206 2320 3257 commonuenm,
2357 3191 2687 3261 quantisque
2711 3205 2807 3259 per
2840 3189 3224 3259 memetipsum
3246 3189 3461 3258 patien-

1866 3282 2094 3338 tissimis
2125 3282 2595 3337 admonitionibus
2629 3280 3062 3346 sollicitaverim,
3109 3280 3311 3350 quibus
3346 3294 3458 3334 non

1865 3376 2043 3429 solum
2089 3390 2200 3428 non
2242 3373 2590 3445 acquievisti,
2634 3390 2825 3428 verum
2875 3373 3041 3428 etiam
3087 3373 3143 3425 in
3185 3370 3459 3426 deteriora

1864 3467 2162 3537 prorupisti
2190 3486 2202 3521 :
2228 3468 2324 3522 sed
2356 3476 2542 3521 tamen
2577 3465 2946 3536 adbucjanua
2989 3465 3086 3520 tibi
3131 3464 3257 3519 vitae
3288 3472 3456 3534 patet,

1865 3568 2076 3615 tantum
2126 3567 2188 3615 ut
2227 3559 2567 3615 converteris
2609 3558 2792 3613 corde.
2846 3556 2951 3624 Qui
2987 3571 3114 3611 mox
3149 3557 3218 3611 ad
3249 3564 3454 3610 terram

1864 3666 2150 3716 corruens,
2196 3666 2386 3706 verum
2438 3667 2497 3706 se
2546 3667 2701 3706 reum
2753 3650 3129 3720 miserumque
3164 3648 3461 3705 confessus

1864 3752 1970 3809 cst,
2015 3744 2342 3814 promittens
2388 3743 2572 3798 omnia
2627 3743 2732 3797 sibi
2788 3742 3033 3811 injuncta
3076 3742 3459 3797 incunctanter

1864 3837 2142 3906 perlicere.
2180 3834 2421 3891 Tandem
2440 3835 2526 3889 vir
2546 3835 2895 3899 mitissimus,
2930 3834 3091 3888 solita
3125 3834 3229 3889 sibi
3260 3834 3459 3902 pietate

1865 3936 2193 3993 commotus,
2248 3927 2531 3997 respondit
2568 3926 2750 3992 :Quid
2792 3926 2953 3980 mihi
2981 3942 3047 3981 ex
3093 3926 3211 3997 ipsa
3258 3925 3458 3996 injuria

1864 4020 2141 4091 irrogasti,
2172 4028 2395 4089 paterae
2418 4020 2694 4091 indulgeo.
2721 4017 2880 4085 Quod
2908 4025 3092 4072 autem
3124 4017 3178 4071 in
3204 4015 3377 4070 Deum
3404 4024 3461 4068 et

1864 4111 2093 4166 Matrem
2122 4111 2263 4180 ejus,
2307 4110 2714 4181 Apostolosque
2757 4126 2855 4165 seu
2896 4125 3118 4164 omnem
3156 4108 3456 4163 Ecclesiam

1864 4202 2209 4268 contraxisti,
2257 4203 2519 4257 luendum
2566 4202 2684 4257 fore
2728 4201 3064 4271 pronuntio:
3092 4201 3167 4254 ita
3193 4207 3253 4252 ut
3279 4199 3458 4267 primo

1866 4295 2299 4365 Hierosolymam
2324 4294 2546 4360 tendas;
2575 4302 2631 4348 et
2661 4291 3035 4363 postmodum,
3064 4291 3112 4345 si
3143 4290 3300 4344 vivus
3331 4288 3456 4342 inde

1865 4404 2121 4444 reversus
2153 4385 2345 4455 fueris,
2385 4387 2593 4442 nostris
2622 4396 2676 4441 te
2717 4383 2972 4439 manibus
3002 4390 3058 4437 et
3088 4380 3321 4436 consilio
3370 4395 3458 4433 re-

1862 4490 2180 4553 prmsentes,
2211 4489 2270 4536 ut
2312 4480 2391 4537 sic
2436 4481 2630 4535 saltem
2663 4478 2827 4534 modo
2872 4476 3058 4546 aliquo
3099 4473 3330 4543 gratiam
3360 4471 3457 4527 tibi

1861 4576 2156 4631 conciliare
2191 4574 2583 4643 omnipotentis
2622 4571 2718 4627 Dei
2749 4571 2954 4625 valeas.
2998 4567 3066 4622 Et
3095 4565 3456 4636 quemadmo-

1822 4666 1827 4671 ’
1862 4668 1994 4723 dum
2044 4668 2257 4724 cunctis
2306 4666 2434 4721 ﬁliis
2469 4665 2747 4730 Ecclesiae,
2779 4658 3157 4717 subversionis
3188 4659 3458 4713 hactenus

1860 4761 2138 4831 exemplar
2159 4759 2330 4826 fuisti,
2354 4759 2430 4814 ita
2466 4760 2534 4815 de
2556 4764 2735 4813 cetero
2764 4751 3144 4810 conversionis
3179 4750 3300 4805 fias.
3327 4748 3455 4803 llasc

1863 4854 2047 4924 itaque
2077 4861 2293 4918 cuncta,
2341 4861 2508 4922 prout
2550 4850 2771 4921 jussum
2798 4856 2909 4903 est.
2937 4854 2997 4900 ut
3030 4844 3337 4905 videbatur,
3362 4857 3455 4894 ex-

1863 4946 2012 5015 plere
2033 4944 2392 5001 libentissime
2416 4940 2711 5017 spopondit
2734 4958 2748 4993 :
2773 4946 2828 4993 et
2848 4940 2949 5007 sic,
2982 4937 3091 4993 diei
3128 4936 3287 4991 illius
3319 4932 3446 4985 libe-

1862 5041 2131 5096 rationem
2156 5040 2481 5108 promcruit.
2931 5042 2935 5051 '

1934 5133 2023 5187 47.
2073 5131 2313 5187 Tandem
2362 5129 2514 5204 Papa
2564 5127 2690 5200 pius
2747 5126 2817 5181 ad
2865 5127 3160 5182 fenestram
3218 5124 3459 5179 erectus,

1860 5226 2037 5280 turbae
2080 5224 2281 5278 furenti
2306 5224 2571 5295 expansis
2606 5219 2884 5286 manibus,
2925 5226 2990 5274 ut
3015 5216 3462 5287 componeretur.

1860 5325 1916 5371 et
1943 5316 2206 5386 aliquanti
2251 5317 2530 5386 majorum
2574 5312 2769 5369 turrim
2815 5310 3195 5374 ascenderem.
3260 5298 3459 5357 ίηυυίί·
