3986 5386
201 325 263 413 ﬁs
385 432 391 436 ᾔ
1153 312 1778 410 “amongst;
1808 327 1986 401 ΑετἈ
2016 347 2072 402 s.
2108 319 2453 404 Cnrioonn.
3108 402 3115 409 ε
3169 434 3174 436 Α
3367 350 3435 407 ⁶⁶

371 460 458 527 Ει,
511 469 573 516 ιιι
617 459 797 514 nullus
844 474 1009 514 sexus
1059 465 1414 530 pertranseat,
1466 457 1754 511 veniamus
1782 462 1827 518 Α
1856 473 1985 512 num
2025 460 2375 528 exspectavit,
2412 474 2522 531 quo
2551 458 2852 515 Romanam
2896 442 3225 529 Ecclesiam,
3248 442 3315 516 ἰιι
3342 476 3451 547 σεε-ς

194 555 342 608 etiam
373 552 442 606 ad
484 552 767 616 honestas,
818 559 873 606 ct
912 560 1025 605 tam
1067 550 1329 620 religione
1380 564 1546 620 quam
1590 549 1756 603 etiam

194 644 504 699 secularium
538 658 725 696 rerum
754 643 1124 713 potentatibus
1149 640 1446 710 locupletes
1476 641 1755 705 mulieres,

193 734 435 805 Reginam
485 719 759 789 videlicet
785 734 1066 804 Agnetem,
1124 733 1369 802 ejusdem
1425 721 1765 801 iniquissimi

193 824 338 898 Regis
358 834 619 891 matrem,
645 834 703 880 et
725 840 846 879 vere
867 824 1160 895 Reginam;
1193 839 1335 895 quas,
1364 824 1534 893 regali
1573 823 1760 878 diade-

192 927 316 971 mate
340 918 596 983 dimisso,
637 918 880 971 seculum
924 916 1066 971 istud
1098 917 1377 981 deserens,
1405 915 1502 969 Dei
1532 915 1761 985 ejusque

190 1008 356 1063 Matris
384 1006 896 1077 Apostolorumque
918 1006 1038 1076 ejus
1060 1006 1205 1061 Petri
1229 1013 1285 1061 et
1325 1005 1481 1060 Pauli
1514 1006 1759 1077 vestigiis

191 1099 637 1155 inremisSibiliter
663 1099 915 1164 adhaesit;
942 1097 1242 1154 Beatricem
1265 1099 1509 1169 insuper,
1532 1099 1763 1169 ejusque

190 1191 573 1247 nobilissimam
618 1192 828 1261 prolem
868 1190 1210 1257 Matbildem;
1255 1206 1399 1261 quae,
1442 1191 1569 1246 licet
1600 1191 1763 1245 ‘mun-‘

190 1283 308 1337 dana
360 1299 494 1337 cura
552 1281 771 1337 Ducum
819 1269 1078 1349 ofﬁcium,
1126 1281 1337 1337 italiam
1382 1282 1757 1354 gubernando,

190 1384 451 1446 gesserunt
485 1373 575 1445 (ut
614 1373 863 1428 Debbora
893 1374 1153 1429 nimirum
1183 1374 1407 1441 eﬂ'ectae,
1449 1389 1572 1445 quae
1608 1374 1760 1444 judi-

190 1482 303 1522 cans
325 1465 516 1533 lsrael,
543 1464 713 1519 Jabin
755 1481 878 1520 eum
912 1466 1028 1521 suis
1065 1466 1324 1521 omnibus
1362 1467 1419 1521 in
1462 1473 1767 1521 torrentem-

188 1559 337 1613 Cison
366 1557 663 1628 dispersit)
701 1556 919 1627 iniquos
949 1545 1231 1612 multo-ties
1252 1556 1605 1613 confusibiles
1629 1572 1764 1612 con-

190 1651 433 1705 triverunt
459 1668 475 1704 :
501 1665 629 1720 qua:
674 1650 895 1720 quidem
938 1650 1079 1704 inter
1119 1648 1413 1704 Dominum
1452 1649 1656 1720 Papam
1707 1656 1763 1703 et

189 1742 364 1813 Regem
414 1742 776 1797 mediatrices
822 1740 1063 1808 fuerunt,
1096 1749 1149 1796 et
1184 1742 1338 1813 regni
1368 1749 1571 1797 statum
1604 1757 1761 1796 com-

187 1852 365 1905 ponere
410 1844 463 1890 et
506 1821 1210 1890 confirmaredesideranti
1258 1835 1530 1889 desiderio
1573 1834 1761 1904 cupie-

186 1928 314 1982 bant.
339 1926 550 1982 Rorum
571 1928 830 1983 omnium
850 1914 1192 1996 aliarumque
1205 1926 1566 1996 probabilium
1592 1927 1761 1981 totius

182 2021 498 2076 conditionis
550 2019 887 2076 testimoniis
927 2034 1034 2073 non
1081 2019 1449 2088 acquiescere,
1496 2019 1632 2073 nihil
1675 2025 1762 2073 est

184 2112 311 2166 aliud
362 2128 532 2182 quam
560 2111 658 2167 Dei
686 2112 824 2166 iram
852 2111 1170 2181 promereri,
1197 2118 1582 2180 perpetuaeque
1604 2111 1761 2165 dam-

185 2205 408 2259 nationis
465 2204 653 2259 subire
702 2203 1050 2259 sententiam.
1110 2200 1208 2257 His
1260 2203 1445 2272 itaque
1497 2203 1564 2258 ad
1620 2201 1760 2257 tanti

182 2294 337 2351 Patris
393 2292 770 2351 innocentiam
820 2284 1218 2349 ostendendam
1274 2295 1718 2349 commemoratis
1740 2335 1756 2362 ,

182 2388 309 2445 illius
354 2386 525 2459 Regis
578 2387 826 2454 fraudes,
884 2386 1341 2451 machinationes,
1374 2386 1445 2440 ‘et‘
1486 2386 1757 2441 interdum

181 2479 327 2534 etiam
379 2480 436 2534 in
470 2478 529 2534 S.
573 2478 800 2534 Petrum
833 2478 1215 2544 contumelias,
1254 2486 1457 2533 nostra:
1487 2478 1761 2534 sebodula:

181 2572 584 2642 conjungentes,
632 2586 702 2627 ne
754 2572 808 2627 in
863 2571 1072 2626 erroris
1124 2571 1401 2626 tenebrosi
1450 2570 1756 2641 ignorantia

182 2663 305 2717 scire
330 2664 577 2718 volentes
592 2662 1204 2734 jacerepermittamus,
1231 2677 1331 2734 pro
1354 2662 1565 2718 viribus
1581 2671 1756 2733 coepta

182 2770 479 2824 sequamur.

240 2847 322 2900 5|.
352 2846 542 2902 Tertio
586 2846 759 2918 igitur
804 2844 1038 2901 Henrico
1081 2853 1303 2900 mortuo
1339 2844 1475 2916 (50),
1526 2854 1758 2916 quartus

181 2937 257 2991 ille
295 2936 565 2994 Henricus
611 2937 749 3006 Rex,
803 2939 1151 3009 permittente
1202 2936 1451 2994 Romano
1497 2936 1758 3008 Pontifree

182 3028 400 3099 Victore,
416 3031 525 3101 ,ς’λῇ
556 3039 689 3091 tunc
713 3032 965 3097 morienti
994 3046 1236 3101 praesens
1259 3038 1396 3097 erat,
1417 3031 1769 3099 hereditario

1858 556 2022 615 teras,
2071 549 2175 603 sibi
2226 551 2495 621 subjicere
2541 559 2767 621 posset:
2814 553 2882 608 ad
2926 554 3073 624 quod
3122 561 3345 624 postea,
3378 562 3439 608 ut

1857 641 2038 710 reipsa
2076 643 2273 711 patuit,
2311 643 2508 711 annisu
2551 657 2661 713 quo
2705 645 2876 698 valuit
2900 653 3113 701 erectus
3156 653 3259 701 est.
3300 642 3436 699 Nam

1858 724 2080 787 mortuo
2107 732 2331 788 Nicolao
2366 731 2410 786 ll
2459 732 2625 804 Papa,
2666 730 3197 807 ’subintroductoque
3234 744 3440 792 sanctae

1860 824 2138 880 memoriae
2166 824 2494 892 Alexandro,
2530 828 2752 881 vesania
2799 844 2913 883 sure
2942 818 3143 884 mentis
3164 837 3435 899 arreptus,

1858 914 2175 971 haereticum
2202 916 2522 984 Cadaloum,
2550 916 2897 974 Parmensem
2935 921 3073 976 male
3096 901 3451 976 nominatum‘

1859 1006 2210 1079 Episcopum,
2254 1010 2379 1064 data
2408 1025 2506 1079 per
2544 1025 2767 1064 manum
2811 1027 2964 1066 suam
3012 1012 3355 1077 investitura,
3383 1013 3438 1066 in

1858 1099 2062 1171 Papam
2096 1100 2447 1178 erigere’non
2494 1099 2835 1156 formidavit;
2872 1100 3096 1170 Verum,
3123 1103 3440 1171 cedentibus

1860 1179 2137 1258 Omnibus,
2196 1200 2583 1248 controversas
2631 1192 2762 1260 Deo,
2824 1193 2972 1264 quod
3025 1180 3437 1261 deliberaverat,

1860 1299 2206 1354 nequaquam
2240 1286 2306 1339 ad
2339 1285 2591 1340 effectum
2617 1285 2917 1354 perducere
2940 1286 3134 1356 potuit.
3160 1284 3281 1354 Quo
3303 1295 3442 1342 tem—

1859 1389 1992 1444 pore
2016 1376 2235 1445 quantis
2262 1375 2334 1430 sit
2369 1377 2613 1446 paternis
2648 1375 2843 1431 litteris
2875 1378 3453 1449 contmonitus,‘ejus-‘

1859 1467 1982 1522 dem
2007 1466 2189 1523 Patris
2223 1468 2514 1522 Alexandri
2542 1466 2806 1539 libri~(5i)
2841 1472 3130 1522 testantur.
3440 1482 3445 1485 ‘

1931 1559 2019 1613 52.
2052 1559 2153 1614 Cui
2175 1558 2336 1614 Pater
2351 1543 2666 1630 Gregorius,
2692 1567 2983 1630 postquam
3007 1559 3225 1614 Domini
3251 1545 3455 1613 volun;

1861 1658 1993 1717 tate,
2036 1650 2250 1723 fugiens
2286 1659 2341 1706 et
2378 1651 2640 1717 renitens,
2671 1651 2962 1705 succedere
2997 1660 3220 1706 coactus
3245 1659 3349 1716 est,
3387 1659 3448 1705 ut

1861 1742 2126 1809 decebat,
2198 1751 2423 1814 paterna
2486 1742 2638 1796 illum
2695 1742 2936 1797 visitavit
2985 1742 3441 1809 eommonitione;

1861 1850 2027 1890 orans
2073 1843 2129 1890 et
2173 1836 2460 1906 postulans
2508 1842 2570 1888 ut
2607 1848 2706 1904 pro
2749 1849 2935 1888 amore
2974 1820 3220 1888 omnium
3258 1831 3441 1904 Regis,

1860 1928 2022 1981 etiam
2047 1942 2147 1997 pro
2174 1927 2260 1981 sui
2290 1933 2467 1982 status
2501 1925 2697 1990 salute,
2733 1939 2835 1995 pro
2870 1924 3066 1980 anima:
3107 1940 3222 1979 suae
3261 1939 3444 1980 reme-

1860 2016 1972 2086 dio,
2000 2020 2070 2074 ab
2092 2020 2249 2086 actis,
2272 2018 2472 2090 quibus
2495 2017 2781 2087 oportebat
2800 2024 3013 2072 tantum
3036 2025 3238 2072 sanctis
3258 2015 3445 2071 Eccle-

1861 2111 1958 2168 sia:
1978 2111 2151 2166 ﬁlium
2174 2120 2228 2168 et
2253 2111 2559 2167 membrum
2580 2109 2876 2177 abstinere,
2894 2109 3088 2182 pedem
3113 2108 3442 2175 retraheret;

1861 2212 2286 2276 agnosceretque
2320 2201 2523 2275 Regem
2548 2200 2758 2271 Regum
2781 2215 2946 2271 super
2976 2216 3035 2255 se
3058 2200 3443 2273 inSpectorem,

1861 2297 1975 2369 qui,
2001 2297 2248 2353 cordium
2277 2294 2506 2351 consilia
2531 2300 2585 2349 et
2622 2292 2971 2348 tenebrarum
3007 2291 3326 2346 abscondita
3352 2281 3461 2346 co-'

1831 2392 2150 2461 'gno'scens,
2196 2386 2494 2458 unicuique
2530 2385 2838 2441 Secundum
2884 2398 3053 2453 opera
3095 2397 3194 2437 sua
3234 2381 3459 2449 reddit;'

1860 2497 2060 2553 rogans
2099 2481 2265 2537 etiarn
2319 2487 2382 2534 ut
2420 2476 2765 2534 consiliarios
2803 2476 3094 2545 pessimos,
3133 2472 3227 2553 qui
3270 2466 3459 2542 magis

1860 2550 1959 2630 sua
1986 2590 2150 2645 quam
2175 2589 2301 2628 eum
2336 2571 2649 2642 diligebant,
2686 2567 2982 2622 dimitteret
3006 2550 3304 2645 {quoniam
3355 2572 3448 2617 taa

1845 2655 1993 2722 'lium
2034 2666 2289 2729 consiliis
2342 2663 2684 2727 consentire,
2721 2659 2859 2715 nihil
2906 2656 3053 2711 aliud
3102 2672 3225 2710 esse
3274 2671 3442 2726 quam

1858 2767 2091 2814 mortem
2118 2757 2421 2828 acquirere,
2447 2766 2784 2826 regnumque
2821 2749 3154 2813 subvertere,
3184 2755 3240 2802 et
3276 2747 3329 2801 in
3362 2746 3444 2801 fa-

1858 2851 2041 2908 bulam
2076 2859 2291 2908 cunctis
2326 2848 2578 2922 gentibus
2614 2845 2730 2901 ﬁeri
2768 2844 2925 2908 velle,
2969 2840 3329 2912 significabat.
3360 2838 3463 2893 Ad‘

1860 2945 1965 3000 hoc
2000 2944 2113 2999 Rex
2147 2944 2263 3014 ipse
2283 2956 2578 3013 parumper
2606 2944 2912 3017 commotus
2939 2935 3147 3015 litteras
3168 2922 3465 3017 supplices;

1861 3037 1999 3107 (32),
2027 3045 2080 3092 et
2127 3031 2301 3105 magis
2343 3034 2423 3103 (ut
2452 3014 2640 3103 postea
2665 3026 2883 3096 claruit)
2921 3014 3461 3089 subdolas,emen-‘

177 3121 306 3188 jure,
349 3123 619 3189 nimirum
656 3138 814 3192 puer,
847 3124 1133 3179 successit.
1184 3122 1289 3178 Sed
1332 3121 1650 3193 (Salomone
1674 3132 1759 3177 at—
1782 3144 1824 3203 ο
1856 3127 2130 3182 dationem
2155 3125 2553 3197 promittentes,
2582 3121 2748 3177 misit.
2785 3117 2977 3172 Allatis
3010 3116 3193 3186 itaque
3221 3114 3437 3180 litteris,

179 3221 417 3279 testante,
448 3224 506 3269 et
535 3214 755 3270 dicente
782 3233 794 3267 :
830 3213 922 3269 Vae
948 3215 1046 3269 tibi
1075 3223 1244 3279 terra,
1274 3214 1435 3282 cujus
1470 3212 1587 3268 Rex
1618 3228 1757 3283 puer

180 3313 272 3371 est,
297 3314 348 3359 et
369 3306 534 3375 cujus
563 3306 842 3376 principes
870 3321 1042 3372 mane,
1057 3306 1352 3361 comedunt
1371 3306 1409 3375 !)
1439 3305 1505 3359 ad
1538 3305 1758 3360 destru-

181 3395 397 3467 ctionem
419 3397 508 3451 sui
536 3406 594 3452 et
613 3398 786 3453 totius
802 3399 974 3468 regni,
998 3397 1265 3469 quidquid
1286 3412 1518 3467 usquam
1535 3401 1769 3467 sceleris,

182 3499 311 3557 esse
334 3497 517 3556 potest
559 3489 818 3559 patravit.
865 3488 1022 3544 Greco
1051 3490 1217 3559 corde
1252 3478 1518 3558 petulans
1539 3474 1755 3544 Patrem

184 3593 284 3632 non
326 3576 528 3647 timuit,
566 3580 666 3656 sed
720 3570 1072 3654 reddentibus
1118 3570 1336 3636 cunctis
1382 3580 1755 3637 testimonium

184 3671 406 3738 pueritiae
421 3672 864 3744 imperfectaeque
878 3674 1049 3739 aetati,
1074 3673 1356 3729 lasciviam
1381 3673 1501 3742 ejus
1524 3672 1756 3727 Romani

182 3759 455 3821 Pontifices
501 3772 929 3835 supportarunt;
977 3765 1357 3825 existimantes
1403 3765 1555 3820 illum
1589 3765 1770 3839 virile

183 3856 425 3919 scandere
469 3864 707 3936 tempus,
752 3871 865 3926 quo
899 3856 1103 3927 corrigi
1146 3864 1332 3934 posset
1375 3873 1471 3933 per
1513 3872 1600 3924 se;
1645 3873 1756 3932 non

185 3947 501 4027 attendentes
536 3949 686 4020 Quod
728 3949 997 4018 scriptum
1036 3957 1121 4002 est
1158 3968 1170 4002 ε
1231 3948 1333 4016 Qui
1361 3946 1536 4019 parcit
1568 3948 1753 4021 virgte,

184 4037 287 4091 olit
314 4039 485 4095 filium
521 4057 707 4096 suum.
743 4040 999 4097 Nutritur
1030 4058 1269 4112 namque
1296 4041 1520 4096 vitium:
1546 4049 1600 4097 et
1624 4043 1755 4098 dum

183 4141 351 4185 ramus
381 4142 533 4188 tener
571 4150 684 4188 non
717 4136 1018 4190 niundatur
1059 4143 1154 4190 aut
1192 4135 1461 4200 evellitur,
1490 4134 1546 4188 in
1573 4143 1754 4188 matu-

184 4220 377 4278 ritatem
400 4226 648 4292 veniens,
684 4242 850 4280 manu
884 4227 976 4281 vix
1007 4235 1101 4282 aut
1133 4226 1281 4284 ferro
1306 4225 1634 4295 przceiditur.
1666 4219 1777 4283 Sic-

186 4312 421 4370 nimirum
455 4318 567 4383 ille,
603 4317 881 4388 majorum
906 4320 1211 4375 ascendens
1252 4302 1511 4385 currum,
1535 4332 1755 4373 omnem

187 4400 459 4463 Ecclesiam
492 4411 831 4480 superbientr
867 4412 1126 4466 calcaneo
1158 4424 1487 4481 supponere,
1539 4408 1757 4464 calcan-

1856 3225 1969 3272 tota
2010 3218 2253 3274 Ecclesia
2297 3216 2477 3270 lzntata
2519 3222 2629 3279 est;
2674 3225 2901 3281 sperans
2953 3207 3328 3263 Sacerdotium
3385 3214 3441 3260 et

1855 3308 2125 3385 Regnum,
2171 3308 2267 3369 Dei
2315 3307 2492 3380 gratia
2534 3300 3071 3385 coadunand’umga‘d
3094 3288 3466 3379 purgandum‘

1853 3388 2014 3456 omne
2032 3382 2181 3471 quod
2217 3401 2272 3454 in
2317 3400 2435 3470 ipsa
2475 3397 2711 3469 sparsim
2752 3382 3099 3449 incumbebat
3127 3390 3433 3446 sordidum.

1854 3479 2008 3549 Tunc
2051 3491 2331 3548 communi
2355 3492 2585 3547 consilio
2610 3487 2892 3545 deﬁnitum
2929 3492 3013 3540 est
3045 3490 3105 3538 ut
3149 3498 3251 3554 pro
3287 3490 3437 3538 tanta

1853 3602 2039 3653 causa,
2065 3595 2285 3655 tamque
2329 3583 2439 3638 Deo
2461 3584 2622 3654 digna
2646 3581 2877 3644 ratione,
2902 3577 3082 3648 Agnes
3116 3584 3292 3630 mater
3317 3576 3439 3645 ejus

1853 3677 2120 3750 Augusta,
2149 3692 2407 3746 unacum
2430 3673 2837 3729 v'encrabilibus
2868 3668 3170 3740 Epi‘scopi's,
3197 3653 3467 3739 Ostiensi

1852 3749 2103 3828 videlicet
2124 3779 2178 3826 et
2197 3749 2557 3834 Praenestino,
2582 3784 2610 3822 a
2635 3767 2801 3821 latere
2818 3762 3031 3817 Domini
3046 3760 3207 3830 Papze
3227 3759 3437 3826 missis,

1854 3860 1966 3935 (55)
1988 3863 2186 3934 Regem
2215 3877 2339 3916 cum
2362 3858 2698 3930 Apostolicis’
2732 3855 2925 3911 litteris
2949 3853 3141 3918 adiret,
3172 3859 3252 3919 ut,
3288 3858 3438 3906 tanta
3502 3895 3506 3901 ,

1854 3942 2219 4027 promissione
2232 3953 2564 4024 pereognita,
2585 3960 2790 4006 certum
2815 3949 2973 4001 finem
2988 3945 3144 4000 malae
3159 3945 3238 3998 rei
3251 3944 3441 3997 hacte-

1854 4034 1959 4102 nus
2002 4046 2312 4102 commissae
2365 4044 2644 4114 imponere
2695 4041 2872 4096 vellet.
2919 4037 3093 4118 Quam
3162 4034 3468 4119 Resipse'

1854 4156 1979 4194 cum
2004 4139 2322 4193 memoratis
2350 4135 2678 4205 Apostolieis
2699 4132 2905 4209 nuntiis
2930 4114 3465 4183 laoriorifiee‘susce-‘

1853 4226 1963 4301 pit:
1990 4225 2352 4296 reversusque
2382 4227 2448 4281 ad
2472 4227 2589 4290 cer,
2613 4224 2897 4293 ntjustum
2943 4219 3063 4284 fuit,
3093 4220 3147 4272 in
3180 4219 3439 4273 omnibus

1854 4321 1967 4377 Deo
2008 4329 2062 4376 et
2110 4319 2168 4375 S.
2210 4321 2372 4376 Petro
2406 4317 2689 4373 satisfecit.
2719 4313 2993 4384 Quidquid
3032 4312 3202 4366 etiam
3248 4309 3435 4382 Legati

1854 4414 1958 4493 sibi
2002 4412 2488 4485 superposuerunt,
2534 4408 2837 4465 humillima
2868 4412 3046 4481 mente
3070 4411 3287 4474 portare
3314 4398 3465 4493 pro-j

188 4494 401 4567 damque
436 4490 700 4571 praebere,
746 4501 912 4556 vilem
962 4510 1023 4556 ιιι
1073 4502 1351 4568 ancillam,
1399 4517 1500 4572 pro
1546 4501 1754 4558 viribus
1786 4487 2005 4560 Dmisit
2056 4505 2111 4580 in
2144 4500 2411 4577 manibus
2462 4517 2675 4566 eorum,
2723 4501 2789 4571 de
2820 4503 3001 4571 cetero
3046 4511 3103 4551 se
3133 4487 3467 4573 custodirefh’

189 4590 483 4646 conabatur.
514 4591 671 4660 Quod
728 4594 910 4649 scelus
964 4592 1210 4649 Romana
1245 4591 1487 4649 Ecclesia
1521 4608 1631 4648 non
1677 4591 1756 4648 fe-

192 4694 321 4745 rens,
353 4699 471 4752 qua:
500 4695 663 4755 caput
706 4682 879 4741 tutius
922 4685 1221 4757 Religionis
1246 4693 1299 4739 et
1336 4682 1592 4756 magistra
1639 4683 1752 4751 est;

191 4778 238 4822 et
258 4774 337 4826 cui
357 4788 579 4832 cunctos
611 4778 783 4833 seculi
827 4786 1075 4849 potentes
1102 4794 1213 4849 prze
1238 4778 1434 4832 ceteris
1459 4779 1753 4849 corrigere,

193 4863 583 4940 vacillantesque
603 4870 951 4927 eonsolidare
971 4871 1255 4942 proprium
1271 4876 1375 4935 est,
1388 4869 1506 4939 ipso
1520 4868 1755 4927 Domino

190 4956 506 5025 Incipiente
522 4960 795 5031 Apostolo
825 4960 988 5017 Petro
1018 4981 1032 5017 :
1065 4961 1132 5016 Et
1170 4969 1231 5017 tu
1273 4960 1570 5030 aliquando
1619 4977 1755 5017 eon-

192 5058 383 5105 versus.
419 5053 681 5108 confirma
718 5051 920 5110 fratres
952 5069 1106 5122 tuos;
1154 5051 1351 5108 litteris
1400 5067 1523 5109 cum
1555 5070 1756 5110 conve-

198 5150 317 5203 mre,
348 5151 397 5196 et
434 5143 913 5201 commonefacere
949 5155 1002 5202 et
1037 5147 1334 5216 praedicare
1364 5148 1545 5217 cmpit.
1580 5147 1754 5216 Cujus

200 5229 365 5287 collum
386 5234 586 5292 Christi
613 5238 819 5307 jngum
860 5236 1001 5293 ferre
1042 5240 1316 5304 nescium,
1342 5237 1609 5296 libertatis
1639 5254 1755 5294 sua:

198 5322 389 5381 arbitrio
409 5328 752 5386 induratum.
788 5327 893 5381 hac
929 5328 1156 5386 illacuue
1181 5330 1477 5386 avertendo
1511 5330 1748 5386 dill‘uait:

1858 4592 2160 4670 Omnesque
2199 4581 2542 4652 Simoniacos
2577 4594 2858 4663 malosque
2882 4588 3228 4645 consiliarios
3264 4595 3317 4642 et
3339 4603 3436 4644 ex-

1856 4686 2288 4745 cbmmunicatos
2317 4705 2347 4744 a
2381 4705 2439 4743 se
2480 4687 2669 4757 procul
2702 4684 2982 4755 repellere,
3023 4681 3205 4738 ct‘Dei
3250 4680 3467 4737 Ecclc—'

1856 4780 2018 4846 siam,
2044 4783 2346 4837 secundum
2371 4779 2704 4835 Canonicam
2743 4776 3160 4841 institutionem,
3185 4790 3280 4844 per
3305 4790 3436 4829 eon—
3456 4843 3470 4853 .

1855 4872 2041 4930 silium
2083 4874 2243 4944 Papa:
2280 4872 2634 4930 ordinandam
2669 4868 3210 4938 componendamque
3247 4855 3472 4943 dimit-‘l‘

1822 5022 1827 5025 .
1855 4974 1987 5021 tere.
2003 4965 2101 5023 llis
2123 4966 2352 5037 aliisque
2368 4962 2551 5035 causis
2564 4952 2958 5028 determinatis,
2977 4959 3043 5015 ad
3064 4957 3443 5029 Apostolicum
3468 5020 3471 5027 λ

1854 5060 2061 5114 reversi
2096 5067 2243 5116 sunt.
2654 5108 2659 5109 κ

1925 5150 2015 5205 55.
2040 5150 2157 5208 Rex
2187 5162 2409 5221 quoque
2433 5160 2685 5201 reversus
2703 5143 2879 5201 estad
2923 5145 3115 5201 eadem
3154 5140 3440 5196 volutabra

1854 5241 2058 5313 quibus
2102 5243 2308 5298 involvi
2341 5246 2660 5305 consuerat;
2692 5238 2921 5293 credens
2969 5234 3231 5291 nimirum
3264 5229 3442 5301 magis

1854 5348 1970 5386 sua:
1992 5334 2290 5386 blandienti
2306 5330 2573 5386 voluntati
2597 5330 2865 5386 malisaue
2885 5323 3241 5386 consiliariis,
3271 5336 3437 5386 quam
