3986 5386
479 281 541 333 ετ
1052 305 1056 320 ι
1235 226 1240 240 ’
1565 315 1568 318 .
1691 275 1748 328 s.
1791 268 2058 331 caseos

2163 267 2299 324 svn
2335 270 2528 329 rara.
2949 255 2967 270 '
3674 278 3745 336 es

477 397 723 467 Augusta
751 393 951 450 iterum
978 410 1010 448 a
1027 393 1170 449 Sede
1191 403 1435 466 nomana
1457 403 1628 445 missa
1651 397 1736 443 est
1763 404 1920 443 :cum
1943 403 2054 458 quo
2081 383 2129 439 Α
2155 399 2318 454 quam
2361 387 2598 443 infandae
2621 389 2994 458 permistionis
3037 391 3226 446 lolium
3250 393 3495 461 protulit.
3531 391 3747 450 Monuit

477 495 724 556 tempore
744 485 930 556 aliquo
967 491 1306 546 conversam,
1351 489 1555 536 sancta:
1593 478 1779 536 Matris
1805 479 2060 534 Ecclesia:

477 593 604 648 erga
627 578 778 634 illum
801 577 1052 632 aﬁ'ectum
1077 590 1293 630 omnem
1331 573 1562 644 aperuit.
1591 571 1684 627 llle
1706 587 1834 628 vero
1849 571 2058 641 jactum

475 669 624 728 verbi
681 685 866 724 semen
911 667 1094 722 cordis
1139 681 1274 737 agro
1305 665 1535 735 recepit;
1595 664 1712 730 sed,
1757 663 2058 720 secundum

476 758 856 831 Evangelicam
886 757 1224 829 parabolam,
1257 757 1386 813 dum
1420 764 1596 811 mater
1619 755 1770 819 serit,
1795 755 1942 810 aliud
1967 769 2059 810 ce-

477 851 608 906 cidit
641 866 801 908 secus
828 850 993 914 viam,
1030 849 1176 920 quod
1200 857 1310 902 tam
1347 846 1606 902 humanis
1627 847 1908 916 gressibus
1929 861 2063 901 con-

475 943 768 1007 culcatum,
793 957 958 1012 quam
991 957 1021 995 a
1045 940 1362 994 volucribus
1378 947 1463 994 est
1478 946 1724 1008 raptum;
1762 937 1911 994 aliud
1931 951 2061 992 vero

476 1034 619 1089 inter
649 1034 928 1102 spinas,et
943 1033 1013 1086 ab
1041 1031 1248 1086 exortis
1270 1030 1618 1094 suﬂocatum,
1647 1027 1886 1084 fructum
1919 1028 2062 1084 ferre

477 1141 585 1178 non
611 1124 808 1191 valuit;
839 1123 986 1178 aliud
1021 1137 1149 1177 vero
1179 1138 1341 1192 super
1367 1121 1560 1192 rapidei
1587 1121 1768 1176 cordis
1801 1120 2060 1176 duritiam

381 1233 385 1236 λ
469 1215 701 1284 jactum,
733 1215 988 1270 adustum
1027 1213 1160 1269 solis
1192 1213 1408 1278 ardore,
1446 1213 1660 1268 radices
1700 1211 1900 1266 habere
1949 1229 2058 1267 non

473 1307 670 1376 potuit.
725 1305 830 1362 Per
873 1306 1144 1362 humanos
1195 1304 1417 1374 quidem
1465 1318 1728 1376 gressus,
1788 1305 2060 1358 malorum

476 1399 782 1462 hominum,
817 1397 1016 1466 quibus
1065 1397 1337 1461 utebatur,
1377 1395 1636 1462 consilia;
1674 1411 1769 1466 per
1806 1395 2060 1451 volucres

473 1504 625 1554 vero,
651 1488 1058 1544 immundorum
1083 1487 1372 1558 spirituum
1397 1485 1804 1556 suggestiones;
1826 1501 1923 1554 per
1945 1487 2058 1556 spi-

475 1597 576 1636 nas
607 1595 758 1645 vero,
789 1579 1009 1634 divitias
1057 1577 1340 1648 regiasque
1370 1577 1698 1646 voluptates,
1733 1592 1830 1646 per
1850 1585 2056 1646 petram

472 1687 624 1738 vero,
652 1671 912 1726 duritiam
945 1669 1126 1725 cordis
1149 1667 1470 1740 signiﬁcari,
1505 1667 1807 1737 intelligere
1833 1667 2061 1736 quilibet

473 1771 724 1819 sensatus
771 1761 989 1832 poterit.
1037 1747 1246 1815 Moram
1309 1769 1494 1814 autem
1537 1757 1773 1814 faciente
1829 1756 2057 1829 Regina,

471 1870 602 1910 suas
633 1855 827 1909 iterum
853 1853 1062 1908 litteras
1093 1851 1238 1922 Papa
1275 1842 1446 1917 misit,
1479 1858 1540 1906 ut
1572 1851 1802 1906 instaret
1827 1850 1995 1906 verbo
2011 1858 2066 1904 et

469 1945 776 2002 liberationi
802 1945 927 2011 ﬁlii;
954 1945 1242 2014 ipsumque
1261 1943 1472 2013 rogavit
1495 1951 1576 2007 ut,
1600 1941 2064 2012 quemadmodum

466 2044 528 2098 in
557 2037 754 2092 litteris
784 2036 886 2092 sibi
913 2035 1040 2089 olim
1078 2035 1266 2094 missis
1295 2034 1406 2104 (54)
1443 2033 1851 2099 continebatur,
1887 2031 2063 2104 Lega-

473 2136 766 2197 torumque
798 2127 852 2182 in
885 2125 1138 2180 manibus
1160 2124 1454 2194 promissio
1485 2134 1539 2180 et
1561 2125 1696 2180 ﬁdes
1725 2124 1851 2179 data
1877 2133 2064 2179 osten-

468 2220 643 2284 derat,
685 2219 765 2273 sic
807 2233 865 2272 se
901 2216 1232 2282 custodiret;
1271 2225 1327 2270 et
1381 2217 1620 2270 maxime
1668 2231 1698 2270 a
1727 2213 2062 2271 'Simoniaca

469 2311 688 2376 haeresi,
729 2325 838 2380 qua
900 2307 1212 2374 insudabat,
1252 2307 1504 2377 spiritum
1543 2323 1706 2364 suum
1753 2307 2059 2376 cohiberet;

468 2402 977 2460 excommunicatos
1010 2399 1382 2466 consiliarios,
1431 2414 1571 2475 quos
1605 2415 1706 2470 pro
1753 2400 1930 2456 salute
1961 2416 2060 2456 sua

469 2496 735 2566 regnique
778 2501 923 2549 statu
969 2491 1282 2562 Apostolica
1332 2490 1500 2547 Sedes
1534 2501 1589 2546 et
1624 2490 1878 2564 Synodus
1913 2491 2062 2563 juste

469 2589 847 2650 damnaverat,
875 2585 1066 2656 procul
1089 2584 1372 2655 abjiceret,
1406 2600 1475 2639 ne
1505 2583 1561 2639 in
1596 2583 1844 2638 eamdem
1885 2584 2059 2640 male-

466 2679 765 2736 dictionem
797 2677 1080 2732 incideret.
1121 2675 1326 2747 Regina
1379 2674 1610 2730 Romam
1651 2683 1954 2742 revertens,
1990 2677 2058 2731 ti-

463 2771 600 2826 lium
631 2770 700 2826 ad
751 2768 845 2824 Dei
873 2762 1145 2839 justitiam
1177 2775 1233 2822 et
1263 2767 1529 2822 honorem
1571 2766 1892 2822 inclinatum
1942 2767 2058 2824 fore

463 2862 738 2928 asseruit:
763 2861 854 2916 cui
890 2875 1001 2916 non
1038 2859 1212 2915 multo
1238 2867 1363 2930 post
1402 2859 1681 2915 vacillanti
1713 2859 2058 2916 blandientes

461 2963 522 3012 et
544 2955 753 3010 idoneze
787 2953 981 3008 litterae
1017 2951 1104 3006 bis
1135 2953 1318 3007 missae
1353 2959 1482 3006 sunt
1513 2951 1649 3022 (55).

532 3045 622 3100 54.
660 3044 754 3100 Illo
775 3045 998 3116 quidem
1027 3053 1272 3114 tempore
1297 3041 1568 3109 Saxones,
1606 3043 1879 3114 quoniam
1901 3043 2056 3122 vide-
2085 3062 2128 3120 ο

461 3137 596 3194 baut
619 3137 689 3192 ab
712 3151 778 3192 eo
805 3152 863 3192 se
881 3137 1112 3192 nimium
1136 3135 1431 3190 crudeliter
1453 3135 1700 3201 tractari,
1725 3133 2058 3189 unanimiter

461 3229 913 3298 conspiraverunt
962 3235 1023 3282 ut
1085 3241 1184 3296 pro
1229 3225 1375 3296 Rege
1435 3226 1591 3279 illum
1661 3226 1896 3294 amplius
1946 3242 2056 3281 non

461 3321 746 3376 baberent.
788 3317 942 3373 Tunc
986 3325 1212 3374 coactus
1242 3317 1518 3386 supplices
1557 3315 1624 3371 ad
1677 3315 2055 3386 Apostolicum

459 3410 670 3466 litteras
695 3410 914 3484 direxit,
962 3425 1134 3487 orans
1164 3417 1226 3463 ut
1245 3409 1362 3464 suis
1393 3407 1744 3482 orationibus.
1770 3422 2055 3464 commen-

461 3503 648 3577 datum
675 3502 980 3573 susciperet
992 3509 1264 3578 quatenus
1283 3515 1408 3556 eum
1435 3500 1502 3556 de
1525 3507 1637 3554 tam
1662 3498 1936 3554 horrendo
1959 3515 2027 3570 pa
2042 3523 2059 3543 α

461 3595 748 3666 vendoque
757 3594 968 3666 judicio
993 3594 1110 3664 jam
1133 3591 1465 3666 imminenti,
1481 3592 1598 3648 suis
1621 3591 1832 3647 meritis
1852 3591 2056 3647 excelsi

461 3685 626 3758 Regis
639 3687 844 3744 dextrae
857 3687 1092 3758 eriperet
1110 3703 1124 3752 ;
1167 3685 1366 3760 iterum
1389 3684 1702 3754 iterumque
1725 3683 2054 3754 promittens

461 3778 540 3834 nil
589 3794 858 3856 unquam.
891 3777 1130 3850 amplius
1181 3777 1248 3834 de
1295 3775 1547 3832 ecclesiis
1575 3773 1672 3830 Dei
1698 3774 1878 3832 facere
1908 3775 2057 3846 quod

463 3871 639 3928 sancti
660 3871 916 3928 Canones
937 3868 1334 3941 reprehendere
1348 3863 1604 3940 possent.
1615 3866 1787 3938 Cujus
1800 3867 2056 3939 precibus

461 3971 648 4018 motus
688 3961 852 4034 Papa,
895 3963 1102 4018 eisdem
1147 3959 1462 4016 Saxonibus
1489 3960 1700 4016 litteras
1735 3968 1792 4015 et
1830 3958 2054 4016 nuntios

463 4053 614 4126 misit
637 4073 676 4147 ;’
689 4063 744 4111 et
764 4054 912 4111 circa
935 4053 1184 4126 ejusdem
1223 4052 1390 4124 Regis
1419 4053 1635 4108 radices
1655 4049 1890 4118 fodiens,
1910 4067 2053 4122 prte-

461 4143 754 4204 dieatiouis
807 4163 924 4204 suae
959 4145 1226 4218 cophinos
1250 4145 1422 4211 misit,
1469 4151 1799 4216 exspectans
1847 4143 2058 4200 scilicet

461 4248 524 4299 ut
545 4255 770 4312 grossos
790 4253 856 4296 ex
873 4238 980 4296 ﬁcu
1009 4238 1264 4310 colligere
1285 4244 1494 4310 posset.
1521 4233 1648 4301 Sed,
1669 4235 1812 4294 unde
1839 4252 2056 4292 sumere

461 4319 711 4401 humoris
747 4330 876 4387 boni
905 4331 1300 4401 plenitudinem
1342 4328 1551 4396 debuit,
1576 4326 1702 4382 inde
1747 4335 1872 4398 post
1906 4343 2054 4383 mar-

2160 479 2412 548 equidem
2463 481 2685 554 Regem,
2717 483 2933 540 interim
2962 501 3020 540 se
3063 485 3132 540 ab
3155 485 3325 542 armis
3353 487 3743 556 suspenderet,

2160 571 2334 629 donec
2361 590 2391 629 e
2442 575 2723 632 Saxonum
2767 578 3016 648 partibus
3045 579 3270 634 nuntios
3313 579 3576 634 haberet:
3626 578 3747 635 Rex

2160 680 2314 733 vero,
2354 682 2466 722 non
2507 669 2867 738 acquieseens
2895 671 3094 727 litteris
3133 679 3189 726 et
3219 671 3748 728 commonitionibus

2161 755 2372 825 Patris,
2424 770 2598 817 terras
2644 759 2896 817 Samnite
2935 761 3192 829 intravit;
3251 761 3345 818 ubi
3387 778 3454 818 ex
3511 771 3747 833 utraque

2162 857 2351 918 parte,
2388 851 2670 908 hominum
2707 855 2944 924 peccatis
2975 855 3340 928 exigentibus,
3383 853 3591 910 multus
3635 853 3746 908 hu-

2162 958 2362 1002 manus
2390 947 2615 1018 sanguis
2655 947 2868 1004 effusus
2902 955 3005 1004 est.
3061 947 3226 1020 Regis
3256 955 3439 1003 tamen
3480 945 3536 1000 in
3563 944 3747 1000 mani-

2163 1037 2287 1106 bus,
2306 1041 2459 1111 justo
2498 1040 2592 1096 Dei
2621 1041 2854 1110 judicio,
2891 1041 3120 1096 victoria
3161 1041 3286 1096 data
3326 1040 3460 1109 (56),
3487 1052 3590 1108 pro
3611 1052 3746 1107 qua,

2163 1131 2268 1188 sub
2319 1133 2576 1188 manibus
2627 1133 2849 1189 Domini
2891 1132 3171 1190 humiliari
3229 1131 3436 1197 debuit,
3479 1138 3747 1198 tanquam

2163 1222 2369 1294 ignitus
2399 1233 2455 1280 et
2490 1226 2684 1296 spiritu
2725 1227 2982 1283 elationis
3023 1225 3279 1290 inﬂatus,
3318 1229 3510 1280 contra
3561 1221 3747 1292 ipsum

2163 1314 2440 1372 intumuit.
2465 1317 2601 1373 Nam
2631 1328 2830 1375 cuncta
2875 1335 2998 1390 quae
3024 1319 3236 1390 pridem
3258 1331 3355 1386 per
3370 1314 3620 1378 Matrem.
3648 1327 3748 1382 Per

2162 1407 2483 1482 Episcopos,
2523 1426 2620 1482 per
2643 1412 2906 1478 Clericos,
2945 1428 3044 1482 per
3075 1423 3392 1466 communes
3428 1405 3652 1460 nuntios
3693 1411 3749 1459 et

2161 1502 2406 1571 privatos
2449 1513 2610 1559 antea
2639 1505 2970 1575 promiserat
3015 1523 3029 1558 :
3059 1501 3442 1574 postmodum,
3481 1498 3612 1568 quia
3645 1508 3747 1550 ‘se-

2161 1609 2350 1662 curus,
2389 1595 2446 1650 in
2491 1597 2704 1652 irritum
2731 1598 2906 1653 duxit.
2946 1596 3226 1667 Siquidem
3273 1591 3566 1655 Ecclesias,
3604 1603 3748 1659 quas

2163 1686 2220 1740 in
2244 1688 2501 1744 manibus
2522 1688 2740 1744 Domini
2763 1687 3286 1760 Papaacorrigendas
3311 1685 3414 1740 sub
3426 1683 3748 1754 juramento

2167 1789 2447 1849 posuerat,
2491 1797 2600 1838 non
2659 1783 2838 1838 solum
2880 1797 2989 1836 non
3019 1779 3258 1846 dimisit;
3301 1792 3490 1832 verum
3539 1775 3704 1830 etiam
3727 1816 3744 1842 ,

2166 1882 2357 1928 contra
2395 1873 2692 1931 decretales
2717 1873 2940 1930 Patrum
2985 1871 3374 1936 institutiones,
3416 1867 3746 1940 quibusdam

2166 1966 2428 2024 adulteris
2455 1975 2512 2022 et
2537 1965 2866 2024 Simoniacis
2905 1967 3008 2023 sub
3031 1965 3353 2021 investitura
3393 1961 3742 2018 contradidit.

2166 2058 2312 2117 [nter
2342 2075 2484 2130 quos
2504 2060 2668 2116 etiam
2707 2059 3050 2116 Gotefridum
3079 2057 3214 2130 (57),
3242 2066 3464 2129 propter
3485 2054 3748 2112 Ecclesiae

2165 2151 2584 2209 Mediolanensis
2613 2153 2955 2208 invasionem
2984 2151 3520 2207 excommunicatum
3537 2189 3553 2214 ,
3589 2148 3745 2218 ejus-

2162 2244 2286 2299 dem
2309 2243 2612 2300 invasionis
2637 2243 2905 2300 adulterio
2925 2243 3198 2299 investivit
3215 2261 3230 2312 ;
3248 2244 3446 2298 Altono
3473 2239 3588 2312 (58)
3617 2253 3747 2294 cum

2163 2335 2307 2407 Papa
2345 2343 2628 2400 morante,
2676 2351 2840 2406 quem
2884 2335 3352 2406 archiepiscopum
3379 2335 3577 2390 melior
3615 2348 3746 2402 pars

2161 2429 2323 2496 cleri,
2371 2437 2426 2483 et
2455 2427 2644 2498 populi
2697 2443 2856 2482 suum
2903 2426 3196 2483 Dominum
3238 2428 3534 2500 elegerant.
3585 2425 3748 2482 Dedit

2159 2521 2325 2578 etiam
2349 2520 2682 2586 Firmanam,
2699 2527 2754 2574 et
2781 2519 3130 2590 Spoletanam
3155 2519 3384 2594 (59).....

2755 2633 2987 2690 CAPUT
3029 2633 3142 2690 VII.

2161 2729 2404 2802 Synodus
2441 2729 2624 2785 Romae
2648 2747 2682 2783 a
2730 2728 2983 2802 Gregorio
3011 2726 3277 2802 cgiebratq
3319 2737 3506 2782 contra
3537 2727 3742 2783 Henri-

2332 2803 2558 2856 ct'anum'
2577 2797 2999 2855 conventiculum
3035 2797 3330 2870 ﬂagrantiae
3361 2809 3560 2854 actum.

2227 2917 2316 2978 55.
2336 2914 2434 2972 His
2449 2923 2632 2971 autem
2649 2915 2717 2970 ad
2737 2914 3105 2984 Apostolicam
3123 2912 3318 2972 Sedem
3333 2915 3576 2986 perlatis,
3593 2915 3740 2986 Papa

2159 3007 2453 3081 Gregorius
2499 3022 2610 3062 non
2655 3006 2932 3088 modicum
2983 3005 3346 3062 conturbatus
3401 3015 3503 3062 est.
3561 3006 3744 3078 C(epit

2162 3101 2368 3157 interea
2423 3099 2619 3172 agitari
2677 3099 2866 3155 multis
2911 3099 3417 3155 sollicitudinibus:
3475 3099 3739 3170 quoniam

2160 3201 2358 3250 cuncta
2395 3208 2519 3263 qua:
2574 3191 2644 3248 ad
2685 3205 2878 3262 pacem
2906 3191 3198 3261 provenire
3227 3199 3558 3262 speraverat,
3600 3194 3741 3248 verti

2159 3285 2215 3339 in
2247 3284 2520 3340 contraria
2557 3284 2938 3354 perspiciebat.
2973 3283 3215 3340 Tandem
3267 3299 3464 3340 causas
3501 3284 3740 3354 aliquas,

2158 3377 2264 3433 sibi
2278 3364 2375 3448 per
2388 3377 2655 3449 quosdam
2676 3376 2909 3448 Legatos
2929 3385 3138 3434 secrete
3164 3375 3385 3444 missas,
3407 3375 3738 3444 quibusdam

2156 3469 2406 3539 personis
2453 3467 2812 3540 honestisque
2842 3470 2976 3525 viris
3022 3467 3310 3540 patefecit;
3349 3476 3412 3523 ut
3435 3461 3742 3539 perpende-

2156 3567 2278 3616 rent
2293 3561 2424 3632 quid
2463 3575 2628 3632 super
2655 3562 2742 3620 his
2768 3563 3116 3619 statuendum
3149 3561 3312 3618 foret.
3335 3559 3530 3617 Tantis
3553 3561 3742 3634 itaque

2155 3655 2634 3726 promissionibus,
2653 3657 2764 3712 imo
2777 3655 3221 3712 simulatiouibus
3240 3655 3522 3727 inspectis,
3545 3669 3742 3712 omnes

2157 3747 2348 3804 mirari
2383 3757 2686 3820 coeperunt.
2717 3749 2918 3805 Verum
2939 3791 2955 3816 ,
2983 3763 3054 3805 ne
3101 3745 3350 3804 Romana
3391 3745 3560 3804 Sedes
3586 3745 3742 3804 vide-

2156 3849 2310 3897 retur
2330 3841 2536 3913 aliquid
2553 3843 2757 3914 injuste
2781 3858 2878 3900 seu
2894 3844 3302 3914 praecipitanter
3331 3857 3512 3914 agere,
3542 3841 3737 3898 deﬁni-

2157 3943 2274 3990 tum
2291 3943 2378 3990 est
2409 3943 2472 3991 ut
2507 3936 2683 3992 eidem
2704 3935 2836 4008 Regi
2856 3937 3304 3994 acrioreslitterae
3327 3935 3702 3992 scriberentur
3718 3975 3736 4001 ,

2157 4029 2213 4084 in
2236 4032 2438 4102 quibus
2459 4031 2618 4103 plene
2662 4039 3020 4104 cognosceret
3050 4031 3202 4088 nullo
3250 4031 3446 4086 timore
3483 4044 3740 4086 amoreve

2151 4121 2426 4193 justitiam
2485 4125 2758 4182 dimittere
2818 4140 2982 4198 posse
3050 4123 3360 4181 Romanum
3427 4121 3734 4180 Pastorem.

2158 4215 2389 4288 Scripsit
2415 4225 2597 4276 autem
2629 4219 2694 4274 ad
2735 4217 3040 4276 Beatricem
3075 4221 3303 4290 ejusque
3325 4216 3491 4272 tiliam
3519 4214 3739 4273 Mathil—

2154 4313 2277 4370 dem
2297 4356 2312 4382 ,
2343 4331 2466 4386 qua:
2487 4323 2618 4370 tunc
2642 4313 2908 4384 temporis
2931 4312 3142 4369 Italiam
3172 4318 3344 4367 totam
3387 4323 3500 4382 pra?
3521 4310 3738 4366 caeteris

461 4399 622 4482 cidus
653 4423 837 4478 aruit:
893 4399 948 4478 et
985 4427 1298 4492 exspectata
1344 4419 1474 4474 vitis
1501 4419 1567 4474 ad
1609 4418 1840 4490 pingues
1864 4419 2054 4476 botros
2084 4427 2131 4484 D
2155 4404 2564 4482 gubernabant:
2619 4405 2688 4462 ad
2733 4407 2987 4462 eumdem
3045 4421 3264 4476 ηεθω,
3309 4403 3379 4459 ad
3422 4402 3733 4458 ίηνίιεοτθιη

462 4507 768 4581 ferendum,
793 4513 1079 4570 labruscas
1100 4511 1236 4567 viles
1258 4520 1313 4566 et
1331 4511 1502 4566 exiles
1518 4511 1756 4582 portavit
1781 4529 1796 4578 ;
1819 4518 1874 4565 et
1893 4526 2049 4583 seges

462 4603 614 4661 foliis
633 4605 1040 4676 pulchrioribus
1060 4610 1275 4671 ornata,
1317 4603 1516 4658 messis
1534 4612 1780 4674 tempore
1809 4603 1886 4658 nil
1901 4603 2048 4658 aliud

499 4783 753 4840 crrexisse
774 4782 980 4836 obviam
992 4779 1206 4852 Legath
1234 4777 1526 4852 dpototiqe
1559 4776 1730 4852 Sedis,
1755 4787 1810 4832 et
1832 4779 2048 4852 duobus

503 4855 554 4911 ic
577 4853 829 4908 iudicatis
855 4847 1131 4908 adduntur
1151 4847 1441 4922 Episcopus
1460 4847 1734 4905 Curiensis
1755 4859 1804 4903 et
1823 4848 2046 4920 Episco-

463 4942 562 4996 pus
586 4923 882 4996 σατραπεία.

560 4997 652 5063 54)
688 4993 788 5048 Est
816 5009 878 5048 ea
909 4991 1138 5063 epistola
1153 4989 1387 5063 _8_5._lih.
1410 4989 1472 5063 _l.

561 5059 652 5122 55)
687 5063 827 5118 Sunt
855 5059 1049 5118 cae—30.
1075 5069 1129 5114 et
1153 5061 1240 5114 5t.
1273 5059 1368 5115 lib.
1401 5060 1452 5114 1.

559 5128 650 5207 56)
671 5133 974 5207 Monachus
989 5128 1385 5207 ﬁerit-mensis,
1402 5131 1458 5184 in
1480 5129 1756 5207 Chronico
1778 5131 2044 5207 historico

465 5200 792 5268 Germaniae,
827 5205 936 5258 late
989 5203 1096 5256 hoc
1121 5200 1336 5273 bellum
1353 5201 1636 5273 describit,
1669 5217 1700 5256 a
1754 5217 1877 5273 pag.
1917 5203 2040 5258 7M.

465 5286 616 5326 mmo
659 5275 700 5326 l.
762 5273 1103 5326 Scriptorum
1141 5270 1438 5324 illustrium
1496 5270 1808 5326 Germaniae
1833 5270 2044 5326 excuso

2153 4501 2630 4568 Mediolanensem,
2659 4499 2728 4555 ad
2759 4498 3150 4570 Suﬂ'raganeos
3178 4512 3389 4553 omnes.

2185 4666 2190 4673 .
2223 4596 2310 4654 56.
2343 4595 2499 4652 Tunc
2525 4595 2661 4662 Rex,
2687 4593 2840 4666 gravi
2862 4606 3100 4649 maerore
3118 4598 3172 4646 et
3197 4590 3396 4646 timore
3422 4595 3734 4658 correptus,

2149 4777 2522 4832 diolanensrm
2547 4775 2916 4832 occupaverit.
3650 4813 3654 4818 .

2220 4848 2333 4918 (58)
2379 4847 2630 4914 Altouus,
2685 4835 2906 4968 llqhello
2927 4842 3087 4908 Atho,
3117 4839 3365 4898 Clericus
3386 4835 3734 4919 Amhresiani

2220 4917 2396 4968 ιιιραίἰ.
2435 4917 2642 4968 electus
2673 4917 2740 4968 10
2775 4916 2834 4968 6.
2861 4915 2928 4968 de
2961 4929 3074 4968 auo
3101 4921 3157 4968 et
3195 4909 3608 4968 perturbatione
3629 4905 3734 4960 Ec.-

2148 4915 2396 4989 Collegii,
2435 4917 2642 4972 electus
2673 4915 2834 4982 1076,
2861 4915 2928 4970 de
2961 4929 3074 4984 quo
3101 4921 3157 4968 et
3195 4915 3608 4980 perturbatione
3630 4915 3732 4986 Ec.-

2147 4989 2328 5068 clesiae
2348 4987 2773 5068 Medioianensis
2803 4986 2908 5068 iegi
2943 4992 3126 5040 potest
3145 4981 3406 5050 Ugbellus
3444 4979 3500 5033 in
3533 4977 3732 5032 Archi-

2145 5056 2918 5131 cpisc.M_ediolan.c_ol.
3229 5123 3261 5131 _
3371 5120 3387 5131 _
3432 5116 3478 5131 η
3585 5115 3596 5128 ,

2218 5130 2331 5208 (59)
2371 5129 2444 5208 ελ
2474 5127 2954 5208 Gregoriusepist.
2985 5126 3072 5208 t5.
3107 5124 3200 5208 lib.
3310 5120 3390 5208 .ad
3432 5116 3729 5208 [lenticula

2147 5187 2847 5274 RegemiContsztatuta',
2875 5197 3075 5274 inquit,
3103 5191 3425 5274 Α-ροιροζὶοω
3439 5187 3732 5274 Sedis__tru-

2144 5262 2332 5326 ditiiin
2349 5270 2664 5326 Firmanam
2682 5279 2732 5322 et
2759 5262 3101 5326 Spoletinum
3125 5262 3487 5318 Ecclesium...
3513 5262 3732 5326 quibus-
