3986 5386
257 347 329 401 69
684 342 687 343 ⁷
1230 340 1762 401 PROLEGOMENA.
1807 372 1879 382 —-
1906 338 2087 395 ACTA
2128 341 2183 396 S.
2224 341 2573 397 GREGORII.
2991 414 2995 423 ζ
3479 342 3552 400 70

253 462 361 515 hac
392 459 644 529 illacque
675 467 855 515 mente
901 458 1193 515 furibunda
1223 467 1606 515 transcurrens
1627 500 1643 524 ,
1668 471 1860 512 omnes
1889 457 1935 511 Α
1960 463 2044 509 est
2070 464 2128 509 ut
2164 454 2308 509 facto
2360 456 2695 511 anathemati
2733 458 3153 516 subseriberent.
3175 463 3543 536 ‘Cougregalis

256 567 392 606 suos
434 566 690 621 nequam
733 550 1082 606 consiliarios
1125 550 1409 606 advocavit
1462 569 1475 604 :
1515 549 1765 605 deductis
1803 547 1859 601 in
1961 561 2092 617 ergo
2119 548 2373 602 omnibus
2424 547 2609 619 Papia
2657 564 2724 603 ex
2766 562 3032 623 praecepto
3063 552 3246 627 Regis,
3286 565 3341 611 et
3367 560 3541 629 magis

260 643 505 697 medium
524 643 815 697 nonnullis
835 643 1213 697 seductoribus
1229 650 1358 696 ante
1374 656 1641 710 perversae
1663 640 1860 695 mentis

262 734 511 799 occulas,
539 735 643 804 qui
673 734 851 804 plura,
879 734 1083 804 quibus
1109 734 1350 787 humana
1379 749 1534 787 mens
1556 732 1667 786 falli
1698 731 1857 795 solet,

263 833 721 896 proposuerunt;
774 841 928 895 regni
970 825 1238 879 honorem
1277 840 1307 877 a
1345 823 1506 878 Patre
1547 824 1857 887 dimissum,
1881 887 1895 900 ι

265 920 501 972 liberum
528 918 851 983 arbitrium,
879 931 1010 986 opes
1032 916 1290 980 inﬁnitas,
1316 915 1549 969 militum
1577 914 1861 969 abundan-

267 1010 398 1064 tiam
424 1018 482 1063 et
530 1008 939 1074 fortitudinem,
973 1007 1290 1078 Episcopos,
1324 1000 1520 1072 Duces,
1552 1004 1858 1078 Tyrannos,

262 1099 325 1155 et
371 1101 477 1155 sub
508 1100 779 1154 ﬁdelitate
812 1100 1091 1168 Principes
1114 1099 1464 1167 constrictos,
1497 1101 1861 1171 superborum

272 1192 432 1244 etiam
485 1191 630 1245 colla
691 1207 795 1245 suo
837 1192 970 1261 jugo
1011 1190 1276 1255 contrita,
1326 1201 1597 1261 quaestum
1640 1192 1864 1261 insuper

276 1282 649 1337 Ecclesiarum
678 1283 798 1338 suis
819 1282 1068 1337 manibus
1092 1283 1439 1348 traditarum,
1467 1292 1521 1337 et
1542 1283 1711 1337 multa
1755 1283 1861 1338 alia

274 1390 413 1443 quze,
448 1382 509 1428 ut
526 1374 799 1438 diximus,
820 1372 1145 1429 secularium
1181 1382 1391 1428 mentes
1418 1374 1689 1429 illiciunt:
1722 1376 1863 1429 inter

273 1480 413 1533 quos
441 1465 553 1535 (60)
581 1465 942 1536 Moguntinus
986 1463 1088 1519 fuit
1136 1464 1618 1535 Archiepiscopus,
1641 1474 1694 1520 et
1730 1466 1860 1521 reli-

272 1555 367 1623 qui
406 1556 503 1609 aui
546 1555 658 1610 sub
685 1556 806 1624 ipso
844 1554 1108 1625 degebant
1135 1554 1498 1624 Suffraganei.
1530 1556 1694 1611 Facta
1730 1572 1861 1612 vero

274 1651 364 1701 tali
388 1663 412 1702 ιε
450 1644 774 1713 mentione,
797 1655 1105 1702 statuerunt
1143 1656 1204 1702 ut
1218 1646 1519 1716 Imperialis
1542 1649 1860 1703 constitutio

274 1748 501 1793 cunctos
525 1738 582 1793 in
618 1753 726 1793 suo
750 1753 919 1809 regno
954 1747 1237 1794 manentes
1266 1739 1588 1809 Episcopos,
1612 1742 1859 1795 cursori-

278 1832 376 1885 b-xs
411 1831 618 1899 ubique
647 1830 857 1897 missis,
903 1838 1029 1885 ante
1071 1847 1228 1885 suam
1271 1833 1618 1901 praesentiam
1646 1833 1862 1902 juberet

274 1923 531 1977 assistere
563 1921 710 1993 (6i);
738 1930 814 1988 et,
849 1923 1173 1978 coadunatis
1199 1924 1455 1979 omnibus
1529 1926 1860 1981 anathemati

273 2014 419 2081 quod
456 2012 817 2083 Moguntinus
861 2014 1151 2071 haereticus
1180 2028 1372 2072 contra
1420 2018 1481 2071 B.
1508 2017 1655 2072 Petri
1696 2016 1859 2073 Vica-

275 2106 436 2172 rinm,
470 2105 587 2160 imo
632 2105 687 2160 in
720 2103 1015 2162 Dominum
1043 2117 1099 2163 et
1124 2108 1449 2177 Apostolum
1485 2110 1605 2179 ejus
1634 2126 1860 2180 compo-

274 2207 460 2263 neret,
515 2199 945 2253 subscriberent.
995 2198 1149 2265 Quod
1185 2199 1233 2254 si
1280 2199 1423 2255 forte
1461 2210 1647 2257 motus
1674 2202 1857 2272 aliqua

272 2292 577 2345 reverentia
603 2291 729 2360 quis
773 2306 965 2346 eorum
1007 2306 1067 2347 se
1114 2292 1439 2348 subtrahere
1490 2295 1669 2360 vellet,
1694 2295 1857 2349 rebus

273 2382 530 2436 omnibus
557 2391 606 2437 et
635 2383 896 2454 dignitate
928 2385 1195 2455 privatus,
1221 2394 1281 2440 ut
1306 2384 1521 2456 Regalis
1554 2386 1857 2456 majestatis

272 2474 579 2541 obnoxius,
648 2476 936 2545 capitalem
976 2477 1185 2531 subiret
1224 2478 1571 2533 sententiam.
1623 2477 1852 2547 Interea,

271 2562 487 2635 Legatis
511 2567 753 2644 undique
774 2568 961 2624 missis
980 2569 1116 2641 (δε),
1145 2570 1214 2624 ab
1245 2568 1390 2625 Urbe
1422 2572 1644 2640 quidam
1677 2570 1851 2641 Hugo,

270 2657 398 2711 olim
423 2656 754 2725 Cardinalis,
802 2668 933 2716 tunc
955 2670 1138 2717 autem
1183 2662 1327 2717 inter
1353 2661 1655 2732 Episcopos
1682 2663 1855 2717 haere-

272 2749 408 2804 ticos
431 2750 771 2820 praecipuum
788 2761 949 2822 caput
975 2753 1091 2824 (qui
1115 2752 1230 2822 jam
1258 2754 1415 2807 tertio
1446 2754 1516 2808 ab
1541 2753 1852 2824 Apostolica

270 2840 407 2896 Sede
446 2842 741 2898 damnatus
789 2843 996 2912 fuerat,
1026 2846 1155 2915 quia
1208 2846 1476 2915 quosdam
1511 2844 1853 2903 Simoniacos

269 2933 624 2990 reconciliare
686 2937 1175 3008 praesumpserat),
1211 2937 1414 2993 fictitiis
1477 2940 1594 2994 suis
1656 2939 1851 2994 litteris

266 3027 815 3098 Archiepiscoporum
873 3038 929 3084 et
994 3028 1389 3100 Episcoporum
1446 3047 1710 3102 personas
1758 3048 1849 3087 re-

1961 652 2024 691 ex
2054 640 2273 708 propria
2299 641 2676 695 malevolentia
2700 651 2752 695 et
2782 643 2926 709 odio,
2964 655 3021 699 ut
3050 661 3139 700 res
3174 648 3368 717 patuit,
3402 664 3539 704 ana—

1961 728 2187 784 themati
2216 730 2677 800 subscripserunt.
2707 731 2842 787 Nam
2876 733 2943 787 ad
2962 737 3360 792 ostendendum
3383 739 3541 793 malae

1961 821 2258 875 voluntatis
2278 823 2580 888 cumulum,
2605 824 2799 894 positis
2821 828 3187 883 sacrosanctis
3208 828 3537 899 Evangeliis,

1959 910 2272 981 iuramento
2323 914 2677 967 ﬁrmaverunt
2737 916 2888 969 nullo
2952 919 3116 972 modo
3172 935 3231 975 se
3281 921 3539 992 deinceps

1964 1002 2285 1072 Gregorium
2337 1020 2438 1073 pro
2488 1004 2634 1075 Papa
2681 1006 2985 1076 habituros,
3034 1010 3120 1063 vel
3174 1011 3538 1067 obedientiam

1965 1094 2325 1161 exhibituros,
2346 1096 2641 1167 missisque
2672 1099 2897 1165 nuntiis,
2916 1100 3054 1155 idem
3078 1109 3140 1156 ut
3166 1102 3260 1157 alii
3298 1101 3543 1159 facerent

1962 1184 2284 1240 effecerunt.

2032 1276 2120 1330 57.
2163 1275 2394 1347 Scripsit
2444 1286 2623 1333 autem
2663 1279 2805 1334 idem
2851 1278 2967 1335 Rex
3009 1281 3241 1338 Romam
3302 1284 3535 1351 litteras,

1962 1368 2112 1422 omni
2148 1368 2347 1437 injuria
2372 1369 2711 1438 inhonestas,
2740 1370 3084 1442 falsitateque
3113 1374 3369 1443 repletas,
3401 1391 3541 1445 prae-

1963 1460 2169 1530 cipiens
2192 1461 2425 1517 Domino
2444 1462 2603 1534 Papa:
2617 1474 2675 1518 ut
2699 1466 2765 1520 de
2794 1465 2930 1521 Sede
2948 1472 3194 1537 surgeret
3212 1468 3541 1525 Eeclesiam-

1960 1567 2068 1621 que
2096 1552 2391 1609 dimitteret
2421 1574 2433 1609 :
2465 1572 2670 1611 vocans
2701 1572 2826 1611 eum
2859 1558 3168 1628 perjurum,
3201 1560 3538 1627 invasorcm,

1961 1651 2014 1697 et
2040 1642 2220 1715 Regia:
2239 1646 2517 1717 dignitatis
2530 1648 2936 1715 diminutorem,
2959 1650 3194 1705 maxime
3215 1648 3542 1707 Simoniacis

1962 1733 2355 1806 Longobardiae
2395 1740 2823 1796 elaborantibus.
2881 1739 3201 1796 Statuerunt
3253 1744 3417 1797 etiam
3482 1753 3543 1798 ut

1964 1842 2073 1880 non
2104 1837 2229 1883 ante
2255 1830 2448 1885 litterae
2482 1832 2746 1887 darentur
2770 1842 2826 1888 et
2845 1834 3030 1900 verba,
3078 1850 3241 1905 quam
3287 1835 3540 1906 Synodus

1962 1934 2084 1989 qua:
2113 1930 2437 1993 congregata
2466 1923 2521 1976 in
2550 1922 2798 1981 Romana
2824 1923 3000 1980 fuerat
3030 1925 3273 1981 Ecclesia
3324 1926 3539 1997 plenius

1962 2014 2065 2068 hoc
2096 2013 2285 2069 audire
2324 2024 2529 2085 posset,
2560 2018 2705 2086 quod
2732 2018 2897 2072 etiam
2935 2016 3139 2073 factum
3174 2026 3276 2073 est.
3310 2016 3445 2074 Nam
3484 2027 3542 2074 et

1958 2104 2105 2176 Papa
2125 2106 2403 2179 Synodum
2425 2108 2675 2177 faciente,
2693 2110 2913 2179 quidam
2934 2108 3246 2165 Parmensis
3272 2110 3537 2177 Clericus,

1960 2195 2175 2254 Domini
2203 2199 2502 2272 Apostolici
2539 2202 2607 2258 ad
2632 2202 2914 2273 injuriam,
2944 2218 3070 2257 cum
3100 2201 3307 2257 eisdem
3344 2202 3540 2257 litteris

1958 2301 2289 2362 praesentare
2314 2310 2372 2349 se
2386 2311 2494 2349 non
2515 2295 2800 2351 abhorruit
2817 2312 2831 2362 ;
2850 2302 2904 2350 et
2939 2295 3158 2350 easdem
3170 2295 3538 2365 blasphemias

1957 2384 2013 2438 in
2068 2383 2207 2441 facie
2240 2388 2408 2443 totius
2440 2388 2696 2443 Ecclesiae
2723 2400 2779 2442 et
2805 2402 3104 2443 conventus
3154 2387 3538 2459 proferre‘non

1958 2474 2288 2534 formidavit.
2340 2479 2444 2535 Per
2490 2482 2631 2536 idem
2663 2489 2878 2550 tempus
2901 2480 3230 2551 prodigium,
3270 2482 3338 2536 ad
3391 2481 3537 2536 illius

1955 2568 2264 2640 iniquitatis
2319 2572 2581 2627 indicium
2609 2581 2664 2627 et
2703 2572 3177 2627 confirmationem
3206 2571 3405 2629 futurae
3432 2574 3534 2639 rei,

1955 2662 2011 2716 in
2041 2661 2187 2718 Urbe
2224 2664 2380 2735 juxta
2419 2664 2479 2719 Β.
2508 2663 2658 2719 Petri
2704 2662 3005 2719 Ecclesiam
3047 2672 3229 2718 ortum
3256 2673 3360 2730 est,
3388 2665 3535 2735 quod

1954 2756 2200 2810 omnium
2258 2758 2423 2812 corda
2446 2757 2678 2811 nimium
2729 2756 2785 2809 in
2837 2763 3115 2825 stuporem
3151 2766 3532 2812 converterat:
3592 2794 3593 2797 η

1954 2865 2116 2904 nemo
2167 2850 2314 2903 enim
2357 2850 2594 2920 aliquam
2657 2847 3112 2918 signiﬁcationem
3165 2865 3329 2919 super
3355 2850 3533 2920 ipsum

1951 2945 2083 2999 dare
2131 2951 2186 2998 et
2244 2941 2489 3012 proferre
2533 2942 2695 3012 digne
2762 2941 3257 3012 convenienterque
3299 2951 3530 3012 poterat.

1954 3033 2232 3106 Siquidem
2260 3036 2457 3107 gallina
2479 3050 2642 3089 ovum
2656 3034 2887 3090 miriﬁco
2913 3037 3169 3091 caelatum
3191 3052 3354 3107 opere
3366 3053 3533 3108 pepe-

263 3130 637 3189 pnnsentans,
679 3121 933 3188 advenit;
1006 3120 1236 3176 laudans
1277 3123 1463 3177 omnia
1508 3140 1630 3193 qua:
1688 3139 1852 3192 super
1876 3132 1919 3189 C
1950 3127 2023 3182 rit
2043 3126 2178 3199 (64),
2198 3128 2253 3181 in
2280 3143 2390 3217 quo
2410 3127 2518 3182 duo
2540 3127 2678 3182 mira
2704 3128 2961 3197 insignita
2990 3127 3239 3184 fuerant:
3265 3132 3534 3200 serpentis

265 3210 558 3266 Dominum
607 3211 808 3282 Papam
833 3221 1286 3282 composuerant;
1329 3214 1584 3284 projectts
1626 3218 1682 3269 in
1736 3230 1850 3270 me-

263 3304 410 3358 dium
438 3304 567 3359 aliis
590 3303 838 3374 epistolis
887 3304 990 3358 sub
1011 3304 1257 3359 omnium
1285 3303 1657 3381 _Cardinalium
1681 3306 1852 3362 Sena-

263 3405 460 3466 tusque
492 3411 562 3451 ac
594 3397 783 3467 populi
811 3396 1031 3452 nomine
1053 3397 1302 3465 titulatis,
1327 3399 1528 3468 quibus
1567 3399 1848 3470 signiﬁca-

262 3474 462 3542 bantur
528 3488 781 3559 quzedam
849 3479 1309 3558 proclamationes
1363 3491 1431 3546 ad
1499 3493 1847 3565 praesentiam

264 3581 467 3651 regiam
491 3568 714 3647 delatae;
740 3580 834 3636 ubi
875 3581 1041 3647 etiam
1086 3583 1509 3643 continebantur
1548 3584 1847 3654 postulatio

261 3672 386 3725 novi
410 3671 715 3738 Pontificis,
746 3681 800 3728 et
831 3673 1064 3744 abjectio
1092 3674 1319 3745 legitimi
1346 3674 1588 3731 Pastoris
1614 3718 1626 3730 .
1645 3676 1847 3732 'subin-

264 3763 384 3817 tulit
429 3764 600 3818 etiam
634 3761 847 3819 multas
885 3764 1236 3833 inimicitias,
1281 3782 1420 3837 quas
1468 3766 1776 3836 patiebatur
1815 3784 1848 3824 a

263 3854 621 3911 Nortmannis
664 3872 695 3911 a
716 3857 1234 3924 circumjacentibus
1258 3857 1564 3913 Comitibus
1616 3859 1685 3915 ab
1715 3861 1848 3919 ipsis

266 3950 427 4004 etiam
483 3949 846 4003 traditoribus
899 3949 953 4002 in
1017 3942 1177 4004 Urbe.
1214 3950 1582 4007 manentibus.
1635 3950 1849 4014 Ouibus

266 4042 393 4097 visis
411 4041 526 4095 Rex
540 4057 651 4095 non
674 4040 888 4096 modice
902 4041 1134 4109 laetatus,
1161 4042 1229 4097 ad
1255 4058 1391 4113 opus
1413 4044 1847 4113 componendum

268 4131 566 4189 fomentum
640 4133 1011 4188 desideratum
1087 4134 1311 4204 accepit.
1356 4133 1618 4191 Adductis
1663 4137 1849 4207 itaque

269 4225 318 4278 in
354 4226 599 4281 medium
641 4224 927 4280 diabolicis
942 4220 1330 4295 Pontiﬁcibus,
1373 4229 1661 4283 anathema
1686 4244 1850 4298 super

270 4314 554 4373 Dominum
607 4316 832 4388 Papam,
859 4317 970 4371 imo
999 4334 1164 4388 super
1217 4319 1427 4389 seipsos
1481 4322 1843 4389 protulerunt.

272 4408 373 4477 (65)
413 4409 601 4466 Missis
626 4411 789 4465 etiam
841 4410 898 4464 in
928 4409 1365 4481 Longobardiam
1400 4420 1454 4465 et
1488 4410 1784 4468 Marchi’am
1813 4431 1845 4469 a

1951 3219 2160 3274 scilicet
2191 3226 2245 3274 et
2271 3219 2410 3275 scuti
2433 3219 2757 3286 similitudo,
2781 3219 2953 3275 nimio
2968 3221 3199 3276 horrore
3216 3224 3528 3280 tenebrosa.

1952 3308 2188 3382 Serpens
2213 3327 2345 3367 vero
2383 3312 2477 3382 qui
2503 3312 2559 3366 in
2584 3311 2852 3382 triplicem
2891 3329 2957 3367 ex
2986 3313 3178 3369 eodem
3200 3315 3290 3370 ovi
3329 3316 3534 3374 cortice

1949 3419 2009 3459 se
2034 3403 2402 3459 sinuationem
2427 3413 2694 3471 erexerat,
2719 3404 2925 3461 vertice
2961 3421 3021 3461 se
3068 3422 3289 3463 sursum
3325 3410 3534 3481 erigere

1946 3497 2085 3552 velle
2113 3495 2181 3551 ad
2221 3496 2591 3552 summitatem
2625 3497 2727 3552 Iovi
2761 3498 3103 3553 conabatur:
3128 3499 3358 3554 caudam
3400 3516 3532 3557 vero

1948 3587 2005 3643 in
2033 3596 2243 3659 partem
2269 3590 2621 3645 tenebrarum
2652 3588 2799 3646 illius
2823 3585 3281 3647 extenderat.'Sed
3306 3592 3435 3648 dum
3460 3595 3531 3649 ad

1948 3681 2036 3737 ovi
2068 3680 2388 3752 dignitatem
2421 3681 2686 3749 tenderet,
2718 3683 2957 3754 quodam
2987 3683 3099 3738 ictu
3145 3698 3527 3754 repercussus,

1946 3786 2138 3834 ventre
2170 3786 2329 3833 tenus
2366 3785 2531 3847 caput
2550 3775 2856 3831 reflexerat.
2889 3776 3099 3847 Scupea
3123 3791 3253 3831 vero
3272 3777 3391 3849 ejus
3411 3778 3528 3851 (65)

1947 3890 2059 3931 non
2111 3874 2323 3944 depicta
2352 3913 2368 3939 ,
2409 3871 2505 3926 sed
2553 3877 2707 3924 extra
2762 3868 2985 3925 corticis
3031 3869 3279 3924 ordinem
3324 3872 3526 3941 posita,

1948 3958 2113 4025 manu
2137 3964 2501 4037 deprehendi,
2529 3969 2584 4018 et
2613 3962 2858 4030 tractari,
2901 3962 3049 4017 velut
3096 3963 3200 4018 alia
3231 3966 3529 4022 materialis

1948 4078 2073 4128 res,
2123 4065 2358 4129 poterat.
2401 4052 2892 4111 Considerantibus
2940 4062 3121 4110 autem
3166 4058 3423 4113 omnibus
3474 4068 3530 4113 et

1948 4152 2280 4206 mirantibus
2302 4149 2584 4219 Episc0pis
2624 4148 2930 4217 ceterisque
2952 4147 3045 4217 qui
3075 4148 3130 4201 in
3155 4147 3375 4220 Synodo
3394 4165 3529 4205 con—

1947 4246 2234 4309 sederant,
2262 4243 2485 4296 nuntius
2510 4239 2598 4294 ille
2634 4238 2957 4293 Antichristi
2984 4238 3218 4294 advenit.

2016 4336 2104 4392 58.
2128 4334 2450 4404 Postquam
2472 4346 2621 4399 vero,
2660 4331 2816 4385 ﬁnito
2847 4327 3079 4401 Hymno,
3126 4327 3370 4383 facturus
3405 4344 3524 4383 ser-

1950 4444 2144 4483 mones
2178 4424 2574 4483 exhortationis
2628 4424 2918 4490 omnibus,
2963 4419 3110 4492 Papa
3170 4421 3520 4489 consederat;

269 4504 426 4557 Ῑειεΐθ
477 4501 648 4574 Regis
716 4511 829 4557 iam
870 4501 1077 4556 ηυῐιῐίίε
1123 4518 1291 4573 quam
1343 4503 1589 4572 aPiCibUS
1613 4547 1627 4572 ν
1668 4506 1847 4562 Visum
1880 4488 1927 4543 Β
1952 4499 2041 4577 ille
2087 4533 2395 4592 prmcursor
2434 4516 2788 4580 Antichristi,
2826 4488 2935 4569 non
2974 4488 3217 4569 tribuens
3256 4488 3524 4570 honorem

330 4615 441 4689 (60)
484 4615 557 4670 Ut
584 4616 979 4689 fer‘iqsecunda
999 4617 1242 4689 secunda:
1263 4615 1604 4689 hebdomadis?
1636 4619 1694 4672 in
1709 4618 1851 4684 Qua-

266 4684 559 4759 drngcsima
585 4684 675 4739 ‘ad
688 4684 976 4759 _Synodum
1006 4685 1185 4740 Romae
1207 4694 1535 4759 occurreret,
1567 4688 1632 4741 de
1659 4691 1851 4759 crimi-

263 4756 405 4812 nibus
452 4773 578 4829 quae
643 4757 998 4830 objtcerenmr
1048 4773 1267 4830 causam
1302 4756 1850 4830 dictu‘rushalioquin

259 4831 427 4895 sciret,
442 4827 651 4899 absque
672 4828 817 4880 omni
835 4828 1334 4896 procrastinatione,
1356 4827 1535 4883 eodem
1549 4828 1636 4882 die
1648 4830 1714 4883 de
1725 4827 1847 4885 cor-

254 4916 371 4970 pow
398 4898 669 4954 Ecclesia:
694 4907 896 4970 sancta:
922 4898 1237 4970 Apostolico
1261 4898 1593 4970 attatlrernate
1636 4900 1848 4954 abscin-

253 4966 473 5025 dendum
516 4985 657 5023 esse.
709 4966 786 5021 Ita
817 4966 1137 5025 Lambertus
1173 4968 1243 5022 ad
1284 4984 1374 5022 an.
1415 4968 1572 5035 1076,
1624 4979 1847 5025 econtra

251 5039 757 5112 PseudoesynOilus
780 5037 1218 5112 Wprmatiensis,
1243 5037 1311 5091 de
1338 5054 1447 5108 qua
1474 5053 1621 5104 mox,
1644 5038 1845 5096 indicta

247 5113 416 5169 fuitin
438 5107 808 5181 Doininicam
835 5107 1275 5181 Septuagesim.
1308 5175 1325 5181 _
1359 5107 1373 5181 ξ
1431 5132 1495 5181 _'

305 5185 421 5255 (Gl)
446 5181 561 5255 llic
579 5188 675 5236 est
698 5175 1172 5256 Sigclriflus,_'qui
1186 5175 1403 5256 praefuit
1431 5177 1686 5234 Ecclesia:
1726 5179 1845 5256 Mo-

2074 4634 2226 4683 OtTert
2249 4633 2327 4681 hic
2348 4630 2510 4680 multis
2530 4629 2755 4678 Romanis
2778 4626 3041 4689 Presbyter
3067 4624 3211 4675 Urbis
3234 4639 3247 4675 :

2073 4694 2174 4743 Ter
2196 4696 2591 4759 daninalus‘erat,
2625 4694 2783 4759 pretio
2806 4691 2915 4759 quia
2942 4690 3239 4759 re~tituebat

2074 4760 2328 4808 Euiptores
2348 4756 2524 4803 Christi
2545 4750 3070 4813 teniploruni.junctus
3093 4750 3289 4813 etipsls

2073 4819 2320 4869 Adversus
2346 4816 2544 4876 Papam,
2571 4810 2760 4876 [ingens
2784 4812 2927 4876 riiala,
2957 4810 3231 4861 laititicabat

2071 4880 2221 4932 Corda
2246 4873 2581 4937 malignorum,
2605 4873 2754 4934 Regis
2772 4874 2914 4922 simul
2940 4885 2989 4923 et
3012 4875 3275 4922 sociorum.

1933 5003 1939 5012 .
2020 4962 2132 5035 (65)
2172 4961 2319 5018 Idem
2343 4958 2607 5014 Domnizo
2645 4957 2720 5009 ita
2743 4955 3113 5027 prosequitur:

2072 5053 2239 5102 Audax
2262 5050 2478 5098 Antistes
2498 5046 2805 5109 Mognnjnus
2828 5047 2973 5096 nimis
2995 5043 3099 5106 ille,

2074 5116 2180 5165 Non
2205 5113 2445 5163 Christum
2471 5105 2645 5167 timuit,
2671 5105 2848 5169 Papam
2871 5111 3067 5170 quando
3083 5105 3365 5170 maledixit,

2068 5174 2241 5227 Cuncti
2260 5170 2602 5221 subscribam:
2628 5167 2781 5228 Inagis
2813 5167 2904 5231 ipsi
2928 5185 2984 5222 se
3008 5167 3318 5218 maledicunt.
