  <div class='ocr_page' id='page_1' title='image "/cluster/home/n/w/nwhite01/storage/ocr_20150623/148/hvd.32044015471840/041.png"; bbox 0 0 3986 5386; ppageno 0'>
   <div class='ocr_carea' id='block_1_1' title="bbox 479 315 2548 450">
    <p class='ocr_par' dir='ltr' id='par_1_1' title="bbox 479 315 2548 450">
     <span class='ocr_line' id='line_1_1' title="bbox 479 315 2548 450; baseline -0.002 -30"><span class='ocrx_word' id='word_1_1' title='bbox 479 315 540 422; x_wconf 74' lang='lat' dir='ltr'><strong>7t</strong></span> <span class='ocrx_word' id='word_1_2' title='bbox 803 437 807 442; x_wconf 92' lang='lat'><em>_</em></span> <span class='ocrx_word' id='word_1_3' title='bbox 919 319 926 323; x_wconf 49' lang='grc'><em>’</em></span> <span class='ocrx_word' id='word_1_4' title='bbox 1083 435 1090 440; x_wconf 46' lang='grc'><strong>,</strong></span> <span class='ocrx_word' id='word_1_5' title='bbox 1213 434 1220 442; x_wconf 28' lang='grc' dir='ltr'><strong><em>ο</em></strong></span> <span class='ocrx_word' id='word_1_6' title='bbox 1344 417 1350 422; x_wconf 86' lang='grc'><strong><em>,</em></strong></span> <span class='ocrx_word' id='word_1_7' title='bbox 1453 365 1527 444; x_wconf 50' lang='grc' dir='ltr'>χ</span> <span class='ocrx_word' id='word_1_8' title='bbox 1719 359 1774 415; x_wconf 91' lang='lat' dir='ltr'><strong>s.</strong></span> <span class='ocrx_word' id='word_1_9' title='bbox 1817 357 2214 450; x_wconf 78' lang='lat' dir='ltr'><strong>GREGORlUS</strong></span> <span class='ocrx_word' id='word_1_10' title='bbox 2238 357 2548 415; x_wconf 78' lang='lat' dir='ltr'><strong>VIIPAPA.</strong></span> 
     </span>
    </p>
   </div>
   <div class='ocr_carea' id='block_1_2' title="bbox 3683 349 3755 416">
    <p class='ocr_par' dir='ltr' id='par_1_2' title="bbox 3683 349 3755 416">
     <span class='ocr_line' id='line_1_2' title="bbox 3683 349 3755 416; baseline 0 0"><span class='ocrx_word' id='word_1_11' title='bbox 3683 349 3755 416; x_wconf 66' lang='grc' dir='ltr'><strong>’Β</strong></span> 
     </span>
    </p>
   </div>
   <div class='ocr_carea' id='block_1_3' title="bbox 476 447 3754 549">
    <p class='ocr_par' dir='ltr' id='par_1_3' title="bbox 476 447 3754 549">
     <span class='ocr_line' id='line_1_3' title="bbox 476 447 3754 549; baseline -0.003 -16"><span class='ocrx_word' id='word_1_12' title='bbox 476 474 612 546; x_wconf 87' lang='lat' dir='ltr'><strong>Deo,</strong></span> <span class='ocrx_word' id='word_1_13' title='bbox 635 477 920 549; x_wconf 74' lang='lat' dir='ltr'><strong>magisque</strong></span> <span class='ocrx_word' id='word_1_14' title='bbox 939 476 1169 548; x_wconf 84' lang='lat' dir='ltr'><strong>diligens</strong></span> <span class='ocrx_word' id='word_1_15' title='bbox 1195 447 1472 529; x_wconf 87' lang='lat' dir='ltr'><strong>terrenum</strong></span> <span class='ocrx_word' id='word_1_16' title='bbox 1503 451 1670 544; x_wconf 77' lang='lat' dir='ltr'><strong>quam</strong></span> <span class='ocrx_word' id='word_1_17' title='bbox 1701 472 2062 534; x_wconf 58' lang='lat' dir='ltr'><strong>cmleste‘imé</strong></span> <span class='ocrx_word' id='word_1_18' title='bbox 2163 454 2300 538; x_wconf 25' lang='lat' dir='ltr'><strong>cens,</strong></span> <span class='ocrx_word' id='word_1_19' title='bbox 2335 512 2346 524; x_wconf 95' lang='lat'><strong>.</strong></span> <span class='ocrx_word' id='word_1_20' title='bbox 2386 489 2404 520; x_wconf 73' lang='grc' dir='ltr'>ι</span> <span class='ocrx_word' id='word_1_21' title='bbox 2449 467 2554 538; x_wconf 83' lang='lat' dir='ltr'><strong>Qui</strong></span> <span class='ocrx_word' id='word_1_22' title='bbox 2583 468 2699 523; x_wconf 90' lang='lat' dir='ltr'><strong>vult</strong></span> <span class='ocrx_word' id='word_1_23' title='bbox 2714 467 2898 522; x_wconf 87' lang='lat' dir='ltr'><strong>venire</strong></span> <span class='ocrx_word' id='word_1_24' title='bbox 2926 473 3050 538; x_wconf 92' lang='lat' dir='ltr'><strong>post</strong></span> <span class='ocrx_word' id='word_1_25' title='bbox 3078 459 3212 533; x_wconf 75' lang='lat' dir='ltr'><strong>me,</strong></span> <span class='ocrx_word' id='word_1_26' title='bbox 3243 465 3474 538; x_wconf 70' lang='lat' dir='ltr'><strong>abneget</strong></span> <span class='ocrx_word' id='word_1_27' title='bbox 3493 468 3754 542; x_wconf 86' lang='lat' dir='ltr'><strong>semetip-</strong></span> 
     </span>
    </p>
   </div>
   <div class='ocr_carea' id='block_1_4' title="bbox 473 559 2061 641">
    <p class='ocr_par' dir='ltr' id='par_1_4' title="bbox 473 559 2061 641">
     <span class='ocr_line' id='line_1_4' title="bbox 473 559 2061 641; baseline -0.002 -17"><span class='ocrx_word' id='word_1_28' title='bbox 473 570 708 641; x_wconf 88' lang='lat' dir='ltr'><strong>perium,</strong></span> <span class='ocrx_word' id='word_1_29' title='bbox 745 569 828 626; x_wconf 92' lang='lat' dir='ltr'><strong>sic</strong></span> <span class='ocrx_word' id='word_1_30' title='bbox 853 569 1104 625; x_wconf 85' lang='lat' dir='ltr'><strong>eumdem</strong></span> <span class='ocrx_word' id='word_1_31' title='bbox 1137 559 1341 637; x_wconf 81' lang='lat' dir='ltr'><strong>Papam</strong></span> <span class='ocrx_word' id='word_1_32' title='bbox 1373 565 1674 637; x_wconf 77' lang='lat' dir='ltr'><strong>alloquitur</strong></span> <span class='ocrx_word' id='word_1_33' title='bbox 1701 585 1714 620; x_wconf 87' lang='lat'>:</span> <span class='ocrx_word' id='word_1_34' title='bbox 1745 585 1764 616; x_wconf 70' lang='grc' dir='ltr'><strong><em>ι</em></strong></span> <span class='ocrx_word' id='word_1_35' title='bbox 1795 564 2061 621; x_wconf 84' lang='lat' dir='ltr'><strong>Dominus</strong></span> 
     </span>
    </p>
   </div>
   <div class='ocr_carea' id='block_1_5' title="bbox 471 655 2091 736">
    <p class='ocr_par' dir='ltr' id='par_1_5' title="bbox 471 655 2091 736">
     <span class='ocr_line' id='line_1_5' title="bbox 471 655 2091 736; baseline -0.004 -20"><span class='ocrx_word' id='word_1_36' title='bbox 471 677 630 717; x_wconf 89' lang='lat' dir='ltr'><strong>meus</strong></span> <span class='ocrx_word' id='word_1_37' title='bbox 644 661 782 728; x_wconf 80' lang='lat' dir='ltr'><strong>Rex,</strong></span> <span class='ocrx_word' id='word_1_38' title='bbox 803 669 858 717; x_wconf 89' lang='lat' dir='ltr'><strong>et</strong></span> <span class='ocrx_word' id='word_1_39' title='bbox 873 660 1127 732; x_wconf 77' lang='lat' dir='ltr'><strong>Episcopi</strong></span> <span class='ocrx_word' id='word_1_40' title='bbox 1151 673 1343 713; x_wconf 91' lang='lat' dir='ltr'><strong>omnes</strong></span> <span class='ocrx_word' id='word_1_41' title='bbox 1365 655 1771 730; x_wconf 79' lang='lat' dir='ltr'><strong>Ultramontani</strong></span> <span class='ocrx_word' id='word_1_42' title='bbox 1795 665 1850 716; x_wconf 88' lang='lat' dir='ltr'><strong>et</strong></span> <span class='ocrx_word' id='word_1_43' title='bbox 1868 656 2058 734; x_wconf 78' lang='lat' dir='ltr'><strong>Italici,</strong></span> <span class='ocrx_word' id='word_1_44' title='bbox 2081 733 2091 736; x_wconf 89' lang='lat'>_</span> 
     </span>
    </p>
   </div>
   <div class='ocr_carea' id='block_1_6' title="bbox 469 747 2063 828">
    <p class='ocr_par' dir='ltr' id='par_1_6' title="bbox 469 747 2063 828">
     <span class='ocr_line' id='line_1_6' title="bbox 469 747 2063 828; baseline -0.004 -20"><span class='ocrx_word' id='word_1_45' title='bbox 469 751 834 824; x_wconf 72' lang='lat' dir='ltr'><strong>prmcipiendo</strong></span> <span class='ocrx_word' id='word_1_46' title='bbox 857 752 1118 825; x_wconf 75' lang='lat' dir='ltr'><strong>mandant</strong></span> <span class='ocrx_word' id='word_1_47' title='bbox 1146 759 1206 825; x_wconf 70' lang='lat' dir='ltr'><strong>ut</strong></span> <span class='ocrx_word' id='word_1_48' title='bbox 1237 749 1484 828; x_wconf 84' lang='lat' dir='ltr'><strong>invasam</strong></span> <span class='ocrx_word' id='word_1_49' title='bbox 1512 747 1708 822; x_wconf 85' lang='lat' dir='ltr'><strong>Sedem</strong></span> <span class='ocrx_word' id='word_1_50' title='bbox 1739 748 1800 804; x_wconf 85' lang='grc' dir='ltr'><strong>Β.</strong></span> <span class='ocrx_word' id='word_1_51' title='bbox 1841 747 1988 804; x_wconf 86' lang='lat' dir='ltr'><strong>Petri</strong></span> <span class='ocrx_word' id='word_1_52' title='bbox 2007 755 2063 803; x_wconf 89' lang='lat' dir='ltr'><strong>et</strong></span> 
     </span>
    </p>
   </div>
   <div class='ocr_carea' id='block_1_7' title="bbox 473 831 2060 901">
    <p class='ocr_par' dir='ltr' id='par_1_7' title="bbox 473 831 2060 901">
     <span class='ocr_line' id='line_1_7' title="bbox 473 831 2060 901; baseline -0.003 -3"><span class='ocrx_word' id='word_1_53' title='bbox 473 843 780 900; x_wconf 84' lang='lat' dir='ltr'><strong>Romanam</strong></span> <span class='ocrx_word' id='word_1_54' title='bbox 804 843 1101 899; x_wconf 87' lang='lat' dir='ltr'><strong>Ecclesiam</strong></span> <span class='ocrx_word' id='word_1_55' title='bbox 1132 842 1330 898; x_wconf 88' lang='lat' dir='ltr'><strong>amodo</strong></span> <span class='ocrx_word' id='word_1_56' title='bbox 1349 831 1623 897; x_wconf 85' lang='lat' dir='ltr'><strong>dimittas.</strong></span> <span class='ocrx_word' id='word_1_57' title='bbox 1661 838 1782 895; x_wconf 87' lang='lat' dir='ltr'><strong>Non</strong></span> <span class='ocrx_word' id='word_1_58' title='bbox 1803 848 1888 896; x_wconf 85' lang='lat' dir='ltr'><strong>est</strong></span> <span class='ocrx_word' id='word_1_59' title='bbox 1911 841 2060 901; x_wconf 89' lang='lat' dir='ltr'><strong>enim</strong></span> 
     </span>
    </p>
   </div>
   <div class='ocr_carea' id='block_1_8' title="bbox 467 931 2059 1014">
    <p class='ocr_par' dir='ltr' id='par_1_8' title="bbox 467 931 2059 1014">
     <span class='ocr_line' id='line_1_8' title="bbox 467 931 2059 1014; baseline -0.003 -22"><span class='ocrx_word' id='word_1_60' title='bbox 467 937 694 1014; x_wconf 74' lang='lat' dir='ltr'><strong>dignum</strong></span> <span class='ocrx_word' id='word_1_61' title='bbox 741 937 862 1008; x_wconf 81' lang='lat' dir='ltr'><strong>sine</strong></span> <span class='ocrx_word' id='word_1_62' title='bbox 909 943 1181 1007; x_wconf 59' lang='lat' dir='ltr'><strong>praecepto</strong></span> <span class='ocrx_word' id='word_1_63' title='bbox 1229 935 1450 990; x_wconf 84' lang='lat' dir='ltr'><strong>illorum</strong></span> <span class='ocrx_word' id='word_1_64' title='bbox 1508 941 1564 990; x_wconf 92' lang='lat' dir='ltr'><strong>et</strong></span> <span class='ocrx_word' id='word_1_65' title='bbox 1589 931 1861 1004; x_wconf 89' lang='lat' dir='ltr'><strong>lmperiali</strong></span> <span class='ocrx_word' id='word_1_66' title='bbox 1913 932 2059 988; x_wconf 90' lang='lat' dir='ltr'><strong>dono</strong></span> 
     </span>
    </p>
   </div>
   <div class='ocr_carea' id='block_1_9' title="bbox 467 1023 2058 1092">
    <p class='ocr_par' dir='ltr' id='par_1_9' title="bbox 467 1023 2058 1092">
     <span class='ocr_line' id='line_1_9' title="bbox 467 1023 2058 1092; baseline -0.004 -9"><span class='ocrx_word' id='word_1_67' title='bbox 467 1037 679 1083; x_wconf 87' lang='lat' dir='ltr'><strong>tantum</strong></span> <span class='ocrx_word' id='word_1_68' title='bbox 709 1029 976 1084; x_wconf 89' lang='lat' dir='ltr'><strong>honorem</strong></span> <span class='ocrx_word' id='word_1_69' title='bbox 1000 1028 1284 1084; x_wconf 88' lang='lat' dir='ltr'><strong>scandere.</strong></span> <span class='ocrx_word' id='word_1_70' title='bbox 1299 1047 1317 1079; x_wconf 81' lang='grc'><strong><em>›</em></strong></span> <span class='ocrx_word' id='word_1_71' title='bbox 1343 1025 1412 1081; x_wconf 89' lang='grc' dir='ltr'><strong>Ει</strong></span> <span class='ocrx_word' id='word_1_72' title='bbox 1428 1041 1748 1092; x_wconf 85' lang='lat' dir='ltr'><strong>conversus,</strong></span> <span class='ocrx_word' id='word_1_73' title='bbox 1770 1024 1929 1080; x_wconf 85' lang='lat' dir='ltr'><strong>Clero</strong></span> <span class='ocrx_word' id='word_1_74' title='bbox 1945 1023 2058 1078; x_wconf 85' lang='lat' dir='ltr'><strong>Ro-</strong></span> 
     </span>
    </p>
   </div>
   <div class='ocr_carea' id='block_1_10' title="bbox 466 1116 2056 1192">
    <p class='ocr_par' dir='ltr' id='par_1_10' title="bbox 466 1116 2056 1192">
     <span class='ocr_line' id='line_1_10' title="bbox 466 1116 2056 1192; baseline -0.001 -18"><span class='ocrx_word' id='word_1_75' title='bbox 466 1135 632 1176; x_wconf 88' lang='lat' dir='ltr'><strong>mano</strong></span> <span class='ocrx_word' id='word_1_76' title='bbox 656 1120 796 1176; x_wconf 86' lang='lat' dir='ltr'><strong>dixit</strong></span> <span class='ocrx_word' id='word_1_77' title='bbox 823 1139 836 1176; x_wconf 91' lang='lat'>:</span> <span class='ocrx_word' id='word_1_78' title='bbox 877 1119 1080 1175; x_wconf 73' lang='lat' dir='ltr'><strong>«Vobis</strong></span> <span class='ocrx_word' id='word_1_79' title='bbox 1105 1119 1338 1186; x_wconf 82' lang='lat' dir='ltr'><strong>dicitur,</strong></span> <span class='ocrx_word' id='word_1_80' title='bbox 1365 1118 1606 1186; x_wconf 81' lang='lat' dir='ltr'><strong>Fratres,</strong></span> <span class='ocrx_word' id='word_1_81' title='bbox 1635 1127 1696 1173; x_wconf 91' lang='lat' dir='ltr'><strong>ut</strong></span> <span class='ocrx_word' id='word_1_82' title='bbox 1715 1117 1782 1174; x_wconf 94' lang='lat' dir='ltr'><strong>ad</strong></span> <span class='ocrx_word' id='word_1_83' title='bbox 1815 1116 2056 1192; x_wconf 84' lang='lat' dir='ltr'><strong>futuram</strong></span> 
     </span>
    </p>
   </div>
   <div class='ocr_carea' id='block_1_11' title="bbox 464 1208 2058 1282">
    <p class='ocr_par' dir='ltr' id='par_1_11' title="bbox 464 1208 2058 1282">
     <span class='ocr_line' id='line_1_11' title="bbox 464 1208 2058 1282; baseline 0 -17"><span class='ocrx_word' id='word_1_84' title='bbox 464 1211 819 1268; x_wconf 85' lang='lat' dir='ltr'><strong>Pentecostes</strong></span> <span class='ocrx_word' id='word_1_85' title='bbox 899 1212 1307 1270; x_wconf 76' lang='lat' dir='ltr'><strong>solemnitatem</strong></span> <span class='ocrx_word' id='word_1_86' title='bbox 1349 1211 1521 1282; x_wconf 77' lang='lat' dir='ltr'><strong>Regio</strong></span> <span class='ocrx_word' id='word_1_87' title='bbox 1575 1208 1896 1281; x_wconf 78' lang='lat' dir='ltr'><strong>conspectui</strong></span> <span class='ocrx_word' id='word_1_88' title='bbox 1957 1225 2058 1266; x_wconf 87' lang='lat' dir='ltr'><strong>vos</strong></span> 
     </span>
    </p>
   </div>
   <div class='ocr_carea' id='block_1_12' title="bbox 463 1289 2055 1374">
    <p class='ocr_par' dir='ltr' id='par_1_12' title="bbox 463 1289 2055 1374">
     <span class='ocr_line' id='line_1_12' title="bbox 463 1289 2055 1374; baseline -0.002 -17"><span class='ocrx_word' id='word_1_89' title='bbox 463 1289 886 1374; x_wconf 63' lang='lat' dir='ltr'><strong>repraasi&#39;ntctis,</strong></span> <span class='ocrx_word' id='word_1_90' title='bbox 921 1303 1230 1373; x_wconf 89' lang='lat' dir='ltr'><strong>suscepturi</strong></span> <span class='ocrx_word' id='word_1_91' title='bbox 1271 1303 1338 1358; x_wconf 88' lang='lat' dir='ltr'><strong>de</strong></span> <span class='ocrx_word' id='word_1_92' title='bbox 1363 1303 1618 1358; x_wconf 82' lang='lat' dir='ltr'><strong>manibus</strong></span> <span class='ocrx_word' id='word_1_93' title='bbox 1659 1301 1822 1373; x_wconf 80' lang='lat' dir='ltr'><strong>Regis</strong></span> <span class='ocrx_word' id='word_1_94' title='bbox 1851 1299 2055 1372; x_wconf 89' lang='lat' dir='ltr'><strong>Papam</strong></span> 
     </span>
    </p>
   </div>
   <div class='ocr_carea' id='block_1_13' title="bbox 462 1389 2057 1467">
    <p class='ocr_par' dir='ltr' id='par_1_13' title="bbox 462 1389 2057 1467">
     <span class='ocr_line' id='line_1_13' title="bbox 462 1389 2057 1467; baseline -0.001 -17"><span class='ocrx_word' id='word_1_95' title='bbox 462 1403 516 1450; x_wconf 91' lang='lat' dir='ltr'><strong>et</strong></span> <span class='ocrx_word' id='word_1_96' title='bbox 540 1389 760 1450; x_wconf 79' lang='lat' dir='ltr'><strong>Patrem</strong></span> <span class='ocrx_word' id='word_1_97' title='bbox 793 1415 807 1450; x_wconf 88' lang='lat'><strong>:</strong></span> <span class='ocrx_word' id='word_1_98' title='bbox 841 1390 972 1467; x_wconf 85' lang='lat' dir='ltr'><strong>quia</strong></span> <span class='ocrx_word' id='word_1_99' title='bbox 1009 1397 1108 1451; x_wconf 85' lang='lat' dir='ltr'><strong>&#39;hic</strong></span> <span class='ocrx_word' id='word_1_100' title='bbox 1162 1412 1274 1452; x_wconf 89' lang='lat' dir='ltr'><strong>non</strong></span> <span class='ocrx_word' id='word_1_101' title='bbox 1307 1395 1476 1466; x_wconf 87' lang='lat' dir='ltr'><strong>Papa,</strong></span> <span class='ocrx_word' id='word_1_102' title='bbox 1508 1395 1601 1450; x_wconf 87' lang='lat' dir='ltr'><strong>sed</strong></span> <span class='ocrx_word' id='word_1_103' title='bbox 1625 1395 1787 1466; x_wconf 90' lang='lat' dir='ltr'><strong>lupus</strong></span> <span class='ocrx_word' id='word_1_104' title='bbox 1831 1409 1954 1449; x_wconf 90' lang='lat' dir='ltr'><strong>esse</strong></span> <span class='ocrx_word' id='word_1_105' title='bbox 1972 1393 2057 1448; x_wconf 89' lang='lat' dir='ltr'><strong>di-</strong></span> 
     </span>
    </p>
   </div>
   <div class='ocr_carea' id='block_1_14' title="bbox 461 1480 2056 1559">
    <p class='ocr_par' dir='ltr' id='par_1_14' title="bbox 461 1480 2056 1559">
     <span class='ocr_line' id='line_1_14' title="bbox 461 1480 2056 1559; baseline 0.001 -19"><span class='ocrx_word' id='word_1_106' title='bbox 461 1487 750 1557; x_wconf 86' lang='lat' dir='ltr'><strong>gnoscitur</strong></span> <span class='ocrx_word' id='word_1_107' title='bbox 777 1503 967 1558; x_wconf 79' lang='lat' dir='ltr'><strong>rapax.</strong></span> <span class='ocrx_word' id='word_1_108' title='bbox 997 1507 1016 1539; x_wconf 73' lang='grc'><strong>»</strong></span> <span class='ocrx_word' id='word_1_109' title='bbox 1045 1487 1127 1541; x_wconf 85' lang='lat' dir='ltr'><strong>Ad</strong></span> <span class='ocrx_word' id='word_1_110' title='bbox 1155 1480 1314 1559; x_wconf 87' lang='lat' dir='ltr'><strong>cujus</strong></span> <span class='ocrx_word' id='word_1_111' title='bbox 1341 1488 1504 1543; x_wconf 87' lang='lat' dir='ltr'><strong>verba</strong></span> <span class='ocrx_word' id='word_1_112' title='bbox 1531 1503 1655 1542; x_wconf 80' lang='lat' dir='ltr'><strong>mox</strong></span> <span class='ocrx_word' id='word_1_113' title='bbox 1677 1485 2056 1556; x_wconf 82' lang='lat' dir='ltr'><strong>(66),Joaunes</strong></span> 
     </span>
    </p>
   </div>
   <div class='ocr_carea' id='block_1_15' title="bbox 461 1576 2054 1657">
    <p class='ocr_par' dir='ltr' id='par_1_15' title="bbox 461 1576 2054 1657">
     <span class='ocr_line' id='line_1_15' title="bbox 461 1576 2054 1657; baseline 0.002 -26"><span class='ocrx_word' id='word_1_114' title='bbox 461 1576 786 1657; x_wconf 84' lang='lat' dir='ltr'><strong>Portuensis</strong></span> <span class='ocrx_word' id='word_1_115' title='bbox 815 1577 1138 1652; x_wconf 85' lang='lat' dir='ltr'><strong>Episcopus,</strong></span> <span class='ocrx_word' id='word_1_116' title='bbox 1167 1595 1384 1634; x_wconf 89' lang='lat' dir='ltr'><strong>morum</strong></span> <span class='ocrx_word' id='word_1_117' title='bbox 1419 1579 1706 1635; x_wconf 86' lang='lat' dir='ltr'><strong>honestate</strong></span> <span class='ocrx_word' id='word_1_118' title='bbox 1719 1586 1774 1633; x_wconf 91' lang='lat' dir='ltr'><strong>et</strong></span> <span class='ocrx_word' id='word_1_119' title='bbox 1795 1577 2054 1649; x_wconf 78' lang='lat' dir='ltr'><strong>religione</strong></span> 
     </span>
    </p>
   </div>
   <div class='ocr_carea' id='block_1_16' title="bbox 458 1663 2054 1742">
    <p class='ocr_par' dir='ltr' id='par_1_16' title="bbox 458 1663 2054 1742">
     <span class='ocr_line' id='line_1_16' title="bbox 458 1663 2054 1742; baseline 0.002 -18"><span class='ocrx_word' id='word_1_120' title='bbox 458 1671 544 1724; x_wconf 84' lang='lat' dir='ltr'><strong>vir</strong></span> <span class='ocrx_word' id='word_1_121' title='bbox 573 1663 886 1740; x_wconf 59' lang='lat' dir='ltr'><strong>praclarus,</strong></span> <span class='ocrx_word' id='word_1_122' title='bbox 915 1671 1062 1737; x_wconf 81' lang='lat' dir='ltr'><strong>facto</strong></span> <span class='ocrx_word' id='word_1_123' title='bbox 1085 1671 1290 1740; x_wconf 82' lang='lat' dir='ltr'><strong>impetu</strong></span> <span class='ocrx_word' id='word_1_124' title='bbox 1338 1686 1592 1742; x_wconf 83' lang='lat' dir='ltr'><strong>surgens,</strong></span> <span class='ocrx_word' id='word_1_125' title='bbox 1630 1671 1898 1726; x_wconf 89' lang='lat' dir='ltr'><strong>immensa</strong></span> <span class='ocrx_word' id='word_1_126' title='bbox 1921 1685 2054 1727; x_wconf 87' lang='lat' dir='ltr'><strong>voce</strong></span> 
     </span>
    </p>
   </div>
   <div class='ocr_carea' id='block_1_17' title="bbox 459 1755 2049 1835">
    <p class='ocr_par' dir='ltr' id='par_1_17' title="bbox 459 1755 2049 1835">
     <span class='ocr_line' id='line_1_17' title="bbox 459 1755 2049 1835; baseline 0 -17"><span class='ocrx_word' id='word_1_127' title='bbox 459 1763 748 1818; x_wconf 89' lang='lat' dir='ltr'><strong>clamavit:</strong></span> <span class='ocrx_word' id='word_1_128' title='bbox 771 1761 1082 1835; x_wconf 68' lang='lat' dir='ltr'><strong>«Capiatur.</strong></span> <span class='ocrx_word' id='word_1_129' title='bbox 1097 1755 1129 1815; x_wconf 73' lang='grc' dir='ltr'><strong>ι’</strong></span> <span class='ocrx_word' id='word_1_130' title='bbox 1151 1759 1305 1819; x_wconf 84' lang='lat' dir='ltr'><strong>Tunc</strong></span> <span class='ocrx_word' id='word_1_131' title='bbox 1327 1759 1642 1830; x_wconf 69' lang='lat' dir='ltr'><strong>Praefectus,</strong></span> <span class='ocrx_word' id='word_1_132' title='bbox 1670 1761 1816 1824; x_wconf 78' lang='lat' dir='ltr'><strong>facto</strong></span> <span class='ocrx_word' id='word_1_133' title='bbox 1845 1761 2049 1832; x_wconf 85' lang='lat' dir='ltr'><strong>impetu</strong></span> 
     </span>
    </p>
   </div>
   <div class='ocr_carea' id='block_1_18' title="bbox 457 1855 2045 1936">
    <p class='ocr_par' dir='ltr' id='par_1_18' title="bbox 457 1855 2045 1936">
     <span class='ocr_line' id='line_1_18' title="bbox 457 1855 2045 1936; baseline 0.001 -26"><span class='ocrx_word' id='word_1_134' title='bbox 457 1871 590 1932; x_wconf 32' lang='lat' dir='ltr'><strong>cum.</strong></span> <span class='ocrx_word' id='word_1_135' title='bbox 630 1855 931 1927; x_wconf 76' lang='lat' dir='ltr'><strong>judicibus,</strong></span> <span class='ocrx_word' id='word_1_136' title='bbox 983 1857 1270 1924; x_wconf 89' lang='lat' dir='ltr'><strong>militibus,</strong></span> <span class='ocrx_word' id='word_1_137' title='bbox 1297 1865 1366 1936; x_wconf 21' lang='lat' dir='ltr'><strong>ret</strong></span> <span class='ocrx_word' id='word_1_138' title='bbox 1417 1855 1682 1912; x_wconf 77' lang='lat' dir='ltr'><strong>Romanis</strong></span> <span class='ocrx_word' id='word_1_139' title='bbox 1749 1855 2045 1923; x_wconf 78' lang='lat' dir='ltr'><strong>nobilibus,</strong></span> 
     </span>
    </p>
   </div>
   <div class='ocr_carea' id='block_1_19' title="bbox 459 1936 2047 2024">
    <p class='ocr_par' dir='ltr' id='par_1_19' title="bbox 459 1936 2047 2024">
     <span class='ocr_line' id='line_1_19' title="bbox 459 1936 2047 2024; baseline 0.003 -22"><span class='ocrx_word' id='word_1_140' title='bbox 459 1936 681 2003; x_wconf 78' lang='lat' dir='ltr'><strong>tantum</strong></span> <span class='ocrx_word' id='word_1_141' title='bbox 723 1947 1126 2024; x_wconf 65' lang='lat' dir='ltr'><strong>impostorem,</strong></span> <span class='ocrx_word' id='word_1_142' title='bbox 1172 1949 1474 2020; x_wconf 84' lang='lat' dir='ltr'><strong>evaginatis</strong></span> <span class='ocrx_word' id='word_1_143' title='bbox 1539 1949 1595 2003; x_wconf 88' lang='lat' dir='ltr'><strong>in</strong></span> <span class='ocrx_word' id='word_1_144' title='bbox 1640 1947 1759 2020; x_wconf 89' lang='lat' dir='ltr'><strong>ipsa</strong></span> <span class='ocrx_word' id='word_1_145' title='bbox 1804 1946 2047 2006; x_wconf 82' lang='lat' dir='ltr'><strong>Ecclesia</strong></span> 
     </span>
    </p>
   </div>
   <div class='ocr_carea' id='block_1_20' title="bbox 459 2025 2048 2112">
    <p class='ocr_par' dir='ltr' id='par_1_20' title="bbox 459 2025 2048 2112">
     <span class='ocr_line' id='line_1_20' title="bbox 459 2025 2048 2112; baseline 0.002 -19"><span class='ocrx_word' id='word_1_146' title='bbox 459 2037 763 2096; x_wconf 86' lang='lat' dir='ltr'><strong>Salvatoris</strong></span> <span class='ocrx_word' id='word_1_147' title='bbox 793 2043 1012 2112; x_wconf 78' lang='lat' dir='ltr'><strong>gladiis,</strong></span> <span class='ocrx_word' id='word_1_148' title='bbox 1061 2025 1188 2098; x_wconf 75' lang='lat' dir='ltr'><strong>ante</strong></span> <span class='ocrx_word' id='word_1_149' title='bbox 1230 2041 1447 2096; x_wconf 79' lang='lat' dir='ltr'><strong>Domini</strong></span> <span class='ocrx_word' id='word_1_150' title='bbox 1484 2036 2048 2112; x_wconf 71' lang='lat' dir='ltr'><strong>&#39;Papae&#39;przesentiam</strong></span> 
     </span>
    </p>
   </div>
   <div class='ocr_carea' id='block_1_21' title="bbox 456 2129 2049 2203">
    <p class='ocr_par' dir='ltr' id='par_1_21' title="bbox 456 2129 2049 2203">
     <span class='ocr_line' id='line_1_21' title="bbox 456 2129 2049 2203; baseline 0.001 -18"><span class='ocrx_word' id='word_1_151' title='bbox 456 2129 768 2186; x_wconf 86' lang='lat' dir='ltr'><strong>interimere</strong></span> <span class='ocrx_word' id='word_1_152' title='bbox 791 2133 963 2188; x_wconf 91' lang='lat' dir='ltr'><strong>voluit</strong></span> <span class='ocrx_word' id='word_1_153' title='bbox 989 2151 1003 2187; x_wconf 89' lang='lat'><strong>:</strong></span> <span class='ocrx_word' id='word_1_154' title='bbox 1035 2141 1091 2188; x_wconf 90' lang='lat' dir='ltr'><strong>et</strong></span> <span class='ocrx_word' id='word_1_155' title='bbox 1121 2132 1363 2198; x_wconf 85' lang='lat' dir='ltr'><strong>fecisset,</strong></span> <span class='ocrx_word' id='word_1_156' title='bbox 1395 2133 1501 2188; x_wconf 90' lang='lat' dir='ltr'><strong>nisi</strong></span> <span class='ocrx_word' id='word_1_157' title='bbox 1547 2133 1671 2203; x_wconf 85' lang='lat' dir='ltr'><strong>pius</strong></span> <span class='ocrx_word' id='word_1_158' title='bbox 1723 2131 1884 2188; x_wconf 88' lang='lat' dir='ltr'><strong>Pater</strong></span> <span class='ocrx_word' id='word_1_159' title='bbox 1931 2129 2049 2187; x_wconf 85' lang='lat' dir='ltr'><strong>toto</strong></span> 
     </span>
    </p>
   </div>
   <div class='ocr_carea' id='block_1_22' title="bbox 454 2212 2048 2296">
    <p class='ocr_par' dir='ltr' id='par_1_22' title="bbox 454 2212 2048 2296">
     <span class='ocr_line' id='line_1_22' title="bbox 454 2212 2048 2296; baseline 0.003 -20"><span class='ocrx_word' id='word_1_160' title='bbox 454 2212 774 2294; x_wconf 28' lang='lat' dir='ltr'><strong>corporewse</strong></span> <span class='ocrx_word' id='word_1_161' title='bbox 817 2239 983 2294; x_wconf 84' lang='lat' dir='ltr'><strong>super</strong></span> <span class='ocrx_word' id='word_1_162' title='bbox 1019 2241 1144 2280; x_wconf 88' lang='lat' dir='ltr'><strong>eum</strong></span> <span class='ocrx_word' id='word_1_163' title='bbox 1179 2225 1518 2296; x_wconf 86' lang='lat' dir='ltr'><strong>projecissct,</strong></span> <span class='ocrx_word' id='word_1_164' title='bbox 1545 2223 1802 2280; x_wconf 86' lang='lat' dir='ltr'><strong>omnibus</strong></span> <span class='ocrx_word' id='word_1_165' title='bbox 1837 2223 1905 2280; x_wconf 87' lang='lat' dir='ltr'><strong>de</strong></span> <span class='ocrx_word' id='word_1_166' title='bbox 1928 2223 2048 2295; x_wconf 84' lang='lat' dir='ltr'><strong>ejus</strong></span> 
     </span>
    </p>
   </div>
   <div class='ocr_carea' id='block_1_23' title="bbox 455 2309 1282 2398">
    <p class='ocr_par' dir='ltr' id='par_1_23' title="bbox 455 2309 1282 2398">
     <span class='ocr_line' id='line_1_23' title="bbox 455 2309 1282 2398; baseline 0.007 -28"><span class='ocrx_word' id='word_1_167' title='bbox 455 2323 632 2370; x_wconf 89' lang='lat' dir='ltr'><strong>morte</strong></span> <span class='ocrx_word' id='word_1_168' title='bbox 660 2309 1097 2390; x_wconf 41' lang='lat' dir='ltr'><strong>clamantibus.“</strong></span> <span class='ocrx_word' id='word_1_169' title='bbox 1147 2380 1153 2388; x_wconf 55' lang='grc'><em>,</em></span> <span class='ocrx_word' id='word_1_170' title='bbox 1243 2377 1282 2398; x_wconf 24' lang='grc' dir='ltr'><strong>,ι</strong></span> 
     </span>
    </p>
   </div>
   <div class='ocr_carea' id='block_1_24' title="bbox 553 2405 2048 2506">
    <p class='ocr_par' dir='ltr' id='par_1_24' title="bbox 553 2405 2048 2506">
     <span class='ocr_line' id='line_1_24' title="bbox 553 2405 2048 2506; baseline 0 -22"><span class='ocrx_word' id='word_1_171' title='bbox 553 2427 642 2484; x_wconf 80' lang='lat'><strong>59.</strong></span> <span class='ocrx_word' id='word_1_172' title='bbox 691 2425 933 2482; x_wconf 86' lang='lat' dir='ltr'><strong>Tandem</strong></span> <span class='ocrx_word' id='word_1_173' title='bbox 957 2469 972 2494; x_wconf 92' lang='lat'><strong>,</strong></span> <span class='ocrx_word' id='word_1_174' title='bbox 1012 2427 1106 2482; x_wconf 82' lang='lat' dir='ltr'><strong>vix</strong></span> <span class='ocrx_word' id='word_1_175' title='bbox 1146 2405 1439 2499; x_wconf 73' lang='lat' dir='ltr'><strong>impetrato</strong></span> <span class='ocrx_word' id='word_1_176' title='bbox 1468 2405 2048 2506; x_wconf 28' lang='lat' dir='ltr'><strong>-silentio,.l-Dominus</strong></span> 
     </span>
    </p>
   </div>
   <div class='ocr_carea' id='block_1_25' title="bbox 453 2502 2049 2596">
    <p class='ocr_par' dir='ltr' id='par_1_25' title="bbox 453 2502 2049 2596">
     <span class='ocr_line' id='line_1_25' title="bbox 453 2502 2049 2596; baseline 0.001 -25"><span class='ocrx_word' id='word_1_177' title='bbox 453 2517 602 2588; x_wconf 82' lang='lat' dir='ltr'><strong>Papa</strong></span> <span class='ocrx_word' id='word_1_178' title='bbox 669 2518 809 2596; x_wconf 77' lang='lat' dir='ltr'><strong>dixit</strong></span> <span class='ocrx_word' id='word_1_179' title='bbox 857 2537 869 2573; x_wconf 92' lang='lat'>:</span> <span class='ocrx_word' id='word_1_180' title='bbox 925 2539 942 2570; x_wconf 75' lang='grc' dir='ltr'>ι</span> <span class='ocrx_word' id='word_1_181' title='bbox 972 2517 1186 2585; x_wconf 81' lang='lat' dir='ltr'><strong>Nolite,</strong></span> <span class='ocrx_word' id='word_1_182' title='bbox 1233 2519 1363 2586; x_wconf 81' lang='lat' dir='ltr'><strong>lilii,</strong></span> <span class='ocrx_word' id='word_1_183' title='bbox 1416 2519 1670 2575; x_wconf 63' lang='lat' dir='ltr'><strong>Ecclesiae</strong></span> <span class='ocrx_word' id='word_1_184' title='bbox 1699 2502 1902 2575; x_wconf 67' lang='lat' dir='ltr'><strong>sanctae</strong></span> <span class='ocrx_word' id='word_1_185' title='bbox 1940 2502 2049 2574; x_wconf 50' lang='lat' dir='ltr'><strong>D04</strong></span> 
     </span>
    </p>
   </div>
   <div class='ocr_carea' id='block_1_26' title="bbox 451 2608 2047 2685">
    <p class='ocr_par' dir='ltr' id='par_1_26' title="bbox 451 2608 2047 2685">
     <span class='ocr_line' id='line_1_26' title="bbox 451 2608 2047 2685; baseline 0 -21"><span class='ocrx_word' id='word_1_186' title='bbox 451 2611 616 2685; x_wconf 64' lang='lat' dir='ltr'><strong>mini1</strong></span> <span class='ocrx_word' id='word_1_187' title='bbox 643 2608 738 2664; x_wconf 88' lang='lat' dir='ltr'><strong>Dei</strong></span> <span class='ocrx_word' id='word_1_188' title='bbox 787 2611 967 2682; x_wconf 82' lang='lat' dir='ltr'><strong>nostri</strong></span> <span class='ocrx_word' id='word_1_189' title='bbox 1019 2611 1262 2681; x_wconf 83' lang='lat' dir='ltr'><strong>quietem</strong></span> <span class='ocrx_word' id='word_1_190' title='bbox 1324 2610 1382 2665; x_wconf 90' lang='lat' dir='ltr'><strong>in</strong></span> <span class='ocrx_word' id='word_1_191' title='bbox 1435 2610 1757 2666; x_wconf 83' lang='lat' dir='ltr'><strong>seditionem</strong></span> <span class='ocrx_word' id='word_1_192' title='bbox 1806 2611 2047 2680; x_wconf 86' lang='lat' dir='ltr'><strong>aliquam</strong></span> 
     </span>
    </p>
   </div>
   <div class='ocr_carea' id='block_1_27' title="bbox 409 2687 2046 2776">
    <p class='ocr_par' dir='ltr' id='par_1_27' title="bbox 409 2687 2046 2776">
     <span class='ocr_line' id='line_1_27' title="bbox 409 2687 2046 2776; baseline 0.001 -24"><span class='ocrx_word' id='word_1_193' title='bbox 409 2745 416 2752; x_wconf 91' lang='lat'><strong>.</strong></span> <span class='ocrx_word' id='word_1_194' title='bbox 451 2713 821 2776; x_wconf 84' lang='lat' dir='ltr'><strong>commovere.</strong></span> <span class='ocrx_word' id='word_1_195' title='bbox 854 2687 1082 2776; x_wconf 81' lang='lat' dir='ltr'><strong>Oportet</strong></span> <span class='ocrx_word' id='word_1_196' title='bbox 1109 2698 1255 2753; x_wconf 88' lang='lat' dir='ltr'><strong>enim</strong></span> <span class='ocrx_word' id='word_1_197' title='bbox 1304 2698 1510 2753; x_wconf 89' lang='lat' dir='ltr'><strong>instare</strong></span> <span class='ocrx_word' id='word_1_198' title='bbox 1542 2707 1812 2769; x_wconf 87' lang='lat' dir='ltr'><strong>tempora,</strong></span> <span class='ocrx_word' id='word_1_199' title='bbox 1845 2714 2046 2754; x_wconf 88' lang='lat' dir='ltr'><strong>secun-</strong></span> 
     </span>
    </p>
   </div>
   <div class='ocr_carea' id='block_1_28' title="bbox 449 2772 2050 2872">
    <p class='ocr_par' dir='ltr' id='par_1_28' title="bbox 449 2772 2050 2872">
     <span class='ocr_line' id='line_1_28' title="bbox 449 2772 2050 2872; baseline -0.001 -27"><span class='ocrx_word' id='word_1_200' title='bbox 449 2790 582 2845; x_wconf 86' lang='lat' dir='ltr'><strong>dum</strong></span> <span class='ocrx_word' id='word_1_201' title='bbox 639 2772 960 2860; x_wconf 68' lang='lat' dir='ltr'><strong>divinarum</strong></span> <span class='ocrx_word' id='word_1_202' title='bbox 1020 2779 1434 2870; x_wconf 80' lang='lat' dir='ltr'><strong>Scripturarum</strong></span> <span class='ocrx_word' id='word_1_203' title='bbox 1486 2789 1702 2861; x_wconf 33' lang='lat' dir='ltr'><strong>seriem,</strong></span> <span class='ocrx_word' id='word_1_204' title='bbox 1756 2787 2050 2872; x_wconf 35' lang='lat' dir='ltr'><strong>(1.1;Tim,</strong></span> 
     </span>
    </p>
   </div>
   <div class='ocr_carea' id='block_1_29' title="bbox 449 2863 2049 2957">
    <p class='ocr_par' dir='ltr' id='par_1_29' title="bbox 449 2863 2049 2957">
     <span class='ocr_line' id='line_1_29' title="bbox 449 2863 2049 2957; baseline 0 -21"><span class='ocrx_word' id='word_1_205' title='bbox 449 2882 584 2953; x_wconf 87' lang='lat' dir='ltr'><strong>iu),</strong></span> <span class='ocrx_word' id='word_1_206' title='bbox 638 2882 947 2952; x_wconf 84' lang='lat' dir='ltr'><strong>periculosa</strong></span> <span class='ocrx_word' id='word_1_207' title='bbox 999 2901 1011 2936; x_wconf 93' lang='lat'>:</span> <span class='ocrx_word' id='word_1_208' title='bbox 1063 2863 1133 2936; x_wconf 39' lang='lat' dir='ltr'><strong>in.</strong></span> <span class='ocrx_word' id='word_1_209' title='bbox 1193 2868 1421 2956; x_wconf 73' lang='lat' dir='ltr'><strong>quibus</strong></span> <span class='ocrx_word' id='word_1_210' title='bbox 1466 2868 1717 2937; x_wconf 77' lang='lat' dir='ltr'><strong>homines</strong></span> <span class='ocrx_word' id='word_1_211' title='bbox 1748 2863 1840 2946; x_wconf 69' lang='lat' dir='ltr'><strong>se</strong></span> <span class='ocrx_word' id='word_1_212' title='bbox 1889 2863 2049 2957; x_wconf 54' lang='lat' dir='ltr'><strong>ipsos:</strong></span> 
     </span>
    </p>
   </div>
   <div class='ocr_carea' id='block_1_30' title="bbox 451 2967 2048 3046">
    <p class='ocr_par' dir='ltr' id='par_1_30' title="bbox 451 2967 2048 3046">
     <span class='ocr_line' id='line_1_30' title="bbox 451 2967 2048 3046; baseline 0 -18"><span class='ocrx_word' id='word_1_213' title='bbox 451 2983 736 3040; x_wconf 86' lang='lat' dir='ltr'><strong>amantes,</strong></span> <span class='ocrx_word' id='word_1_214' title='bbox 783 2973 1048 3046; x_wconf 89' lang='lat' dir='ltr'><strong>cupidos,</strong></span> <span class='ocrx_word' id='word_1_215' title='bbox 1110 2974 1412 3044; x_wconf 88' lang='lat' dir='ltr'><strong>superbos,</strong></span> <span class='ocrx_word' id='word_1_216' title='bbox 1463 2973 1678 3040; x_wconf 88' lang='lat' dir='ltr'><strong>elatos,</strong></span> <span class='ocrx_word' id='word_1_217' title='bbox 1711 2967 2048 3044; x_wconf 84' lang='lat' dir='ltr'><strong>parentibus</strong></span> 
     </span>
    </p>
   </div>
   <div class='ocr_carea' id='block_1_31' title="bbox 449 3061 2049 3134">
    <p class='ocr_par' dir='ltr' id='par_1_31' title="bbox 449 3061 2049 3134">
     <span class='ocr_line' id='line_1_31' title="bbox 449 3061 2049 3134; baseline 0 -15"><span class='ocrx_word' id='word_1_218' title='bbox 449 3061 824 3119; x_wconf 78' lang='lat' dir='ltr'><strong>lnobedientes</strong></span> <span class='ocrx_word' id='word_1_219' title='bbox 873 3079 995 3118; x_wconf 87' lang='lat' dir='ltr'><strong>esse</strong></span> <span class='ocrx_word' id='word_1_220' title='bbox 1042 3078 1269 3119; x_wconf 90' lang='lat' dir='ltr'><strong>necesse</strong></span> <span class='ocrx_word' id='word_1_221' title='bbox 1305 3070 1391 3118; x_wconf 86' lang='lat' dir='ltr'><strong>est</strong></span> <span class='ocrx_word' id='word_1_222' title='bbox 1417 3082 1429 3117; x_wconf 93' lang='lat'>:</span> <span class='ocrx_word' id='word_1_223' title='bbox 1457 3071 1560 3134; x_wconf 50' lang='lat' dir='ltr'><strong>,ut,</strong></span> <span class='ocrx_word' id='word_1_224' title='bbox 1605 3063 1869 3134; x_wconf 88' lang='lat' dir='ltr'><strong>patientia</strong></span> <span class='ocrx_word' id='word_1_225' title='bbox 1907 3063 2049 3119; x_wconf 84' lang='lat' dir='ltr'><strong>tilio-</strong></span> 
     </span>
    </p>
   </div>
   <div class='ocr_carea' id='block_1_32' title="bbox 2167 551 3159 633">
    <p class='ocr_par' dir='ltr' id='par_1_32' title="bbox 2167 551 3159 633">
     <span class='ocr_line' id='line_1_32' title="bbox 2167 551 3159 633; baseline -0.003 -18"><span class='ocrx_word' id='word_1_226' title='bbox 2167 581 2186 615; x_wconf 85' lang='grc'><em>‹</em></span> <span class='ocrx_word' id='word_1_227' title='bbox 2229 551 2375 628; x_wconf 79' lang='lat' dir='ltr'><strong>sum,</strong></span> <span class='ocrx_word' id='word_1_228' title='bbox 2402 555 2618 633; x_wconf 74' lang='lat' dir='ltr'><strong>(Matth.</strong></span> <span class='ocrx_word' id='word_1_229' title='bbox 2649 562 2762 633; x_wconf 79' lang='lat' dir='ltr'><strong>xvi)</strong></span> <span class='ocrx_word' id='word_1_230' title='bbox 2793 567 2849 616; x_wconf 90' lang='lat' dir='ltr'><strong>et</strong></span> <span class='ocrx_word' id='word_1_231' title='bbox 2868 561 3098 631; x_wconf 88' lang='lat' dir='ltr'><strong>reliqua.</strong></span> <span class='ocrx_word' id='word_1_232' title='bbox 3139 577 3159 612; x_wconf 74' lang='grc' dir='ltr'><strong><em>ι</em></strong></span> 
     </span>
    </p>
   </div>
   <div class='ocr_carea' id='block_1_33' title="bbox 2159 671 3751 746">
    <p class='ocr_par' dir='ltr' id='par_1_33' title="bbox 2159 671 3751 746">
     <span class='ocr_line' id='line_1_33' title="bbox 2159 671 3751 746; baseline 0.004 -20"><span class='ocrx_word' id='word_1_233' title='bbox 2159 678 2254 735; x_wconf 68' lang='grc' dir='ltr'><strong>ϐθι</strong></span> <span class='ocrx_word' id='word_1_234' title='bbox 2272 673 2354 728; x_wconf 78' lang='lat' dir='ltr'><strong>Ad</strong></span> <span class='ocrx_word' id='word_1_235' title='bbox 2377 673 2522 730; x_wconf 85' lang='lat' dir='ltr'><strong>viam</strong></span> <span class='ocrx_word' id='word_1_236' title='bbox 2546 672 2678 743; x_wconf 81' lang='lat' dir='ltr'><strong>ergo</strong></span> <span class='ocrx_word' id='word_1_237' title='bbox 2700 671 2827 728; x_wconf 76' lang='lat' dir='ltr'><strong>vita:</strong></span> <span class='ocrx_word' id='word_1_238' title='bbox 2849 688 2950 729; x_wconf 93' lang='lat' dir='ltr'><strong>nos</strong></span> <span class='ocrx_word' id='word_1_239' title='bbox 2965 671 3258 726; x_wconf 89' lang='lat' dir='ltr'><strong>Dominum</strong></span> <span class='ocrx_word' id='word_1_240' title='bbox 3283 681 3570 728; x_wconf 88' lang='lat' dir='ltr'><strong>vocantem</strong></span> <span class='ocrx_word' id='word_1_241' title='bbox 3594 676 3751 746; x_wconf 89' lang='lat' dir='ltr'><strong>sequi</strong></span> 
     </span>
    </p>
   </div>
   <div class='ocr_carea' id='block_1_34' title="bbox 2159 761 3752 837">
    <p class='ocr_par' dir='ltr' id='par_1_34' title="bbox 2159 761 3752 837">
     <span class='ocr_line' id='line_1_34' title="bbox 2159 761 3752 837; baseline 0.001 -17"><span class='ocrx_word' id='word_1_242' title='bbox 2159 775 2395 837; x_wconf 86' lang='lat' dir='ltr'><strong>oportet,</strong></span> <span class='ocrx_word' id='word_1_243' title='bbox 2421 766 2466 820; x_wconf 88' lang='lat' dir='ltr'><strong>si</strong></span> <span class='ocrx_word' id='word_1_244' title='bbox 2484 763 2819 820; x_wconf 73' lang='lat' dir='ltr'><strong>luercditatis</strong></span> <span class='ocrx_word' id='word_1_245' title='bbox 2855 771 3074 819; x_wconf 65' lang='lat' dir='ltr'><strong>aeterna:</strong></span> <span class='ocrx_word' id='word_1_246' title='bbox 3108 761 3350 818; x_wconf 83' lang='lat' dir='ltr'><strong>fructum</strong></span> <span class='ocrx_word' id='word_1_247' title='bbox 3373 764 3752 822; x_wconf 84' lang='lat' dir='ltr'><strong>desideramus</strong></span> 
     </span>
    </p>
   </div>
   <div class='ocr_carea' id='block_1_35' title="bbox 2159 853 3752 930">
    <p class='ocr_par' dir='ltr' id='par_1_35' title="bbox 2159 853 3752 930">
     <span class='ocr_line' id='line_1_35' title="bbox 2159 853 3752 930; baseline -0.001 -17"><span class='ocrx_word' id='word_1_248' title='bbox 2159 872 2402 930; x_wconf 80' lang='lat' dir='ltr'><strong>carpere.</strong></span> <span class='ocrx_word' id='word_1_249' title='bbox 2435 854 2566 910; x_wconf 73' lang='lat' dir='ltr'><strong>«Per</strong></span> <span class='ocrx_word' id='word_1_250' title='bbox 2582 857 2784 910; x_wconf 85' lang='lat' dir='ltr'><strong>multas</strong></span> <span class='ocrx_word' id='word_1_251' title='bbox 2807 855 3241 921; x_wconf 64' lang='lat' dir='ltr'><strong>tribulationes,»</strong></span> <span class='ocrx_word' id='word_1_252' title='bbox 3265 863 3323 909; x_wconf 94' lang='lat' dir='ltr'><strong>ut</strong></span> <span class='ocrx_word' id='word_1_253' title='bbox 3339 853 3541 910; x_wconf 85' lang='lat' dir='ltr'><strong>Doctor</strong></span> <span class='ocrx_word' id='word_1_254' title='bbox 3561 865 3752 912; x_wconf 82' lang='lat' dir='ltr'><strong>noster</strong></span> 
     </span>
    </p>
   </div>
   <div class='ocr_carea' id='block_1_36' title="bbox 2159 945 3742 1026">
    <p class='ocr_par' dir='ltr' id='par_1_36' title="bbox 2159 945 3742 1026">
     <span class='ocr_line' id='line_1_36' title="bbox 2159 945 3742 1026; baseline 0.001 -24"><span class='ocrx_word' id='word_1_255' title='bbox 2159 949 2367 1016; x_wconf 87' lang='lat' dir='ltr'><strong>docuit,</strong></span> <span class='ocrx_word' id='word_1_256' title='bbox 2395 956 2637 1026; x_wconf 65' lang='lat' dir='ltr'><strong>«oportet</strong></span> <span class='ocrx_word' id='word_1_257' title='bbox 2657 963 2760 1004; x_wconf 91' lang='lat' dir='ltr'><strong>nos</strong></span> <span class='ocrx_word' id='word_1_258' title='bbox 2775 947 2980 1022; x_wconf 79' lang='lat' dir='ltr'><strong>intrare</strong></span> <span class='ocrx_word' id='word_1_259' title='bbox 2993 947 3045 1000; x_wconf 90' lang='lat' dir='ltr'><strong>in</strong></span> <span class='ocrx_word' id='word_1_260' title='bbox 3060 961 3286 1016; x_wconf 81' lang='lat' dir='ltr'><strong>regnum</strong></span> <span class='ocrx_word' id='word_1_261' title='bbox 3303 945 3396 1002; x_wconf 86' lang='lat' dir='ltr'><strong>Dei</strong></span> <span class='ocrx_word' id='word_1_262' title='bbox 3416 947 3554 1020; x_wconf 73' lang='lat' dir='ltr'><strong>(Act.</strong></span> <span class='ocrx_word' id='word_1_263' title='bbox 3575 947 3742 1026; x_wconf 54' lang='grc' dir='ltr'><strong>καλῇ</strong></span> 
     </span>
    </p>
   </div>
   <div class='ocr_carea' id='block_1_37' title="bbox 2162 1027 3746 1113">
    <p class='ocr_par' dir='ltr' id='par_1_37' title="bbox 2162 1027 3746 1113">
     <span class='ocr_line' id='line_1_37' title="bbox 2162 1027 3746 1113; baseline 0.003 -19"><span class='ocrx_word' id='word_1_264' title='bbox 2162 1027 2313 1097; x_wconf 60' lang='grc' dir='ltr'><strong>δίδως’</strong></span> <span class='ocrx_word' id='word_1_265' title='bbox 2333 1048 2417 1096; x_wconf 90' lang='lat' dir='ltr'><strong>est</strong></span> <span class='ocrx_word' id='word_1_266' title='bbox 2461 1040 2609 1111; x_wconf 92' lang='lat' dir='ltr'><strong>quod</strong></span> <span class='ocrx_word' id='word_1_267' title='bbox 2637 1032 2945 1113; x_wconf 85' lang='lat' dir='ltr'><strong>hucusque</strong></span> <span class='ocrx_word' id='word_1_268' title='bbox 2967 1039 3022 1094; x_wconf 92' lang='lat' dir='ltr'><strong>in</strong></span> <span class='ocrx_word' id='word_1_269' title='bbox 3039 1053 3172 1110; x_wconf 91' lang='lat' dir='ltr'><strong>pace</strong></span> <span class='ocrx_word' id='word_1_270' title='bbox 3193 1037 3432 1098; x_wconf 76' lang='lat' dir='ltr'><strong>viximus</strong></span> <span class='ocrx_word' id='word_1_271' title='bbox 3452 1038 3708 1096; x_wconf 72' lang='lat' dir='ltr'><strong>Ecclesia:</strong></span> <span class='ocrx_word' id='word_1_272' title='bbox 3724 1027 3746 1098; x_wconf 66' lang='grc'><strong>²;</strong></span> 
     </span>
    </p>
   </div>
   <div class='ocr_carea' id='block_1_38' title="bbox 2159 1121 3747 1196">
    <p class='ocr_par' dir='ltr' id='par_1_38' title="bbox 2159 1121 3747 1196">
     <span class='ocr_line' id='line_1_38' title="bbox 2159 1121 3747 1196; baseline 0.002 -9"><span class='ocrx_word' id='word_1_273' title='bbox 2159 1148 2306 1196; x_wconf 75' lang='lat' dir='ltr'><strong>nunc</strong></span> <span class='ocrx_word' id='word_1_274' title='bbox 2337 1147 2466 1187; x_wconf 82' lang='lat' dir='ltr'><strong>vero</strong></span> <span class='ocrx_word' id='word_1_275' title='bbox 2495 1132 2588 1187; x_wconf 91' lang='lat' dir='ltr'><strong>diu</strong></span> <span class='ocrx_word' id='word_1_276' title='bbox 2639 1133 2852 1188; x_wconf 88' lang='lat' dir='ltr'><strong>aridam</strong></span> <span class='ocrx_word' id='word_1_277' title='bbox 2893 1129 3126 1188; x_wconf 84' lang='lat' dir='ltr'><strong>messem</strong></span> <span class='ocrx_word' id='word_1_278' title='bbox 3179 1127 3505 1186; x_wconf 89' lang='lat' dir='ltr'><strong>Sanctorum</strong></span> <span class='ocrx_word' id='word_1_279' title='bbox 3548 1121 3747 1190; x_wconf 84' lang='lat' dir='ltr'><strong>iterum</strong></span> 
     </span>
    </p>
   </div>
   <div class='ocr_carea' id='block_1_39' title="bbox 2158 1216 3748 1298">
    <p class='ocr_par' dir='ltr' id='par_1_39' title="bbox 2158 1216 3748 1298">
     <span class='ocr_line' id='line_1_39' title="bbox 2158 1216 3748 1298; baseline 0 -18"><span class='ocrx_word' id='word_1_280' title='bbox 2158 1224 2425 1296; x_wconf 87' lang='lat' dir='ltr'><strong>sanguine</strong></span> <span class='ocrx_word' id='word_1_281' title='bbox 2445 1223 2701 1280; x_wconf 83' lang='lat' dir='ltr'><strong>convenit</strong></span> <span class='ocrx_word' id='word_1_282' title='bbox 2721 1221 2997 1296; x_wconf 55' lang='lat' dir='ltr'><strong>irrorari,’</strong></span> <span class='ocrx_word' id='word_1_283' title='bbox 3029 1216 3090 1280; x_wconf 84' lang='lat' dir='ltr'><strong>ut</strong></span> <span class='ocrx_word' id='word_1_284' title='bbox 3130 1221 3344 1296; x_wconf 83' lang='lat' dir='ltr'><strong>fructus</strong></span> <span class='ocrx_word' id='word_1_285' title='bbox 3369 1223 3515 1280; x_wconf 90' lang='lat' dir='ltr'><strong>illius</strong></span> <span class='ocrx_word' id='word_1_286' title='bbox 3539 1266 3556 1291; x_wconf 91' lang='lat'><strong>,</strong></span> <span class='ocrx_word' id='word_1_287' title='bbox 3580 1225 3748 1298; x_wconf 84' lang='lat' dir='ltr'><strong>longo</strong></span> 
     </span>
    </p>
   </div>
   <div class='ocr_carea' id='block_1_40' title="bbox 2159 1297 3745 1388">
    <p class='ocr_par' dir='ltr' id='par_1_40' title="bbox 2159 1297 3745 1388">
     <span class='ocr_line' id='line_1_40' title="bbox 2159 1297 3745 1388; baseline 0.002 -19"><span class='ocrx_word' id='word_1_288' title='bbox 2159 1324 2400 1386; x_wconf 73' lang='lat' dir='ltr'><strong>tempore</strong></span> <span class='ocrx_word' id='word_1_289' title='bbox 2439 1316 2657 1372; x_wconf 89' lang='lat' dir='ltr'><strong>tabidus</strong></span> <span class='ocrx_word' id='word_1_290' title='bbox 2685 1315 2840 1372; x_wconf 87' lang='lat' dir='ltr'><strong>senio</strong></span> <span class='ocrx_word' id='word_1_291' title='bbox 2865 1357 2880 1383; x_wconf 95' lang='lat'><strong>,</strong></span> <span class='ocrx_word' id='word_1_292' title='bbox 2940 1297 3146 1370; x_wconf 81' lang='lat' dir='ltr'><strong>recenti</strong></span> <span class='ocrx_word' id='word_1_293' title='bbox 3190 1330 3314 1370; x_wconf 85' lang='lat' dir='ltr'><strong>rore</strong></span> <span class='ocrx_word' id='word_1_294' title='bbox 3343 1314 3600 1388; x_wconf 89' lang='lat' dir='ltr'><strong>perfusus</strong></span> <span class='ocrx_word' id='word_1_295' title='bbox 3623 1357 3638 1384; x_wconf 96' lang='lat'><strong>,</strong></span> <span class='ocrx_word' id='word_1_296' title='bbox 3686 1297 3745 1372; x_wconf 87' lang='lat' dir='ltr'><strong>in</strong></span> 
     </span>
    </p>
   </div>
   <div class='ocr_carea' id='block_1_41' title="bbox 2156 1406 3746 1486">
    <p class='ocr_par' dir='ltr' id='par_1_41' title="bbox 2156 1406 3746 1486">
     <span class='ocr_line' id='line_1_41' title="bbox 2156 1406 3746 1486; baseline 0.001 -25"><span class='ocrx_word' id='word_1_297' title='bbox 2156 1407 2447 1483; x_wconf 88' lang='lat' dir='ltr'><strong>pristinum</strong></span> <span class='ocrx_word' id='word_1_298' title='bbox 2504 1409 2690 1464; x_wconf 91' lang='lat' dir='ltr'><strong>redeat</strong></span> <span class='ocrx_word' id='word_1_299' title='bbox 2723 1407 2938 1486; x_wconf 87' lang='lat' dir='ltr'><strong>decoris</strong></span> <span class='ocrx_word' id='word_1_300' title='bbox 2982 1415 3285 1478; x_wconf 87' lang='lat' dir='ltr'><strong>aspectum.</strong></span> <span class='ocrx_word' id='word_1_301' title='bbox 3333 1406 3592 1466; x_wconf 78' lang='lat' dir='ltr'><strong>Videmus</strong></span> <span class='ocrx_word' id='word_1_302' title='bbox 3637 1424 3746 1480; x_wconf 88' lang='lat' dir='ltr'><strong>pu-</strong></span> 
     </span>
    </p>
   </div>
   <div class='ocr_carea' id='block_1_42' title="bbox 2155 1491 3748 1578">
    <p class='ocr_par' dir='ltr' id='par_1_42' title="bbox 2155 1491 3748 1578">
     <span class='ocr_line' id='line_1_42' title="bbox 2155 1491 3748 1578; baseline 0.002 -26"><span class='ocrx_word' id='word_1_303' title='bbox 2155 1491 2318 1570; x_wconf 73' lang='lat' dir='ltr'><strong>gnam</strong></span> <span class='ocrx_word' id='word_1_304' title='bbox 2339 1500 2544 1569; x_wconf 80' lang='lat' dir='ltr'><strong>diaboli</strong></span> <span class='ocrx_word' id='word_1_305' title='bbox 2573 1501 2627 1555; x_wconf 91' lang='lat' dir='ltr'><strong>in</strong></span> <span class='ocrx_word' id='word_1_306' title='bbox 2650 1508 2900 1571; x_wconf 86' lang='lat' dir='ltr'><strong>apertum</strong></span> <span class='ocrx_word' id='word_1_307' title='bbox 2927 1500 3177 1571; x_wconf 87' lang='lat' dir='ltr'><strong>prosilire</strong></span> <span class='ocrx_word' id='word_1_308' title='bbox 3203 1515 3455 1570; x_wconf 89' lang='lat' dir='ltr'><strong>campum</strong></span> <span class='ocrx_word' id='word_1_309' title='bbox 3483 1541 3500 1567; x_wconf 91' lang='lat'><strong>,</strong></span> <span class='ocrx_word' id='word_1_310' title='bbox 3553 1495 3748 1578; x_wconf 67' lang='lat' dir='ltr'><strong>hacte—</strong></span> 
     </span>
    </p>
   </div>
   <div class='ocr_carea' id='block_1_43' title="bbox 2154 1590 3744 1666">
    <p class='ocr_par' dir='ltr' id='par_1_43' title="bbox 2154 1590 3744 1666">
     <span class='ocr_line' id='line_1_43' title="bbox 2154 1590 3744 1666; baseline 0.002 -21"><span class='ocrx_word' id='word_1_311' title='bbox 2154 1606 2260 1646; x_wconf 90' lang='lat' dir='ltr'><strong>nus</strong></span> <span class='ocrx_word' id='word_1_312' title='bbox 2283 1590 2452 1647; x_wconf 85' lang='lat' dir='ltr'><strong>fuscis</strong></span> <span class='ocrx_word' id='word_1_313' title='bbox 2481 1592 2850 1662; x_wconf 88' lang='lat' dir='ltr'><strong>squalloribus</strong></span> <span class='ocrx_word' id='word_1_314' title='bbox 2876 1592 3226 1663; x_wconf 91' lang='lat' dir='ltr'><strong>adopertam:</strong></span> <span class='ocrx_word' id='word_1_315' title='bbox 3258 1591 3560 1657; x_wconf 72' lang='lat' dir='ltr'><strong>ideonunc</strong></span> <span class='ocrx_word' id='word_1_316' title='bbox 3597 1593 3744 1666; x_wconf 76' lang='lat' dir='ltr'><strong>tiro-</strong></span> 
     </span>
    </p>
   </div>
   <div class='ocr_carea' id='block_1_44' title="bbox 2155 1673 3746 1756">
    <p class='ocr_par' dir='ltr' id='par_1_44' title="bbox 2155 1673 3746 1756">
     <span class='ocr_line' id='line_1_44' title="bbox 2155 1673 3746 1756; baseline 0.002 -19"><span class='ocrx_word' id='word_1_317' title='bbox 2155 1697 2252 1738; x_wconf 90' lang='lat' dir='ltr'><strong>nes</strong></span> <span class='ocrx_word' id='word_1_318' title='bbox 2277 1683 2504 1752; x_wconf 87' lang='lat' dir='ltr'><strong>Christi,</strong></span> <span class='ocrx_word' id='word_1_319' title='bbox 2532 1684 2726 1740; x_wconf 88' lang='lat' dir='ltr'><strong>doctas</strong></span> <span class='ocrx_word' id='word_1_320' title='bbox 2751 1700 2948 1740; x_wconf 89' lang='lat' dir='ltr'><strong>manus</strong></span> <span class='ocrx_word' id='word_1_321' title='bbox 2973 1683 3040 1738; x_wconf 85' lang='lat' dir='ltr'><strong>ad</strong></span> <span class='ocrx_word' id='word_1_322' title='bbox 3067 1679 3254 1754; x_wconf 81' lang='lat' dir='ltr'><strong>praelia</strong></span> <span class='ocrx_word' id='word_1_323' title='bbox 3288 1673 3586 1756; x_wconf 78' lang='lat' dir='ltr'><strong>gestantes,</strong></span> <span class='ocrx_word' id='word_1_324' title='bbox 3609 1679 3746 1740; x_wconf 78' lang='lat' dir='ltr'><strong>con-</strong></span> 
     </span>
    </p>
   </div>
   <div class='ocr_carea' id='block_1_45' title="bbox 2082 1759 3744 1885">
    <p class='ocr_par' dir='ltr' id='par_1_45' title="bbox 2082 1759 3744 1885">
     <span class='ocr_line' id='line_1_45' title="bbox 2082 1759 3744 1885; baseline 0.002 -57"><span class='ocrx_word' id='word_1_325' title='bbox 2082 1777 2123 1885; x_wconf 50' lang='lat' dir='ltr'>ﬁ</span> <span class='ocrx_word' id='word_1_326' title='bbox 2153 1775 2302 1830; x_wconf 82' lang='lat' dir='ltr'><strong>venit</strong></span> <span class='ocrx_word' id='word_1_327' title='bbox 2321 1775 2544 1832; x_wconf 84' lang='lat' dir='ltr'><strong>obviare</strong></span> <span class='ocrx_word' id='word_1_328' title='bbox 2555 1795 2578 1840; x_wconf 68' lang='grc' dir='ltr'><strong>,ε</strong></span> <span class='ocrx_word' id='word_1_329' title='bbox 2613 1759 2886 1846; x_wconf 83' lang='lat' dir='ltr'><strong>quatenus</strong></span> <span class='ocrx_word' id='word_1_330' title='bbox 2909 1761 3112 1831; x_wconf 81' lang='lat' dir='ltr'><strong>Christi</strong></span> <span class='ocrx_word' id='word_1_331' title='bbox 3153 1773 3289 1831; x_wconf 83' lang='lat' dir='ltr'><strong>ﬁdes</strong></span> <span class='ocrx_word' id='word_1_332' title='bbox 3317 1771 3338 1843; x_wconf 83' lang='grc'><em>,’</em></span> <span class='ocrx_word' id='word_1_333' title='bbox 3365 1791 3489 1846; x_wconf 71' lang='lat' dir='ltr'><strong>qua:</strong></span> <span class='ocrx_word' id='word_1_334' title='bbox 3511 1818 3527 1844; x_wconf 92' lang='lat'><strong>,</strong></span> <span class='ocrx_word' id='word_1_335' title='bbox 3550 1777 3744 1832; x_wconf 91' lang='lat' dir='ltr'><strong>eodem</strong></span> 
     </span>
    </p>
   </div>
   <div class='ocr_carea' id='block_1_46' title="bbox 2150 1865 3744 1940">
    <p class='ocr_par' dir='ltr' id='par_1_46' title="bbox 2150 1865 3744 1940">
     <span class='ocr_line' id='line_1_46' title="bbox 2150 1865 3744 1940; baseline 0.003 -20"><span class='ocrx_word' id='word_1_336' title='bbox 2150 1865 2422 1923; x_wconf 78' lang='lat' dir='ltr'><strong>inliciente</strong></span> <span class='ocrx_word' id='word_1_337' title='bbox 2443 1867 2663 1924; x_wconf 87' lang='lat' dir='ltr'><strong>diabolo</strong></span> <span class='ocrx_word' id='word_1_338' title='bbox 2687 1910 2703 1936; x_wconf 95' lang='lat'><strong>,</strong></span> <span class='ocrx_word' id='word_1_339' title='bbox 2729 1877 2843 1924; x_wconf 90' lang='lat' dir='ltr'><strong>toto</strong></span> <span class='ocrx_word' id='word_1_340' title='bbox 2874 1883 3012 1939; x_wconf 89' lang='lat' dir='ltr'><strong>pene</strong></span> <span class='ocrx_word' id='word_1_341' title='bbox 3032 1876 3302 1922; x_wconf 89' lang='lat' dir='ltr'><strong>terrarum</strong></span> <span class='ocrx_word' id='word_1_342' title='bbox 3338 1868 3471 1924; x_wconf 88' lang='lat' dir='ltr'><strong>orbe</strong></span> <span class='ocrx_word' id='word_1_343' title='bbox 3493 1868 3744 1940; x_wconf 88' lang='lat' dir='ltr'><strong>dispersa</strong></span> 
     </span>
    </p>
   </div>
   <div class='ocr_carea' id='block_1_47' title="bbox 2149 1958 3744 2041">
    <p class='ocr_par' dir='ltr' id='par_1_47' title="bbox 2149 1958 3744 2041">
     <span class='ocr_line' id='line_1_47' title="bbox 2149 1958 3744 2041; baseline 0.002 -28"><span class='ocrx_word' id='word_1_344' title='bbox 2149 1959 2448 2032; x_wconf 87' lang='lat' dir='ltr'><strong>relictaque</strong></span> <span class='ocrx_word' id='word_1_345' title='bbox 2493 1960 2760 2028; x_wconf 89' lang='lat' dir='ltr'><strong>cernitur,</strong></span> <span class='ocrx_word' id='word_1_346' title='bbox 2803 1968 3025 2036; x_wconf 77' lang='lat' dir='ltr'><strong>cuncta,</strong></span> <span class='ocrx_word' id='word_1_347' title='bbox 3069 1958 3473 2036; x_wconf 17' lang='lat' dir='ltr'><strong>DominopDeQ</strong></span> <span class='ocrx_word' id='word_1_348' title='bbox 3501 1977 3599 2032; x_wconf 88' lang='lat' dir='ltr'><strong>per</strong></span> <span class='ocrx_word' id='word_1_349' title='bbox 3623 1977 3744 2041; x_wconf 24' lang='lat' dir='ltr'><strong>&#39;nos</strong></span> 
     </span>
    </p>
   </div>
   <div class='ocr_carea' id='block_1_48' title="bbox 2149 2045 3742 2132">
    <p class='ocr_par' dir='ltr' id='par_1_48' title="bbox 2149 2045 3742 2132">
     <span class='ocr_line' id='line_1_48' title="bbox 2149 2045 3742 2132; baseline 0.001 -24"><span class='ocrx_word' id='word_1_350' title='bbox 2149 2063 2446 2132; x_wconf 83' lang='lat' dir='ltr'><strong>pugnante,</strong></span> <span class='ocrx_word' id='word_1_351' title='bbox 2475 2049 2836 2121; x_wconf 58' lang='lat' dir='ltr'><strong>instauretur&#39;.</strong></span> <span class='ocrx_word' id='word_1_352' title='bbox 2862 2047 2955 2108; x_wconf 76' lang='lat' dir='ltr'><strong>.Ad</strong></span> <span class='ocrx_word' id='word_1_353' title='bbox 2984 2045 3376 2122; x_wconf 83' lang='lat' dir='ltr'><strong>detrimentum</strong></span> <span class='ocrx_word' id='word_1_354' title='bbox 3414 2068 3610 2124; x_wconf 87' lang='lat' dir='ltr'><strong>nempe</strong></span> <span class='ocrx_word' id='word_1_355' title='bbox 3634 2069 3742 2110; x_wconf 87' lang='lat' dir='ltr'><strong>no-</strong></span> 
     </span>
    </p>
   </div>
   <div class='ocr_carea' id='block_1_49' title="bbox 2147 2141 3740 2216">
    <p class='ocr_par' dir='ltr' id='par_1_49' title="bbox 2147 2141 3740 2216">
     <span class='ocr_line' id='line_1_49' title="bbox 2147 2141 3740 2216; baseline -0.001 -14"><span class='ocrx_word' id='word_1_356' title='bbox 2147 2156 2298 2203; x_wconf 66' lang='lat' dir='ltr'><strong>strae.</strong></span> <span class='ocrx_word' id='word_1_357' title='bbox 2326 2146 2518 2203; x_wconf 90' lang='lat' dir='ltr'><strong>salutis</strong></span> <span class='ocrx_word' id='word_1_358' title='bbox 2581 2147 2874 2202; x_wconf 70' lang='lat' dir='ltr'><strong>szeculares</strong></span> <span class='ocrx_word' id='word_1_359' title='bbox 2921 2143 3168 2216; x_wconf 81' lang='lat' dir='ltr'><strong>quotidie</strong></span> <span class='ocrx_word' id='word_1_360' title='bbox 3204 2141 3740 2216; x_wconf 40' lang='lat' dir='ltr'><strong>propugnare‘con-</strong></span> 
     </span>
    </p>
   </div>
   <div class='ocr_carea' id='block_1_50' title="bbox 2149 2234 3742 2314">
    <p class='ocr_par' dir='ltr' id='par_1_50' title="bbox 2149 2234 3742 2314">
     <span class='ocr_line' id='line_1_50' title="bbox 2149 2234 3742 2314; baseline -0.003 -20"><span class='ocrx_word' id='word_1_361' title='bbox 2149 2240 2413 2309; x_wconf 90' lang='lat' dir='ltr'><strong>spicimus</strong></span> <span class='ocrx_word' id='word_1_362' title='bbox 2439 2279 2454 2304; x_wconf 91' lang='lat'><strong>,</strong></span> <span class='ocrx_word' id='word_1_363' title='bbox 2482 2238 2578 2310; x_wconf 89' lang='lat' dir='ltr'><strong>qui</strong></span> <span class='ocrx_word' id='word_1_364' title='bbox 2623 2237 2760 2293; x_wconf 91' lang='lat' dir='ltr'><strong>nihil</strong></span> <span class='ocrx_word' id='word_1_365' title='bbox 2791 2236 2952 2312; x_wconf 39' lang='lat' dir='ltr'><strong>aliud.</strong></span> <span class='ocrx_word' id='word_1_366' title='bbox 2987 2252 3156 2308; x_wconf 91' lang='lat' dir='ltr'><strong>quam</strong></span> <span class='ocrx_word' id='word_1_367' title='bbox 3186 2236 3494 2314; x_wconf 77' lang='lat' dir='ltr'><strong>gehennam</strong></span> <span class='ocrx_word' id='word_1_368' title='bbox 3513 2234 3742 2309; x_wconf 48' lang='lat' dir='ltr'><strong>a&#39;ecquié-</strong></span> 
     </span>
    </p>
   </div>
   <div class='ocr_carea' id='block_1_51' title="bbox 2149 2321 3747 2408">
    <p class='ocr_par' dir='ltr' id='par_1_51' title="bbox 2149 2321 3747 2408">
     <span class='ocr_line' id='line_1_51' title="bbox 2149 2321 3747 2408; baseline 0.001 -23"><span class='ocrx_word' id='word_1_369' title='bbox 2149 2339 2310 2386; x_wconf 90' lang='lat' dir='ltr'><strong>runt:</strong></span> <span class='ocrx_word' id='word_1_370' title='bbox 2344 2331 2425 2385; x_wconf 87' lang='lat' dir='ltr'><strong>sic</strong></span> <span class='ocrx_word' id='word_1_371' title='bbox 2457 2345 2578 2398; x_wconf 88' lang='lat' dir='ltr'><strong>nos,</strong></span> <span class='ocrx_word' id='word_1_372' title='bbox 2605 2329 2806 2408; x_wconf 74' lang='lat' dir='ltr'><strong>quibus</strong></span> <span class='ocrx_word' id='word_1_373' title='bbox 2835 2321 3018 2398; x_wconf 76' lang='lat' dir='ltr'><strong>vivere</strong></span> <span class='ocrx_word' id='word_1_374' title='bbox 3049 2321 3308 2385; x_wconf 81' lang='lat' dir='ltr'><strong>Christus</strong></span> <span class='ocrx_word' id='word_1_375' title='bbox 3321 2344 3442 2385; x_wconf 87' lang='lat' dir='ltr'><strong>esse</strong></span> <span class='ocrx_word' id='word_1_376' title='bbox 3463 2329 3642 2398; x_wconf 85' lang='lat' dir='ltr'><strong>debet,</strong></span> <span class='ocrx_word' id='word_1_377' title='bbox 3687 2339 3747 2387; x_wconf 87' lang='lat' dir='ltr'><strong>et</strong></span> 
     </span>
    </p>
   </div>
   <div class='ocr_carea' id='block_1_52' title="bbox 2128 2410 3742 2497">
    <p class='ocr_par' dir='ltr' id='par_1_52' title="bbox 2128 2410 3742 2497">
     <span class='ocr_line' id='line_1_52' title="bbox 2128 2410 3742 2497; baseline 0.001 -21"><span class='ocrx_word' id='word_1_378' title='bbox 2128 2413 2454 2497; x_wconf 48' lang='lat' dir='ltr'><strong>sejusetiam</strong></span> <span class='ocrx_word' id='word_1_379' title='bbox 2482 2410 2670 2476; x_wconf 80' lang='lat' dir='ltr'><strong>amore</strong></span> <span class='ocrx_word' id='word_1_380' title='bbox 2691 2421 2830 2477; x_wconf 80' lang='lat' dir='ltr'><strong>mori</strong></span> <span class='ocrx_word' id='word_1_381' title='bbox 2867 2420 3115 2488; x_wconf 90' lang='lat' dir='ltr'><strong>lucrum;</strong></span> <span class='ocrx_word' id='word_1_382' title='bbox 3164 2420 3367 2491; x_wconf 82' lang='lat' dir='ltr'><strong>quibus</strong></span> <span class='ocrx_word' id='word_1_383' title='bbox 3391 2421 3450 2478; x_wconf 93' lang='lat' dir='ltr'><strong>in</strong></span> <span class='ocrx_word' id='word_1_384' title='bbox 3497 2423 3742 2478; x_wconf 89' lang='lat' dir='ltr'><strong>retribu-</strong></span> 
     </span>
    </p>
   </div>
   <div class='ocr_carea' id='block_1_53' title="bbox 2150 2512 3740 2596">
    <p class='ocr_par' dir='ltr' id='par_1_53' title="bbox 2150 2512 3740 2596">
     <span class='ocr_line' id='line_1_53' title="bbox 2150 2512 3740 2596; baseline -0.003 -23"><span class='ocrx_word' id='word_1_385' title='bbox 2150 2519 2322 2582; x_wconf 83' lang='lat' dir='ltr'><strong>tione,</strong></span> <span class='ocrx_word' id='word_1_386' title='bbox 2353 2523 2478 2586; x_wconf 93' lang='lat' dir='ltr'><strong>post</strong></span> <span class='ocrx_word' id='word_1_387' title='bbox 2520 2515 2685 2569; x_wconf 89' lang='lat' dir='ltr'><strong>istam</strong></span> <span class='ocrx_word' id='word_1_388' title='bbox 2727 2513 2986 2569; x_wconf 88' lang='lat' dir='ltr'><strong>miseram</strong></span> <span class='ocrx_word' id='word_1_389' title='bbox 3028 2521 3084 2568; x_wconf 90' lang='lat' dir='ltr'><strong>et</strong></span> <span class='ocrx_word' id='word_1_390' title='bbox 3110 2512 3487 2596; x_wconf 76' lang='lat' dir='ltr'><strong>imaginariam</strong></span> <span class='ocrx_word' id='word_1_391' title='bbox 3525 2514 3740 2588; x_wconf 83' lang='lat' dir='ltr'><strong>vitam,</strong></span> 
     </span>
    </p>
   </div>
   <div class='ocr_carea' id='block_1_54' title="bbox 2149 2597 3744 2692">
    <p class='ocr_par' dir='ltr' id='par_1_54' title="bbox 2149 2597 3744 2692">
     <span class='ocr_line' id='line_1_54' title="bbox 2149 2597 3744 2692; baseline -0.001 -27"><span class='ocrx_word' id='word_1_392' title='bbox 2149 2609 2382 2692; x_wconf 68' lang='lat' dir='ltr'><strong>felicitas</strong></span> <span class='ocrx_word' id='word_1_393' title='bbox 2403 2614 2743 2680; x_wconf 72' lang='lat' dir='ltr'><strong>praeparatur</strong></span> <span class='ocrx_word' id='word_1_394' title='bbox 2779 2615 3023 2673; x_wconf 66' lang='lat' dir='ltr'><strong>aeterna;</strong></span> <span class='ocrx_word' id='word_1_395' title='bbox 3063 2620 3095 2660; x_wconf 90' lang='lat' dir='ltr'><strong>a</strong></span> <span class='ocrx_word' id='word_1_396' title='bbox 3151 2604 3248 2684; x_wconf 81' lang='lat' dir='ltr'><strong>Dei</strong></span> <span class='ocrx_word' id='word_1_397' title='bbox 3273 2597 3486 2678; x_wconf 74' lang='lat' dir='ltr'><strong>legibus</strong></span> <span class='ocrx_word' id='word_1_398' title='bbox 3537 2615 3593 2662; x_wconf 86' lang='lat' dir='ltr'><strong>et</strong></span> <span class='ocrx_word' id='word_1_399' title='bbox 3635 2607 3744 2683; x_wconf 81' lang='lat' dir='ltr'><strong>fide</strong></span> 
     </span>
    </p>
   </div>
   <div class='ocr_carea' id='block_1_55' title="bbox 2149 2697 3743 2770">
    <p class='ocr_par' dir='ltr' id='par_1_55' title="bbox 2149 2697 3743 2770">
     <span class='ocr_line' id='line_1_55' title="bbox 2149 2697 3743 2770; baseline -0.003 -11"><span class='ocrx_word' id='word_1_400' title='bbox 2149 2712 2339 2759; x_wconf 88' lang='lat' dir='ltr'><strong>nostra</strong></span> <span class='ocrx_word' id='word_1_401' title='bbox 2361 2700 2688 2764; x_wconf 79' lang='lat' dir='ltr'><strong>orthodoxa,</strong></span> <span class='ocrx_word' id='word_1_402' title='bbox 2712 2697 2925 2768; x_wconf 89' lang='lat' dir='ltr'><strong>pedem,</strong></span> <span class='ocrx_word' id='word_1_403' title='bbox 2945 2697 3103 2770; x_wconf 79' lang='lat' dir='ltr'><strong>hosti</strong></span> <span class='ocrx_word' id='word_1_404' title='bbox 3137 2698 3402 2770; x_wconf 87' lang='lat' dir='ltr'><strong>cedendo,</strong></span> <span class='ocrx_word' id='word_1_405' title='bbox 3431 2715 3542 2754; x_wconf 90' lang='lat' dir='ltr'><strong>non</strong></span> <span class='ocrx_word' id='word_1_406' title='bbox 3565 2708 3743 2756; x_wconf 88' lang='lat' dir='ltr'><strong>retra-</strong></span> 
     </span>
    </p>
   </div>
   <div class='ocr_carea' id='block_1_56' title="bbox 2149 2771 3742 2863">
    <p class='ocr_par' dir='ltr' id='par_1_56' title="bbox 2149 2771 3742 2863">
     <span class='ocr_line' id='line_1_56' title="bbox 2149 2771 3742 2863; baseline -0.003 -12"><span class='ocrx_word' id='word_1_407' title='bbox 2149 2795 2366 2854; x_wconf 83' lang='lat' dir='ltr'><strong>hamus.</strong></span> <span class='ocrx_word' id='word_1_408' title='bbox 2389 2779 2746 2848; x_wconf 80' lang='lat' dir='ltr'><strong>Commoveat</strong></span> <span class='ocrx_word' id='word_1_409' title='bbox 2771 2771 2872 2844; x_wconf 76' lang='lat' dir='ltr'><strong>nos</strong></span> <span class='ocrx_word' id='word_1_410' title='bbox 2894 2789 3087 2844; x_wconf 89' lang='lat' dir='ltr'><strong>saltem</strong></span> <span class='ocrx_word' id='word_1_411' title='bbox 3111 2806 3214 2846; x_wconf 82' lang='lat' dir='ltr'><strong>vox</strong></span> <span class='ocrx_word' id='word_1_412' title='bbox 3257 2787 3540 2847; x_wconf 89' lang='lat' dir='ltr'><strong>Dominica</strong></span> <span class='ocrx_word' id='word_1_413' title='bbox 3564 2833 3580 2859; x_wconf 93' lang='lat'><strong>,</strong></span> <span class='ocrx_word' id='word_1_414' title='bbox 3614 2809 3742 2863; x_wconf 62' lang='lat' dir='ltr'><strong>qua</strong></span> 
     </span>
    </p>
   </div>
   <div class='ocr_carea' id='block_1_57' title="bbox 2148 2882 3742 2956">
    <p class='ocr_par' dir='ltr' id='par_1_57' title="bbox 2148 2882 3742 2956">
     <span class='ocr_line' id='line_1_57' title="bbox 2148 2882 3742 2956; baseline -0.002 -13"><span class='ocrx_word' id='word_1_415' title='bbox 2148 2887 2283 2955; x_wconf 82' lang='lat' dir='ltr'><strong>dicit</strong></span> <span class='ocrx_word' id='word_1_416' title='bbox 2311 2907 2325 2942; x_wconf 86' lang='lat'><strong>:</strong></span> <span class='ocrx_word' id='word_1_417' title='bbox 2357 2905 2374 2938; x_wconf 73' lang='grc' dir='ltr'>ι</span> <span class='ocrx_word' id='word_1_418' title='bbox 2403 2884 2509 2952; x_wconf 87' lang='lat' dir='ltr'><strong>Qui</strong></span> <span class='ocrx_word' id='word_1_419' title='bbox 2536 2899 2623 2938; x_wconf 90' lang='lat' dir='ltr'><strong>me</strong></span> <span class='ocrx_word' id='word_1_420' title='bbox 2646 2882 2922 2938; x_wconf 91' lang='lat' dir='ltr'><strong>eruebcrit</strong></span> <span class='ocrx_word' id='word_1_421' title='bbox 2975 2890 3029 2936; x_wconf 91' lang='lat' dir='ltr'><strong>et</strong></span> <span class='ocrx_word' id='word_1_422' title='bbox 3055 2897 3336 2938; x_wconf 90' lang='lat' dir='ltr'><strong>sermones</strong></span> <span class='ocrx_word' id='word_1_423' title='bbox 3375 2899 3527 2956; x_wconf 83' lang='lat' dir='ltr'><strong>meos</strong></span> <span class='ocrx_word' id='word_1_424' title='bbox 3545 2925 3560 2951; x_wconf 95' lang='lat'><strong>,</strong></span> <span class='ocrx_word' id='word_1_425' title='bbox 3588 2884 3742 2952; x_wconf 81' lang='lat' dir='ltr'><strong>hunc</strong></span> 
     </span>
    </p>
   </div>
   <div class='ocr_carea' id='block_1_58' title="bbox 2154 2959 3739 3047">
    <p class='ocr_par' dir='ltr' id='par_1_58' title="bbox 2154 2959 3739 3047">
     <span class='ocr_line' id='line_1_58' title="bbox 2154 2959 3739 3047; baseline -0.001 -13"><span class='ocrx_word' id='word_1_426' title='bbox 2154 2959 2174 3034; x_wconf 57' lang='grc' dir='ltr'><strong>ἰ</strong></span> <span class='ocrx_word' id='word_1_427' title='bbox 2202 2978 2374 3036; x_wconf 86' lang='lat' dir='ltr'><strong>Filius</strong></span> <span class='ocrx_word' id='word_1_428' title='bbox 2398 2976 2640 3046; x_wconf 76' lang='lat' dir='ltr'><strong>hominis</strong></span> <span class='ocrx_word' id='word_1_429' title='bbox 2659 2975 2963 3042; x_wconf 90' lang='lat' dir='ltr'><strong>erubescet,</strong></span> <span class='ocrx_word' id='word_1_430' title='bbox 2987 2989 3115 3030; x_wconf 90' lang='lat' dir='ltr'><strong>cum</strong></span> <span class='ocrx_word' id='word_1_431' title='bbox 3138 2975 3348 3030; x_wconf 89' lang='lat' dir='ltr'><strong>venerit</strong></span> <span class='ocrx_word' id='word_1_432' title='bbox 3372 2981 3426 3031; x_wconf 84' lang='lat' dir='ltr'><strong>tu</strong></span> <span class='ocrx_word' id='word_1_433' title='bbox 3451 2963 3739 3047; x_wconf 71' lang='lat' dir='ltr'><strong>majestate</strong></span> 
     </span>
    </p>
   </div>
   <div class='ocr_carea' id='block_1_59' title="bbox 2155 3052 3732 3140">
    <p class='ocr_par' dir='ltr' id='par_1_59' title="bbox 2155 3052 3732 3140">
     <span class='ocr_line' id='line_1_59' title="bbox 2155 3052 3732 3140; baseline -0.001 -12"><span class='ocrx_word' id='word_1_434' title='bbox 2155 3094 2174 3128; x_wconf 74' lang='grc' dir='ltr'>ι</span> <span class='ocrx_word' id='word_1_435' title='bbox 2203 3070 2599 3140; x_wconf 86' lang='lat' dir='ltr'><strong>sua,etPatris,</strong></span> <span class='ocrx_word' id='word_1_436' title='bbox 2621 3052 2683 3124; x_wconf 47' lang='lat' dir='ltr'><strong>&#39;et</strong></span> <span class='ocrx_word' id='word_1_437' title='bbox 2707 3077 3022 3134; x_wconf 82' lang='lat' dir='ltr'><strong>sanctorum</strong></span> <span class='ocrx_word' id='word_1_438' title='bbox 3045 3062 3376 3139; x_wconf 71' lang='lat' dir='ltr'><strong>Angelorum</strong></span> <span class='ocrx_word' id='word_1_439' title='bbox 3403 3068 3553 3140; x_wconf 87' lang='lat' dir='ltr'><strong>(Luc.</strong></span> <span class='ocrx_word' id='word_1_440' title='bbox 3577 3069 3676 3140; x_wconf 81' lang='lat' dir='ltr'><strong>ix).</strong></span> <span class='ocrx_word' id='word_1_441' title='bbox 3707 3089 3732 3135; x_wconf 57' lang='grc' dir='ltr'><strong>η</strong></span> 
     </span>
    </p>
   </div>
   <div class='ocr_carea' id='block_1_60' title="bbox 448 3152 3743 3236">
    <p class='ocr_par' dir='ltr' id='par_1_60' title="bbox 448 3152 3743 3236">
     <span class='ocr_line' id='line_1_60' title="bbox 448 3152 3743 3236; baseline 0 -18"><span class='ocrx_word' id='word_1_442' title='bbox 448 3171 572 3210; x_wconf 84' lang='lat' dir='ltr'><strong>rum</strong></span> <span class='ocrx_word' id='word_1_443' title='bbox 618 3155 734 3224; x_wconf 80' lang='lat' dir='ltr'><strong>Dei,</strong></span> <span class='ocrx_word' id='word_1_444' title='bbox 769 3153 1045 3219; x_wconf 62' lang='lat' dir='ltr'><strong>&#39;cxhihitio</strong></span> <span class='ocrx_word' id='word_1_445' title='bbox 1069 3158 1193 3212; x_wconf 79' lang='lat' dir='ltr'><strong>ﬁdei</strong></span> <span class='ocrx_word' id='word_1_446' title='bbox 1221 3165 1424 3214; x_wconf 77' lang='lat' dir='ltr'><strong>nostrae</strong></span> <span class='ocrx_word' id='word_1_447' title='bbox 1449 3159 1623 3212; x_wconf 87' lang='lat' dir='ltr'><strong>multo</strong></span> <span class='ocrx_word' id='word_1_448' title='bbox 1649 3159 1942 3230; x_wconf 79' lang='lat' dir='ltr'><strong>pretiosior</strong></span> <span class='ocrx_word' id='word_1_449' title='bbox 1971 3159 2042 3214; x_wconf 89' lang='lat' dir='ltr'><strong>sit</strong></span> <span class='ocrx_word' id='word_1_450' title='bbox 2067 3178 2110 3236; x_wconf 73' lang='grc' dir='ltr'>ο</span> <span class='ocrx_word' id='word_1_451' title='bbox 2142 3165 2408 3224; x_wconf 81' lang='lat' dir='ltr'><strong>Terribile</strong></span> <span class='ocrx_word' id='word_1_452' title='bbox 2423 3163 2581 3220; x_wconf 88' lang='lat' dir='ltr'><strong>nobis</strong></span> <span class='ocrx_word' id='word_1_453' title='bbox 2597 3161 2767 3216; x_wconf 89' lang='lat' dir='ltr'><strong>videri</strong></span> <span class='ocrx_word' id='word_1_454' title='bbox 2786 3160 2964 3226; x_wconf 90' lang='lat' dir='ltr'><strong>debet,</strong></span> <span class='ocrx_word' id='word_1_455' title='bbox 2982 3159 3026 3214; x_wconf 92' lang='lat' dir='ltr'><strong>si</strong></span> <span class='ocrx_word' id='word_1_456' title='bbox 3040 3152 3411 3230; x_wconf 28' lang='lat' dir='ltr'><strong>temporeiillo,</strong></span> <span class='ocrx_word' id='word_1_457' title='bbox 3428 3175 3459 3226; x_wconf 59' lang='grc' dir='ltr'><strong>ᾳ</strong></span> <span class='ocrx_word' id='word_1_458' title='bbox 3478 3152 3631 3217; x_wconf 79' lang='lat' dir='ltr'><strong>tanto</strong></span> <span class='ocrx_word' id='word_1_459' title='bbox 3645 3163 3743 3220; x_wconf 86' lang='lat' dir='ltr'><strong>tri-</strong></span> 
     </span>
    </p>
   </div>
   <div class='ocr_carea' id='block_1_61' title="bbox 449 3243 2044 3334">
    <p class='ocr_par' dir='ltr' id='par_1_61' title="bbox 449 3243 2044 3334">
     <span class='ocr_line' id='line_1_61' title="bbox 449 3243 2044 3334; baseline 0.005 -34"><span class='ocrx_word' id='word_1_460' title='bbox 449 3263 587 3302; x_wconf 89' lang='lat' dir='ltr'><strong>auro</strong></span> <span class='ocrx_word' id='word_1_461' title='bbox 610 3249 756 3318; x_wconf 79' lang='lat' dir='ltr'><strong>quod</strong></span> <span class='ocrx_word' id='word_1_462' title='bbox 776 3264 874 3318; x_wconf 89' lang='lat' dir='ltr'><strong>per</strong></span> <span class='ocrx_word' id='word_1_463' title='bbox 896 3249 1075 3319; x_wconf 80' lang='lat' dir='ltr'><strong>ignem</strong></span> <span class='ocrx_word' id='word_1_464' title='bbox 1100 3243 1626 3334; x_wconf 39' lang='lat' dir='ltr'><strong>probatur.,:(llamat</strong></span> <span class='ocrx_word' id='word_1_465' title='bbox 1646 3249 1805 3307; x_wconf 90' lang='lat' dir='ltr'><strong>nobis</strong></span> <span class='ocrx_word' id='word_1_466' title='bbox 1826 3251 2044 3308; x_wconf 88' lang='lat' dir='ltr'><strong>divinus</strong></span> 
     </span>
    </p>
   </div>
   <div class='ocr_carea' id='block_1_62' title="bbox 447 3329 2046 3414">
    <p class='ocr_par' dir='ltr' id='par_1_62' title="bbox 447 3329 2046 3414">
     <span class='ocr_line' id='line_1_62' title="bbox 447 3329 2046 3414; baseline 0.002 -19"><span class='ocrx_word' id='word_1_467' title='bbox 447 3354 660 3403; x_wconf 83' lang='lat' dir='ltr'><strong>sermo,</strong></span> <span class='ocrx_word' id='word_1_468' title='bbox 693 3340 880 3395; x_wconf 85' lang='lat' dir='ltr'><strong>dicens</strong></span> <span class='ocrx_word' id='word_1_469' title='bbox 912 3360 931 3410; x_wconf 51' lang='grc' dir='ltr'><strong>,ξ</strong></span> <span class='ocrx_word' id='word_1_470' title='bbox 955 3329 985 3392; x_wconf 67' lang='grc' dir='ltr'><strong><em>ἰ</em></strong></span> <span class='ocrx_word' id='word_1_471' title='bbox 1013 3337 1246 3406; x_wconf 76' lang='lat' dir='ltr'><strong>Necesse</strong></span> <span class='ocrx_word' id='word_1_472' title='bbox 1276 3329 1494 3409; x_wconf 32' lang='lat' dir='ltr'><strong>est,&#39;ut‘</strong></span> <span class='ocrx_word' id='word_1_473' title='bbox 1518 3329 1740 3414; x_wconf 73' lang='lat' dir='ltr'><strong>veniant</strong></span> <span class='ocrx_word' id='word_1_474' title='bbox 1762 3335 2046 3405; x_wconf 41' lang='lat' dir='ltr'><strong>scandalaz&#39;</strong></span> 
     </span>
    </p>
   </div>
   <div class='ocr_carea' id='block_1_63' title="bbox 454 3415 2048 3504">
    <p class='ocr_par' dir='ltr' id='par_1_63' title="bbox 454 3415 2048 3504">
     <span class='ocr_line' id='line_1_63' title="bbox 454 3415 2048 3504; baseline 0.003 -20"><span class='ocrx_word' id='word_1_475' title='bbox 454 3449 476 3484; x_wconf 75' lang='grc' dir='ltr'><strong>ε</strong></span> <span class='ocrx_word' id='word_1_476' title='bbox 518 3447 600 3486; x_wconf 78' lang='lat' dir='ltr'><strong>va:</strong></span> <span class='ocrx_word' id='word_1_477' title='bbox 627 3415 810 3486; x_wconf 77' lang='lat' dir='ltr'><strong>autem</strong></span> <span class='ocrx_word' id='word_1_478' title='bbox 843 3432 1052 3486; x_wconf 90' lang='lat' dir='ltr'><strong>homini</strong></span> <span class='ocrx_word' id='word_1_479' title='bbox 1076 3431 1186 3500; x_wconf 91' lang='lat' dir='ltr'><strong>illi,</strong></span> <span class='ocrx_word' id='word_1_480' title='bbox 1220 3446 1319 3504; x_wconf 90' lang='lat' dir='ltr'><strong>per</strong></span> <span class='ocrx_word' id='word_1_481' title='bbox 1339 3448 1502 3504; x_wconf 88' lang='lat' dir='ltr'><strong>quem</strong></span> <span class='ocrx_word' id='word_1_482' title='bbox 1541 3433 1862 3488; x_wconf 87' lang='lat' dir='ltr'><strong>scandalum</strong></span> <span class='ocrx_word' id='word_1_483' title='bbox 1895 3428 2048 3488; x_wconf 79' lang='lat' dir='ltr'><strong>venit</strong></span> 
     </span>
    </p>
   </div>
   <div class='ocr_carea' id='block_1_64' title="bbox 455 3523 2046 3597">
    <p class='ocr_par' dir='ltr' id='par_1_64' title="bbox 455 3523 2046 3597">
     <span class='ocr_line' id='line_1_64' title="bbox 455 3523 2046 3597; baseline 0.004 -21"><span class='ocrx_word' id='word_1_484' title='bbox 455 3523 687 3597; x_wconf 69' lang='lat' dir='ltr'><strong>«(Mat/1.</strong></span> <span class='ocrx_word' id='word_1_485' title='bbox 723 3525 934 3595; x_wconf 71' lang='lat' dir='ltr'><strong>xvm).i</strong></span> <span class='ocrx_word' id='word_1_486' title='bbox 967 3523 1034 3579; x_wconf 85' lang='lat' dir='ltr'><strong>Et</strong></span> <span class='ocrx_word' id='word_1_487' title='bbox 1052 3526 1272 3592; x_wconf 89' lang='lat' dir='ltr'><strong>iterum,</strong></span> <span class='ocrx_word' id='word_1_488' title='bbox 1305 3525 1374 3580; x_wconf 91' lang='lat' dir='ltr'><strong>ad</strong></span> <span class='ocrx_word' id='word_1_489' title='bbox 1408 3525 1805 3581; x_wconf 88' lang='lat' dir='ltr'><strong>ostendendum</strong></span> <span class='ocrx_word' id='word_1_490' title='bbox 1838 3537 2046 3584; x_wconf 57' lang='lat' dir='ltr'><strong>nostra;</strong></span> 
     </span>
    </p>
   </div>
   <div class='ocr_carea' id='block_1_65' title="bbox 448 3616 2042 3702">
    <p class='ocr_par' dir='ltr' id='par_1_65' title="bbox 448 3616 2042 3702">
     <span class='ocr_line' id='line_1_65' title="bbox 448 3616 2042 3702; baseline 0.004 -33"><span class='ocrx_word' id='word_1_491' title='bbox 448 3616 730 3686; x_wconf 89' lang='lat' dir='ltr'><strong>qualitatis</strong></span> <span class='ocrx_word' id='word_1_492' title='bbox 754 3618 1002 3685; x_wconf 89' lang='lat' dir='ltr'><strong>modum,</strong></span> <span class='ocrx_word' id='word_1_493' title='bbox 1033 3617 1351 3702; x_wconf 47' lang='lat' dir='ltr'><strong>qualiteqad</strong></span> <span class='ocrx_word' id='word_1_494' title='bbox 1379 3618 1645 3698; x_wconf 31' lang='lat' dir='ltr'><strong>inimicos.</strong></span> <span class='ocrx_word' id='word_1_495' title='bbox 1659 3627 1879 3702; x_wconf 75' lang='lat' dir='ltr'><strong>nostros</strong></span> <span class='ocrx_word' id='word_1_496' title='bbox 1907 3635 2042 3675; x_wconf 82' lang='lat' dir='ltr'><strong>con-</strong></span> 
     </span>
    </p>
   </div>
   <div class='ocr_carea' id='block_1_66' title="bbox 445 3693 2050 3788">
    <p class='ocr_par' dir='ltr' id='par_1_66' title="bbox 445 3693 2050 3788">
     <span class='ocr_line' id='line_1_66' title="bbox 445 3693 2050 3788; baseline 0.002 -25"><span class='ocrx_word' id='word_1_497' title='bbox 445 3709 656 3765; x_wconf 89' lang='lat' dir='ltr'><strong>versari</strong></span> <span class='ocrx_word' id='word_1_498' title='bbox 679 3693 1368 3779; x_wconf 44' lang='lat' dir='ltr'><strong>debea&#39;m&#39;us,‘subjunctum</strong></span> <span class='ocrx_word' id='word_1_499' title='bbox 1385 3718 1507 3770; x_wconf 78' lang='lat' dir='ltr'><strong>est:</strong></span> <span class='ocrx_word' id='word_1_500' title='bbox 1535 3693 1867 3788; x_wconf 28' lang='lat' dir='ltr'><strong>«&#39;E‘ece,&#39;eg0&#39;</strong></span> <span class='ocrx_word' id='word_1_501' title='bbox 1885 3707 2050 3766; x_wconf 86' lang='lat' dir='ltr'><strong>mitto-</strong></span> 
     </span>
    </p>
   </div>
   <div class='ocr_carea' id='block_1_67' title="bbox 455 3799 2041 3872">
    <p class='ocr_par' dir='ltr' id='par_1_67' title="bbox 455 3799 2041 3872">
     <span class='ocr_line' id='line_1_67' title="bbox 455 3799 2041 3872; baseline 0.004 -21"><span class='ocrx_word' id='word_1_502' title='bbox 455 3818 474 3851; x_wconf 71' lang='grc' dir='ltr'>ι</span> <span class='ocrx_word' id='word_1_503' title='bbox 496 3814 596 3854; x_wconf 90' lang='lat' dir='ltr'><strong>vos</strong></span> <span class='ocrx_word' id='word_1_504' title='bbox 624 3800 768 3854; x_wconf 86' lang='lat' dir='ltr'><strong>sicut</strong></span> <span class='ocrx_word' id='word_1_505' title='bbox 787 3814 958 3871; x_wconf 88' lang='lat' dir='ltr'><strong>agnos</strong></span> <span class='ocrx_word' id='word_1_506' title='bbox 988 3801 1130 3854; x_wconf 91' lang='lat' dir='ltr'><strong>inter</strong></span> <span class='ocrx_word' id='word_1_507' title='bbox 1157 3801 1337 3872; x_wconf 90' lang='lat' dir='ltr'><strong>lupos.</strong></span> <span class='ocrx_word' id='word_1_508' title='bbox 1371 3799 1560 3856; x_wconf 85' lang='lat' dir='ltr'><strong>Estotc</strong></span> <span class='ocrx_word' id='word_1_509' title='bbox 1593 3815 1723 3872; x_wconf 87' lang='lat' dir='ltr'><strong>ergo</strong></span> <span class='ocrx_word' id='word_1_510' title='bbox 1749 3801 2041 3870; x_wconf 85' lang='lat' dir='ltr'><strong>prudentes</strong></span> 
     </span>
    </p>
   </div>
   <div class='ocr_carea' id='block_1_68' title="bbox 455 3891 2036 3963">
    <p class='ocr_par' dir='ltr' id='par_1_68' title="bbox 455 3891 2036 3963">
     <span class='ocr_line' id='line_1_68' title="bbox 455 3891 2036 3963; baseline 0.002 -20"><span class='ocrx_word' id='word_1_511' title='bbox 455 3911 473 3943; x_wconf 78' lang='grc' dir='ltr'>ι</span> <span class='ocrx_word' id='word_1_512' title='bbox 500 3892 642 3947; x_wconf 90' lang='lat' dir='ltr'><strong>sicut</strong></span> <span class='ocrx_word' id='word_1_513' title='bbox 667 3900 979 3962; x_wconf 82' lang='lat' dir='ltr'><strong>serpentes,</strong></span> <span class='ocrx_word' id='word_1_514' title='bbox 1009 3900 1064 3947; x_wconf 91' lang='lat' dir='ltr'><strong>et</strong></span> <span class='ocrx_word' id='word_1_515' title='bbox 1091 3892 1368 3962; x_wconf 70' lang='lat' dir='ltr'><strong>simplices</strong></span> <span class='ocrx_word' id='word_1_516' title='bbox 1410 3891 1553 3947; x_wconf 90' lang='lat' dir='ltr'><strong>sicut</strong></span> <span class='ocrx_word' id='word_1_517' title='bbox 1580 3892 1848 3948; x_wconf 76' lang='lat' dir='ltr'><strong>columba:</strong></span> <span class='ocrx_word' id='word_1_518' title='bbox 1885 3891 2036 3963; x_wconf 83' lang='lat' dir='ltr'><strong>(Luc.</strong></span> 
     </span>
    </p>
   </div>
   <div class='ocr_carea' id='block_1_69' title="bbox 457 3978 2045 4066">
    <p class='ocr_par' dir='ltr' id='par_1_69' title="bbox 457 3978 2045 4066">
     <span class='ocr_line' id='line_1_69' title="bbox 457 3978 2045 4066; baseline 0.003 -31"><span class='ocrx_word' id='word_1_519' title='bbox 457 4003 475 4035; x_wconf 75' lang='grc' dir='ltr'>ι</span> <span class='ocrx_word' id='word_1_520' title='bbox 498 3993 549 4038; x_wconf 82' lang='lat' dir='ltr'><strong>et</strong></span> <span class='ocrx_word' id='word_1_521' title='bbox 579 3983 773 4038; x_wconf 80' lang='lat' dir='ltr'><strong>Matth.</strong></span> <span class='ocrx_word' id='word_1_522' title='bbox 791 3978 900 4060; x_wconf 71' lang='lat' dir='ltr'><strong>x)._i</strong></span> <span class='ocrx_word' id='word_1_523' title='bbox 917 3981 1073 4056; x_wconf 84' lang='lat' dir='ltr'><strong>Nunc</strong></span> <span class='ocrx_word' id='word_1_524' title='bbox 1095 3981 1385 4057; x_wconf 74' lang='lat' dir='ltr'><strong>vero,lieet</strong></span> <span class='ocrx_word' id='word_1_525' title='bbox 1403 3981 1723 4040; x_wconf 77' lang='lat' dir='ltr'><strong>Antichristi</strong></span> <span class='ocrx_word' id='word_1_526' title='bbox 1737 3999 2045 4066; x_wconf 68' lang='lat' dir='ltr'><strong>prmcursor</strong></span> 
     </span>
    </p>
   </div>
   <div class='ocr_carea' id='block_1_70' title="bbox 447 4065 2042 4147">
    <p class='ocr_par' dir='ltr' id='par_1_70' title="bbox 447 4065 2042 4147">
     <span class='ocr_line' id='line_1_70' title="bbox 447 4065 2042 4147; baseline 0.001 -21"><span class='ocrx_word' id='word_1_527' title='bbox 447 4071 505 4127; x_wconf 91' lang='lat' dir='ltr'><strong>in</strong></span> <span class='ocrx_word' id='word_1_528' title='bbox 531 4071 831 4128; x_wconf 87' lang='lat' dir='ltr'><strong>Ecclesiam</strong></span> <span class='ocrx_word' id='word_1_529' title='bbox 855 4074 1112 4141; x_wconf 80' lang='lat' dir='ltr'><strong>surrexit,</strong></span> <span class='ocrx_word' id='word_1_530' title='bbox 1146 4089 1248 4130; x_wconf 90' lang='lat' dir='ltr'><strong>nos</strong></span> <span class='ocrx_word' id='word_1_531' title='bbox 1279 4081 1482 4140; x_wconf 87' lang='lat' dir='ltr'><strong>tamen,</strong></span> <span class='ocrx_word' id='word_1_532' title='bbox 1507 4065 1694 4147; x_wconf 77' lang='lat' dir='ltr'><strong>multis</strong></span> <span class='ocrx_word' id='word_1_533' title='bbox 1722 4091 1755 4130; x_wconf 91' lang='lat' dir='ltr'><strong>a</strong></span> <span class='ocrx_word' id='word_1_534' title='bbox 1782 4065 2042 4145; x_wconf 51' lang='lat' dir='ltr'><strong>tempori;</strong></span> 
     </span>
    </p>
   </div>
   <div class='ocr_carea' id='block_1_71' title="bbox 447 4163 2038 4238">
    <p class='ocr_par' dir='ltr' id='par_1_71' title="bbox 447 4163 2038 4238">
     <span class='ocr_line' id='line_1_71' title="bbox 447 4163 2038 4238; baseline 0.001 -18"><span class='ocrx_word' id='word_1_535' title='bbox 447 4165 552 4220; x_wconf 83' lang='lat' dir='ltr'><strong>bus</strong></span> <span class='ocrx_word' id='word_1_536' title='bbox 575 4174 687 4221; x_wconf 92' lang='lat' dir='ltr'><strong>tam</strong></span> <span class='ocrx_word' id='word_1_537' title='bbox 720 4183 752 4221; x_wconf 90' lang='lat' dir='ltr'><strong>a</strong></span> <span class='ocrx_word' id='word_1_538' title='bbox 782 4163 1021 4222; x_wconf 89' lang='lat' dir='ltr'><strong>Domino</strong></span> <span class='ocrx_word' id='word_1_539' title='bbox 1042 4182 1208 4238; x_wconf 90' lang='lat' dir='ltr'><strong>quam</strong></span> <span class='ocrx_word' id='word_1_540' title='bbox 1241 4183 1272 4222; x_wconf 90' lang='lat' dir='ltr'><strong>a</strong></span> <span class='ocrx_word' id='word_1_541' title='bbox 1326 4166 1532 4223; x_wconf 90' lang='lat' dir='ltr'><strong>sanctis</strong></span> <span class='ocrx_word' id='word_1_542' title='bbox 1553 4166 1810 4223; x_wconf 84' lang='lat' dir='ltr'><strong>Patribus</strong></span> <span class='ocrx_word' id='word_1_543' title='bbox 1836 4166 2038 4230; x_wconf 81' lang='lat' dir='ltr'><strong>edocti,</strong></span> 
     </span>
    </p>
   </div>
   <div class='ocr_carea' id='block_1_72' title="bbox 443 4247 2042 4332">
    <p class='ocr_par' dir='ltr' id='par_1_72' title="bbox 443 4247 2042 4332">
     <span class='ocr_line' id='line_1_72' title="bbox 443 4247 2042 4332; baseline 0.001 -18"><span class='ocrx_word' id='word_1_544' title='bbox 443 4259 528 4314; x_wconf 84' lang='lat' dir='ltr'><strong>sic</strong></span> <span class='ocrx_word' id='word_1_545' title='bbox 555 4261 784 4331; x_wconf 68' lang='lat' dir='ltr'><strong>gemina:</strong></span> <span class='ocrx_word' id='word_1_546' title='bbox 810 4261 1052 4316; x_wconf 67' lang='lat' dir='ltr'><strong>scientim&#39;</strong></span> <span class='ocrx_word' id='word_1_547' title='bbox 1080 4275 1306 4315; x_wconf 90' lang='lat' dir='ltr'><strong>munere</strong></span> <span class='ocrx_word' id='word_1_548' title='bbox 1337 4276 1559 4331; x_wconf 80' lang='lat' dir='ltr'><strong>gressus</strong></span> <span class='ocrx_word' id='word_1_549' title='bbox 1604 4247 1919 4316; x_wconf 80' lang='lat' dir='ltr'><strong>incedamus</strong></span> <span class='ocrx_word' id='word_1_550' title='bbox 1945 4277 2042 4332; x_wconf 89' lang='lat' dir='ltr'><strong>per</strong></span> 
     </span>
    </p>
   </div>
   <div class='ocr_carea' id='block_1_73' title="bbox 442 4345 2040 4431">
    <p class='ocr_par' dir='ltr' id='par_1_73' title="bbox 442 4345 2040 4431">
     <span class='ocr_line' id='line_1_73' title="bbox 442 4345 2040 4431; baseline 0.002 -25"><span class='ocrx_word' id='word_1_551' title='bbox 442 4345 744 4430; x_wconf 74' lang='lat' dir='ltr'><strong>pristinos,</strong></span> <span class='ocrx_word' id='word_1_552' title='bbox 799 4361 877 4420; x_wconf 92' lang='lat' dir='ltr'><strong>ut,</strong></span> <span class='ocrx_word' id='word_1_553' title='bbox 919 4349 1390 4424; x_wconf 82' lang='lat' dir='ltr'><strong>quemadmodum</strong></span> <span class='ocrx_word' id='word_1_554' title='bbox 1413 4351 1488 4423; x_wconf 93' lang='lat' dir='ltr'><strong>pii</strong></span> <span class='ocrx_word' id='word_1_555' title='bbox 1527 4350 1736 4420; x_wconf 90' lang='lat' dir='ltr'><strong>Patres,</strong></span> <span class='ocrx_word' id='word_1_556' title='bbox 1771 4351 2040 4431; x_wconf 67' lang='lat' dir='ltr'><strong>serpentis</strong></span> 
     </span>
    </p>
   </div>
   <div class='ocr_carea' id='block_1_74' title="bbox 440 4433 2042 4520">
    <p class='ocr_par' dir='ltr' id='par_1_74' title="bbox 440 4433 2042 4520">
     <span class='ocr_line' id='line_1_74' title="bbox 440 4433 2042 4520; baseline 0.001 -22"><span class='ocrx_word' id='word_1_557' title='bbox 440 4433 792 4515; x_wconf 85' lang='lat' dir='ltr'><strong>prudentiam</strong></span> <span class='ocrx_word' id='word_1_558' title='bbox 843 4443 1181 4520; x_wconf 73' lang='lat' dir='ltr'><strong>simplicitati</strong></span> <span class='ocrx_word' id='word_1_559' title='bbox 1216 4443 1814 4517; x_wconf 69' lang='lat' dir='ltr'><strong>columbtejungentes,</strong></span> <span class='ocrx_word' id='word_1_560' title='bbox 1867 4433 2042 4520; x_wconf 62' lang='lat' dir='ltr'><strong>luere-</strong></span> 
     </span>
    </p>
   </div>
   <div class='ocr_carea' id='block_1_75' title="bbox 2143 3251 3742 3322">
    <p class='ocr_par' dir='ltr' id='par_1_75' title="bbox 2143 3251 3742 3322">
     <span class='ocr_line' id='line_1_75' title="bbox 2143 3251 3742 3322; baseline -0.001 -8"><span class='ocrx_word' id='word_1_561' title='bbox 2143 3258 2330 3314; x_wconf 86' lang='lat' dir='ltr'><strong>bunali</strong></span> <span class='ocrx_word' id='word_1_562' title='bbox 2343 3254 2670 3312; x_wconf 90' lang='lat' dir='ltr'><strong>sententiam</strong></span> <span class='ocrx_word' id='word_1_563' title='bbox 2685 3252 2890 3307; x_wconf 91' lang='lat' dir='ltr'><strong>nostris</strong></span> <span class='ocrx_word' id='word_1_564' title='bbox 2901 3251 3242 3322; x_wconf 85' lang='lat' dir='ltr'><strong>negligentiis</strong></span> <span class='ocrx_word' id='word_1_565' title='bbox 3256 3251 3742 3312; x_wconf 68' lang='lat' dir='ltr'><strong>dirzeverecundia:</strong></span> 
     </span>
    </p>
   </div>
   <div class='ocr_carea' id='block_1_76' title="bbox 2143 3341 3736 3420">
    <p class='ocr_par' dir='ltr' id='par_1_76' title="bbox 2143 3341 3736 3420">
     <span class='ocr_line' id='line_1_76' title="bbox 2143 3341 3736 3420; baseline -0.001 -16"><span class='ocrx_word' id='word_1_566' title='bbox 2143 3350 2456 3420; x_wconf 82' lang='lat' dir='ltr'><strong>capiamus;</strong></span> <span class='ocrx_word' id='word_1_567' title='bbox 2481 3359 2719 3415; x_wconf 89' lang='lat' dir='ltr'><strong>quorum</strong></span> <span class='ocrx_word' id='word_1_568' title='bbox 2733 3344 3012 3398; x_wconf 84' lang='lat' dir='ltr'><strong>laboribus</strong></span> <span class='ocrx_word' id='word_1_569' title='bbox 3031 3341 3204 3397; x_wconf 82' lang='lat' dir='ltr'><strong>Judex</strong></span> <span class='ocrx_word' id='word_1_570' title='bbox 3220 3343 3468 3398; x_wconf 89' lang='lat' dir='ltr'><strong>omnium</strong></span> <span class='ocrx_word' id='word_1_571' title='bbox 3483 3345 3622 3402; x_wconf 88' lang='lat' dir='ltr'><strong>alios</strong></span> <span class='ocrx_word' id='word_1_572' title='bbox 3643 3364 3736 3403; x_wconf 81' lang='lat' dir='ltr'><strong>re-</strong></span> 
     </span>
    </p>
   </div>
   <div class='ocr_carea' id='block_1_77' title="bbox 2144 3425 3738 3514">
    <p class='ocr_par' dir='ltr' id='par_1_77' title="bbox 2144 3425 3738 3514">
     <span class='ocr_line' id='line_1_77' title="bbox 2144 3425 3738 3514; baseline 0.002 -21"><span class='ocrx_word' id='word_1_573' title='bbox 2144 3427 2432 3498; x_wconf 82' lang='lat' dir='ltr'><strong>munerare</strong></span> <span class='ocrx_word' id='word_1_574' title='bbox 2453 3427 2787 3514; x_wconf 55' lang='lat' dir='ltr'><strong>vult-(Nam.</strong></span> <span class='ocrx_word' id='word_1_575' title='bbox 2811 3425 2953 3505; x_wconf 77' lang='lat' dir='ltr'><strong>vui).</strong></span> <span class='ocrx_word' id='word_1_576' title='bbox 3022 3433 3148 3501; x_wconf 85' lang='lat' dir='ltr'><strong>Ideo</strong></span> <span class='ocrx_word' id='word_1_577' title='bbox 3168 3433 3316 3488; x_wconf 91' lang='lat' dir='ltr'><strong>enim</strong></span> <span class='ocrx_word' id='word_1_578' title='bbox 3367 3434 3567 3503; x_wconf 85' lang='lat' dir='ltr'><strong>domus</strong></span> <span class='ocrx_word' id='word_1_579' title='bbox 3613 3454 3738 3500; x_wconf 61' lang='lat' dir='ltr'><strong>sua;</strong></span> 
     </span>
    </p>
   </div>
   <div class='ocr_carea' id='block_1_78' title="bbox 2143 3518 3739 3602">
    <p class='ocr_par' dir='ltr' id='par_1_78' title="bbox 2143 3518 3739 3602">
     <span class='ocr_line' id='line_1_78' title="bbox 2143 3518 3739 3602; baseline -0.001 -16"><span class='ocrx_word' id='word_1_580' title='bbox 2143 3531 2512 3602; x_wconf 79' lang='lat' dir='ltr'><strong>Speculatores</strong></span> <span class='ocrx_word' id='word_1_581' title='bbox 2553 3543 2655 3582; x_wconf 90' lang='lat' dir='ltr'><strong>nos</strong></span> <span class='ocrx_word' id='word_1_582' title='bbox 2687 3534 2891 3582; x_wconf 70' lang='lat' dir='ltr'><strong>aeterna</strong></span> <span class='ocrx_word' id='word_1_583' title='bbox 2948 3524 3225 3595; x_wconf 85' lang='lat' dir='ltr'><strong>Sapientia</strong></span> <span class='ocrx_word' id='word_1_584' title='bbox 3256 3541 3378 3582; x_wconf 89' lang='lat' dir='ltr'><strong>esse</strong></span> <span class='ocrx_word' id='word_1_585' title='bbox 3424 3518 3622 3597; x_wconf 83' lang='lat' dir='ltr'><strong>voluit,</strong></span> <span class='ocrx_word' id='word_1_586' title='bbox 3674 3523 3739 3590; x_wconf 72' lang='lat' dir='ltr'><strong>ut</strong></span> 
     </span>
    </p>
   </div>
   <div class='ocr_carea' id='block_1_79' title="bbox 2143 3609 3733 3694">
    <p class='ocr_par' dir='ltr' id='par_1_79' title="bbox 2143 3609 3733 3694">
     <span class='ocr_line' id='line_1_79' title="bbox 2143 3609 3733 3694; baseline 0.001 -18"><span class='ocrx_word' id='word_1_587' title='bbox 2143 3623 2257 3694; x_wconf 91' lang='lat' dir='ltr'><strong>ipse</strong></span> <span class='ocrx_word' id='word_1_588' title='bbox 2271 3621 2620 3692; x_wconf 90' lang='lat' dir='ltr'><strong>postmodum</strong></span> <span class='ocrx_word' id='word_1_589' title='bbox 2655 3627 2922 3673; x_wconf 87' lang='lat' dir='ltr'><strong>venturus</strong></span> <span class='ocrx_word' id='word_1_590' title='bbox 2957 3617 3294 3674; x_wconf 88' lang='lat' dir='ltr'><strong>inhabitator</strong></span> <span class='ocrx_word' id='word_1_591' title='bbox 3313 3609 3582 3676; x_wconf 89' lang='lat' dir='ltr'><strong>mundam</strong></span> <span class='ocrx_word' id='word_1_592' title='bbox 3626 3623 3733 3678; x_wconf 93' lang='lat' dir='ltr'><strong>do-</strong></span> 
     </span>
    </p>
   </div>
   <div class='ocr_carea' id='block_1_80' title="bbox 2142 3709 3736 3788">
    <p class='ocr_par' dir='ltr' id='par_1_80' title="bbox 2142 3709 3736 3788">
     <span class='ocr_line' id='line_1_80' title="bbox 2142 3709 3736 3788; baseline 0.001 -18"><span class='ocrx_word' id='word_1_593' title='bbox 2142 3727 2294 3788; x_wconf 77' lang='lat' dir='ltr'><strong>mum</strong></span> <span class='ocrx_word' id='word_1_594' title='bbox 2329 3724 2520 3766; x_wconf 88' lang='lat' dir='ltr'><strong>nostro</strong></span> <span class='ocrx_word' id='word_1_595' title='bbox 2551 3711 2730 3766; x_wconf 90' lang='lat' dir='ltr'><strong>studio</strong></span> <span class='ocrx_word' id='word_1_596' title='bbox 2756 3710 2956 3766; x_wconf 89' lang='lat' dir='ltr'><strong>habere</strong></span> <span class='ocrx_word' id='word_1_597' title='bbox 3003 3709 3196 3782; x_wconf 88' lang='lat' dir='ltr'><strong>possit.</strong></span> <span class='ocrx_word' id='word_1_598' title='bbox 3229 3710 3310 3765; x_wconf 85' lang='lat' dir='ltr'><strong>Ad</strong></span> <span class='ocrx_word' id='word_1_599' title='bbox 3341 3713 3490 3782; x_wconf 86' lang='lat' dir='ltr'><strong>quod</strong></span> <span class='ocrx_word' id='word_1_600' title='bbox 3523 3714 3736 3772; x_wconf 87' lang='lat' dir='ltr'><strong>scilicet</strong></span> 
     </span>
    </p>
   </div>
   <div class='ocr_carea' id='block_1_81' title="bbox 2141 3790 3728 3878">
    <p class='ocr_par' dir='ltr' id='par_1_81' title="bbox 2141 3790 3728 3878">
     <span class='ocr_line' id='line_1_81' title="bbox 2141 3790 3728 3878; baseline 0.006 -22"><span class='ocrx_word' id='word_1_601' title='bbox 2141 3790 2281 3875; x_wconf 86' lang='lat' dir='ltr'><strong>opus</strong></span> <span class='ocrx_word' id='word_1_602' title='bbox 2294 3793 2576 3874; x_wconf 79' lang='lat' dir='ltr'><strong>egregium</strong></span> <span class='ocrx_word' id='word_1_603' title='bbox 2591 3803 2810 3862; x_wconf 79' lang='lat' dir='ltr'><strong>instare</strong></span> <span class='ocrx_word' id='word_1_604' title='bbox 2826 3800 3043 3856; x_wconf 91' lang='lat' dir='ltr'><strong>Domini</strong></span> <span class='ocrx_word' id='word_1_605' title='bbox 3071 3799 3395 3858; x_wconf 85' lang='lat' dir='ltr'><strong>Sacerdotes</strong></span> <span class='ocrx_word' id='word_1_606' title='bbox 3415 3806 3728 3878; x_wconf 71' lang='lat' dir='ltr'><strong>hortantur,</strong></span> 
     </span>
    </p>
   </div>
   <div class='ocr_carea' id='block_1_82' title="bbox 2141 3893 3730 3965">
    <p class='ocr_par' dir='ltr' id='par_1_82' title="bbox 2141 3893 3730 3965">
     <span class='ocr_line' id='line_1_82' title="bbox 2141 3893 3730 3965; baseline 0.002 -14"><span class='ocrx_word' id='word_1_607' title='bbox 2141 3912 2267 3951; x_wconf 92' lang='lat' dir='ltr'><strong>cum</strong></span> <span class='ocrx_word' id='word_1_608' title='bbox 2293 3896 2348 3950; x_wconf 94' lang='lat' dir='ltr'><strong>in</strong></span> <span class='ocrx_word' id='word_1_609' title='bbox 2373 3903 2588 3952; x_wconf 90' lang='lat' dir='ltr'><strong>maturo</strong></span> <span class='ocrx_word' id='word_1_610' title='bbox 2612 3903 2854 3965; x_wconf 88' lang='lat' dir='ltr'><strong>tempore</strong></span> <span class='ocrx_word' id='word_1_611' title='bbox 2881 3893 3093 3965; x_wconf 80' lang='lat' dir='ltr'><strong>legibus</strong></span> <span class='ocrx_word' id='word_1_612' title='bbox 3145 3893 3399 3962; x_wconf 88' lang='lat' dir='ltr'><strong>Domini,</strong></span> <span class='ocrx_word' id='word_1_613' title='bbox 3431 3913 3730 3964; x_wconf 87' lang='lat' dir='ltr'><strong>senescen-</strong></span> 
     </span>
    </p>
   </div>
   <div class='ocr_carea' id='block_1_83' title="bbox 2141 3979 3728 4060">
    <p class='ocr_par' dir='ltr' id='par_1_83' title="bbox 2141 3979 3728 4060">
     <span class='ocr_line' id='line_1_83' title="bbox 2141 3979 3728 4060; baseline 0.002 -16"><span class='ocrx_word' id='word_1_614' title='bbox 2141 3997 2223 4060; x_wconf 74' lang='lat' dir='ltr'><strong>tes</strong></span> <span class='ocrx_word' id='word_1_615' title='bbox 2252 3996 2378 4060; x_wconf 90' lang='lat' dir='ltr'><strong>post</strong></span> <span class='ocrx_word' id='word_1_616' title='bbox 2397 3987 2912 4058; x_wconf 83' lang='lat' dir='ltr'><strong>quinquagesimum</strong></span> <span class='ocrx_word' id='word_1_617' title='bbox 2935 4003 3163 4053; x_wconf 87' lang='lat' dir='ltr'><strong>annum,</strong></span> <span class='ocrx_word' id='word_1_618' title='bbox 3193 3979 3451 4044; x_wconf 84' lang='lat' dir='ltr'><strong>custodes</strong></span> <span class='ocrx_word' id='word_1_619' title='bbox 3469 3979 3728 4047; x_wconf 78' lang='lat' dir='ltr'><strong>vasorum</strong></span> 
     </span>
    </p>
   </div>
   <div class='ocr_carea' id='block_1_84' title="bbox 2141 4047 3727 4151">
    <p class='ocr_par' dir='ltr' id='par_1_84' title="bbox 2141 4047 3727 4151">
     <span class='ocr_line' id='line_1_84' title="bbox 2141 4047 3727 4151; baseline 0.002 -17"><span class='ocrx_word' id='word_1_620' title='bbox 2141 4047 2356 4136; x_wconf 76' lang='lat' dir='ltr'><strong>Domini</strong></span> <span class='ocrx_word' id='word_1_621' title='bbox 2374 4047 2764 4151; x_wconf 64' lang='lat' dir='ltr'><strong>prmcipiuntur</strong></span> <span class='ocrx_word' id='word_1_622' title='bbox 2787 4078 2924 4133; x_wconf 78' lang='lat' dir='ltr'><strong>ﬁeri.</strong></span> <span class='ocrx_word' id='word_1_623' title='bbox 2956 4077 3101 4134; x_wconf 88' lang='lat' dir='ltr'><strong>Vasa</strong></span> <span class='ocrx_word' id='word_1_624' title='bbox 3127 4047 3350 4150; x_wconf 87' lang='lat' dir='ltr'><strong>quippe,</strong></span> <span class='ocrx_word' id='word_1_625' title='bbox 3397 4087 3459 4135; x_wconf 92' lang='lat' dir='ltr'><strong>ut</strong></span> <span class='ocrx_word' id='word_1_626' title='bbox 3497 4079 3558 4135; x_wconf 87' lang='grc' dir='ltr'><strong>Β.</strong></span> <span class='ocrx_word' id='word_1_627' title='bbox 3589 4080 3727 4137; x_wconf 86' lang='lat' dir='ltr'><strong>Gre-</strong></span> 
     </span>
    </p>
   </div>
   <div class='ocr_carea' id='block_1_85' title="bbox 2141 4165 3732 4245">
    <p class='ocr_par' dir='ltr' id='par_1_85' title="bbox 2141 4165 3732 4245">
     <span class='ocr_line' id='line_1_85' title="bbox 2141 4165 3732 4245; baseline 0.001 -18"><span class='ocrx_word' id='word_1_628' title='bbox 2141 4172 2328 4245; x_wconf 88' lang='lat' dir='ltr'><strong>gorius</strong></span> <span class='ocrx_word' id='word_1_629' title='bbox 2373 4165 2688 4238; x_wconf 88' lang='lat' dir='ltr'><strong>ait,.nostra</strong></span> <span class='ocrx_word' id='word_1_630' title='bbox 2716 4178 2844 4226; x_wconf 88' lang='lat' dir='ltr'><strong>sunt</strong></span> <span class='ocrx_word' id='word_1_631' title='bbox 2873 4170 3061 4234; x_wconf 88' lang='lat' dir='ltr'><strong>corda,</strong></span> <span class='ocrx_word' id='word_1_632' title='bbox 3085 4171 3288 4241; x_wconf 88' lang='lat' dir='ltr'><strong>quibus</strong></span> <span class='ocrx_word' id='word_1_633' title='bbox 3327 4169 3556 4227; x_wconf 82' lang='lat' dir='ltr'><strong>ferimus</strong></span> <span class='ocrx_word' id='word_1_634' title='bbox 3591 4187 3732 4228; x_wconf 81' lang='lat' dir='ltr'><strong>cun-</strong></span> 
     </span>
    </p>
   </div>
   <div class='ocr_carea' id='block_1_86' title="bbox 2141 4261 3729 4334">
    <p class='ocr_par' dir='ltr' id='par_1_86' title="bbox 2141 4261 3729 4334">
     <span class='ocr_line' id='line_1_86' title="bbox 2141 4261 3729 4334; baseline 0.001 -15"><span class='ocrx_word' id='word_1_635' title='bbox 2141 4273 2227 4320; x_wconf 88' lang='lat' dir='ltr'><strong>cta</strong></span> <span class='ocrx_word' id='word_1_636' title='bbox 2257 4279 2380 4334; x_wconf 65' lang='lat' dir='ltr'><strong>quae</strong></span> <span class='ocrx_word' id='word_1_637' title='bbox 2426 4263 2753 4334; x_wconf 82' lang='lat' dir='ltr'><strong>cogitamus.</strong></span> <span class='ocrx_word' id='word_1_638' title='bbox 2789 4262 2967 4317; x_wconf 88' lang='lat' dir='ltr'><strong>Corda</strong></span> <span class='ocrx_word' id='word_1_639' title='bbox 3001 4263 3164 4317; x_wconf 86' lang='lat' dir='ltr'><strong>etiam</strong></span> <span class='ocrx_word' id='word_1_640' title='bbox 3194 4261 3288 4316; x_wconf 89' lang='lat' dir='ltr'><strong>Dei</strong></span> <span class='ocrx_word' id='word_1_641' title='bbox 3317 4263 3427 4317; x_wconf 92' lang='lat' dir='ltr'><strong>vivi</strong></span> <span class='ocrx_word' id='word_1_642' title='bbox 3466 4263 3729 4334; x_wconf 87' lang='lat' dir='ltr'><strong>templum</strong></span> 
     </span>
    </p>
   </div>
   <div class='ocr_carea' id='block_1_87' title="bbox 2138 4339 3731 4426">
    <p class='ocr_par' dir='ltr' id='par_1_87' title="bbox 2138 4339 3731 4426">
     <span class='ocr_line' id='line_1_87' title="bbox 2138 4339 3731 4426; baseline -0.001 -15"><span class='ocrx_word' id='word_1_643' title='bbox 2138 4371 2282 4422; x_wconf 85' lang='lat' dir='ltr'><strong>esse,</strong></span> <span class='ocrx_word' id='word_1_644' title='bbox 2332 4369 2490 4410; x_wconf 87' lang='lat' dir='ltr'><strong>saera</strong></span> <span class='ocrx_word' id='word_1_645' title='bbox 2513 4339 2788 4410; x_wconf 79' lang='lat' dir='ltr'><strong>testantur</strong></span> <span class='ocrx_word' id='word_1_646' title='bbox 2810 4354 3028 4425; x_wconf 83' lang='lat' dir='ltr'><strong>eloquia</strong></span> <span class='ocrx_word' id='word_1_647' title='bbox 3052 4353 3106 4424; x_wconf 85' lang='grc'><strong>(1</strong></span> <span class='ocrx_word' id='word_1_648' title='bbox 3153 4351 3278 4410; x_wconf 88' lang='lat' dir='ltr'><strong>Cor.</strong></span> <span class='ocrx_word' id='word_1_649' title='bbox 3310 4350 3393 4425; x_wconf 70' lang='lat' dir='ltr'><strong>ut)</strong></span> <span class='ocrx_word' id='word_1_650' title='bbox 3422 4370 3580 4424; x_wconf 72' lang='lat' dir='ltr'><strong>:quae</strong></span> <span class='ocrx_word' id='word_1_651' title='bbox 3605 4357 3731 4426; x_wconf 86' lang='lat' dir='ltr'><strong>qui-</strong></span> 
     </span>
    </p>
   </div>
   <div class='ocr_carea' id='block_1_88' title="bbox 2139 4445 3726 4518">
    <p class='ocr_par' dir='ltr' id='par_1_88' title="bbox 2139 4445 3726 4518">
     <span class='ocr_line' id='line_1_88' title="bbox 2139 4445 3726 4518; baseline 0.001 -18"><span class='ocrx_word' id='word_1_652' title='bbox 2139 4445 2262 4500; x_wconf 90' lang='lat' dir='ltr'><strong>dem</strong></span> <span class='ocrx_word' id='word_1_653' title='bbox 2287 4454 2440 4501; x_wconf 89' lang='lat' dir='ltr'><strong>tanto</strong></span> <span class='ocrx_word' id='word_1_654' title='bbox 2464 4445 2719 4500; x_wconf 89' lang='lat' dir='ltr'><strong>mundari</strong></span> <span class='ocrx_word' id='word_1_655' title='bbox 2772 4446 3024 4501; x_wconf 89' lang='lat' dir='ltr'><strong>convenit</strong></span> <span class='ocrx_word' id='word_1_656' title='bbox 3063 4445 3376 4518; x_wconf 83' lang='lat' dir='ltr'><strong>diligentius</strong></span> <span class='ocrx_word' id='word_1_657' title='bbox 3399 4454 3454 4500; x_wconf 86' lang='lat' dir='ltr'><strong>et</strong></span> <span class='ocrx_word' id='word_1_658' title='bbox 3500 4447 3726 4516; x_wconf 87' lang='lat' dir='ltr'><strong>ornari,</strong></span> 
     </span>
    </p>
   </div>
   <div class='ocr_carea' id='block_1_89' title="bbox 444 4516 3726 4610">
    <p class='ocr_par' dir='ltr' id='par_1_89' title="bbox 444 4516 3726 4610">
     <span class='ocr_line' id='line_1_89' title="bbox 444 4516 3726 4610; baseline 0 -19"><span class='ocrx_word' id='word_1_659' title='bbox 444 4537 587 4593; x_wconf 89' lang='lat' dir='ltr'><strong>tieos</strong></span> <span class='ocrx_word' id='word_1_660' title='bbox 633 4540 946 4610; x_wconf 88' lang='lat' dir='ltr'><strong>serpentina</strong></span> <span class='ocrx_word' id='word_1_661' title='bbox 979 4516 1193 4593; x_wconf 81' lang='lat' dir='ltr'><strong>utentes</strong></span> <span class='ocrx_word' id='word_1_662' title='bbox 1241 4523 1445 4592; x_wconf 85' lang='lat' dir='ltr'><strong>astutia</strong></span> <span class='ocrx_word' id='word_1_663' title='bbox 1491 4516 1818 4608; x_wconf 81' lang='lat' dir='ltr'><strong>fugaverunt</strong></span> <span class='ocrx_word' id='word_1_664' title='bbox 1867 4516 1978 4610; x_wconf 69' lang='lat'><strong>(67)</strong></span> <span class='ocrx_word' id='word_1_665' title='bbox 2017 4555 2033 4605; x_wconf 89' lang='lat'><strong>;</strong></span> <span class='ocrx_word' id='word_1_666' title='bbox 2069 4529 2112 4582; x_wconf 82' lang='grc' dir='ltr'><strong>Ι)</strong></span> <span class='ocrx_word' id='word_1_667' title='bbox 2137 4547 2345 4609; x_wconf 89' lang='lat' dir='ltr'><strong>quanto</strong></span> <span class='ocrx_word' id='word_1_668' title='bbox 2383 4538 2601 4592; x_wconf 86' lang='lat' dir='ltr'><strong>illorum</strong></span> <span class='ocrx_word' id='word_1_669' title='bbox 2657 4529 3080 4610; x_wconf 80' lang='lat' dir='ltr'><strong>inhabitatorem</strong></span> <span class='ocrx_word' id='word_1_670' title='bbox 3123 4516 3338 4594; x_wconf 64' lang='lat' dir='ltr'><strong>caeteris</strong></span> <span class='ocrx_word' id='word_1_671' title='bbox 3382 4538 3726 4593; x_wconf 86' lang='lat' dir='ltr'><strong>mundiorem</strong></span> 
     </span>
    </p>
   </div>
   <div class='ocr_carea' id='block_1_90' title="bbox 439 4622 2042 4707">
    <p class='ocr_par' dir='ltr' id='par_1_90' title="bbox 439 4622 2042 4707">
     <span class='ocr_line' id='line_1_90' title="bbox 439 4622 2042 4707; baseline 0.001 -24"><span class='ocrx_word' id='word_1_672' title='bbox 439 4629 523 4685; x_wconf 82' lang='lat' dir='ltr'><strong>ita</strong></span> <span class='ocrx_word' id='word_1_673' title='bbox 551 4639 605 4684; x_wconf 89' lang='lat' dir='ltr'><strong>et</strong></span> <span class='ocrx_word' id='word_1_674' title='bbox 633 4645 733 4686; x_wconf 91' lang='lat' dir='ltr'><strong>nos</strong></span> <span class='ocrx_word' id='word_1_675' title='bbox 763 4622 1241 4707; x_wconf 80' lang='lat' dir='ltr'><strong>mansuetudinem</strong></span> <span class='ocrx_word' id='word_1_676' title='bbox 1267 4629 1390 4686; x_wconf 81' lang='lat' dir='ltr'><strong>felle</strong></span> <span class='ocrx_word' id='word_1_677' title='bbox 1417 4630 1657 4686; x_wconf 88' lang='lat' dir='ltr'><strong>carentis</strong></span> <span class='ocrx_word' id='word_1_678' title='bbox 1682 4629 1828 4686; x_wconf 89' lang='lat' dir='ltr'><strong>alitis</strong></span> <span class='ocrx_word' id='word_1_679' title='bbox 1857 4639 2042 4686; x_wconf 83' lang='lat' dir='ltr'><strong>tenea-</strong></span> 
     </span>
    </p>
   </div>
   <div class='ocr_carea' id='block_1_91' title="bbox 445 4722 2036 4795">
    <p class='ocr_par' dir='ltr' id='par_1_91' title="bbox 445 4722 2036 4795">
     <span class='ocr_line' id='line_1_91' title="bbox 445 4722 2036 4795; baseline 0 -19"><span class='ocrx_word' id='word_1_680' title='bbox 445 4739 590 4790; x_wconf 87' lang='lat' dir='ltr'><strong>mus,</strong></span> <span class='ocrx_word' id='word_1_681' title='bbox 643 4731 700 4778; x_wconf 90' lang='lat' dir='ltr'><strong>et</strong></span> <span class='ocrx_word' id='word_1_682' title='bbox 749 4725 1096 4795; x_wconf 86' lang='lat' dir='ltr'><strong>prudentiam</strong></span> <span class='ocrx_word' id='word_1_683' title='bbox 1143 4723 1418 4795; x_wconf 88' lang='lat' dir='ltr'><strong>serpentis</strong></span> <span class='ocrx_word' id='word_1_684' title='bbox 1468 4739 1578 4779; x_wconf 92' lang='lat' dir='ltr'><strong>non</strong></span> <span class='ocrx_word' id='word_1_685' title='bbox 1639 4722 2036 4794; x_wconf 88' lang='lat' dir='ltr'><strong>relinquamus.</strong></span> 
     </span>
    </p>
   </div>
   <div class='ocr_carea' id='block_1_92' title="bbox 441 4797 2040 4890">
    <p class='ocr_par' dir='ltr' id='par_1_92' title="bbox 441 4797 2040 4890">
     <span class='ocr_line' id='line_1_92' title="bbox 441 4797 2040 4890; baseline 0.002 -25"><span class='ocrx_word' id='word_1_686' title='bbox 441 4809 748 4884; x_wconf 78' lang='lat' dir='ltr'><strong>Utramque</strong></span> <span class='ocrx_word' id='word_1_687' title='bbox 775 4799 920 4870; x_wconf 87' lang='lat' dir='ltr'><strong>enim</strong></span> <span class='ocrx_word' id='word_1_688' title='bbox 968 4798 1152 4890; x_wconf 80' lang='lat' dir='ltr'><strong>mente</strong></span> <span class='ocrx_word' id='word_1_689' title='bbox 1181 4821 1396 4885; x_wconf 88' lang='lat' dir='ltr'><strong>gestare</strong></span> <span class='ocrx_word' id='word_1_690' title='bbox 1447 4808 1558 4867; x_wconf 89' lang='lat' dir='ltr'><strong>non</strong></span> <span class='ocrx_word' id='word_1_691' title='bbox 1597 4797 1680 4868; x_wconf 81' lang='lat' dir='ltr'><strong>est</strong></span> <span class='ocrx_word' id='word_1_692' title='bbox 1697 4813 1914 4879; x_wconf 88' lang='lat' dir='ltr'><strong>vitium,</strong></span> <span class='ocrx_word' id='word_1_693' title='bbox 1945 4813 2040 4868; x_wconf 85' lang='lat' dir='ltr'><strong>sed</strong></span> 
     </span>
    </p>
   </div>
   <div class='ocr_carea' id='block_1_93' title="bbox 443 4891 2040 4983">
    <p class='ocr_par' dir='ltr' id='par_1_93' title="bbox 443 4891 2040 4983">
     <span class='ocr_line' id='line_1_93' title="bbox 443 4891 2040 4983; baseline 0.001 -27"><span class='ocrx_word' id='word_1_694' title='bbox 443 4901 623 4974; x_wconf 65' lang='lat' dir='ltr'><strong>digna:</strong></span> <span class='ocrx_word' id='word_1_695' title='bbox 648 4905 999 4961; x_wconf 88' lang='lat' dir='ltr'><strong>discretionis</strong></span> <span class='ocrx_word' id='word_1_696' title='bbox 1023 4891 1310 4962; x_wconf 88' lang='lat' dir='ltr'><strong>arcanum.</strong></span> <span class='ocrx_word' id='word_1_697' title='bbox 1334 4902 1456 4983; x_wconf 67' lang='lat' dir='ltr'><strong>Non</strong></span> <span class='ocrx_word' id='word_1_698' title='bbox 1473 4903 1622 4958; x_wconf 89' lang='lat' dir='ltr'><strong>enim</strong></span> <span class='ocrx_word' id='word_1_699' title='bbox 1651 4903 1890 4974; x_wconf 87' lang='lat' dir='ltr'><strong>aliquem</strong></span> <span class='ocrx_word' id='word_1_700' title='bbox 1913 4903 2040 4958; x_wconf 87' lang='lat' dir='ltr'><strong>odio</strong></span> 
     </span>
    </p>
   </div>
   <div class='ocr_carea' id='block_1_94' title="bbox 439 4994 2040 5068">
    <p class='ocr_par' dir='ltr' id='par_1_94' title="bbox 439 4994 2040 5068">
     <span class='ocr_line' id='line_1_94' title="bbox 439 4994 2040 5068; baseline 0 -19"><span class='ocrx_word' id='word_1_701' title='bbox 439 4996 705 5067; x_wconf 84' lang='lat' dir='ltr'><strong>prOsequi</strong></span> <span class='ocrx_word' id='word_1_702' title='bbox 718 4996 1002 5064; x_wconf 82' lang='lat' dir='ltr'><strong>debemus,</strong></span> <span class='ocrx_word' id='word_1_703' title='bbox 1017 4998 1134 5063; x_wconf 89' lang='lat' dir='ltr'><strong>sed,</strong></span> <span class='ocrx_word' id='word_1_704' title='bbox 1151 4997 1515 5068; x_wconf 80' lang='lat' dir='ltr'><strong>imprudentia</strong></span> <span class='ocrx_word' id='word_1_705' title='bbox 1529 4994 1847 5051; x_wconf 87' lang='lat' dir='ltr'><strong>fatuitateve</strong></span> <span class='ocrx_word' id='word_1_706' title='bbox 1866 4995 2040 5066; x_wconf 81' lang='lat' dir='ltr'><strong>legem</strong></span> 
     </span>
    </p>
   </div>
   <div class='ocr_carea' id='block_1_95' title="bbox 441 5070 2038 5162">
    <p class='ocr_par' dir='ltr' id='par_1_95' title="bbox 441 5070 2038 5162">
     <span class='ocr_line' id='line_1_95' title="bbox 441 5070 2038 5162; baseline -0.001 -22"><span class='ocrx_word' id='word_1_707' title='bbox 441 5070 670 5162; x_wconf 77' lang='lat' dir='ltr'><strong>Domini</strong></span> <span class='ocrx_word' id='word_1_708' title='bbox 702 5087 958 5162; x_wconf 43' lang='lat' dir='ltr'><strong>.volentes</strong></span> <span class='ocrx_word' id='word_1_709' title='bbox 983 5085 1301 5158; x_wconf 85' lang='lat' dir='ltr'><strong>infringere,</strong></span> <span class='ocrx_word' id='word_1_710' title='bbox 1333 5087 1686 5156; x_wconf 79' lang='lat' dir='ltr'><strong>subportare.</strong></span> <span class='ocrx_word' id='word_1_711' title='bbox 1719 5084 1862 5141; x_wconf 87' lang='lat' dir='ltr'><strong>Ecce</strong></span> <span class='ocrx_word' id='word_1_712' title='bbox 1888 5085 2038 5140; x_wconf 92' lang='lat' dir='ltr'><strong>enim</strong></span> 
     </span>
    </p>
   </div>
   <div class='ocr_carea' id='block_1_96' title="bbox 438 5151 2038 5254">
    <p class='ocr_par' dir='ltr' id='par_1_96' title="bbox 438 5151 2038 5254">
     <span class='ocr_line' id='line_1_96' title="bbox 438 5151 2038 5254; baseline 0.001 -23"><span class='ocrx_word' id='word_1_713' title='bbox 438 5151 782 5254; x_wconf 70' lang='lat' dir='ltr'><strong>acceptabile</strong></span> <span class='ocrx_word' id='word_1_714' title='bbox 847 5185 1062 5248; x_wconf 88' lang='lat' dir='ltr'><strong>tempus</strong></span> <span class='ocrx_word' id='word_1_715' title='bbox 1106 5174 1293 5254; x_wconf 80' lang='lat' dir='ltr'><strong>adest;</strong></span> <span class='ocrx_word' id='word_1_716' title='bbox 1344 5191 1474 5231; x_wconf 90' lang='lat' dir='ltr'><strong>ecce</strong></span> <span class='ocrx_word' id='word_1_717' title='bbox 1533 5175 1732 5231; x_wconf 86' lang='lat' dir='ltr'><strong>iterum</strong></span> <span class='ocrx_word' id='word_1_718' title='bbox 1760 5175 2038 5232; x_wconf 80' lang='lat' dir='ltr'><strong>‘Dominus</strong></span> 
     </span>
    </p>
   </div>
   <div class='ocr_carea' id='block_1_97' title="bbox 432 5253 2040 5352">
    <p class='ocr_par' dir='ltr' id='par_1_97' title="bbox 432 5253 2040 5352">
     <span class='ocr_line' id='line_1_97' title="bbox 432 5253 2040 5352; baseline 0.003 -28"><span class='ocrx_word' id='word_1_719' title='bbox 432 5253 802 5340; x_wconf 73' lang='lat' dir='ltr'><strong>spiritualiter</strong></span> <span class='ocrx_word' id='word_1_720' title='bbox 833 5269 974 5345; x_wconf 81' lang='lat' dir='ltr'><strong>inter</strong></span> <span class='ocrx_word' id='word_1_721' title='bbox 996 5268 1248 5325; x_wconf 90' lang='lat' dir='ltr'><strong>homines</strong></span> <span class='ocrx_word' id='word_1_722' title='bbox 1271 5253 1550 5352; x_wconf 79' lang='lat' dir='ltr'><strong>ambulat,</strong></span> <span class='ocrx_word' id='word_1_723' title='bbox 1583 5270 1849 5336; x_wconf 86' lang='lat' dir='ltr'><strong>clamans,</strong></span> <span class='ocrx_word' id='word_1_724' title='bbox 1878 5277 1934 5325; x_wconf 92' lang='lat' dir='ltr'><strong>et</strong></span> <span class='ocrx_word' id='word_1_725' title='bbox 1954 5267 2040 5329; x_wconf 78' lang='lat' dir='ltr'><strong>di.</strong></span> 
     </span>
    </p>
   </div>
   <div class='ocr_carea' id='block_1_98' title="bbox 2141 4618 3727 4707">
    <p class='ocr_par' dir='ltr' id='par_1_98' title="bbox 2141 4618 3727 4707">
     <span class='ocr_line' id='line_1_98' title="bbox 2141 4618 3727 4707; baseline -0.001 -22"><span class='ocrx_word' id='word_1_726' title='bbox 2141 4633 2264 4707; x_wconf 79' lang='lat' dir='ltr'><strong>esse</strong></span> <span class='ocrx_word' id='word_1_727' title='bbox 2287 4630 2682 4701; x_wconf 83' lang='lat' dir='ltr'><strong>dignoscimus.</strong></span> <span class='ocrx_word' id='word_1_728' title='bbox 2717 4627 2992 4700; x_wconf 87' lang='lat' dir='ltr'><strong>Scriptum</strong></span> <span class='ocrx_word' id='word_1_729' title='bbox 3022 4618 3223 4701; x_wconf 87' lang='lat' dir='ltr'><strong>quippe</strong></span> <span class='ocrx_word' id='word_1_730' title='bbox 3241 4638 3327 4686; x_wconf 91' lang='lat' dir='ltr'><strong>est</strong></span> <span class='ocrx_word' id='word_1_731' title='bbox 3357 4646 3371 4682; x_wconf 89' lang='lat'><strong>:</strong></span> <span class='ocrx_word' id='word_1_732' title='bbox 3429 4649 3448 4682; x_wconf 84' lang='grc'><em>‹</em></span> <span class='ocrx_word' id='word_1_733' title='bbox 3491 4628 3727 4684; x_wconf 80' lang='lat' dir='ltr'><strong>Mundus</strong></span> 
     </span>
    </p>
   </div>
   <div class='ocr_carea' id='block_1_99' title="bbox 2149 4713 3718 4793">
    <p class='ocr_par' dir='ltr' id='par_1_99' title="bbox 2149 4713 3718 4793">
     <span class='ocr_line' id='line_1_99' title="bbox 2149 4713 3718 4793; baseline 0.004 -19"><span class='ocrx_word' id='word_1_734' title='bbox 2149 4742 2167 4774; x_wconf 80' lang='grc' dir='ltr'>ι</span> <span class='ocrx_word' id='word_1_735' title='bbox 2197 4713 2470 4778; x_wconf 78' lang='lat' dir='ltr'><strong>habitator</strong></span> <span class='ocrx_word' id='word_1_736' title='bbox 2494 4723 2754 4787; x_wconf 75' lang='lat' dir='ltr'><strong>mundam</strong></span> <span class='ocrx_word' id='word_1_737' title='bbox 2787 4722 2985 4792; x_wconf 68' lang='lat' dir='ltr'><strong>quaerit</strong></span> <span class='ocrx_word' id='word_1_738' title='bbox 3017 4723 3243 4778; x_wconf 90' lang='lat' dir='ltr'><strong>domum</strong></span> <span class='ocrx_word' id='word_1_739' title='bbox 3288 4720 3344 4793; x_wconf 87' lang='grc' dir='ltr'><strong>(ι</strong></span> <span class='ocrx_word' id='word_1_740' title='bbox 3389 4721 3515 4778; x_wconf 84' lang='lat' dir='ltr'><strong>Car.</strong></span> <span class='ocrx_word' id='word_1_741' title='bbox 3547 4723 3660 4779; x_wconf 79' lang='lat' dir='ltr'><strong>xvi.</strong></span> <span class='ocrx_word' id='word_1_742' title='bbox 3701 4741 3718 4780; x_wconf 72' lang='grc' dir='ltr'><strong>ο</strong></span> 
     </span>
    </p>
   </div>
   <div class='ocr_carea' id='block_1_100' title="bbox 2141 4801 3717 4884">
    <p class='ocr_par' dir='ltr' id='par_1_100' title="bbox 2141 4801 3717 4884">
     <span class='ocr_line' id='line_1_100' title="bbox 2141 4801 3717 4884; baseline -0.001 -16"><span class='ocrx_word' id='word_1_743' title='bbox 2141 4813 2208 4868; x_wconf 84' lang='grc' dir='ltr'><strong>Ει</strong></span> <span class='ocrx_word' id='word_1_744' title='bbox 2223 4801 2418 4870; x_wconf 82' lang='lat' dir='ltr'><strong>iterum</strong></span> <span class='ocrx_word' id='word_1_745' title='bbox 2428 4833 2452 4868; x_wconf 81' lang='grc'>.;</span> <span class='ocrx_word' id='word_1_746' title='bbox 2475 4832 2493 4865; x_wconf 86' lang='grc'><em>‹</em></span> <span class='ocrx_word' id='word_1_747' title='bbox 2514 4813 2776 4884; x_wconf 83' lang='lat' dir='ltr'><strong>Evigilate</strong></span> <span class='ocrx_word' id='word_1_748' title='bbox 2787 4814 2944 4884; x_wconf 82' lang='lat' dir='ltr'><strong>justi,</strong></span> <span class='ocrx_word' id='word_1_749' title='bbox 2963 4823 3018 4868; x_wconf 87' lang='lat' dir='ltr'><strong>et</strong></span> <span class='ocrx_word' id='word_1_750' title='bbox 3037 4814 3206 4868; x_wconf 86' lang='lat' dir='ltr'><strong>nolite</strong></span> <span class='ocrx_word' id='word_1_751' title='bbox 3217 4829 3462 4884; x_wconf 75' lang='lat' dir='ltr'><strong>peccare.</strong></span> <span class='ocrx_word' id='word_1_752' title='bbox 3481 4804 3675 4883; x_wconf 67' lang='grc' dir='ltr'><strong>(ηερε.)</strong></span> <span class='ocrx_word' id='word_1_753' title='bbox 3698 4833 3717 4866; x_wconf 78' lang='grc' dir='ltr'><strong><em>ι</em></strong></span> 
     </span>
    </p>
   </div>
   <div class='ocr_carea' id='block_1_101' title="bbox 2141 4903 3724 4976">
    <p class='ocr_par' dir='ltr' id='par_1_101' title="bbox 2141 4903 3724 4976">
     <span class='ocr_line' id='line_1_101' title="bbox 2141 4903 3724 4976; baseline 0.001 -18"><span class='ocrx_word' id='word_1_754' title='bbox 2141 4904 2208 4960; x_wconf 87' lang='lat' dir='ltr'><strong>Et</strong></span> <span class='ocrx_word' id='word_1_755' title='bbox 2235 4906 2464 4962; x_wconf 87' lang='lat' dir='ltr'><strong>iterum:</strong></span> <span class='ocrx_word' id='word_1_756' title='bbox 2495 4925 2512 4957; x_wconf 78' lang='grc' dir='ltr'>σ</span> <span class='ocrx_word' id='word_1_757' title='bbox 2548 4904 2686 4960; x_wconf 88' lang='lat' dir='ltr'><strong>Ecce</strong></span> <span class='ocrx_word' id='word_1_758' title='bbox 2713 4913 2800 4960; x_wconf 91' lang='lat' dir='ltr'><strong>sto</strong></span> <span class='ocrx_word' id='word_1_759' title='bbox 2830 4907 2895 4961; x_wconf 89' lang='lat' dir='ltr'><strong>ad</strong></span> <span class='ocrx_word' id='word_1_760' title='bbox 2945 4903 3170 4972; x_wconf 86' lang='lat' dir='ltr'><strong>ostium,</strong></span> <span class='ocrx_word' id='word_1_761' title='bbox 3199 4915 3254 4960; x_wconf 90' lang='lat' dir='ltr'><strong>et</strong></span> <span class='ocrx_word' id='word_1_762' title='bbox 3275 4907 3455 4976; x_wconf 90' lang='lat' dir='ltr'><strong>pulso.</strong></span> <span class='ocrx_word' id='word_1_763' title='bbox 3510 4904 3567 4959; x_wconf 92' lang='lat' dir='ltr'><strong>Si</strong></span> <span class='ocrx_word' id='word_1_764' title='bbox 3598 4905 3724 4976; x_wconf 88' lang='lat' dir='ltr'><strong>quis</strong></span> 
     </span>
    </p>
   </div>
   <div class='ocr_carea' id='block_1_102' title="bbox 2147 4981 3724 5072">
    <p class='ocr_par' dir='ltr' id='par_1_102' title="bbox 2147 4981 3724 5072">
     <span class='ocr_line' id='line_1_102' title="bbox 2147 4981 3724 5072; baseline 0 -20"><span class='ocrx_word' id='word_1_765' title='bbox 2147 4981 2408 5072; x_wconf 52' lang='lat' dir='ltr'><strong>audierit</strong></span> <span class='ocrx_word' id='word_1_766' title='bbox 2425 4993 2830 5063; x_wconf 46' lang='lat' dir='ltr'><strong>vocem‘meam,</strong></span> <span class='ocrx_word' id='word_1_767' title='bbox 2863 5006 2918 5052; x_wconf 87' lang='lat' dir='ltr'><strong>et</strong></span> <span class='ocrx_word' id='word_1_768' title='bbox 2940 4997 3215 5066; x_wconf 89' lang='lat' dir='ltr'><strong>aperuerit</strong></span> <span class='ocrx_word' id='word_1_769' title='bbox 3237 4996 3396 5064; x_wconf 89' lang='lat' dir='ltr'><strong>mihi,</strong></span> <span class='ocrx_word' id='word_1_770' title='bbox 3413 4997 3631 5052; x_wconf 88' lang='lat' dir='ltr'><strong>intrabo</strong></span> <span class='ocrx_word' id='word_1_771' title='bbox 3655 4996 3724 5052; x_wconf 89' lang='lat' dir='ltr'><strong>ad</strong></span> 
     </span>
    </p>
   </div>
   <div class='ocr_carea' id='block_1_103' title="bbox 2147 5088 3716 5164">
    <p class='ocr_par' dir='ltr' id='par_1_103' title="bbox 2147 5088 3716 5164">
     <span class='ocr_line' id='line_1_103' title="bbox 2147 5088 3716 5164; baseline 0.001 -22"><span class='ocrx_word' id='word_1_772' title='bbox 2147 5089 2348 5164; x_wconf 69' lang='lat' dir='ltr'><strong>«illum,</strong></span> <span class='ocrx_word' id='word_1_773' title='bbox 2367 5097 2420 5144; x_wconf 90' lang='lat' dir='ltr'><strong>et</strong></span> <span class='ocrx_word' id='word_1_774' title='bbox 2436 5089 2666 5143; x_wconf 75' lang='lat' dir='ltr'><strong>cmnaho</strong></span> <span class='ocrx_word' id='word_1_775' title='bbox 2681 5105 2806 5142; x_wconf 89' lang='lat' dir='ltr'><strong>cum</strong></span> <span class='ocrx_word' id='word_1_776' title='bbox 2820 5089 2935 5153; x_wconf 88' lang='lat' dir='ltr'><strong>illo,</strong></span> <span class='ocrx_word' id='word_1_777' title='bbox 2952 5097 3008 5142; x_wconf 79' lang='lat' dir='ltr'><strong>et</strong></span> <span class='ocrx_word' id='word_1_778' title='bbox 3019 5089 3134 5158; x_wconf 86' lang='lat' dir='ltr'><strong>ipse</strong></span> <span class='ocrx_word' id='word_1_779' title='bbox 3145 5104 3358 5144; x_wconf 87' lang='lat' dir='ltr'><strong>mecum</strong></span> <span class='ocrx_word' id='word_1_780' title='bbox 3375 5088 3562 5160; x_wconf 80' lang='lat' dir='ltr'><strong>(Apoc.</strong></span> <span class='ocrx_word' id='word_1_781' title='bbox 3579 5091 3682 5158; x_wconf 80' lang='lat' dir='ltr'><strong>Ill).</strong></span> <span class='ocrx_word' id='word_1_782' title='bbox 3698 5107 3716 5143; x_wconf 74' lang='grc' dir='ltr'><strong>ι</strong></span> 
     </span>
    </p>
   </div>
   <div class='ocr_carea' id='block_1_104' title="bbox 2139 5179 3722 5251">
    <p class='ocr_par' dir='ltr' id='par_1_104' title="bbox 2139 5179 3722 5251">
     <span class='ocr_line' id='line_1_104' title="bbox 2139 5179 3722 5251; baseline 0 -17"><span class='ocrx_word' id='word_1_783' title='bbox 2139 5179 2401 5238; x_wconf 80' lang='lat' dir='ltr'><strong>Videmus</strong></span> <span class='ocrx_word' id='word_1_784' title='bbox 2425 5180 2560 5251; x_wconf 85' lang='lat' dir='ltr'><strong>jam,</strong></span> <span class='ocrx_word' id='word_1_785' title='bbox 2587 5179 2828 5246; x_wconf 79' lang='lat' dir='ltr'><strong>Fratres,</strong></span> <span class='ocrx_word' id='word_1_786' title='bbox 2851 5181 2898 5235; x_wconf 90' lang='lat' dir='ltr'><strong>si</strong></span> <span class='ocrx_word' id='word_1_787' title='bbox 2925 5180 3093 5234; x_wconf 88' lang='lat' dir='ltr'><strong>corda</strong></span> <span class='ocrx_word' id='word_1_788' title='bbox 3153 5188 3342 5235; x_wconf 86' lang='lat' dir='ltr'><strong>nostra</strong></span> <span class='ocrx_word' id='word_1_789' title='bbox 3379 5181 3598 5251; x_wconf 80' lang='lat' dir='ltr'><strong>exigere</strong></span> <span class='ocrx_word' id='word_1_790' title='bbox 3628 5193 3722 5234; x_wconf 90' lang='lat' dir='ltr'><strong>co-</strong></span> 
     </span>
    </p>
   </div>
   <div class='ocr_carea' id='block_1_105' title="bbox 2138 5270 3722 5343">
    <p class='ocr_par' dir='ltr' id='par_1_105' title="bbox 2138 5270 3722 5343">
     <span class='ocr_line' id='line_1_105' title="bbox 2138 5270 3722 5343; baseline -0.001 -16"><span class='ocrx_word' id='word_1_791' title='bbox 2138 5288 2335 5328; x_wconf 91' lang='lat' dir='ltr'><strong>nemur</strong></span> <span class='ocrx_word' id='word_1_792' title='bbox 2364 5272 2598 5340; x_wconf 84' lang='lat' dir='ltr'><strong>intente,</strong></span> <span class='ocrx_word' id='word_1_793' title='bbox 2621 5270 2916 5330; x_wconf 82' lang='lat' dir='ltr'><strong>Auctorem</strong></span> <span class='ocrx_word' id='word_1_794' title='bbox 2939 5280 3192 5328; x_wconf 86' lang='lat' dir='ltr'><strong>nostrum</strong></span> <span class='ocrx_word' id='word_1_795' title='bbox 3225 5273 3443 5343; x_wconf 88' lang='lat' dir='ltr'><strong>pulsare</strong></span> <span class='ocrx_word' id='word_1_796' title='bbox 3467 5313 3484 5339; x_wconf 95' lang='lat'><strong>,</strong></span> <span class='ocrx_word' id='word_1_797' title='bbox 3513 5285 3722 5343; x_wconf 82' lang='lat' dir='ltr'><strong>nosque</strong></span> 
     </span>
    </p>
   </div>
  </div>
