3986 5386
308 111 599 203 ηε.

209 364 274 418 75
1183 359 1715 417 PROLECOBdENA.
1741 389 1810 396 ——-
1834 358 2021 413 ACTA
2058 358 2115 413 S.
2157 359 2503 414 GREGORII.
3408 366 3477 421 74

204 471 724 539 commonefacere,
779 482 842 528 ut
890 473 1199 542 aperiamus
1229 472 1327 539 illi,
1378 482 1435 526 et
1478 471 1801 526 claudamus
1829 472 1875 527 Α
1900 469 2338 535 commonuistis,
2383 486 2529 525 nunc
2557 486 2684 525 vero
2709 470 3062 529 (autemtam
3087 474 3483 532 conscientiam

202 564 402 618 ostium
424 563 696 630 diabolo;
739 574 795 619 et
839 564 958 633 ejus
984 564 1310 619 satellitibus
1358 572 1417 617 et
1441 561 1800 631 complicibus

202 668 297 725 pro
318 653 545 708 viribus
567 656 894 710 resistamus
914 697 933 720 ,
965 655 1020 708 in
1070 663 1320 724 promptu
1370 653 1631 709 habentes
1666 650 1801 706 ulei-

203 746 297 809 sci,
320 746 645 800 secundum
681 746 1005 816 Apostolum
1044 744 1133 815 (Il
1186 744 1312 801 Cor.
1340 744 1420 815 x),
1454 760 1679 800 omnem
1715 745 1804 800 in-

200 835 605 891 obedientiam.
617 836 807 907 Neque
828 838 1137 892 timendum
1152 845 1257 902 est,
1266 837 1483 891 etiamsi
1510 837 1804 906 pravalere

201 928 411 996 possint
442 928 755 983 adversum
786 944 889 983 nos
915 950 928 982 :
951 929 1217 999 quoniam
1264 929 1388 983 ideo
1426 927 1536 982 illis
1560 935 1804 997 potestas

199 1033 233 1071 a
254 1016 405 1085 justo
427 1018 687 1072 traditur
703 1018 893 1074 iudice
914 1062 930 1086 ,
961 1029 1025 1074 ut
1052 1019 1191 1075 ﬁant
1209 1028 1414 1074 nostra
1466 1018 1805 1088 probationis

196 1109 453 1164 caminus
470 1150 496 1175 ,
561 1111 678 1164 cito
696 1111 758 1163 in
778 1110 1020 1166 cinerem
1039 1119 1095 1165 et
1114 1110 1330 1165 favillas
1351 1110 1762 1165 consumendus
1784 1150 1801 1175 ,

200 1213 406 1269 nosque
430 1216 579 1254 vasa
602 1202 885 1270 extdorata
906 1210 1174 1272 perpetuo
1196 1202 1253 1255 in
1276 1200 1496 1254 Domini
1545 1200 1803 1256 ministe-

203 1291 342 1344 rium
365 1294 745 1347 assumenda.
783 1290 1082 1363 Speramus
1103 1308 1237 1349 sane
1260 1334 1277 1359 ,
1313 1307 1419 1347 nec
1447 1291 1765 1348 dubitamus
1787 1334 1804 1361 ,

200 1382 345 1450 quod
372 1383 539 1436 nulla
578 1384 885 1449 tribulatio,
910 1385 1243 1454 persecutio,
1268 1383 1548 1454 gladinsve
1572 1423 1591 1450 ,
1608 1384 1806 1438 vincu-

205 1474 270 1537 la,
296 1487 590 1540 carceres,
618 1474 834 1541 exsilia,
856 1475 1137 1542 instantia,
1173 1475 1381 1542 futura,
1410 1482 1665 1546 poterunt
1704 1489 1809 1530 nos

205 1580 460 1632 separare
491 1581 530 1619 a
564 1566 821 1633 caritate,
865 1582 991 1636 qua:
1022 1575 1110 1622 est
1156 1567 1217 1622 in
1268 1566 1493 1621 Christo
1545 1565 1701 1631 Jesu,
1753 1576 1809 1621 et

202 1656 407 1710 sanctis
440 1656 576 1725 ejus
606 1657 840 1727 legibus.
876 1656 1175 1713 Meliusest
1198 1658 1347 1713 enim
1380 1658 1523 1711 mori
1546 1672 1647 1727 pro
1681 1657 1811 1727 legi-

1900 574 1960 614 se
1990 558 2249 614 habuisse
2273 570 2593 630 cognoscat.

1972 648 2062 702 63.
2093 647 2191 705 liis
2211 658 2375 720 atque
2400 650 2522 706 aliis
2541 652 2821 708 nonnullis
2845 654 3117 722 peroratis
3144 695 3161 721 ,
3208 664 3397 711 sancta
3428 666 3487 713 et

1901 753 2100 810 magna
2115 738 2369 811 Synodus
2390 741 2567 797 dixit:
2602 740 2741 810 Tua,
2760 744 3114 803 sanctissime
3145 744 3328 814 Pater,
3356 760 3487 802 cen-

1902 844 2033 885 sura
2058 871 2075 897 ,
2115 846 2277 901 quem
2308 833 2376 887 ad
2410 833 2705 903 regendum
2726 835 2903 890 nostri
2927 837 3491 907 temporissaeculum

1902 921 2085 977 divina
2118 923 2329 993 peperit
2373 924 2688 991 clementia,
2737 935 2930 982 contra
2964 926 3345 997 blasphemum
3369 967 3388 996 ,
3409 928 3492 989 in-

1902 1028 2176 1081 vasorem,
2208 1022 2502 1085 tyrannum
2524 1057 2540 1084 ,
2566 1016 2901 1072 desertorem
2926 1060 2940 1084 ,
2964 1017 3129 1072 talem
3158 1018 3487 1083 sententiam

1904 1103 2169 1174 proferat,
2223 1123 2347 1177 quae
2387 1107 2536 1167 hunc
2591 1116 2843 1164 conterat
2866 1150 2881 1174 ,
2922 1117 2978 1164 et
3023 1108 3228 1167 futuris
3271 1110 3492 1166 seculis

1905 1199 2358 1266 transgressionis
2404 1199 2676 1255 cautelam
2701 1200 2966 1257 conferat.
3007 1200 3242 1271 Dignum
3288 1202 3490 1271 quippe

1905 1296 1991 1342 est
2013 1287 2189 1357 jussis
2217 1290 2335 1349 tuis
2362 1291 2584 1346 obedire
2607 1300 2663 1348 et
2683 1292 3084 1362 obsecundare,
3101 1301 3481 1364 utpossumus

1906 1392 2085 1448 neque
2116 1378 2296 1436 facere
2347 1382 2604 1452 cupimus
2645 1383 2861 1441 animas
2878 1392 3100 1440 nostras
3123 1383 3490 1455 pretiosiores

1907 1469 2378 1527 nobis-Libenter
2408 1473 2578 1540 enim,
2610 1473 2658 1529 si
2684 1490 2911 1530 necesse
2931 1483 3054 1541 est,
3091 1482 3326 1530 mortem
3372 1488 3492 1528 am-

1907 1560 2226 1630 plectemur,
2244 1572 2304 1618 ut
2337 1562 2563 1618 Patrum
2593 1573 2911 1621 nostrorum
2929 1565 3157 1636 vestigia
3184 1564 3494 1634 relinquere

1908 1652 2332 1710 nonvideamur.
2361 1654 2476 1709 Cur
2493 1655 2642 1710 enim
2684 1672 2795 1712 non
2824 1657 3019 1713 demus
3050 1671 3151 1728 pro
3191 1655 3289 1710 Dei
3316 1655 3493 1710 nostri

208 1744 306 1799 lius
350 1744 610 1814 Domini,
644 1762 812 1817 quam
837 1748 1153 1803 earumdem
1196 1749 1617 1819 persuasoribus
1635 1756 1692 1802 et
1709 1749 1808 1805 de-
1840 1814 1873 1819 _
1910 1744 2118 1800 sanctis
2141 1745 2352 1815 legibus
2372 1747 2528 1814 illud,
2554 1748 2703 1817 quod
2723 1763 2756 1802 a
2776 1748 3088 1804 nolentibus
3116 1747 3277 1807 nobis
3303 1745 3492 1801 aufer-

207 1838 585 1893 structoribns
608 1814 760 1909 terga
790 1840 1051 1895 vertendo
1078 1814 1334 1895 Ecclnsiai
1355 1840 1499 1910 (jura
1519 1840 1804 1909 prodere):
1840 1814 1882 1871 Β
1908 1814 2311 1892 tur?Gladium
2343 1852 2554 1904 exerce,
2572 1814 2852 1907 judicium
2897 1854 3091 1895 exerce
3123 1856 3138 1893 :
3168 1846 3231 1894 ut
3280 1837 3495 1893 lzetetur

207 1926 471 1994 quoniam
504 1944 623 1983 non
647 1930 872 1985 obviare
900 1929 1121 1997 talibus,
1147 1929 1357 1986 Christi
1389 1930 1705 2001 planissime
1724 1939 1809 1987 est

210 2015 366 2072 ﬁdem
396 2033 636 2089 negare.
1214 2062 1219 2067 -
1400 2028 1409 2035 ’

271 2107 363 2163 ﬁl.
398 2107 676 2166 Videmus
700 2112 1010 2181 pmoculis
1044 2120 1101 2167 et
1134 2112 1389 2168 manibus
1422 2112 1638 2183 signum
1661 2112 1809 2167 anti-

210 2198 303 2268 qui
348 2201 672 2271 serpentis;
719 2204 870 2273 quod
907 2204 1258 2274 omnipotens
1303 2203 1449 2259 Deus
1497 2204 1621 2259 ideo
1654 2203 1811 2260 vobis

206 2290 469 2359 ostendit,
491 2299 768 2348 nteautos
794 2294 1171 2367 sollicitusque
1193 2296 1461 2363 redderet,
1482 2304 1539 2351 et
1561 2295 1692 2366 quid
1711 2312 1810 2351 su-

214 2380 508 2448 perﬁlium
540 2385 833 2452 WE,
864 2386 1214 2442 extollentem
1258 2402 1318 2442 se
1361 2387 1629 2443 adversus
1667 2387 1811 2442 hanc

210 2479 463 2527 sanctam
509 2472 822 2531 Ecclesium
871 2476 1212 2533 Catholicam
1268 2477 1450 2534 facere
1513 2479 1812 2534 debeamus

218 2562 547 2620 insinuaret.
588 2566 1047 2639 Sangtaquippe
1079 2568 1363 2640 Scriptura
1387 2612 1403 2636 ,
1429 2568 1616 2625 Fidem
1643 2610 1660 2635 ,
1685 2586 1813 2625 san-

218 2661 423 2725 ctaque
438 2656 709 2713 Ecclesia:
745 2658 979 2729 ﬁguram
1021 2660 1114 2715 ovi
1165 2664 1391 2715 nomine
1431 2661 1712 2732 designat;
1754 2660 1812 2716 in

220 2756 323 2814 qua
345 2747 577 2816 quidem
604 2750 782 2805 malos
815 2765 943 2805 cum
975 2750 1137 2807 bonis
1164 2751 1456 2821 permistos
1491 2766 1615 2808 esse
1638 2766 1814 2822 usque

223 2835 289 2891 ad
334 2839 541 2895 mundi
574 2841 875 2896 terminum
921 2841 1108 2899 nullus
1139 2842 1382 2899 ﬁdelium
1418 2843 1650 2898 dubitat.
1707 2841 1814 2899 Sed

219 2924 343 2985 licet
362 2927 661 2987 fraudibus
696 2931 1219 3003 deceptionibusque
1262 2933 1579 3003 aliquandiu
1610 2948 1673 2989 se
1714 2948 1812 2989 σεε-

224 3018 398 3075 colere
426 3022 737 3089 studeant,
770 3037 884 3079 non
909 3037 1126 3093 semper
1151 3024 1323 3079 latere
1350 3062 1365 3090 ,
1392 3024 1629 3079 Domino
1655 3038 1813 3079 reve-

1906 1926 2134 1995 quilibet
2148 1926 2353 1996 justus,
2383 1943 2510 1983 cum
2546 1929 2741 1984 viderit
2771 1931 3067 1986 vindictam
3087 1971 3101 1997 ,
3137 1944 3338 1985 manus
3361 1943 3493 1984 suas

1907 2015 2048 2072 lavet
2085 2018 2142 2072 in
2172 2018 2437 2089 sanguine
2465 2021 2785 2089 peccatoris.
2819 2020 3060 2078 Tandem
3091 2021 3352 2077 omnibus
3396 2034 3494 2075 ac~

1907 2108 2273 2167 clamantibus
2298 2109 2583 2165 deﬁnitum
2608 2119 2714 2177 est,
2748 2120 2810 2166 ut
2851 2113 3061 2167 honore
3085 2112 3238 2183 regio
3258 2111 3498 2181 privare-

1911 2207 2000 2254 tur
2023 2241 2040 2266 ,
2079 2208 2135 2255 et
2178 2201 2549 2257 anathematis
2587 2202 2863 2270 vinculis,
2913 2212 3023 2260 tam
3065 2204 3498 2274 pranominatns

1911 2307 2005 2347 rex
2022 2334 2036 2357 ,
2059 2306 2224 2361 quam
2255 2307 2447 2348 omnes
2466 2294 2784 2353 assentanei
2809 2295 2897 2351 sui
2943 2295 3353 2366 colligarentur.

2491 2406 2722 2461 CAPUT
2764 2407 2897 2462 Vill.

1910 2494 2023 2549 Rex
2060 2494 2321 2572 Henricus
2366 2500 2873 2572 momninnicatur.
2903 2498 3120 2555 Littera
3156 2500 3215 2555 S.
3251 2500 3497 2572 Gregorii

2086 2583 2153 2620 ea
2176 2568 2241 2631 de
2265 2584 2337 2632 re,
2363 2577 2413 2621 et
2442 2568 2666 2623 ultionis
2690 2586 2812 2624 mox
2836 2581 3031 2625 secutae
3051 2571 3313 2641 exempla.
3358 2568 3378 2572 ⁷
3480 2576 3481 2583 “

1922 2694 1927 2699 ρ
1981 2654 2070 2710 63.
2092 2656 2327 2727 Accepta
2363 2659 2548 2728 itaque
2578 2659 2796 2726 ﬁducia,
2823 2661 3082 2718 dominus
3104 2661 3271 2732 Papa,
3300 2679 3366 2718 ex
3399 2672 3494 2719 to-e

1912 2745 2023 2801 tius
2045 2746 2247 2818 Synodi
2266 2764 2538 2807 consensu
2568 2759 2623 2805 et
2641 2751 2848 2820 judicio
2873 2753 3101 2822 protulit
3127 2753 3416 2811 anathema
3439 2756 3498 2811 in

1913 2835 2060 2892 hunc
2091 2839 2338 2895 modum.
2368 2839 2533 2895 Beate
2554 2838 2714 2896 Petre
2737 2841 3129 2911 Apostolorum
3181 2843 3448 2915 Princeps
3472 2887 3490 2912 ,

1910 2928 2115 2985 inclina
2134 2972 2152 2996 ,
2172 2946 2490 3000 quaesumus
2516 2972 2533 2997 ,
2561 2931 2680 3000 pias
2704 2948 2866 2989 aures
2893 2943 3015 2989 tuas
3046 2935 3207 2990 nobis
3230 2976 3247 3001 ,
3281 2944 3338 2991 et
3368 2938 3497 2992 audi

1914 3035 2004 3076 ine
2035 3036 2254 3076 servum
2280 3031 2473 3087 tuum;
2508 3037 2671 3091 quem
2696 3023 2768 3077 ab
2795 3022 3024 3079 infantia
3048 3025 3291 3091 nutristi,
3315 3035 3371 3081 et
3395 3042 3493 3081 us-

227 3108 386 3177 laute,
414 3121 695 3182 possunt;
734 3122 818 3179 ut,
861 3128 989 3170 eum
1022 3114 1076 3168 in
1099 3122 1351 3183 apertum
1378 3113 1658 3169 venientes
1675 3113 1814 3168 emi-
1841 3147 1883 3202 ε
1915 3125 2025 3179 que
2041 3111 2111 3165 ad
2130 3112 2278 3168 hunc
2304 3112 2447 3166 diem
2474 3113 2542 3166 de
2570 3127 2738 3167 manu
2760 3113 3077 3183 iniquorum
3096 3115 3365 3202 liberasti,
3401 3119 3501 3187 qui

226 3201 417 3270 carint,
436 3205 664 3261 cunctis
687 3214 952 3275 appareat
977 3204 1131 3261 fraus
1156 3221 1281 3276 qua:
1314 3205 1539 3271 latebat,
1567 3205 1699 3260 etin
1719 3219 1814 3260 co-

222 3293 404 3362 gnitos
438 3305 638 3351 sancta
670 3295 769 3351 Dei
812 3296 1058 3353 Ecclesia
1092 3297 1320 3353 ultionis
1343 3296 1581 3368 gladium
1608 3303 1812 3351 exerat.

234 3382 341 3440 Rex
370 3388 481 3442 iste
506 3420 522 3455 ,
546 3387 711 3459 cujus
748 3387 983 3459 ﬁguram
1028 3388 1332 3445 Deusmihi
1365 3389 1728 3449 demonstrari
1760 3397 1818 3444 et

232 3479 492 3547 cognosci
528 3494 637 3548 per
658 3480 931 3548 serpentis
963 3479 1376 3537 similitudinem
1398 3480 1609 3547 voluit,
1633 3480 1817 3536 hacte-

234 3580 333 3623 nus
358 3569 588 3635 timens,
616 3569 735 3627 suis
755 3570 1003 3627 subdolis
1028 3571 1210 3627 verbis
1229 3579 1286 3626 et
1317 3570 1528 3629 nuntiis
1551 3612 1567 3638 ,
1592 3572 1742 3629 velut
1759 3571 1816 3627 in

230 3661 540 3717 tenebrosae
592 3662 775 3717 noctis
814 3658 1049 3732 caligine
1087 3663 1283 3718 latuit:
1325 3663 1423 3734 qui
1465 3663 1631 3719 modo
1669 3662 1817 3723 foras

235 3751 454 3818 saliens,
479 3752 632 3822 quod
650 3753 818 3810 corde
840 3753 1107 3823 gestabat,
1132 3753 1371 3811 ostendit
1390 3754 1727 3811 sufﬁcienter
1748 3755 1817 3810 ad

236 3842 749 3903 eundernuationem
789 3860 957 3915 quam
997 3843 1206 3915 passim
1253 3861 1350 3914 per
1395 3844 1493 3899 Dei
1546 3844 1819 3902 Ecclesias

236 3934 612 3989 commiserat.
643 3934 802 3990 Nunc
822 3951 955 3991 vero
978 3977 995 4002 ,
1028 3944 1090 3991 ut
1114 3936 1361 4004 cernitis,
1398 3944 1566 4006 caput
1598 3937 1668 3991 ad
1691 3935 1815 4001 ﬁdei

239 4036 434 4085 nostra:
474 4027 895 4085 fundamentum
938 4030 1148 4100 erigere
1174 4039 1417 4100 coeperat
1436 4071 1453 4097 ,
1497 4031 1641 4089 sicut
1677 4030 1816 4086 scri-

241 4126 382 4186 ptum
404 4127 534 4175 est:
570 4118 884 4176 Posuerunt
901 4121 959 4175 in
996 4121 1197 4179 caelum
1223 4136 1287 4176 os
1315 4137 1477 4177 suum
1501 4161 1519 4187 ,
1555 4128 1611 4175 et
1632 4120 1820 4190 lingua

238 4222 425 4265 eorum
448 4209 709 4267 transivit
728 4212 791 4266 in
818 4219 984 4266 terra.
1007 4211 1083 4269 De
1111 4227 1223 4283 quo
1248 4211 1487 4267 Joannes
1527 4210 1822 4281 Apostolus

239 4299 362 4355 dicit
377 4320 394 4355 τ
432 4321 457 4353 ς
492 4299 562 4359 Et
589 4301 776 4357 datum
797 4310 886 4358 est
904 4302 957 4358 ei
978 4318 1045 4358 os
1068 4303 1302 4373 loquens
1329 4317 1524 4373 magna
1548 4342 1564 4367 ,
1588 4308 1644 4356 et
1670 4301 1820 4356 blas-

238 4382 707 4463 phemias{(Apoc.
730 4393 876 4465 xm).
921 4413 945 4446 ιΔ
986 4393 1057 4449 Et
1094 4395 1266 4450 illud:
1304 4412 1324 4447 ι
1377 4392 1447 4447 Et
1483 4392 1658 4449 cauda
1702 4392 1823 4461 ejus

1917 3216 2005 3255 me
2024 3218 2126 3271 pro
2150 3210 2245 3256 tua
2266 3202 2521 3258 ﬁdelitate
2542 3203 2777 3258 oderunt
2802 3181 2872 3259 eti
2889 3206 3099 3261 odium.
3119 3181 3232 3263 rTu
3256 3181 3395 3265 mihi
3416 3181 3499 3264 te-

1916 3293 2016 3349 stis
2038 3308 2117 3360 es,
2141 3301 2197 3349 et
2219 3292 2449 3349 Domina
2471 3309 2590 3348 mea
2625 3302 2798 3350 mater
2835 3295 2951 3363 Dei,
2975 3305 3031 3351 et
3065 3296 3264 3354 Beatus
3290 3298 3498 3359 Paulus

1914 3382 2105 3439 Frater
2126 3393 2256 3441 tuus
2289 3385 2432 3439 inter
2476 3399 2669 3442 omnes
2720 3385 2952 3443 Sanctos
2976 3430 2991 3454 ,
3012 3389 3162 3458 quod
3186 3398 3280 3445 tua
3309 3400 3501 3449 sancta

1916 3475 2162 3532 Romana
2189 3476 2429 3533 Ecclesia
2468 3492 2556 3532 me
2602 3478 2849 3537 invitum,
2873 3480 2942 3534 ad
2988 3495 3091 3535 sua
3128 3483 3500 3552 gubernacula

1916 3570 2103 3634 traxit,
2130 3577 2185 3623 et
2203 3584 2303 3639 ego
2334 3583 2443 3623 non
2464 3568 2711 3637 rapinam
2733 3571 3033 3627 arbitratus
3055 3587 3178 3627 sum
3204 3574 3274 3628 ad
3302 3573 3499 3631 Sedem

1916 3669 2067 3715 tuam
2105 3660 2436 3725 ascendere;
2459 3659 2755 3729 potiusque
2797 3661 2947 3723 volui
2994 3662 3165 3718 vitam
3213 3679 3392 3721 meam
3441 3665 3501 3721 in

1916 3752 2353 3823 peregrinatione
2376 3751 2553 3816 ﬁnire,
2574 3766 2741 3820 quam
2779 3752 2962 3808 locum
2999 3761 3157 3809 tuum
3199 3769 3301 3823 pro
3326 3756 3501 3826 gloria

1919 3842 2132 3909 mundi,
2189 3842 2440 3898 saeculari
2480 3841 2699 3911 ingenio
2749 3843 3009 3914 arripere.
3066 3842 3135 3899 Et
3161 3844 3283 3900 ideo
3306 3861 3373 3901 ex
3406 3854 3502 3903 tua

1920 3933 2116 4005 gratia,
2134 3948 2247 3989 non
2268 3948 2335 3995 ex
2357 3932 2496 3989 meis
2524 3933 2782 4002 operibus
2798 3934 2987 4002 credo,
3014 3936 3161 4005 quod
3181 3936 3279 3993 tibi
3299 3937 3506 4007 placuit

1920 4033 1977 4081 et
1994 4026 2170 4095 placet
2198 4066 2214 4092 ,
2245 4032 2309 4081 ut
2334 4024 2571 4095 populus
2601 4024 2950 4083 Christianus
2972 4067 2989 4093 ,
3049 4027 3147 4083 tibi
3195 4028 3504 4099 specialiter

1920 4117 2271 4183 commissus,
2315 4116 2451 4171 mihi
2483 4115 2700 4171 obediat
2740 4118 3070 4186 specialiter,
3112 4134 3213 4189 pro
3252 4119 3372 4193 vice
3407 4128 3500 4177 tua

1923 4207 2060 4261 mihi
2085 4208 2381 4263 commissa
2401 4224 2419 4261 :
2468 4213 2523 4261 et
2541 4206 2678 4260 mihi
2702 4215 2799 4263 tua
2822 4208 2996 4279 gratia
3028 4217 3115 4263 est
3136 4218 3380 4280 potestas
3399 4211 3503 4270 da-

1924 4305 1978 4353 ta
2020 4313 2051 4353 a
2082 4296 2195 4353 Deo
2213 4298 2415 4369 ligandi
2433 4304 2598 4366 atque
2616 4297 2881 4365 solvendi,
2914 4300 2971 4353 in
2990 4300 3132 4355 caelo
3162 4308 3220 4354 et
3257 4304 3314 4355 in
3333 4310 3500 4361 terra.

1926 4388 2041 4445 Hac
2066 4389 2249 4460 itaque
2274 4389 2472 4445 ﬁducia
2499 4387 2696 4457 fretus,
2722 4404 2824 4460 pro
2850 4388 3107 4446 Ecclesia:
3136 4398 3242 4445 tum
3294 4392 3506 4449 honore

240 4484 557 4553 (draconis)
593 4485 812 4540 tertiam
856 4494 1068 4556 partem
1117 4486 1401 4542 stellarum
1440 4484 1610 4541 traxit
1643 4483 1826 4553 (Apoc.
1862 4490 1907 4545 ι)
1931 4490 1987 4537 et
2017 4480 2333 4538 defensione
2352 4522 2370 4548 ,
2405 4496 2474 4535 ex
2507 4489 2660 4551 parte
2709 4480 3100 4552 omnipotentis
3153 4479 3250 4536 Dei
3299 4480 3503 4549 Patris,

245 4575 346 4646 t8).
384 4598 404 4630 ι
454 4576 579 4633 Non
619 4578 855 4633 attendit
900 4578 1071 4633 miser
1110 4578 1247 4647 quid
1273 4575 1492 4632 Veritas
1532 4575 1650 4645 ipsa
1687 4574 1828 4631 dixit

243 4665 501 4740 Magistro
526 4681 721 4727 nostro
740 4680 799 4726 et
817 4669 1061 4739 Principi
1082 4668 1378 4725 Ecclesiae:
1410 4687 1429 4721 ς
1462 4665 1638 4737 Super
1662 4666 1823 4731 hanc,

243 4758 435 4830 inquit,
462 4771 675 4832 petram
698 4761 981 4818 :ediﬁcabo
1008 4759 1307 4816 Ecclesium
1335 4774 1541 4814 meam:
1578 4765 1634 4812 et
1658 4763 1828 4826 porta:

242 4850 413 4908 inferi
444 4868 559 4908 non
598 4852 973 4923 praevalebunt
995 4852 1262 4909 adversus
1286 4864 1410 4904 eam
1465 4846 1662 4918 (Molli.
1693 4862 1785 4902 xv:
1808 4887 1826 4914 ,

244 4945 415 5015 mu).
466 4965 485 4996 ι
524 4943 682 5000 Nunc
703 4944 892 5016 igitur,
931 4943 1176 5008 Fratres,
1205 4940 1463 4996 convenit
1487 4938 1726 5011 gladium
1752 4938 1831 4991 ul-

244 5033 404 5091 tionis
436 5051 664 5090 exerere
690 5077 707 5100 ,
732 5045 789 5090 et
819 5034 1103 5091 inimicum
1125 5031 1221 5085 Dei
1250 5038 1307 5087 et
1332 5029 1590 5088 Ecclesia“:
1610 5029 1833 5098 alligan-

240 5123 306 5177 do
334 5135 631 5195 percutere
654 5166 670 5191 ,
699 5134 761 5180 ut
781 5139 1110 5195 percussum
1158 5130 1324 5191 caput
1347 5162 1362 5189 ,
1396 5121 1546 5192 quod
1566 5120 1638 5174 ad
1662 5117 1829 5175 ,Fidci

240 5213 661 5281 fundamentum
720 5226 775 5272 et
835 5219 1081 5272 omnium
1131 5213 1504 5270 Ecclesiarum
1587 5218 1830 5265 erectum

1926 4582 1983 4629 et
2005 4573 2148 4640 Filii,
2177 4582 2233 4630 et
2259 4572 2497 4645 Spiritus
2518 4574 2723 4641 sancti,
2778 4589 2876 4644 per
2922 4580 3074 4629 tuam
3097 4579 3426 4642 potestatem
3450 4582 3510 4630 et

1926 4666 2328 4732 auctoritatem,
2356 4663 2590 4720 Henrico
2629 4665 2784 4736 Regi,
2810 4665 2922 4720 ﬁlio
2949 4663 3167 4719 Henrici
3202 4662 3511 4734 imperato-

1926 4757 2025 4824 ris,
2048 4758 2143 4827 qui
2182 4766 2373 4814 contra
2426 4765 2579 4812 tuam
2629 4755 2931 4812 Eeclesiam
2978 4756 3224 4812 inaudita
3250 4758 3512 4827 superbia

1927 4847 2243 4915 insurrexit,
2271 4849 2442 4905 totius
2469 4847 2641 4918 Regni
2668 4846 3095 4905 Teutonicorum
3130 4856 3186 4903 et
3209 4847 3379 4903 Italia:
3408 4865 3514 4920 gu-

1930 4938 2222 4994 bernacula
2260 4940 2601 5002 eontradico,
2633 4947 2690 4992 et
2721 4954 2915 4996 omnes
2961 4937 3309 4995 Christianos
3332 4955 3366 4995 a
3395 4940 3518 4993 vin-

1930 5031 2054 5086 culo
2078 5030 2400 5101 juramenti,
2436 5029 2583 5102 quod
2612 5030 2719 5084 sibi
2746 5028 2926 5088 fecere
2950 5031 3037 5086 vel
3073 5027 3297 5097 facient,
3331 5031 3521 5087 absol-

1929 5136 1998 5179 vo
2022 5140 2038 5188 ;
2062 5130 2137 5187 et,
2168 5128 2230 5175 ut
2252 5121 2439 5179 nuuus
2465 5121 2516 5177 ei
2575 5119 2721 5176 sicut
2754 5122 2890 5198 Regi
2953 5122 3174 5190 serviat,
3224 5120 3517 5176 interdico.

1914 5211 2163 5283 Dignum
2188 5217 2274 5264 est
2294 5213 2466 5279 enim,
2513 5217 2577 5265 ut
2603 5213 2699 5282 qui
2751 5218 2940 5273 studet
2969 5213 3235 5270 honorem
3261 5208 3523 5267 Ecclesia:
