3986 5386
486 311 556 367 15
1663 302 1740 358 ’s.
1766 298 2160 358 GREGURIUS
2200 301 2288 356 vn
2323 302 2498 358 tum
3642 272 3727 367 '76

482 440 604 481 eam
623 424 888 489 scindere,
918 421 1222 493 separando
1248 439 1261 487 ;
1291 416 1512 473 vinculo
1557 432 1684 471 cum
1735 416 2056 471 anathema-
2086 416 2132 471 Α
2158 417 2372 473 satione
2393 434 2560 488 quam
2587 419 2642 472 in
2672 416 2870 489 Regem
2889 416 3438 491 'fecimus,dunitare,
3459 431 3602 480 tete.
3631 425 3727 481 Vi-

480 519 553 573 tis
579 516 698 572 vice
721 524 810 571 tua
835 516 996 586 alligo
1030 533 1043 568 :
1076 522 1130 568 et
1156 511 1235 567 sic
1255 525 1381 565 eum
1425 524 1491 563 ex
1519 507 1714 562 ﬁducia
1739 514 1833 562 tua
1854 507 2017 577 alligo
2039 549 2054 573 ,

482 608 545 663 ut
571 608 748 664 sciant
774 598 959 678 gentes
987 614 1043 661 et
1089 598 1447 673 comprobent
1487 600 1615 671 quia
1643 608 1699 654 tu
1742 615 1803 655 es
1838 598 2053 664 Petrus,

480 709 538 757 et
565 714 731 771 super
759 708 909 754 tuam
934 705 1144 768 petram
1167 691 1462 749 Filius'Dei
1482 691 1590 746 vivi
1627 691 1911 747 aediﬁcavit
1950 690 2056 745 Ec-

482 792 705 849 clesiam
727 782 883 846 suam
908 831 923 855 ,
945 797 999 843 ct
1036 795 1207 858 portae
1243 784 1401 840 inferi
1424 799 1532 839 non
1558 783 1930 854 praevalebunt
1952 783 2054 839 ad-

480 899 675 941 versus
695 898 816 938 eam
849 880 1067 952 (Matth.
1090 878 1226 950 xvi).

489 960 515 1009 τ
552 975 642 1029 st.
670 973 801 1028 Post
821 973 938 1027 haec
970 970 1122 1027 misit
1166 970 1233 1025 ad
1260 969 1506 1025 diversos
1571 967 1865 1039 Epistolas,
1914 968 2057 1023 idem

482 1065 772 1121 anathema
785 1054 849 1118 et
870 1077 1066 1117 causas
1098 1061 1219 1130 ejus
1256 1058 1669 1114 manifestantes
1693 1101 1707 1125 ,
1729 1074 1797 1114 ex
1856 1060 2060 1130 quibus

481 1157 583 1212 has
602 1156 740 1211 duas
764 1154 1106 1224 interponere
1126 1150 1379 1224 praesenti
1413 1150 1680 1221 opusculo
1717 1151 2052 1205 curavimus.

488 1265 509 1300 ι
536 1244 833 1320 Gregorius
850 1243 1172 1314 Episcopus,
1198 1257 1388 1298 servus
1421 1256 1705 1297 servorum
1734 1241 1849 1309 Dei,
1875 1243 2057 1297 omni-

481 1339 586 1395 bus
604 1338 699 1409 qui
724 1335 953 1407 cupiunt
978 1333 1329 1389 annumerari
1366 1332 1509 1388 inter
1551 1347 1680 1389 oves
1708 1349 1847 1404 quas
1897 1331 2059 1388 Clu-i-

483 1437 602 1485 stus
629 1427 691 1482 B.
724 1426 883 1482 Petro
904 1425 1201 1492 commisit,
1239 1424 1470 1481 salutem
1500 1432 1555 1479 et
1581 1424 2058 1495 Apostolicambe—

484 1508 868 1576 nedictionem.
897 1517 1161 1583 Audistis,
1204 1516 1424 1571 Fratres
1451 1516 1759 1583 carissimi,
1783 1532 1980 1571 novam
2003 1525 2059 1571 et

486 1607 784 1666 inauditam
851 1608 1338 1680 praesumptionem
1362 1648 1378 1674 ,
1442 1607 1672 1663 audistis
1738 1608 2056 1663 sceleratam

2159 508 2224 562 de
2261 508 2400 563 inter
2417 509 2668 579 epistolas
2695 508 2752 563 S.
2780 508 3037 581 Gregorii.

2235 599 2322 655 69.
2372 599 2541 670 igitur
2592 609 2715 670 post
2747 602 3364 659 excommunicationem
3420 611 3474 661 et
3515 605 3733 677 depost-

2158 691 2360 746 tionem
2384 690 2568 763 Regis,
2592 690 2808 747 Domini
2828 701 3100 762 prateunte
3119 697 3313 765 gratia,
3338 696 3494 750 multi
3517 700 3731 756 nobiles

2157 789 2212 837 et
2234 782 2553 850 mediocres,
2586 783 2654 838 ad
2679 782 2849 838 Deum
2879 791 2994 838 toto
3018 784 3180 839 corde
3221 788 3492 855 conversi,
3526 789 3731 860 praefa-

2067 900 2071 909 -
2157 880 2274 927 tum
2300 872 2499 943 Regem
2521 874 2874 949 reliquerunt.
2896 873 3004 945 Ipsi
3032 877 3214 942 etiam,
3239 878 3333 948 qui
3354 879 3507 949 prius
3528 883 3731 951 partim

2156 964 2431 1034 regalibus
2476 963 2752 1021 blanditiis
2776 1007 2794 1033 ,
2841 967 3041 1037 partim
3102 969 3402 1025 terroribus
3452 980 3509 1026 et
3554 973 3734 1029 minis

2157 1064 2346 1113 contra
2371 1054 2737 1125 Apostolicam
2757 1055 2968 1113 oSedem
3009 1058 3447 1128 coniuraverant,
3476 1067 3730 1121 conversi

2157 1147 2527 1217 postmodum,
2576 1146 2742 1218 digno
2776 1148 2832 1202 in
2864 1146 3064 1219 Regem
3110 1150 3441 1207 anathemati
3488 1158 3735 1211 conscri-

2157 1245 2405 1308 pserunt,
2441 1237 2714 1294 mittentes
2747 1240 3017 1310 supplices
3039 1241 3108 1295 ad
3133 1240 3502 1311 Apostolicam
3526 1243 3726 1302 Sedem

2157 1330 2401 1395 nuntios,
2436 1329 2788 1399 epithcmium
2838 1330 2949 1401 (69)
2989 1331 3320 1400 pmnitentiae
3366 1337 3729 1404 postulantes.

2156 1421 2366 1488 Quibus
2391 1420 2778 1478 misericordia:
2806 1422 3125 1492 discipulus,
3159 1439 3268 1478 non
3293 1440 3543 1495 quaerens
3571 1436 3730 1482 satu-

2157 1514 2269 1570 rari
2298 1512 2475 1584 poenis
2511 1527 2749 1578 reorum,
2784 1513 3050 1584 gremium
3089 1522 3292 1569 sanctae
3320 1514 3574 1572 Ecclesia:
3605 1534 3735 1589 ape-

2156 1605 2298 1673 ruit;
2331 1613 2385 1660 et
2411 1612 2471 1659 ut
2499 1604 2555 1658 in
2590 1603 2696 1658 ﬁde
2728 1602 2945 1659 Domini
2978 1604 3365 1673 solidarentur,
3408 1592 3730 1667 consolato-

483 1700 959 1758 schismaticorum
984 1741 998 1766 ,
1027 1708 1081 1755 et
1102 1714 1299 1754 nomen
1322 1697 1536 1754 Domini
1575 1698 1631 1752 in
1656 1698 1718 1752 B.
1747 1698 1908 1754 Petro
1935 1699 2055 1754 bla-
2088 1744 2130 1769 η
2156 1700 2268 1756 rias
2301 1698 2383 1754 eis
2421 1699 2630 1753 litteras
2658 1696 2826 1751 misit.
2853 1695 3109 1752 Nonnulli
3153 1712 3280 1752 vero
3310 1697 3728 1769 Episcoporum,

482 1792 907 1864 Spbemantium,
952 1791 1321 1862 garrulitatem
1365 1798 1421 1845 et
1463 1790 1784 1845 audaciam:
1824 1790 2056 1846 audistis

482 1883 905 1954 superbiam,'ad
927 1881 1181 1952 injuriam
1203 1887 1258 1935 et
1284 1880 1669 1946 contumeliam
1691 1888 1891 1936 sancta:
1911 1879 2058 1950 Apo-

481 1974 687 2030 stolicie
715 1971 841 2028 Sedi
870 1972 1092 2038 illatam,
1116 1971 1334 2042 qualem
1362 1971 1529 2026 vestri
1553 1969 1742 2027 Patres
1779 1966 1881 2025 nec
1902 1969 2055 2026 vide-

482 2072 631 2132 runt,
661 2078 763 2119 nec
787 2063 1077 2118 audierunt
1100 2066 1360 2132 umquam
1386 2102 1401 2127 ,
1426 2075 1528 2115 nec
1546 2060 1942 2133 scripturarum
1965 2076 2056 2116 se-

480 2156 593 2212 ries
617 2154 909 2226 aliquando
931 2169 962 2208 a
991 2153 1215 2225 paganis
1254 2152 1337 2207 vel
1365 2152 1635 2208 haereticis
1684 2152 1844 2207 docet
1874 2168 2055 2208 emer-

481 2261 599 2302 sam
633 2265 647 2301 :
687 2245 846 2317 cujus
887 2245 1040 2312 mali,
1072 2245 1175 2300 etsi
1205 2243 1423 2314 aliquod
1448 2257 1730 2314 umquam,
1760 2251 1886 2313 post
1925 2242 2055 2297 fun-

479 2338 665 2394 datam
724 2345 780 2393 et
827 2345 1183 2409 propagatam
1230 2335 1389 2390 ﬁdem
1422 2332 1648 2399 Christi,
1690 2334 2057 2404 praecessisset

478 2429 789 2501 exemplum
816 2471 832 2495 ,
876 2428 1132 2483 omnibus
1188 2434 1372 2482 tamen
1430 2424 1699 2490 ﬁdelibus,
1747 2440 1865 2495 ‘pro
1897 2433 2053 2480 tanto

479 2528 794 2591 contemptu
814 2527 871 2575 ct
896 2518 1303 2576 conculcatione
1334 2516 1678 2586 Apostolicie,
1722 2515 1833 2571 imo
1857 2516 2055 2571 divinae

478 2613 839 2677 auctoritatis,
862 2611 1155 2666 dolendum
1189 2608 1331 2664 foret
1346 2614 1401 2663 et
1421 2608 1765 2678 gemendum.
1799 2607 2052 2678 Quapro-

477 2710 619 2775 pter,
663 2693 732 2758 si'
750 2702 812 2756 Β.
858 2700 1019 2757 Petro
1061 2701 1242 2756 claves
1265 2698 1417 2770 regni
1460 2699 1726 2753 caelorum
1757 2714 1789 2753 a
1820 2699 2055 2755 Domino

477 2793 593 2850 Deo
616 2801 806 2849 nostro
833 2791 964 2848 Jesu
1012 2790 1232 2846 Christo
1287 2789 1517 2844 traditas
1544 2803 1666 2845 esse
1694 2789 1923 2845 creditis
1945 2830 1961 2856 ,
1999 2796 2054 2845 et

2158 1799 2432 1863 gementes
2474 1799 2687 1845 tantum
2728 1788 2960 1855 facinus,
3009 1788 3078 1844 ad
3115 1788 3483 1860 Apostolicam
3531 1778 3732 1851 Sedens

2156 1882 2501 1939 discalceatis
2524 1881 2752 1953 pedibus
2781 1888 3066 1946 venerunt,
3096 1888 3208 1934 tam
3250 1881 3343 1935 diu
3369 1881 3500 1936 inibi
3524 1878 3730 1953 perdu-

2155 1984 2338 2032 rantes
2380 1990 2490 2045 quo
2519 1988 2693 2043 usque
2716 1971 2979 2027 Dominus
3005 1970 3149 2042 Papa
3191 1971 3576 2028 misericordia:
3598 1990 3731 2028 ma-

2154 2074 2289 2123 num
2313 2074 2369 2122 et
2392 2063 2607 2136 pietatis
2636 2064 2864 2131 viscera,
2880 2063 2985 2119 ieis
3004 2063 3371 2132 Campatiens,
3401 2060 3653 2134 aperiret.

2226 2156 2313 2211 70.
2361 2154 2570 2211 Interea
2634 2155 2898 2211 Dominus
2951 2169 3210 2224 magnum
3274 2154 3599 2210 miraculum
3671 2155 3731 2211 in

2154 2249 2318 2321 Regis
2351 2255 2405 2302 et
2435 2247 2683 2301 omnium
2730 2246 2904 2301 oculis
2929 2244 3103 2301 fecit:
3134 2260 3248 2316 quo
3290 2247 3538 2317 cognito,
3564 2247 3732 2302 multi

2152 2357 2279 2397 enm
2342 2339 2698 2408 reliquerunt.
2755 2335 2892 2391 Nam
2955 2345 3081 2407 post
3141 2338 3731 2394 excommunicationis

2151 2433 2295 2489 diem
2340 2429 2474 2502 (70),
2518 2428 2799 2484 Paschalis
2850 2428 2959 2483 diei
3008 2428 3368 2495 solemnitate,
3401 2444 3526 2485 cum
3574 2430 3732 2501 regio

2152 2529 2414 2594 apparatu
2466 2529 2522 2576 et
2563 2519 2829 2576 comitatu
2876 2520 3197 2590 pompaticas
3236 2520 3625 2587 multitudinis,
3658 2522 3743 2577 ad.

2153 2614 2472 2679 Ecclesiam,
2485 2610 2871 2667 divinitussibi
2890 2611 3152 2677 clausam,
3175 2611 3362 2666 venire
3381 2614 3727 2682 nequaquam

2152 2705 2454 2762 abhorruit.
2486 2701 2652 2758 Iussu
2682 2700 3051 2773 itaque‘Regis
3093 2702 3313 2772 quidam
3357 2702 3468 2773 (Ἠ)
3497 2701 3727 2773 Episco-

2152 2813 2275 2868 pus,
2321 2796 2369 2851 si
2416 2793 2500 2849 fas
2542 2802 2652 2860 est,
2699 2794 2811 2848 imo
2846 2794 3134 2849 haereticus
3163 2801 3219 2848 et
3249 2792 3614 2862 Simoniacus,
3658 2796 3727 2850 ad

476 2885 635 2941 vobis
662 2899 761 2956 per
804 2898 1002 2938 manus
1024 2881 1194 2952 ipsius
1233 2880 1301 2935 ad
1326 2887 1543 2936 aeternae
1588 2880 1713 2936 vitae
1741 2881 1936 2951 gaudia
1965 2879 2050 2934 in-
2152 2888 2332 2943 Missa:
2349 2901 2408 2942 se
2428 2885 2751 2956 praeparavit
2763 2883 3016 2940 oﬁicium.
3042 2884 3282 2940 Tandem
3297 2885 3534 2955 perlecto
3554 2883 3732 2941 Evan-

474 2976 703 3032 troitum
730 2983 916 3046 patere
941 2971 1171 3043 cupitis;
1199 2971 1550 3043 cogitandum
1571 2971 1727 3027 vobis
1750 2979 1853 3038 est,
1876 2987 2053 3041 quan-
2153 2981 2313 3053 εειίο,
2335 2994 2402 3034 ex
2436 2992 2588 3032 more
2607 2976 2864 3032 .lacturus’
2893 2976 3208 3047 popularem
3237 2991 3554 3032 sermonem
3579 2975 3735 3032 Pon-

475 3077 594 3124 tum
616 3082 765 3122 nunc
784 3065 850 3123 de
894 3066 1133 3136 irrogata
1180 3062 1285 3118 Sibi
1313 3062 1514 3133 iniuria
1563 3062 1749 3118 ἀοιθτθ
1786 3062 2048 3118 άθὺθθῑίὲ-
2080 3084 2122 3141 C
2154 3072 2284 3128 tifex
2316 3069 2480 3136 idem,
2515 3068 2785 3139 pulpitum
2824 3068 3159 3124 conscendit.
3204 3067 3409 3122 Parum
3444 3072 3636 3125 autem
3660 3069 3730 3125 de

475 3158 593 3216 Nisi
621 3160 769 3215 enim
818 3158 929 3225 hic,
955 3156 1050 3212 ubi
1075 3169 1173 3225 per
1198 3154 1518 3209 discrimina
1549 3154 1912 3209 tentationum
1931 3170 2047 3217 ,ve—

475 3259 592 3307 stra‘
615 3249 747 3305 ﬁdes
767 3257 821 3303 et
847 3247 1011 3303 corda
1038 3246 1341 3316 probantur
1363 3288 1378 3312 ,
1416 3245 1553 3301 socii
1590 3246 1916 3315 passionum
1933 3245 2048 3300 elli-

473 3339 698 3397 ciamini
722 3381 738 3406 ,
763 3336 1122 3408 proculdubio
1161 3350 1269 3390 non
1296 3335 1430 3392 estis
1453 3335 1621 3407 digni,
1665 3344 1727 3391 ut
1758 3335 2051 3407 participes

476 3431 674 3489 futurae
696 3425 1084 3485 consolationis
1109 3467 1125 3494 ,
1181 3433 1235 3481 et
1250 3425 1354 3480 ﬁlii
1374 3426 1526 3497 regni
1546 3467 1565 3493 ,
1597 3426 1870 3482 cmlestem
1894 3442 2053 3484 coro-

476 3537 605 3578 nam
659 3529 714 3576 et
756 3519 987 3592 gloriam
1026 3517 1335 3573 sortiamini
1374 3515 1464 3589 (II
1510 3515 1635 3573 Cor.
1664 3516 1725 3589 ι).
1773 3517 2051 3591 Rogamus

477 3614 644 3687 igitur
669 3612 954 3667 caritatem
982 3617 1223 3667 vestram
1250 3650 1265 3676 ,
1285 3616 1348 3664 ut
1381 3609 1650 3664 instanter
1677 3609 1918 3665 divinam
1943 3611 2051 3666 mi-

478 3704 833 3767 sericordiam
856 3701 1148 3772 implorare
1174 3699 1436 3756 stndeatis
1465 3718 1479 3767 ;
1526 3709 1795 3769 quatenus
1817 3711 1911 3757 aut
1929 3717 2052 3757 cor-

476 3798 547 3852 da
573 3795 865 3866 impiorum
887 3793 954 3848 ad
979 3791 1352 3862 paenitentiam
1369 3799 1562 3856 vertat,
1590 3800 1684 3847 aut
1706 3794 2052 3864 reprimendo

471 3900 670 3944 eorum
692 3884 928 3941 nefanda
968 3883 1408 3953 consilia,'qnam
1434 3883 1754 3953 insipientes
1794 3894 1850 3941 et
1901 3888 2052 3943 stulti

478 3981 611 4047 sint,
638 3978 733 4050 qui
758 3977 966 4048 petram
984 3991 1019 4030 a
1047 3973 1268 4030 Christo
1292 3973 1573 4030 fundatam
1615 3984 1856 4033 evertere
1889 3986 1944 4033 et
1970 3979 2053 4034 di-

476 4072 608 4126 vina
634 4068 916 4141 privilegia
941 4066 1149 4122 violare
1166 4073 1437 4121 conantur
1460 4107 1475 4132 ,
1506 4067 1776 4122 ostendat.
1808 4067 2054 4135 Qualiter

475 4160 683 4229 autem,
713 4167 807 4215 aut
819 4174 917 4230 pro
940 4157 1140 4228 quibus
1164 4156 1345 4213 causis
1370 4155 1431 4211 Β.
1461 4156 1655 4214 Petrus
1694 4161 2056 4218 anathematis

478 4252 701 4309 vinculo
718 4249 917 4323 Regem
937 4248 1255 4321 alligaverit,
1284 4250 1341 4303 in
1366 4247 1477 4321 (68)
1506 4249 1907 4322 chartula,quai
1928 4254 2056 4310 huic

480 4345 691 4401 inclusa
724 4350 826 4409 est,
856 4342 1012 4412 plene
1030 4341 1260 4411 potestis
1274 4354 1622 4410 cognoscere.
1667 4361 1687 4394 ι

549 4434 736 4491 65-68.
768 4452 787 4485 ι
818 4430 1421 4504 GregoriusEpiscopus
1436 4445 1626 4488 servus
1641 4447 1920 4491 servorum
1946 4436 2059 4514 Dei,

479 4541 570 4580 om
576 4526 737 4580 nibus
745 4523 1050 4593 EpiscOpis,
1061 4521 1321 4586 Ducibus,
1334 4520 1639 4580 Comitibus
1662 4528 1982 4599 ceterisque
1994 4533 2060 4588 ﬁ-

481 4614 694 4670 delibus
716 4614 774 4667 in
802 4612 987 4683 Regna
1036 4610 1461 4685 Teutonicorum
1491 4611 1857 4672 Christianam
1898 4620 2058 4679 ﬁdem

482 4702 913 4767 defendentibus,
945 4702 1176 4758 salutem
1209 4711 1265 4757 et
1315 4703 1684 4773 Apostolicam
1723 4708 2059 4768 benedictio-

485 4810 629 4852 nem.
650 4793 974 4849 Audivimus
987 4794 1257 4865 quosdam
1290 4792 1432 4849 inter
1466 4810 1567 4851 vos
1591 4796 1660 4852 de
1678 4806 2060 4860 excommuni-

557 4924 671 4997 (68)
706 4923 870 5002 lianc
888 4925 1200 5002 chartulam
1235 4925 1404 5002 fuisse
1440 4927 1623 4993 credo,
1648 4930 1732 4984 vel
1756 4931 1937 5002 ipsam
1960 4952 2060 4993 ex-

488 4995 1002 5070 coinmunicationis
1049 4997 1374 5070 senten_tia_m
1409 5013 1597 5070 supra
1649 4995 1916 5070 positam,
1974 5007 2060 5061 vel

468 5080 680 5145 eorum
710 5081 834 5145 qtae
852 5065 1196 5145 insequenti
1223 5066 1463 5145 Epistula
1483 5065 1737 5145 leguntur
1757 5065 2055 5145 exemplar.

463 5179 471 5191 .
562 5134 677 5214 (Q9)
717 5134 1064 5214 Epitimiuni,
1097 5134 1581 5214 ῧνῳοὲέπςῖῖμωξ,
1610 5139 1827 5214 mulcto,
1865 5134 2017 5214 plina
2041 5189 2057 5212 ,

464 5203 773 5284 castigatio
798 5221 816 5259 :
848 5206 958 5284 sed.
986 5203 1235 5284 fortassis
1274 5203 1625 5284 Epith'emium
1651 5223 1683 5263 a
1703 5203 2058 5284 rionpt'pono,

490 5270 879 5344 impoiitionent
904 5275 995 5329 hic
1028 5270 1351 5344 signiﬁcat.'_
1384 5338 1387 5341 Α

565 5341 679 5386 ΠΜ
721 5343 925 5386 Pascha
950 5341 1099 5386 ,ειηιὶ
1122 5341 1257 5386 1076
1276 5342 1608 5386 celebratum
1633 5351 1731 5386 lml
1755 5348 1824 5386 9'1
1854 5350 2031 5386 Μοιροςὲ

2157 3170 2389 3219 tractatu
2416 3161 2631 3216 locutus
2669 3158 3011 3230 Evangelico,
3046 3159 3228 3214 statim
3269 3174 3328 3214 se
3358 3159 3431 3214 ad
3470 3160 3728 3231 blasphe-

2154 3256 2321 3310 miam
2347 3252 2506 3323 Papae
2532 3250 2779 3320 Gregorii
2822 3265 2968 3306 casco
3012 3248 3172 3305 corde
3207 3250 3495 3321 menteque
3525 3266 3729 3307 vesana

2154 3344 2421 3416 prorupit,
2445 3356 2567 3412 qua!
2585 3356 2684 3411 pro
2706 3340 2875 3395 nimio
2904 3340 3232 3395 suihorrore
3256 3341 3472 3395 silentio
3505 3352 3730 3411 praeter-

2155 3438 2235 3492 ire
2264 3433 2609 3504 complacuit.
2657 3430 2878 3487 Difﬁcile
2910 3439 2995 3486 est
3024 3431 3171 3484 enim
3199 3439 3259 3485 ut
3280 3431 3419 3487 bene
3457 3433 3562 3487 sibi
3588 3448 3730 3489 con-

2156 3526 2443 3585 scientium
2499 3521 2844 3595 probitatem,
2899 3522 3319 3577 obtrectantium
3377 3523 3563 3595 lingua
3615 3542 3729 3582 non

2155 3619 2427 3684 mordeat,
2472 3624 2527 3671 et
2567 3615 2881 3685 iniquorum
2915 3602 3108 3669 evadat
3151 3615 3471 3684 opprobria,
3506 3616 3596 3672 cui
3643 3628 3732 3673 est

2154 3711 2330 3767 amica
2351 3708 2580 3779 iustitia.
2602 3704 2991 3762 Verumtamen
3013 3707 3200 3761 eadem
3220 3707 3574 3779 blasphemia,
3598 3727 3731 3781 qua-

2154 3804 2223 3859 lis
2253 3803 2311 3856 in
2344 3798 2517 3855 oculis
2546 3796 2761 3851 Domini
2790 3796 2974 3865 fuerit,
3007 3798 3268 3853 continuo
3295 3814 3529 3870 sequens
3556 3803 3726 3871 ultio,

2155 3894 2201 3950 si
2225 3891 2588 3964 perpendatur
2607 3930 2621 3956 ,
2646 3888 2955 3945 innotescit.
2978 3887 3119 3944 Nam
3150 3889 3431 3946 Paschalis
3469 3892 3575 3948 diei
3598 3911 3732 3965 gau-

2154 3983 2247 4041 dio
2276 3982 2519 4037 nondum
2547 3980 2722 4047 ﬁnito,
2765 3981 2946 4035 subito
2982 3982 3181 4036 coelum
3216 3981 3429 4053 fragore
3468 3983 3727 4052 intonuit,

2155 4075 2213 4129 in
2232 4089 2343 4145 quo
2362 4072 2503 4144 ignis
2522 4072 2846 4128 descendere
2859 4073 3072 4129 ctelitus
3084 4073 3236 4128 visus
3261 4082 3344 4128 est
3357 4093 3370 4141 ;
3382 4075 3482 4145 qui
3508 4091 3728 4132 omnem

2147 4166 2306 4220 illam
2331 4163 2639 4228 ecclesiam,
2688 4177 2988 4233 omnesque
3038 4163 3232 4219 domos
3274 4166 3443 4236 regali
3486 4169 3727 4236 receptui

2152 4260 2507 4327 praeparatas,
2544 4261 2763 4324 repente
2801 4255 3158 4324 consumpsit,
3187 4263 3242 4309 et
3272 4256 3513 4311 laetitiam
3543 4258 3729 4328 profa-

2148 4362 2354 4403 norum
2385 4348 2442 4401 in
2472 4360 2762 4401 maerorem
2788 4347 3142 4400 commutavit
3170 4364 3183 4402 τ
3224 4345 3553 4417 Episcopum
3593 4364 3727 4406 vero

2094 4454 2138 4508 ι)
2164 4440 2315 4494 illum
2358 4437 2755 4506 blasphemum,
2787 4435 2969 4490 subito
2997 4435 3110 4506 (72)
3158 4451 3498 4505 percussum,
3544 4434 3727 4495 divina

2143 4531 2294 4588 ultio
2320 4528 2611 4584 interemit.
2652 4524 2760 4580 Sed
2790 4534 3084 4596 antequam
3114 4527 3281 4581 vitam
3323 4529 3538 4598 penitus
3566 4532 3732 4586 exha-

2148 4623 2316 4687 laret,
2338 4619 2620 4674 ministros
2639 4631 2740 4672 suo
2759 4617 2924 4673 exitio
2944 4626 3296 4688 praeparatos,
3313 4621 3501 4689 quales
3521 4632 3727 4688 essent,

2144 4711 2475 4782 "compulsus
2495 4718 2583 4765 est
2597 4709 2777 4764 dicere
2801 4727 2814 4762 :
2844 4707 3011 4764 Video
3034 4724 3140 4774 me,
3168 4710 3364 4779 inquit,
3396 4712 3569 4781 igneis
3594 4713 3728 4769 loris

2159 4802 2465 4868 astrictum,
2491 4800 2645 4856 tetris
2666 4800 3007 4855 trahentibus
3037 4800 3368 4871 imaginibus
3397 4816 3465 4856 ex
3487 4804 3590 4859 hac
3616 4805 3727 4859 vita

2158 4936 2393 5007 partium
2424 4933 2578 5003 Regis
2607 4932 2773 5007 multa
2794 4933 2865 5007 in-
2883 4931 3397 5007 injuriamﬂomqui
3424 4932 3725 5003 Pontiﬁcis,

2160 5001 2400 5060 omnibus
2432 5001 2561 5071 pene
2583 5002 2765 5055 diebus
2785 5001 3104 5065 solennibus,
3139 5002 3278 5055 inter
3315 5001 3602 5056 Missurum
3636 5019 3726 5056 so-

2162 5076 2358 5137 lennia,
2381 5073 2570 5126 rabido
2592 5088 2680 5126 ore
2712 5072 3061 5135 declamabat,
3096 5071 3365 5140 perjurum
3389 5088 3530 5136 eum,
3568 5072 3724 5125 adul—

2163 5155 2351 5209 terum,
2379 5151 2428 5212 et
2450 5140 2985 5212 pseudo-Apostolum
3005 5140 3297 5210 appellans,
3332 5151 3456 5212 etc._
3467 5140 3545 5196 lta
3566 5140 3727 5212 Lam-

2159 5216 2348 5271 bertus
2393 5209 2913 5282 Sc’afngaburgensis,
2942 5218 2997 5282 et
3033 5209 3157 5282 ante
3185 5212 3386 5282 citatus
3425 5209 3628 5282 Bruno.
3658 5210 3728 5282 At

2153 5282 2400 5351 'Langius
2441 5282 2497 5334 in
2536 5279 2810 5336 Chronico
2856 5279 3133 5351 Citii-ensi.
3168 5279 3299 5351 cum
3330 5280 3722 5351 Rex,_inquit,

2160 5348 2303 5386 ...δι’
2325 5349 2555 5386 Tir-nitar“.
2630 5358 2678 5386 at
2702 5350 3170 5386 mrrnmmuns'rnh'n
3216 5348 3362 5386 Πυηὸι
3426 5366 3459 5386 n
3497 5348 3725 5386 Rnsﬁnnn
