3986 5386
253 336 318 388 77
1210 314 1737 377 PROLEGOMENA.
1769 346 1836 354 —-—
1858 314 2039 371 ACTA
2079 313 2135 369 S.
2178 311 2527 371 CREGORH.
3441 314 3509 369 78

247 446 480 507 convelli
512 466 525 502 :
552 442 647 501 sed
670 451 857 498 tamen
881 439 975 507 ite,
1001 447 1057 495 et
1090 436 1251 494 dicite
1277 434 1389 507 (75)
1414 431 1549 503 Regi
1598 440 1660 488 ut
1682 429 1829 501 ﬂagi—
1857 420 1903 488 Ᾱ
1928 430 1996 485 ad
2035 448 2094 484 se
2139 426 2371 482 Romam
2400 426 2585 481 venire
2611 425 2978 495 permitteret;
3011 439 3075 481 ea
3121 421 3310 496 utique
3339 425 3511 483 inten-

246 541 406 605 tium,
436 535 588 607 quod
616 534 672 588 in
705 531 898 597 Deum,
927 538 985 585 et
1007 529 1072 583 B.
1115 527 1360 592 Petrum,
1403 524 1635 595 ejusque
1672 520 1829 577 Vica-

248 629 386 683 rium
408 623 711 689 commisit,
734 620 983 677 emendet
1006 635 1106 686 ;ne
1125 610 1212 673 me
1233 624 1561 687 praeeuntem
1587 615 1653 669 ad
1675 611 1834 668 inferi

246 720 362 775 loca
382 724 690 786 sequatur;
723 721 776 767 et
809 711 923 767 haec
953 711 1160 777 dicens,
1187 705 1501 779 exspiravit.
1524 703 1639 760 Hoc
1658 719 1837 760 exem-

245 811 332 882 για
376 804 743 871 commoniti,
786 805 1073 858 hortamur
1112 809 1167 856 et
1218 800 1571 855 obsxramus
1616 810 1836 851 omnem

248 898 526 956 hominem
557 896 656 966 qui
682 896 798 950 haec
827 895 1030 964 scripta
1069 892 1280 963 legerit,
1304 898 1366 944 ut
1387 889 1622 945 declinet
1650 888 1835 942 detra-

247 989 490 1045 hentium
534 986 763 1057 linguis,
803 985 849 1040 si
879 985 1084 1039 mavult
1121 981 1457 1039 consortium
1493 981 1691 1035 habere
1709 995 1837 1035 cum

247 1079 508 1149 Gregorio
531 1078 590 1132 in
617 1076 1019 1131 resurrectione
1041 1076 1187 1139 vitae,
1214 1089 1380 1144 quam
1403 1087 1528 1127 cum
1550 1072 1839 1127 detrahen-

249 1171 389 1224 tibus
435 1167 777 1238 supplicium
806 1167 1010 1221 subire.
1057 1162 1214 1219 Nunc
1260 1165 1351 1219 hic
1403 1164 1470 1218 ad
1516 1162 1837 1218 memoriam

248 1262 383 1316 redit
424 1276 541 1315 non
595 1259 784 1315 minus
834 1256 1094 1313 terribilis
1123 1256 1402 1311 damnatio
1420 1254 1701 1325 Spirensis
1724 1253 1836 1323 (74)

253 1349 529 1421 Episcopi,
556 1350 653 1420 qui
694 1349 885 1403 eadem
911 1347 1018 1414 die,
1048 1347 1103 1402 id
1137 1355 1222 1401 est
1250 1362 1301 1399 vI
1328 1345 1597 1400 Kalendas
1638 1345 1836 1411 Martii,

251 1441 356 1496 imo
379 1442 575 1495 eadem
600 1440 763 1505 hora,
800 1440 982 1495 subito
1009 1437 1164 1508 quasi
1188 1438 1424 1508 quodam
1451 1437 1709 1493 invisibili
1734 1438 1840 1492 telo

251 1546 560 1599 percussus,
607 1531 754 1600 apud
788 1528 1002 1600 Spiram
1048 1529 1314 1584 inﬁrmari
1338 1529 1524 1600 coepit,
1551 1545 1661 1600 qua
1702 1530 1838 1584 bora

249 1630 300 1673 et
322 1610 557 1677 causam
579 1621 705 1692 ejus
733 1622 787 1675 in
821 1621 1066 1677 Romana
1090 1619 1313 1693 Synodo
1336 1628 1522 1675 noster
1546 1620 1840 1692 Gregorius

251 1708 391 1783 Papa
425 1712 703 1767 ventilare
727 1712 945 1783 incepit.
1009 1711 1155 1767 Idem
1198 1727 1415 1783 quoque
1448 1712 1610 1767 tertio
1648 1710 1754 1778 die,
1787 1712 1840 1768 id

1934 519 2102 585 tione,
2132 527 2193 572 ut
2225 526 2376 572 tanto
2397 517 2611 572 facilius
2635 516 2836 589 Papam
2864 515 3049 573 fallere
3068 526 3272 588 posset,
3304 529 3511 589 quanto

1933 610 2219 681 pauciores
2246 608 2420 679 Regni
2456 607 2756 678 Principes,
2775 607 2889 678 jam
2913 609 3112 679 saepius
3138 611 3371 665 astutias
3389 610 3512 681 ejus

1935 702 2200 772 perpessi,
2238 700 2594 757 discutienda:
2621 700 2741 771 ejus
2778 715 2961 755 causae
2986 700 3331 758 interessent.
3359 700 3514 760 Unde

1935 804 1990 849 et
2011 794 2155 863 Papa
2181 792 2322 849 votis
2340 793 2460 863 ejus
2482 807 2590 847 non
2611 792 2823 859 annuit,
2846 792 2942 848 sed
2971 801 3030 847 ut
3049 791 3329 863 Principes
3360 810 3517 864 roga-

1936 893 2146 952 verant,
2168 885 2237 941 ad
2258 884 2566 940 condictum
2598 884 2741 938 diem
2762 885 2949 939 venire
2976 885 3275 954 disposuit;
3307 886 3363 941 et
3390 889 3517 942 θιὼ·-

1938 985 2226 1049 sequentes
2254 975 2524 1046 Epistolas
2561 974 2904 1046 Principibus
2938 974 3141 1048 Regni,
3184 993 3285 1048 pro
3328 978 3515 1050 dispo-

1938 1069 2118 1124 nendo
2143 1068 2335 1123 itinere
2357 1082 2482 1133 suo,
2511 1065 2836 1122 transmisit.

2010 1160 2097 1214 72.
2123 1177 2144 1212 ‹
2187 1158 2482 1229 Gregorius
2508 1157 2809 1229 Episcopus
2827 1199 2842 1224 ,
2870 1173 3059 1214 servus
3092 1174 3372 1215 servorum
3395 1158 3513 1227 Dei,

1938 1249 2400 1321 Arcbiepiscoms,
2439 1249 2747 1320 Epise0pis,
2778 1249 3038 1317 Ducibus,
3063 1249 3389 1319 Comitibus,
3418 1268 3519 1308 nec

1939 1358 2050 1397 non
2080 1341 2382 1412 majoribus
2408 1348 2572 1411 atque
2602 1340 2907 1395 minoribus
2936 1340 2990 1394 in
3037 1339 3224 1412 Regna
3254 1341 3517 1397 Teutoni-

1939 1448 2128 1488 corum
2155 1431 2487 1498 constitutis,
2531 1432 2763 1487 salutem
2802 1440 2857 1486 et
2896 1433 3262 1502 Apostolicam
3305 1433 3522 1488 benedi—

1938 1524 2193 1579 ctionem.
2223 1521 2355 1589 Nos,
2383 1522 2589 1594 indigni
2615 1514 2687 1578 et.
2711 1522 2928 1578 inutiles
2970 1521 3238 1594 Principis
3284 1523 3520 1596 Aposto-

1939 1616 2118 1670 lorum
2153 1614 2315 1681 servi,
2357 1632 2375 1665 ι
2402 1606 2505 1670 etc.
2554 1614 2681 1669 Vide
2711 1615 2854 1685 infra
2877 1615 3014 1669 inter
3047 1615 3309 1686 epistolas.

2013 1706 2099 1760 75.
2137 1725 2156 1758 ι
2189 1705 2505 1777 Gregorius,
2556 1721 2747 1761 servus
2794 1698 3078 1761 servorum
3126 1706 3220 1762 Dei
3260 1709 3519 1764 omnibus

254 1811 334 1856 est
358 1820 408 1856 rv
442 1802 723 1857 Kalendas
753 1802 952 1869 Martii,
981 1803 1365 1858 miserabiliter
1392 1803 1706 1873 exspiravit,
1732 1818 1840 1858 non
1874 1810 1915 1864 Β
1940 1796 2397 1867 Archiepiscopis,
2437 1803 2493 1850 et
2536 1795 2839 1866 Episcopis,
2880 1796 3201 1864 Abbatibus,
3254 1798 3518 1865 Ducibus,

258 1892 523 1962 imparem
589 1904 852 1964 expertus
892 1893 1183 1950 efﬁcaciam
1222 1894 1367 1948 illius
1409 1894 1690 1948 sententia:
1734 1911 1840 1964 qua

252 1982 442 2040 Petrus
471 1984 778 2054 Apostolus
800 1984 1067 2039 Ananiam
1098 1994 1153 2039 et
1184 1984 1505 2056 Sapphiram
1541 1984 1836 2040 damnavit.

875 2097 1104 2154 CAPUT
1144 2097 1234 2153 IX.

258 2185 477 2243 Πρηήεί
523 2189 1151 2275 siin-alata‘panitentia‘.
1207 2189 1520 2275 Principum
1562 2202 1842 2247 conventus

567 2257 762 2314 υιιηω.
798 2257 1036 2332 Gregorii
1072 2260 1143 2315 ad
1171 2278 1258 2314 eos
1288 2257 1527 2332 Legatio.

322 2348 416 2404 7i.
483 2349 626 2405 Cum
690 2352 857 2423 igitur
902 2352 1146 2421 praedicti
1202 2351 1365 2423 Regis
1426 2354 1841 2410 conversionem

254 2437 363 2507 jam
396 2440 489 2494 diu
524 2450 580 2495 et
602 2440 807 2496 frustra
826 2441 1105 2513 Principes
1134 2450 1530 2513 exspectarent,
1564 2453 1618 2500 et
1638 2455 1842 2501 statum

261 2528 431 2603 Regni
462 2532 830 2602 periculosius
861 2534 914 2588 in
952 2534 1069 2589 dies
1101 2534 1543 2602 dis‘turbandum,
1588 2536 1699 2592 imo
1726 2539 1845 2593 sine

260 2623 439 2693 capite
465 2623 583 2693 jam
627 2623 846 2695 penitus
869 2625 1273 2680 destituendum
1318 2627 1593 2694 viderent;
1624 2629 1843 2684 tandem

259 2714 379 2768 zelo
403 2712 499 2767 Dei
526 2715 747 2783 armati,
790 2731 915 2770 cum
943 2713 1160 2787 Legatis
1187 2715 1514 2787 Apostolicae
1546 2717 1701 2774 Sedis
1730 2719 1841 2791 (75)

258 2812 674 2870 convenerunt,
719 2814 775 2860 et
814 2807 1100 2873 eumdem,
1144 2815 1206 2862 ut
1255 2822 1446 2862 eorum
1487 2810 1716 2865 consilio
1760 2827 1847 2867 ac-

257 2896 566 2957 quiesceret
597 2904 651 2950 et
682 2897 1042 2967 resipisceret,
1067 2899 1200 2953 satis
1231 2897 1455 2955 ﬁdeliter
1477 2910 1839 2972 rogaverunt:

259 2985 530 3057 alioquin,
563 3003 623 3041 se
653 3004 762 3041 non
807 2989 1038 3045 ulterius
1061 2991 1466 3046 communicare
1490 2993 1573 3045 vel
1599 2992 1840 3059 obedire,

259 3079 551 3147 protestati
602 3088 750 3133 sunt.
784 3078 900 3135 Hac
941 3080 1029 3135 ille
1072 3081 1412 3140 necessitate.
1447 3082 1698 3139 simulate
1722 3086 1845 3155 qui-

262 3169 405 3233 dem,
438 3176 501 3223 ut
529 3170 882 3239 postmodum
904 3172 1175 3243 apparuit,
1201 3188 1259 3227 se
1282 3188 1379 3243 per
1403 3173 1609 3239 omnia,
1630 3184 1683 3229 et
1718 3190 1846 3230 con-

266 3259 401 3315 siliis
445 3260 765 3331 Principum
818 3269 874 3316 et
910 3262 1195 3332 praeceptis
1241 3262 1537 3333 Apostolici
1588 3263 1843 3331 Domini,

267 3351 617 3406 obediturum
642 3353 912 3422 promisit.
945 3353 1074 3407 Erat
1114 3362 1294 3409 autem
1318 3368 1508 3409 eorum
1534 3358 1845 3423 consilium,

266 3452 323 3496 ut
383 3441 657 3499 Dominus
700 3444 1045 3514 Apostolicus
1099 3445 1167 3500 ad
1217 3445 1464 3516 generale
1513 3448 1846 3519 colloquium

264 3532 567 3604 Augustam
598 3534 657 3589 in
701 3534 1087 3592 Puriﬁcatione
1120 3535 1177 3590 S.
1222 3535 1404 3592 Maria:
1432 3546 1558 3593 tunc
1600 3539 1850 3608 proxima

262 3625 506 3680 veniret:
556 3634 829 3696 quatenus
872 3628 1070 3683 ibidem
1107 3644 1271 3683 causa
1306 3627 1425 3697 ejus
1474 3629 1531 3682 in
1576 3630 1851 3687 audientia

261 3717 428 3770 totius
448 3715 627 3788 Regni
649 3717 886 3789 legitime
906 3719 1254 3775 determinari
1280 3728 1482 3789 posset.
1501 3717 1606 3789 ipsi
1631 3737 1851 3794 quoque

259 3804 569 3877 Principes,
616 3809 786 3865 missa
838 3809 1131 3880 legatione,
1187 3809 1478 3865 Dominum
1532 3810 1736 3882 Papam
1782 3816 1850 3871 ad

259 3899 585 3969 praedictum
624 3899 769 3954 diem
812 3901 995 3957 venire
1031 3901 1348 3972 suppliciter
1390 3914 1758 3974 rogaverunt;
1783 3908 1852 3963 ad

258 3990 403 4059 quod
435 3991 545 4044 iter
568 3990 861 4062 agendum,
903 3992 1055 4047 illum
1093 3993 1585 4063 promptissimum,
1633 4006 1693 4050 ut
1721 3999 1852 4053 sub-

258 4081 476 4151 scripta
505 4083 632 4151 ejus
659 4083 853 4137 littera:
896 4092 1184 4146 testantur,
1223 4084 1563 4139 invenerunt.
1612 4084 1725 4142 Rex
1755 4105 1853 4143 au—

260 4183 389 4238 tem,
414 4180 616 4228 contra
648 4174 1069 4244 promissionem
1116 4190 1293 4241 suam,
1337 4184 1528 4230 contra
1561 4179 1852 4236 consilium

1940 1888 2369 1954 Marchionibus,
2400 1887 2764 1957 omnibusque
2787 1886 3151 1944 Christianam
3184 1898 3241 1946 et
3275 1890 3335 1945 B.
3375 1891 3522 1948 Petri

1942 1981 2103 2036 ﬁdem
2140 1989 2195 2036 et
2221 1980 2527 2035 doctrinam
2566 1979 2981 2035 defendentibus
3006 1989 3062 2035 ct
3080 1982 3519 2052 observantibus,

1942 2074 2175 2129 salutem
2217 2079 2271 2126 et
2314 2072 2602 2126 Beatorum
2653 2071 3234 2141 Apostolorum-Petri
3271 2084 3325 2130 et
3368 2076 3525 2134 Pauli

1941 2164 2372 2220 benediCtionem
2403 2180 2415 2216 :
2454 2162 2811 2233 omniumque
2838 2170 3189 2232 peccatorum
3229 2167 3527 2227 absolutio-

1942 2272 2088 2312 nem.
2142 2255 2290 2326 Ego,
2337 2254 2734 2323 qualiscunque
2772 2252 3039 2309 Sacerdos
3064 2297 3080 2321 ,
3135 2255 3522 2327 Apostolorum

1942 2347 2212 2417 Principis
2238 2360 2449 2411 servus,
2487 2364 2505 2395 ι
2544 2353 2649 2399 etc.
2701 2344 2829 2399 Vide
2856 2346 2999 2415 infra
3021 2347 3160 2401 inter
3178 2350 3449 2418 epistolas.

2015 2440 2101 2495 74.
2122 2437 2328 2493 Interea
2348 2435 2482 2501 Rex,
2506 2436 2739 2507 propria:
2760 2452 2942 2493 causa
2956 2438 3222 2505 diiiidens,
3252 2450 3306 2496 et
3320 2443 3525 2500 idcirco

1944 2529 2275 2586 audientiam
2293 2526 2453 2583 istius
2474 2525 2644 2598 Regni
2659 2528 3081 2600 subterfugiens,
3103 2530 3302 2589 furtive
3315 2533 3526 2593 italiam

1943 2637 2070 2677 cum
2102 2619 2623 2686 excommunicatis,
2671 2628 2863 2675 contra
2901 2630 3231 2694 praceptlm
3269 2625 3429 2698 Papa:
3467 2639 3526 2684 et

1943 2714 2173 2769 consilia
2204 2712 2539 2782 Principum,
2577 2711 2834 2779 intravit;
2868 2722 2923 2767 et
2948 2712 3263 2784 Apostolico
3295 2719 3364 2774 ad
3386 2735 3525 2791 prte—

1944 2805 2150 2860 dictum
2187 2803 2331 2857 diem
2365 2801 2668 2873 Augustam
2709 2804 2945 2858 tendenti
2970 2845 2986 2871 ,
3019 2814 3145 2861 ante
3180 2807 3524 2867 Purillcatio-

1944 2911 2069 2950 nem
2088 2893 2146 2950 S.
2178 2893 2362 2949 Mariae
2389 2894 2532 2963 apud
2560 2893 2860 2949 Canusium
2880 2895 3148 2964 obviavit;
3190 2900 3372 2969 ibique
3397 2912 3529 2957 ante

1943 2995 2158 3056 portam
2205 2986 2372 3042 castri
2418 3000 2514 3055 per
2561 2986 2800 3041 triduum
2822 3027 2838 3053 ,
2884 2987 3133 3057 deposito
3176 3004 3328 3045 omni
3375 2994 3526 3064 regio

1945 3078 2124 3141 cultu,
2170 3076 2580 3143 miserabiliter,
2624 3085 2810 3147 utpote
2844 3078 3206 3137 discalceatus
3249 3090 3305 3136 et
3349 3084 3524 3140 laneis

1946 3170 2188 3225 vestibus
2223 3170 2467 3235 indutus,
2501 3169 2816 3239 persistens,
2856 3185 2967 3225 non
3002 3171 3156 3240 prius
3187 3188 3312 3229 cum
3348 3176 3522 3232 multo

1945 3260 2073 3315 ﬂetu
2115 3260 2442 3330 Apostolicae
2481 3259 2850 3315 miserationis
2887 3263 3154 3317 auxilium
3190 3272 3245 3319 et
3280 3268 3528 3323 consola-

1945 3352 2151 3407 tionem
2180 3337 2471 3421 implorare
2489 3351 2715 3419 destitit,
2743 3368 2908 3422 quam
2930 3367 3125 3408 omnes
3159 3355 3254 3425 qui
3274 3357 3523 3424 aderant,

1947 3452 2002 3499 et
2024 3444 2094 3499 ad
2126 3459 2266 3514 quos
2294 3443 2382 3498 ille
2403 3458 2593 3499 rumor
2620 3432 2997 3513 pervenit,ad
3031 3453 3239 3501 tantam
3268 3449 3522 3518 pietatem

1948 3543 2004 3589 et
2047 3535 2449 3604 compassionis
2495 3534 2932 3591 misericordiam
2973 3538 3175 3606 movit,
3217 3551 3278 3595 ut
3317 3556 3418 3610 pro
3458 3556 3527 3597 eo

1950 3626 2134 3681 multis
2173 3625 2425 3695 precibus
2463 3634 2518 3680 et
2557 3626 2814 3698 lacrymis
2860 3627 3287 3698 intercedentes,
3332 3648 3528 3688 omnes

1949 3716 2167 3787 quidem
2213 3717 2492 3772 insolitam
2534 3717 2742 3773 domini
2774 3717 2935 3789 Papae
2971 3720 3231 3776 duritiam
3267 3724 3531 3780 miraren-

1949 3816 2067 3874 tur;
2098 3809 2345 3864 nonnulli
2365 3824 2495 3865 vero
2529 3810 2585 3864 in
2607 3824 2694 3877 eo,
2723 3825 2834 3865 non
2853 3809 3182 3881 Apostolica:
3218 3815 3530 3872 serenitatis

1950 3901 2269 3970 gravitatem
2290 3943 2306 3967 ,
2344 3901 2438 3956 sed
2478 3902 2640 3972 quasi
2671 3902 2968 3973 tyrannicae
3003 3905 3532 3963 severitatiscrude-

1949 3990 2159 4046 litatem
2190 4007 2312 4047 esse
2333 3993 2672 4049 clamarent:
2707 3995 2943 4065 denique
2978 3995 3238 4052 instantia
3271 4013 3532 4069 compun-

1947 4083 2148 4137 ctionis
2190 4082 2330 4152 ejus,
2380 4092 2438 4139 et
2455 4093 2606 4140 tanta
2643 4086 2891 4150 omnium
2920 4087 3015 4157 qui
3052 4088 3127 4143 ibi
3153 4090 3382 4144 aderant
3407 4105 3532 4159 snp-

1950 4174 2240 4243 plicatione
2287 4174 2434 4243 Papa
2474 4175 2751 4242 devictus,
2798 4177 3019 4231 tandem
3076 4194 3234 4244 eum,
3283 4180 3530 4235 relaxato

259 4261 605 4333 Principum,
636 4264 739 4320 hoc
766 4266 837 4320 ab
875 4265 1189 4335 Apostolico
1218 4282 1313 4336 per
1353 4265 1585 4339 Legatos
1613 4285 1745 4326 suos
1764 4287 1855 4327 vo.
1952 4263 2317 4320 anathematis
2346 4266 2596 4330 vinculo,
2650 4266 2706 4321 in
2752 4268 3156 4324 communionis
3191 4270 3421 4340 gratiam
3472 4279 3531 4326 et

260 4354 362 4409 luit
386 4364 739 4426 extorquere,
777 4372 845 4412 ne
879 4355 1182 4428 Augustam
1212 4358 1455 4431 veniret,
1506 4359 1599 4414 sed
1640 4370 1701 4415 ut
1726 4378 1852 4418 eum

265 4542 680 4613 correptus"...1
711 4534 1003 4613 miserabili
1022 4535 1233 4613 ejulatu
1262 4552 1438 4613 eorum
1474 4540 1733 4613 omnibus,
1760 4544 1851 4613 qui

265 4604 511 4668 aderant,
536 4604 927 4677 uociferabatur
953 4620 971 4657 :
1006 4604 1163 4659 Iusto
1192 4606 1288 4659 Dei
1313 4607 1519 4676 judicio
1552 4626 1606 4665 se
1633 4620 1684 4664 et
1715 4604 1853 4677 prle-

266 4683 461 4752 sentem
514 4673 677 4726 vitam
721 4675 967 4752 amisisse
1007 4683 1057 4752 et
1110 4673 1384 4752 (uernant,
1428 4680 1566 4749 quod
1608 4673 1737 4752 Regi
1781 4682 1851 4735 ad

269 4744 477 4808 omnia,
540 4760 658 4826 qua:
703 4746 1339 4827 perperam‘intendisset
1369 4789 1383 4813 ,
1438 4744 1854 4827 opernm‘vsuam

267 4828 468 4891 sﬁmnmo
497 4814 695 4891 anniset
716 4814 1037 4891 _tr_ibuisset_,'
1083 4826 1240 4891 atqzte
1264 4816 1331 4891 in
1348 4814 1489 4887 spent
1506 4822 1710 4891 gratia:
1737 4821 1850 4891 ejus

269 4881 811 4957 Romano‘Pontiﬁci,
849 4881 1191 4957 sanctissimo
1219 4896 1268 4940 et
1298 4881 1721 4955 Apostoliearum
1745 4881 1853 4946 uir-

270 4964 433 5033 tutum
472 4953 619 5033 viro,
653 4953 842 5027 graves
882 4955 1261 5033 contumelias,
1302 4953 1471 5012 sciens
1510 4972 1558 5013 et
1595 4961 1848 5033 prudens.

266 5024 524 5098 innocenti
553 5023 869 5098 irrogasset.
883 5023 966 5098 _In
988 5026 1123 5098 hanc
1148 5042 1341 5098 vocem,
1368 5038 1425 5080 ut
1446 5023 1721 5097 asserunt,
1739 5033 1851 5086 sine

267 5095 648 5169 communione,
668 5094 788 5169 sine
813 5094 929 5149 ulla
959 5096 1681 5169 satisfactione._ea:spiravit.

331 5164 441 5237 (ηε)
479 5165 727 5250 Langius
750 5164 1118 5250 ita‘exponi‘t:
1151 5165 1268 5220 Hoc
1294 5166 1445 5249 mitto
1466 5164 1601 5250 ξηραί
1632 5171 1853 5250 manda-

268 5242 367 5287 tam
389 5235 583 5309 {quod
603 5235 750 5312 ipse,
794 5245 848 5290 et
884 5246 1069 5312 ego,_et
1092 5252 1271 5290 omnes
1314 5235 1583 5308 iniquitati
1612 5242 1726 5312 ejus
1761 5242 1850 5312 fa-

264 5306 662 5379 ventes,'sumu's
710 5307 967 5380 damnati
1003 5306 1059 5359 in
1089 5306 1532 5377 perpetuum”...
1583 5306 1720 5369 Ecce
1759 5306 1852 5365 de.

1956 4356 2139 4410 sinum
2167 4364 2371 4412 sancta:
2406 4356 2595 4414 Matris
2632 4357 2886 4416 Ecclesia:
2908 4361 3148 4431 recepit:
3188 4362 3426 4432 acceptis
3454 4364 3526 4420 ab

1955 4541 2377 4601 corrumperetur
2394 4574 2409 4598 ,

1954 4601 2107 4655 nibus
2136 4601 2405 4671 sepelitur.

1953 4671 2238 4729 buraensis
2266 4671 2538 4729 Ecclesiae.

2024 4739 2138 4817 (Π)
2183 4739 2454 4817 Henricus
2478 4743 2766 4817 Episcopus
2792 4742 3098 4817 Δδρίν-εειιςᾳὶε,
3137 4760 3168 4800 a
3200 4760 3372 4817 puero
3403 4762 3527 4804 cum

1952 4807 2188 4893 Henrico
2220 4807 2883 4893 Regeeduc'atus,‘ablillo
2910 4818 2979 4871 ad
3002 4807 3375 4893 Sedet-uillam
3396 4834 3531 4893 pro-

1952 4891 2159 4957 motus,
2190 4881 2905 4957 cum’Thesaurosjfcelesue
2929 4886 3124 4957 puerili
3146 4881 3355 4941 levitate
3385 4881 3535 4942 dila-

1951 4952 2204 5039 pidasset,
2240 4960 2291 5004 et
2329 4952 2532 5039 praedia
2578 4951 2835 5039 militibus
2969 4957 3289 5039 beneficium
3322 4973 3540 5039 erogas-

1951 5024 2215 5076 set....'....
2261 5023 2425 5075 sensit
2462 5032 2666 5092 repente
2704 5023 2983 5092 parvulam
3022 5023 3127 5081 sibi
3170 5023 3441 5097 pustulam
3482 5028 3543 5081 in

1952 5091 2089 5145 collo
2123 5104 2446 5162 eacrescere;
2490 5108 2593 5162 qua
2628 5093 3001 5162 intumescente
3030 5106 3154 5151 ante
3183 5096 3410 5150 mediam
3437 5114 3536 5150 no-

1952 5170 2087 5285 cte}?
2132 5159 2411 5229 defunctus
2455 5159 2552 5216 est.
2593 5162 2670 5218 lta
2708 5161 3056 5236 Lambertus,
3082 5175 3138 5224 et
3165 5167 3351 5238 priora
3391 5165 3536 5222 Bru-

1954 5246 2015 5285 sc
2059 5246 2165 5285 ius.

1954 5246 2165 5286 SClllllS.

1951 5369 1987 5380 ,,
2024 5299 2138 5370 (75)
2156 5376 2161 5377 ί
2176 5298 2570 5378 (ἐοιξνςηιξινυηε
2587 5303 2953 5378 ορρεηιιεηιὶἱ,
2978 5306 3112 5363 urbe
3133 5314 3262 5361 tunc
3281 5301 3543 5376 Imperia-

2454 4535 2747 4657 γετοιὲεο
2764 4605 2774 4616 .
2782 4536 2940 4604 jussu
2969 4537 3081 4591 sine
3117 4539 3504 4619 commendatio
3513 4570 3532 4599 ,-

2502 4620 2579 4657 ωε
2612 4604 2847 4657 Lanatus
2876 4622 2942 4657 ex
2976 4606 3265 4657 Chronius
3307 4606 3523 4657 Mando.

2502 4620 2579 4660 aec
2612 4604 2847 4675 Langius
2876 4622 2942 4660 ex
2976 4606 3265 4663 Chronicis
3307 4606 3523 4680 Magde'
