3986 5386
514 241 584 294 ’19
1686 244 1740 296 S.
1783 243 2068 297 GRECOR

2168 246 2178 297 ἰ
2219 242 2304 296 VII
2343 241 2539 298 PAPA.
3686 250 3754 308 ετ

508 372 574 410 eo
610 355 1016 420 securitatibus,
1040 371 1272 428 quarum
1294 355 1454 411 etiam
1487 356 1959 412 conﬁrmationem
1990 373 2086 428 per
2119 366 2160 422 Α

510 462 706 502 manus
727 447 952 506 Abbatis
973 446 1370 511 Cluniacensis,
1393 457 1448 501 et
1473 446 1738 502 nobilium
1767 446 2086 504 Comitissa-

507 554 630 594 rum
655 537 926 594 Matbildis
950 548 1003 594 ct
1029 521 1299 614 Adalaidm
1325 538 1415 605 (75
1427 538 1550 609 bis);
1563 547 1618 592 et
1633 539 1862 594 aliorum
1881 540 2086 596 Princi-

507 645 658 698 pum,
698 630 1088 701 Episeoporum
1130 638 1185 684 et
1227 628 1542 696 Laicorum,
1587 631 1682 701 qui
1717 631 1822 686 sibi
1870 632 1938 688 ad
1968 634 2083 690 haec

508 722 668 778 utiles
705 723 808 778 visi
833 729 980 787 sunt,
1003 722 1060 778 in
1084 721 1228 777 hunc
1252 721 1476 778 modum
1503 723 1760 794 suscepit.

579 813 663 868 75.
713 833 730 865 ε
761 812 873 884 Ego
895 811 1161 868 Henricus
1186 813 1319 880 Rex,
1341 813 1410 868 de
1437 815 1870 872 murmuratione
1889 823 1944 871 et
1970 817 2084 872 dis-

507 905 786 970 sensione,
824 920 990 975 quam
1025 920 1170 958 nunc
1211 905 1410 960 habent
1453 913 1644 960 contra
1680 921 1768 961 me
1808 906 2084 979 Archiepi-

504 997 675 1066 scopi,
699 995 984 1066 Episcopi,
1030 994 1204 1050 Duces
1237 1003 1291 1049 ct
1322 994 1596 1062 Comites,
1626 997 1898 1068 ceterique
1929 997 2084 1054 Prin-

503 1088 650 1158 cipes
681 1085 850 1158 Regni
887 1085 1312 1141 Teutonicorum
1335 1093 1390 1141 et
1421 1086 1534 1152 alii,
1561 1087 1656 1157 qui
1687 1102 1782 1143 eos
1812 1089 1867 1144 in
1889 1090 2079 1145 eadem

500 1177 859 1236 dissensionis
883 1193 1048 1234 causa
1077 1186 1399 1248 sequuntur,
1422 1177 1560 1233 infra
1603 1180 1894 1236 terminum
1917 1197 2080 1252 quem

499 1271 757 1327 dominus
793 1268 938 1340 Papa
959 1267 1332 1336 constituerit,
1356 1277 1452 1325 aut
1475 1270 1745 1340 justitiam
1779 1273 2079 1329 secundum

388 1421 398 1425 _
495 1363 760 1434 judicium
791 1362 931 1432 ejus,
964 1369 1058 1418 aut
1078 1362 1425 1417 concordiam
1459 1361 1758 1418 secundum
1787 1364 2078 1421 consilium

497 1457 618 1526 ejus
667 1453 902 1519 faciam,
941 1453 1048 1508 nisi
1080 1461 1290 1508 certum
1335 1452 1780 1523 impedimentum
1823 1451 1956 1512 mihi
1993 1459 2076 1513 vel

499 1545 600 1602 sibi
639 1543 940 1602 obstiterit:
979 1559 1090 1615 quo
1123 1551 1423 1611 transacto,
1454 1544 1522 1600 ad
1548 1543 1687 1599 idem
1712 1547 2076 1618 peragendum

498 1645 720 1708 paratus
753 1653 866 1692 ero.
893 1636 1046 1703 Item,
1083 1637 1131 1692 si
1158 1635 1301 1692 idem
1332 1635 1589 1692 dominus
1608 1634 1754 1707 Papa
1780 1637 2074 1710 Gregorius

497 1729 638 1784 ultra
675 1736 890 1784 montes
915 1729 999 1783 vel
1031 1727 1169 1783 alias
1189 1736 1374 1799 partes
1399 1736 1668 1782 terrarum
1707 1727 1786 1810 ire
1816 1730 2068 1799 voluerit,

495 1835 722 1880 securus
743 1819 848 1874 erit
875 1835 942 1875 ex
977 1834 1097 1874 mea
1120 1827 1295 1889 parte,
1325 1826 1381 1874 et
1412 1833 1604 1874 eorum
1642 1835 1782 1892 quos
1803 1823 2074 1884 constrin-

493 1927 618 1985 gere
647 1921 857 1980 potero,
901 1911 972 1965 ab
1006 1909 1156 1965 omni
1191 1910 1412 1964 laesione
1451 1910 1574 1965 vitae
1602 1919 1657 1966 et
1697 1912 2070 1970 membrorum

492 2005 612 2074 ejus
647 2017 740 2057 seu
773 1999 1048 2071 captione,
1083 2009 1193 2055 tam
1226 1999 1343 2070 ipse
1377 2015 1541 2071 quam
1573 1999 1668 2071 qui
1709 2000 1772 2074 in
1793 2002 1914 2073 ejus
1945 2020 2072 2060 con-

493 2096 662 2150 ductu
684 2090 798 2147 sive
831 2090 1094 2146 comitatu
1125 2091 1347 2158 fuerint,
1386 2091 1442 2146 in
1475 2091 1674 2158 eundo,
1700 2093 1813 2148 sive
1842 2094 1916 2148 ibi
1951 2086 2071 2151 mo-

491 2185 686 2248 rando,
713 2198 808 2238 seu
840 2182 964 2238 inde
994 2167 1298 2248 redeundo;
1338 2197 1512 2252 neque
1546 2182 1691 2238 aliud
1723 2183 1944 2254 aliquod
1971 2185 2072 2242 im-

493 2275 858 2345 pedimentum
881 2272 1102 2328 habebit
1124 2289 1192 2327 ex
1220 2288 1342 2327 meo
1377 2288 1672 2341 consensu,
1697 2275 1842 2346 quod
1877 2286 2068 2332 contra

491 2367 756 2422 honorem
793 2380 956 2421 suum
991 2364 1090 2432 sit;
1119 2373 1174 2419 et
1203 2363 1250 2419 si
1277 2363 1400 2434 quis
1429 2363 1479 2419 ei
1515 2362 1722 2433 fecerit,
1760 2382 1885 2422 cum
1923 2367 2066 2425 bona

491 2457 614 2524 tide,
639 2457 938 2512 secundum
973 2471 1134 2526 posse
1156 2470 1360 2521 meum,
1394 2454 1544 2509 illum
1579 2455 1867 2527 adjuvabo.
1902 2479 1920 2510 ι

562 2547 648 2604 76.
691 2546 840 2613 Rex,
885 2555 1176 2628 postquam
1224 2545 1610 2604 communione
1664 2533 2066 2619 receptapsed

488 2639 790 2712 quaestione
830 2638 1002 2710 Regni
1047 2638 1305 2704 dilatata,
1365 2637 1578 2694 solutus
1632 2640 1702 2694 ab
1752 2640 2066 2710 Apostolico

487 2732 767 2798 discessit;
793 2745 984 2802 parum
1006 2729 1289 2786 attendens
1314 2729 1460 2800 quod
1483 2729 1534 2784 ei
1559 2729 1614 2784 in
1627 2732 2066 2794 reconciliatione

487 2823 918 2894 suajuramento
953 2821 1288 2892 promiserit,
1314 2821 1384 2878 ad
1417 2822 1634 2877 solitam
1667 2824 1964 2894 nequitiam
1987 2843 2067 2882 re-

485 2916 622 2982 dire,
657 2895 718 2970 et
744 2912 1183 2982 Simoniacorum
1213 2927 1439 2968 suorum
1470 2913 1714 2968 consiliis
1747 2924 1937 2972 contra
1967 2915 2066 2973 Pa-

465 3021 610 3075 pam
633 3005 900 3072 assentire
929 3021 1040 3060 non
1071 3004 1306 3075 expavit.
1348 3002 1550 3064 Omnes
1582 3004 1729 3059 enim
1765 3003 2062 3064 Simoniaci
2091 3041 2130 3098 ο

484 3111 784 3166 eorumque
831 3095 988 3160 socii,
1042 3111 1280 3165 quorum
1330 3095 1601 3166 tyrannidi
1655 3096 1769 3166 ipse
1811 3109 2057 3156 sanctam

481 3187 709 3244 Matrem
744 3187 1042 3242 Ecclesium
1077 3187 1484 3256 subjugaverat,
1517 3201 1750 3257 quorum
1792 3189 1957 3244 etiam
1988 3191 2064 3248 fa-

485 3279 668 3336 ctione
715 3279 836 3348 jam
883 3279 1094 3348 pridem
1154 3276 1524 3347 Apostolicam
1575 3275 1769 3334 Sedem
1812 3281 2064 3338 deaucto-

484 3371 661 3426 rizare
705 3377 1057 3437 tentaverat;
1090 3368 1226 3442 ipsi,
1281 3367 1541 3440 inquam,
1587 3385 1780 3426 omnes
1825 3373 1894 3426 ad
1935 3391 2060 3432 eum

485 3460 895 3526 reconciliatum
936 3469 1300 3526 recurrentes,
1331 3475 1446 3516 non
1481 3469 1744 3518 terrorem
1779 3465 1872 3520 sed
1898 3469 2064 3524 auda-

483 3553 626 3608 ciam
664 3551 734 3606 ab
773 3565 861 3620 eo,
895 3566 996 3622 pro
1030 3559 1336 3622 perpetrata
1372 3551 1678 3622 iniquitate,
1703 3567 2058 3627 acceperunt;

483 3643 616 3714 quin
639 3642 806 3700 etiam
835 3643 894 3698 in
913 3643 1264 3700 damnatione
1284 3643 1582 3714 Apostolici
1617 3647 1760 3716 apud
1782 3664 1908 3702 eum
1935 3665 2063 3706 con-

475 3735 701 3804 jurandi
732 3735 915 3790 locum
952 3736 1296 3792 invenerunt.
1341 3735 1466 3806 Ipse.
1489 3752 1622 3794 vero
1656 3739 1883 3808 ejusque
1917 3757 2063 3797 com-

482 3827 681 3896 pliees,
728 3828 1168 3883 communionem
1217 3836 1493 3900 utcunque
1537 3829 1738 3884 idcirco
1777 3830 2063 3892 festinave-

481 3927 608 3973 rant
633 3918 899 3987 recipere;
927 3920 1080 3990 quia,
1111 3919 1268 3989 juxta
1303 3921 1474 3990 legem
1518 3914 1968 3991 Teutonicorum,
1999 3941 2060 3982 se

482 4008 699 4079 praediis
722 4017 776 4066 et
796 4010 1074 4067 beneﬁciis
1097 4011 1390 4088 privanlos
1423 4028 1544 4068 esse
1567 4028 1676 4068 non
1706 4013 2024 4072 dubitabant
2039 4059 2055 4084 ,

481 4101 530 4158 si
555 4101 660 4158 sub
691 4102 1256 4173 excommunicatione
1299 4104 1572 4176 integrum
1612 4120 1816 4160 annum
1853 4123 2062 4177 perma-

481 4201 674 4248 nerent
698 4212 712 4246 :
735 4195 892 4264 cujus
925 4194 1104 4250 adhuc
1135 4211 1277 4250 unus
1297 4197 1504 4252 mensis
1525 4196 1814 4268 superfuit,
1835 4198 1966 4254 dum
1990 4191 2063 4254 ad

481 4283 978 4342 reconciliationem
1032 4287 1289 4342 redirent.
1333 4286 1787 4344 Communionem
1839 4289 2054 4359 itaque,

2259 363 2344 419 77.
2388 363 2505 419 Non
2530 362 2699 418 multo
2727 369 2849 431 post
2873 370 3052 418 tamen
3085 359 3196 416 Rex
3218 361 3287 416 ab
3312 360 3622 432 Apostolico
3644 363 3751 432 jair

2188 453 2356 524 Regni
2380 452 2786 508 concessionem
2823 449 3034 516 callide,
3071 459 3130 504 ut
3162 451 3626 516 communionem,
3667 452 3740 506 cli

2185 559 2306 599 cere
2353 544 2582 599 volebat.
2635 540 2796 597 Missa
2839 540 2982 595 enim
3034 540 3334 612 legatione,
3390 541 3670 597 humiliter
3707 543 3761 598 li

2185 637 2556 708 supplicabat,
2596 643 2656 692 ut
2699 633 2782 688 vel
2817 649 2940 688 eum
2989 633 3155 688 semel
3191 632 3335 702 apud
3373 631 3432 686 S.
3489 629 3759 687 Joannem

2185 729 2375 800 in(76)
2407 729 2638 801 Moytia,
2672 743 2766 801 per
2789 725 3088 797 Episcopos
3116 725 3437 797 Papiensem
3471 733 3528 779 et
3559 723 3762 780 Medio-

2177 820 2483 886 lanensem,
2509 833 2663 874 more
2689 819 2934 888 priorum
2968 817 3202 888 Regum,
3244 817 3499 872 coronari
3541 816 3762 888 permit-

2183 919 2356 968 teret:
2387 910 2493 976 vel,
2521 910 2568 966 si
2601 910 2709 966 hoc
2735 907 2900 964 nollet
2927 907 3045 964 fieri
3065 923 3162 977 per
3191 907 3506 976 hujusmodi
3536 905 3763 978 Episco-

2173 1013 2301 1070 ρος,
2325 1006 2510 1070 utpote
2529 997 3049 1063 excommunicatos,
3072 996 3261 1052 saltem
3284 997 3390 1051 hoc
3413 997 3756 1068 privilegium

2179 1087 2493 1160 Apostolica
2522 1087 2846 1144 auctoritate
2873 1086 3095 1140 cuilibet
3135 1084 3405 1156 EpiscOpo
3435 1087 3762 1142 concederet

2178 1181 2614 1252 exsequendum;
2657 1179 2728 1235 ob
2765 1180 2869 1235 hoc
2909 1179 3145 1234 maxime
3179 1187 3438 1248 appetens
3477 1179 3756 1248 coronari,

2177 1280 2240 1326 ut
2259 1271 2642 1327 communione
2667 1270 2830 1326 etiam
2871 1268 3116 1342 Regnum
3150 1284 3181 1323 a
3217 1269 3464 1326 Romano
3494 1269 3760 1327 Pontiﬁce

2173 1362 2451 1417 videretur
2482 1361 2771 1432 recepisse.
2799 1359 2902 1416 Sed
2927 1359 3092 1432 Papa,
3125 1361 3472 1418 calliditatem
3499 1362 3620 1431 ejus
3639 1362 3756 1432 jam

2178 1451 2313 1506 satis
2364 1459 2656 1522 expertus,
2700 1450 2851 1505 nullo
2890 1451 3056 1506 modo
3095 1452 3238 1507 votis
3284 1452 3404 1522 ejus
3447 1453 3621 1508 voluit
3670 1469 3759 1508 ao-

2177 1541 2457 1613 quiescere
2485 1560 2499 1597 :
2528 1541 2817 1614 diligenter
2850 1558 3036 1598 secum
3084 1543 3200 1614 ipse
3241 1553 3502 1614 reputans
3539 1559 3600 1600 se
3633 1545 3758 1614 qui-

2177 1633 2299 1689 dem
2338 1648 2462 1689 eum
2513 1647 2613 1704 pro
2661 1634 2848 1690 multis
2897 1634 3252 1702 criminibus,
3300 1643 3357 1690 et
3385 1637 3624 1692 maxime
3651 1654 3756 1709 pro

2104 1707 2147 1762 Β
2173 1723 2536 1780 inobedientia
2556 1733 2609 1780 et
2617 1724 2960 1780 contumacia
2973 1725 3299 1801 Apostolica:
3311 1725 3467 1783 Sedis
3489 1707 3752 1802 irrogata,

2171 1829 2205 1870 a
2235 1813 2422 1886 Regno
2455 1815 2792 1886 deposuisse,
2835 1831 3134 1888 omnesque
3173 1817 3222 1872 ei
3258 1817 3476 1887 juratos
3519 1820 3590 1875 ab
3628 1823 3754 1892 ejus

2169 1907 2414 1963 dominio
2451 1907 2652 1964 liberos
2683 1907 2982 1963 reddidisse
3019 1927 3032 1964 :
3069 1916 3124 1963 et
3153 1910 3224 1964 ob
3263 1910 3398 1978 hoc,
3439 1912 3755 1968 nullatenus

2169 2013 2316 2065 eum,
2345 1999 2488 2054 sicut
2508 2015 2608 2054 nec
2638 1999 2826 2066 alium,
2855 2000 2910 2054 in
2941 1999 3142 2072 Regem
3165 2000 3528 2072 Principibus,
3560 2015 3754 2076 utpote

2169 2091 2356 2148 liberis
2377 2091 2710 2158 hominibus,
2750 2093 3044 2162 superponi
3071 2093 3290 2162 debere,
3323 2095 3532 2166 absque
3553 2104 3749 2152 eorum

2167 2179 2448 2235 electione.
2473 2177 2612 2236 Nam
2641 2189 2696 2234 et
2722 2195 2752 2234 a
2775 2189 2891 2236 toto
2916 2181 3104 2254 Regno
3134 2183 3202 2239 de
3224 2192 3305 2238 tot
3325 2199 3390 2239 ac
3419 2185 3586 2241 tantis
3611 2186 3751 2257 inju-

2167 2271 2266 2326 riis
2296 2287 2360 2326 ac
2395 2271 2632 2340 perfidiis
2671 2280 2791 2326 erat
2831 2272 3157 2344 inculpatus,
3195 2285 3255 2330 ut
3281 2275 3349 2330 de
3383 2277 3470 2332 his
3503 2293 3630 2334 eum
3655 2295 3751 2334 ne-

2168 2375 2318 2416 cesse
2343 2368 2487 2415 esset
2509 2359 2762 2428 primitus
2783 2363 3070 2434 cxpurgari
3104 2365 3172 2433 (si
3195 2371 3376 2420 tamen
3404 2367 3510 2423 hoc
3541 2370 3750 2442 aliqua-

2168 2461 2326 2506 tenus
2367 2458 2553 2522 posset
2596 2450 2734 2523 lieri)
2785 2461 2840 2507 et
2887 2453 2968 2507 sic
3014 2453 3236 2508 demum
3291 2469 3420 2510 cum
3469 2473 3745 2516 consensu

2167 2542 2334 2596 totius
2367 2540 2540 2613 Regni
2580 2541 2818 2613 legitime
2859 2543 3131 2598 coronari.
3177 2543 3290 2599 Rex
3325 2545 3488 2616 igitur
3521 2563 3585 2602 ea
3625 2549 3747 2605 vice

2165 2647 2383 2704 quoque
2423 2632 2676 2687 simulata
2703 2633 3009 2690 obedientia
3035 2635 3177 2705 apud
3219 2634 3332 2708 (77)
3355 2636 3609 2710 Moytiam
3645 2639 3749 2694 Re-

2165 2724 2304 2794 galia
2331 2723 2564 2793 insignia
2584 2739 2693 2778 non
2719 2725 3004 2794 usurpavit
3032 2744 3044 2779 :
3077 2741 3199 2796 quae
3226 2733 3406 2781 tamen
3433 2743 3542 2783 non
3567 2729 3745 2784 multo

2165 2822 2288 2884 post
2311 2823 2500 2869 contra
2526 2815 2766 2869 bannum
2797 2815 3005 2872 domini
3039 2815 3199 2886 Papa:
3241 2832 3540 2886 resumere,
3569 2828 3626 2874 et
3661 2821 3743 2875 in-

2167 2904 2391 2960 terdicta
2413 2905 2587 2976 Regni
2615 2906 2983 2977 gubernacula
3008 2922 3274 2978 usurpare
3295 2924 3406 2980 non
3428 2911 3631 2966 timuit.

2235 2995 2321 3051 78.
2363 2994 2584 3052 Interim
2619 2997 2886 3052 transibat
2906 2998 3193 3067 terminus,
3225 3015 3389 3069 quem
3429 3017 3520 3056 rex
3551 3017 3740 3061 coram

2163 3085 2378 3158 Legatis
2408 3089 2737 3158 Apostolicae
2760 3087 2918 3144 Sedis
2939 3104 3065 3144 cum
3099 3089 3446 3162 Principibus
3475 3091 3647 3165 Regni
3672 3095 3741 3151 ad

2161 3177 2461 3248 Augustam
2495 3176 2549 3233 in
2575 3179 2961 3236 Puriﬁcatione
2996 3177 3054 3235 S.
3092 3179 3276 3236 Mariae
3305 3183 3645 3252 condixerat,
3671 3185 3740 3242 ad

2161 3283 2323 3338 quem
2363 3269 2476 3339 jam
2517 3269 2662 3340 Papa
2705 3270 2893 3324 venire
2945 3281 3270 3339 conceperat
3307 3291 3320 3326 :
3369 3282 3424 3328 et
3453 3274 3570 3342 jam
3612 3276 3742 3332 illuc

2160 3359 2514 3438 pervenisset,
2545 3360 2590 3414 si
2615 3375 2724 3415 non
2756 3360 2898 3414 idem
2934 3357 3078 3425 Rex,
3110 3370 3300 3418 contra
3329 3377 3628 3422 commune
3652 3368 3742 3424 de-

2160 3459 2369 3504 cretum
2429 3451 2672 3506 omnium
2733 3451 3011 3521 ingressus
3071 3450 3281 3507 Italiam
3307 3494 3322 3520 ,
3369 3456 3740 3514 conducturos

2160 3539 2532 3611 Apostolieum
2555 3557 2586 3596 a
2614 3541 2885 3597 conductu
2907 3533 3261 3598 deterruisset
3293 3562 3306 3596 :
3343 3546 3635 3616 terminus,
3660 3549 3740 3606 in—

2159 3647 2357 3702 quam,
2408 3632 2500 3687 ubi
2545 3647 2729 3688 coram
2780 3629 3096 3702 Apostolico
3145 3633 3521 3692 inaudientia
3569 3640 3738 3696 totius

2161 3721 2330 3793 Regni
2365 3723 2626 3778 canonice
2662 3725 2730 3778 de
2767 3723 3090 3780 criminibus
3123 3725 3286 3782 illatis
3317 3731 3641 3800 expurgari,
3689 3733 3737 3787 si

2159 3813 2500 3883 inculpabilis
2522 3823 2688 3881 esset,
2740 3823 3074 3885 expurgatus
3111 3816 3347 3888 legitime
3377 3820 3432 3873 in
3465 3819 3734 3892 Regnum,

2159 3920 2283 3978 eum
2316 3921 2586 3960 consensu
2619 3907 2862 3962 omnium
2885 3947 2900 3971 ,
2939 3907 3150 3961 restitui
3193 3918 3377 3978 posset
3406 3929 3418 3963 :
3457 3911 3524 3966 ad
3569 3929 3734 3984 quem

2159 3995 2274 4066 ipse
2305 3995 2488 4050 venire
2523 3998 2869 4070 contempsit,
2893 3997 3004 4052 imo
3032 4015 3146 4054 sua:
3169 4015 3350 4055 causm
3371 3999 3598 4069 difﬁsus,
3624 4019 3735 4058 non

2157 4087 2530 4157 praesumpsit;
2567 4098 2620 4142 et.
2639 4087 2864 4159 Papam,
2898 4105 2965 4143 ne
2991 4091 3072 4143 vel
3099 4091 3226 4146 illuc
3261 4093 3490 4159 veniret,
3515 4093 3736 4150 fraudu-

2159 4175 2330 4230 lenter
2354 4177 2407 4230 in
2433 4176 2804 4248 Langobardia
2836 4183 3253 4252 praeoccupavit.

2232 4309 2317 4365 79.
2358 4310 2496 4365 Cum
2518 4313 2682 4382 igitur
2722 4313 3004 4384 Principes
3046 4315 3214 4386 Regni
3242 4319 3535 4372 terminum
3569 4336 3735 4390 gene-

481 4392 590 4431 non
625 4384 684 4430 ut
707 4391 766 4431 se
787 4377 1141 4447 corrigerent,
1177 4379 1522 4448 repetebant;
1557 4381 1670 4445 sed,
1703 4389 1762 4435 ut
1789 4379 2055 4450 plurimos

2168 4399 2256 4453 rali
2299 4399 2516 4456 decreto
2541 4377 2818 4458 statutum
2863 4377 3062 4476 Regem
3107 4377 3532 4479 svubterfugisse,
3570 4377 3631 4465 et
3673 4427 3732 4466 se

473 4467 590 4536 jam
621 4467 828 4522 dudum
849 4469 920 4522 ab
949 4467 1058 4524 illis
1087 4469 1432 4525 anathemate
1458 4481 1740 4540 separatos
1763 4472 1869 4528 sibi
1903 4486 2054 4528 reso-

479 4558 716 4622 ciarent;
759 4557 945 4628 sicque
994 4567 1148 4614 tanto
1196 4560 1488 4627 audacius,
1541 4571 1692 4617 tanto
1739 4563 2052 4629 crudelius,

477 4657 686 4720 quanto
723 4664 854 4714 cum
880 4650 1148 4719 pluribus,
1180 4651 1341 4706 solita
1365 4653 1650 4724 tyrannide
1683 4664 1928 4710 sanctam
1957 4653 2056 4710 Ec-

479 4739 702 4806 clesiam
728 4740 1034 4809 Opprimere
1061 4750 1306 4810 possent.
1335 4739 1471 4798 Nam
1503 4743 1688 4800 statim
1711 4753 1835 4814 post
1869 4759 2055 4802 recon-

477 4829 832 4896 ciliationem,
866 4837 926 4882 ut
955 4829 1272 4899 praedictum
1302 4839 1414 4899 est,
1442 4831 1512 4886 ad
1533 4833 1823 4902 pristinum
1849 4834 2056 4888 voluta-

475 4923 634 4976 brum
661 4920 854 4986 redire,
880 4920 973 4975 sed
997 4929 1050 4974 et
1077 4919 1420 4988 Simoniacis,
1443 4933 1629 4994 utpote
1649 4925 1734 4980 sui
1761 4925 2049 4991 similibus,

476 5020 664 5076 contra
706 5007 1075 5080 Apostoliéam
1121 5009 1314 5068 Sedem
1369 5015 1632 5071 assentire
1683 5031 1790 5071 non
1837 5015 2052 5072 dubita-

466 5115 538 5152 ru
547 5109 621 5154 nt.

547 5277 1048 5351 (75_l{t°s)__A(gqlaia_
1078 5280 1190 5336 sive
1223 5281 1474 5351 Adelasia
1499 5296 1593 5341 aut
1614 5285 1858 5351 Adalat's,
1883 5284 2046 5342 Olrici

475 5346 792 5386 ὶίῃσηίῗηέιῖί
849 5348 1178 5386 Marnhinnin
1213 5350 1450 5386 annui-n
1508 5355 1611 5386 Ωιι..
1665 5346 1856 5386 ’.ιιι-ιη(
1903 5372 2046 5386 ιιι-..ιη

2153 4489 2318 4544 etiam
2361 4491 2464 4546 hac
2495 4493 2640 4559 vice,
2679 4494 2838 4549 solita
2883 4494 3003 4565 ejus
3046 4497 3306 4566 perﬁdia,
3345 4499 3568 4556 delusus
3607 4517 3733 4557 esse

2155 4579 2690 4651 animadvertissent;
2742 4599 2978 4656 cumque
3018 4587 3138 4657 ejus
3178 4590 3476 4645 versutiam
3521 4605 3626 4647 nec
3673 4593 3727 4646 in

2154 4671 2272 4741 ipsa
2312 4674 2752 4732 reconciliatione
2781 4678 2863 4732 vel
2902 4688 3089 4748 postea
3121 4693 3389 4749 cessasse,
3417 4681 3727 4738 certissima

2153 4762 2414 4820 relatione
2435 4763 2786 4834 didicissent;
2815 4785 2942 4825 mox
2968 4769 3022 4824 in
3071 4771 3268 4826 Suevia
3297 4774 3440 4843 apud
3485 4771 3724 4838 Ulmam,

2152 4863 2419 4909 conventu
2449 4854 2615 4923 facto,
2657 4857 3118 4927 deliberaverunt;
3164 4878 3233 4917 ne
3268 4878 3328 4918 se
3361 4863 3617 4934 deinceps
3655 4865 3726 4920 ab

2149 4943 2243 4999 illo
2263 4945 2548 5014 ludificari,
2681 4951 2862 5020 potius
2883 4951 3108 5022 pristina
3131 4953 3249 5024 ejus
3272 4953 3563 5012 calliditate
3586 4956 3702 5026 peri

2151 5035 2328 5090 clitari
2378 5037 2777 5108 permitterent;
2822 5044 2917 5098 sed
2969 5059 3084 5100 suae
3140 5043 3340 5113 saluti,
3389 5046 3446 5102 in
3497 5047 3720 5118 legitimi

2152 5123 2422 5197 Principis
2453 5129 2751 5198 electione,
2794 5133 3160 5202 providerent.
3207 5135 3264 5190 In
3297 5137 3488 5192 eodem
3537 5146 3718 5192 autem

2148 5293 2799 5386 Aqglli‘stal'aurinorum.
2851 5378 2863 5386 Δ
