3986 5386
262 289 327 343 81
1244 288 1772 346 PROLECOMENA.
1792 319 1855 327 —
1885 286 2066 341 ACTA
2107 287 2163 342 S.
2197 285 2543 343 GREGORII.

3458 281 3530 335 82

264 400 554 467 (Iumenta
628 399 773 469 apud
838 399 1084 467 Utinam,
1151 402 1457 472 generalius
1510 401 1855 471 Colloquium
1887 403 1930 458 Α
1960 397 2218 454 Romana:
2252 398 2506 454 Ecclesiae
2541 396 2849 455 Cardinalis
2890 396 3188 462 Diaconos;
3223 396 3350 449 item
3396 396 3532 450 alter

268 489 336 543 ad
358 488 473 557 ('18)
503 488 827 545 Forecbeim
857 492 889 544 4
910 490 1036 546 ldus
1071 490 1267 558 Martii,
1307 493 1375 547 ad
1410 493 1536 546 novi
1561 490 1725 561 Regis
1759 491 1865 545 ele-

272 580 508 634 etionem
541 581 950 636 condixcrunt:
983 581 1052 636 ad
1086 582 1231 652 quod
1255 583 1423 637 etiam
1468 581 1683 637 Domini
1724 582 1864 651 Apo-

270 670 451 724 stolici
473 671 777 726 consilium
802 682 856 726 et
875 673 1137 727 auxilium
1159 673 1269 728 sibi
1296 675 1500 740 venire,
1524 674 1692 729 missa
1726 673 1864 742 lega—

277 761 441 826 tione,
469 763 913 831 postulaverunt.
942 762 1064 830 Quo
1084 764 1302 832 audito,
1335 764 1482 835 Papa
1513 765 1580 820 ad
1615 766 1670 821 id
1702 765 1864 820 collo-

274 852 462 920 quium
495 851 738 924 Legatos
771 855 989 921 direxit,
1037 856 1132 926 qui
1166 853 1448 926 Principes
1485 864 1762 927 rogarent,
1804 864 1865 911 ut

272 943 698 1013 dispositionem
724 944 895 1017 Regni
929 962 1105 1017 usque
1128 948 1183 1001 in
1216 948 1509 1003 adventum
1535 949 1655 1019 ejus
1677 948 1862 1004 diﬁ‘er-

278 1041 429 1098 rent,
483 1034 533 1090 si
570 1036 682 1091 hoc
725 1035 844 1093 sine
884 1038 1131 1107 periculo
1174 1037 1291 1093 ﬁeri
1348 1053 1509 1108 posse
1559 1048 1859 1109 sperarent.

278 1121 460 1178 Noluit
494 1140 631 1181 sane
665 1127 751 1183 eis
790 1130 897 1183 hoc
941 1144 1011 1185 ex
1037 1128 1260 1184 deﬁnito
1306 1131 1618 1200 praecipere,
1656 1146 1725 1186 ne
1760 1130 1865 1187 sibi

276 1215 396 1283 jure
417 1214 683 1285 imputari
699 1226 906 1288 posset,
925 1218 971 1274 si
994 1221 1139 1290 quod
1166 1221 1468 1290 periculum
1495 1228 1672 1277 status
1694 1221 1863 1292 Regni

282 1320 347 1358 ex
374 1305 465 1360 illa
496 1307 764 1362 dilatione
802 1309 1140 1365 incurrisset.
1180 1311 1364 1366 Altera
1404 1321 1585 1367 autem
1621 1313 1709 1368 die
1742 1322 1868 1383 post

282 1395 657 1453 dimissionem
680 1399 1008 1470 legatorum,
1024 1400 1372 1473 Manegoldus
1391 1402 1610 1469 Comes,
1636 1419 1866 1474 magnus

283 1494 494 1542 amator
522 1490 796 1558 veritatis,
832 1493 1087 1557 advenit;
1121 1494 1281 1563 cujus
1324 1494 1585 1551 relatione
1614 1495 1760 1565 Papa
1800 1495 1867 1549 de

280 1595 423 1635 novo
450 1579 601 1653 Rege
634 1585 1021 1640 constituendo
1043 1586 1241 1640 certior
1271 1585 1478 1653 factus,
1502 1587 1667 1641 alium
1691 1586 1867 1657 Lega-

284 1680 417 1738 tum,
469 1674 801 1744 Gregorium
843 1677 1050 1732 scilicet
1085 1676 1345 1733 Romanaa
1379 1677 1636 1733 EcClesia:
1671 1678 1867 1734 Diaco-

278 1778 430 1829 num,
463 1766 533 1820 ad
556 1743 844 1837 Principes
878 1767 1051 1839 Regni
1081 1768 1374 1824 destinavit
1401 1788 1415 1823 :
1451 1770 1564 1839 qui,
1599 1786 1694 1826 ecs
1717 1770 1865 1840 Apo-
1900 1743 1945 1799 Β

274 1855 472 1910 stoliea
499 1859 833 1914 auctoritate
867 1860 1161 1914 adventum
1205 1861 1326 1930 ejus
1372 1862 1672 1931 praestolari
1720 1877 1869 1916 com-

282 1946 546 2013 pelleret:
588 1964 655 2003 eo
682 1958 867 2004 tamen
902 1951 1155 2020 primitus
1185 1952 1489 2022 explorato,
1527 1953 1573 2008 si
1615 1952 1748 2019 Rex,
1776 1955 1869 2023 qui

278 2037 458 2094 adhuc
494 2039 550 2095 in
574 2038 960 2114 Langobardia
991 2043 1328 2110 morabatur,
1351 2044 1421 2099 ab
1453 2045 1641 2099 eodem
1670 2044 1873 2116 Legato

278 2138 618 2197 conventus,
674 2134 1026 2188 securitatem
1076 2133 1258 2189 facere
1300 2135 1489 2203 vellet,
1534 2144 1596 2190 ut
1651 2136 1874 2191 domino

282 2218 438 2290 Papa:
481 2224 782 2278 transitum
824 2225 895 2280 ad
929 2223 1262 2281 Teutonicas
1306 2236 1520 2296 partes,
1555 2242 1657 2297 pro
1701 2228 1873 2299 ipsius

281 2326 447 2368 causa
478 2313 1274 2383 determinanda,concederct.
1304 2316 1462 2384 Quod
1490 2318 1536 2374 si
1563 2318 1677 2374 Rex
1709 2320 1877 2375 nollet

284 2405 605 2473 concedere,
637 2407 899 2478 praecepit
925 2406 1071 2478 Papa
1105 2415 1166 2462 ut
1210 2407 1447 2478 Legatus
1471 2410 1540 2466 ad
1566 2427 1624 2467 se
1650 2411 1874 2477 rediret,

287 2509 385 2550 nec
432 2496 722 2568 Principes
766 2514 893 2555 cum
935 2499 1117 2570 aliqua
1168 2499 1429 2556 dilatione
1470 2518 1500 2557 a
1542 2502 1875 2572 providenda

292 2584 462 2657 Regni
494 2589 826 2645 necessitate
860 2590 1235 2662 suspenderet.
1274 2590 1407 2646 Item
1452 2593 1629 2648 eidem
1674 2593 1877 2664 Legato

292 2678 572 2746 praelatam
616 2681 946 2752 legationem
994 2682 1282 2752 imponens
1327 2682 1502 2754 Papa,
1558 2684 1695 2740 dixit
1739 2685 1880 2739 inter

294 2770 397 2824 alia
430 2790 444 2824 :
474 2787 534 2827 se
571 2773 733 2842 quasi
783 2789 885 2844 pro
923 2773 1127 2829 indicio
1167 2774 1483 2844 hujusmodi
1529 2775 1878 2833 securitatem

299 2861 559 2932 exegisse,
597 2864 775 2934 cujus,
822 2866 1067 2936 inquam,
1102 2867 1411 2923 securitatis
1435 2868 1699 2924 exhibitio
1725 2869 1879 2926 illum

303 2953 354 3005 in
386 2951 633 3024 Regnum
679 2957 895 3012 restitui
926 2970 1088 3027 posse
1128 2959 1446 3029 praesagiret
1474 2978 1487 3014 :
1521 2960 1704 3028 sicuti,
1729 2961 1879 3031 ejus-

301 3043 419 3102 dem
455 3046 770 3103 securitatis
814 3048 1137 3118 denegatio,
1175 3048 1281 3104 hoc
1315 3064 1441 3104 eum
1474 3065 1583 3105 non
1609 3067 1789 3121 posse,
1814 3068 1878 3106 ex

300 3134 484 3190 divino
507 3135 707 3192 indicio
731 3139 1034 3193 denotaret.

370 3224 458 3280 80.
500 3226 647 3282 Inter
677 3230 793 3284 haec
828 3230 994 3285 verba
1022 3228 1183 3299 Papae
1204 3239 1315 3287 tres
1337 3231 1492 3303 digiti
1513 3232 1633 3302 ejus
1658 3233 1878 3299 dextrae,

306 3332 476 3388 usque
514 3320 581 3373 ad
618 3321 889 3386 medium,
936 3329 1159 3390 repente
1211 3323 1495 3393 sanguinei
1544 3339 1881 3394 apparuere;

306 3424 441 3478 quos
499 3412 762 3482 sanguine
818 3428 886 3467 ex
944 3413 1170 3467 naribus
1222 3413 1523 3482 profluente
1582 3417 1883 3471 maculatos

308 3500 645 3569 existimans,
661 3502 939 3574 detergere
964 3504 1129 3574 C(Bpit
1149 3522 1161 3557 :
1187 3504 1282 3559 sed
1294 3518 1390 3561 eos
1411 3506 1726 3577 sanguineis
1739 3508 1882 3563 notis

201 3646 204 3647 ν
308 3591 617 3651 nullatenus
662 3594 973 3650 emaculare
1022 3594 1219 3664 potuit.
1271 3593 1411 3651 Hinc
1449 3595 1567 3666 ipse
1600 3605 1654 3652 et
1690 3598 1884 3669 reliqui

308 3684 596 3752 sapientes,
632 3685 727 3755 qui
784 3687 887 3742 hoc
919 3686 1246 3741 miraculum
1297 3698 1730 3758 conspexerunt,
1781 3691 1883 3745 ali-

308 3774 433 3843 quid
457 3776 642 3846 magni
662 3792 760 3846 per
789 3778 903 3833 haec
929 3779 1084 3848 signa
1118 3778 1368 3847 portendi
1410 3794 1519 3834 non
1544 3780 1883 3837 dubitarunt.

304 3860 472 3920 [Erant
493 3875 679 3921 autem
697 3868 770 3921 ibi
790 3876 918 3924 tunc
933 3876 1228 3939 praesentes
1243 3871 1671 3938 praenominatus
1690 3871 1887 3929 Comes

308 3953 690 4027 Manegoldus,
723 3967 781 4015 et
820 3959 1148 4015 venerabilis
1189 3958 1477 4031 Presbyter
1510 3961 1885 4030 Ei-kinbertus,

308 4062 428 4104 cum
454 4050 580 4105 aliis
601 4066 773 4120 quam
797 4051 1046 4121 pluribus
1077 4051 1133 4104 in
1156 4050 1357 4120 oppido
1380 4050 1608 4107 Canusii
1633 4054 1686 4107 in
1713 4057 1890 4125 capite

309 4138 522 4210 Jejunii,
550 4141 704 4212 quod
734 4157 802 4197 eo
842 4156 987 4197 anno
1016 4141 1245 4212 contigit
1279 4141 1392 4214 (79)
1439 4143 1494 4196 in
1529 4142 1646 4199 Kal.
1685 4144 1885 4201 Martii.

311 4229 562 4305 Percepta
586 4234 761 4305 igitur
787 4235 1077 4305 legatione,
1111 4233 1298 4287 statim
1334 4231 1572 4304 Legatus
1591 4235 1659 4289 ad
1689 4232 1890 4307 Regem

309 4325 639 4397 properavit,
674 4340 804 4381 cum
836 4326 1092 4395 praedicto
1135 4324 1350 4380 Comite
1378 4344 1391 4379 :
1421 4327 1517 4381 sed
1543 4325 1657 4381 Rex
1680 4327 1891 4385 securi-

1961 488 2311 545 Bernhardus
2336 489 2486 561 (80),
2511 488 2692 544 Abbas
2721 488 3009 558 religiosus
3032 486 3100 542 de
3120 486 3354 542 Massilia
3373 528 3388 550 ,
3421 486 3533 540 fere

1961 589 2344 635 sexcentorum
2376 581 2769 636 monachorum
2801 579 2990 645 Pater,
3022 579 3116 649 qui
3140 578 3306 633 etiam
3346 590 3523 632 secuit

1959 672 2115 726 duxit
2147 673 2421 743 egregium
2464 671 2749 727 Ductorem
2791 671 3115 741 quemdam,
3163 670 3384 725 nomine
3419 668 3551 738 (8ης

1958 760 2357 828 Christianum,
2378 763 2721 832 postmodum
2746 762 3034 816 Aversanae
3054 761 3288 816 civitatis
3311 759 3537 829 Episco-

1961 867 2110 921 pum.
2145 853 2316 922 Cujus
2342 868 2480 923 opus
2499 861 2648 909 extat
2664 852 2924 908 eximium
2952 859 3140 907 contra
3162 850 3541 906 Turonensem

1962 941 2371 1015 Berengarium.
3020 944 3024 951 “

2033 1057 2120 1112 8|.
2161 1055 2281 1113 Non
2314 1057 2595 1129 indignum
2638 1058 2853 1112 videtur
2883 1056 2989 1112 hoc
3018 1056 3072 1110 in
3098 1055 3221 1111 loco
3263 1054 3540 1125 paulisper

1963 1149 2229 1205 orationis
2262 1166 2483 1205 cursum
2522 1148 2811 1215 retentare,
2852 1157 2904 1203 et
2945 1164 3107 1219 quam
3151 1147 3363 1202 ﬁdelem
3395 1144 3541 1215 Apo-

1965 1241 2170 1295 stolicaa
2202 1241 2561 1297 institutionis
2596 1250 2922 1296 sectatorem
2963 1249 3017 1293 et
3038 1246 3451 1310 propagatorcm
3485 1236 3540 1290 in

1962 1332 2172 1386 Comite
2207 1332 2523 1404 Manegoldo
2562 1347 2669 1387 non
2723 1332 2890 1388 semel
2952 1327 3545 1387 commemorato'Grc-

1967 1424 2154 1493 gorius
2177 1431 2366 1477 noster
2404 1422 2681 1490 habuerit,
2705 1421 3006 1477 declarare.
3048 1418 3147 1475 llic
3181 1419 3326 1474 enim
3351 1434 3414 1471 ex
3449 1432 3547 1487 gen

1967 1529 2163 1568 nerosa
2183 1522 2238 1569 et
2260 1514 2519 1585 religiosa
2539 1512 2651 1584 (82)
2674 1511 2735 1567 Β.
2763 1511 3001 1567 Udalrici
3034 1506 3393 1581 Augustensis
3416 1505 3544 1576 Epiz-

1968 1606 2121 1675 seopi
2142 1606 2456 1678 genealogia
2479 1613 2816 1676 procreatus,
2840 1614 2893 1659 et
2911 1621 2943 1659 a
2961 1601 3364 1675 sapientissimo
3382 1599 3553 1655 fratre

1970 1712 2093 1764 suo,
2127 1696 2463 1753 licrimanno
2482 1698 2734 1753 videlicet
2757 1698 3072 1763 Contracto,
3103 1696 3158 1751 in
3182 1695 3332 1750 omni
3364 1694 3552 1749 obser-

1972 1788 2155 1842 vantia
2188 1786 2511 1843 Christiauze
2533 1787 2812 1859 religionis
2846 1787 2912 1842 ad
2936 1802 3168 1857 unguem
3202 1783 3551 1850 informatus,

1970 1876 2123 1948 virgo
2154 1876 2423 1947 virginem
2448 1876 2674 1932 sortitus
2709 1884 2794 1931 est
2826 1890 3084 1940 uxorem;
3119 1875 3369 1944 duosque
3411 1873 3554 1928 ﬁlios

1970 1982 2038 2021 cx
2060 1983 2123 2023 ea
2155 1973 2439 2038 generatos
2468 1967 2521 2022 in
2546 1972 2697 2021 tanta
2732 1965 3019 2036 disciplina
3049 1979 3220 2034 usque
3241 1964 3309 2018 ad
3333 1960 3546 2032 juvenis

1972 2058 2079 2112 lem
2103 2065 2318 2113 aetatem
2339 2056 2610 2123 educavit,
2647 2064 2707 2111 ut
2735 2057 2967 2111 alterum
3009 2069 3198 2109 eorum
3223 2052 3290 2107 ad
3318 2052 3550 2107 similem

1973 2149 2375 2221 monogamiam
2425 2149 2726 2218 perducens
2758 2146 3011 2202 heredem
3063 2144 3148 2200 sui
3182 2143 3551 2211 relinqueret;

1975 2239 2226 2305 alterum,
2265 2222 2318 2293 in
2345 2239 2601 2294 cmlibatu
2624 2237 2888 2302 occisum,
2919 2236 3029 2290 imo
3056 2235 3229 2305 ipsius
3261 2232 3555 2287 occisionis

1975 2330 2095 2401 ejus
2123 2329 2312 2401 (diem)
2354 2330 2518 2401 longe
2548 2329 2799 2384 locorum
2837 2327 3119 2382 intervallo
3158 2334 3420 2389 remotus,
3462 2338 3558 2393 per

1977 2420 2229 2489 Spiritum
2265 2419 2585 2475 mirabiliter
2618 2433 2943 2489 agnoscens,
2989 2416 3140 2471 ﬁeret
3181 2420 3235 2470 et
3260 2415 3552 2484 gauderet;

1977 2507 2126 2563 ﬂevit
2159 2508 2305 2563 enim
2348 2514 2571 2578 propter
2608 2507 2955 2563 acerbitatem
3012 2505 3302 2574 inopinata:
3330 2503 3554 2567 mortis,

1978 2606 2033 2653 et
2066 2599 2285 2669 gavisus
2320 2606 2404 2653 est
2437 2606 2659 2669 propter
2702 2597 3080 2668 impunitatem
3117 2595 3559 2649 incontaminatae

1974 2690 2294 2760 juventutis.
2332 2689 2446 2745 Hoc
2479 2698 2660 2744 autem
2692 2690 2927 2744 maXime
2957 2688 3295 2744 castiﬁeabat
3320 2687 3555 2747 liberos,

1980 2780 2126 2850 quod
2155 2796 2319 2835 verax
2360 2788 2514 2849 pater
2549 2779 2984 2835 comminabatur
3018 2779 3100 2832 eis
3132 2775 3557 2832 exhercditatio-

1980 2885 2127 2937 nem,
2152 2868 2199 2925 si
2238 2884 2425 2938 quam,
2448 2876 2644 2939 praeter
2664 2868 2957 2938 legitimam
2981 2866 3253 2936 copulam,
3277 2881 3402 2921 cum
3435 2880 3528 2919 mu
3548 2896 3564 2906 -

1981 2959 2204 3014 lieribus
2242 2966 2587 3029 perpetrasse
2624 2959 3005 3029 detegerentur
3033 2956 3556 3025 coinquinationcm.

1908 3076 1950 3135 ε
1984 3048 2079 3104 Vir
2102 3049 2266 3121 igitur
2285 3048 2809 3116 Christianissimus,
2844 3063 2970 3104 cum
3006 3046 3066 3101 Β.
3100 3044 3420 3118 Gregorium
3450 3047 3559 3102 Pa-

1981 3154 2110 3210 Pam
2141 3138 2311 3193 nimio
2334 3137 2531 3195 aﬂectu
2575 3147 2796 3208 propter
2819 3136 3239 3208 iustiﬁcationes
3278 3137 3397 3206 ejus
3440 3135 3563 3194 dili-

1983 3238 2153 3303 geret,
2169 3245 2403 3300 eumque
2427 3229 2628 3299 saepius
2649 3235 2869 3299 propter
2888 3229 3129 3284 alternas
3157 3242 3375 3283 morum
3403 3229 3561 3284 simi-

1984 3318 2241 3375 litudines
2279 3319 2567 3385 inviseret;
2598 3312 2853 3388 quadam‘
2867 3317 3005 3385 vice,
3049 3318 3341 3372 intentam
3374 3316 3563 3371 Romae

1982 3410 2196 3480 positus
2222 3408 2593 3465 inﬁrmitatem
2638 3408 2848 3475 incidit,
2880 3416 2938 3463 ut
2958 3408 3051 3479 qui
3071 3416 3370 3478 praesentes
3386 3417 3573 3475 erant,

1983 3503 2152 3559 vitam
2174 3502 2293 3572 ejus
2326 3503 2695 3573 desperarent.
2718 3501 2966 3573 Cumque
2988 3501 3162 3557 tristis
3199 3502 3427 3555 nuntius

1986 3594 2137 3649 mino
2169 3592 2328 3662 Papa:
2359 3594 2625 3659 venisset,
2672 3592 2830 3648 valde
2870 3592 3193 3657 condolens,
3231 3590 3459 3646 festinus
3497 3592 3567 3645 ad

1984 3680 2111 3740 eum
2132 3687 2309 3752 venit;
2341 3695 2396 3741 et
2433 3686 2733 3756 pauxillum
2758 3685 2917 3756 panis
2943 3686 2997 3739 in
3022 3685 3285 3757 scyphum
3321 3682 3564 3739 ceni'rin-

1987 3788 2143 3847 gens,
2182 3791 2444 3847 meroque
2484 3777 2837 3847 perfundens,
2869 3792 3014 3847 aegro
3048 3791 3149 3845 pro
3188 3775 3569 3831 benedictione

1986 3870 2248 3938 porrexit.
2296 3868 2366 3923 At
2408 3869 2518 3935 ille,
2560 3869 2810 3939 protinus
2840 3876 2901 3922 ut
2933 3868 3191 3938 gustavit,
3233 3856 3435 3936 recepit
3452 3881 3566 3920 non

1990 3962 2167 4016 solum
2212 3962 2625 4018 delectationem
2681 3961 3020 4026 comedendi,
3063 3959 3157 4015 sed
3186 3964 3263 4013 'et
3312 3959 3568 4013 virtutem

1987 4070 2115 4108 cum
2160 4055 2530 4111 incolumitate
2570 4056 2636 4110 de
2676 4056 2816 4111 lecto
2859 4054 3133 4125 surgendi.
3182 4051 3307 4118 Qui,
3345 4066 3468 4106 cum
3502 4051 3571 4107 ad
3676 4099 3679 4103 .

1989 4146 2212 4213 propria
2233 4155 2521 4211 remearet,
2553 4152 2608 4199 et
2638 4146 2955 4215 Apostolica
2976 4150 3202 4207 statuta,
3243 4143 3481 4196 maxime
3504 4141 3572 4195 de

1991 4232 2228 4288 vitandis
2264 4232 2464 4290 Oiliciis
2511 4234 2966 4289 incontinentium
3018 4231 3410 4295 Sacerdotum,
3458 4245 3570 4283 non

1994 4324 2232 4395 segniter
2266 4325 2469 4396 ubique
2499 4325 2823 4396 divulgaret,
2852 4332 2906 4379 et
2928 4324 2982 4378 in
3016 4322 3242 4377 Clerieis
3273 4330 3436 4390 atque
3469 4318 3573 4373 Ec-

302 4426 501 4487 ,tatem,
530 4433 705 4489 quam
738 4416 889 4486 Papa
922 4416 1261 4486 postulabat,
1307 4415 1486 4473 facere
1526 4418 1896 4487 contempsit:
1931 4408 2182 4471 Dciesiis
2230 4415 2299 4471 ad
2340 4432 2401 4473 se
2449 4416 2757 4487 specialiter
2809 4415 3201 4486 pertinentibus
3255 4412 3601 4481 huiusmodi.

309 4502 446 4579 unde
472 4519 528 4566 et
556 4509 653 4567 ille
672 4508 915 4579 Legatus
947 4508 1013 4564 ad
1037 4507 1411 4577 Apastolicum
1442 4509 1620 4565 redire
1643 4524 1753 4564 non
1778 4518 1898 4564 tar-

296 4599 468 4677 fdavit.
495 4602 570 4656 At
601 4601 815 4658 Comes
859 4600 925 4655 ad
959 4601 1271 4670 proximum
1296 4599 1750 4657 ForecheimenSe
1773 4600 1899 4656 Col-

308 4694 550 4765 loquium
587 4693 790 4749 venire
830 4692 1184 4759 acceleravit;
1221 4705 1333 4762 quo
1371 4698 1426 4745 et
1457 4693 1669 4762 priores
1714 4690 1902 4762 Legati

300 4786 408 4857 jam
437 4790 848 4859 pervenerant,
890 4784 985 4853 qui
1025 4799 1134 4837 una
1170 4789 1384 4837 tantum
1414 4771 1531 4851 die,
1579 4783 1901 4854 priusquam

301 4879 562 4950 praefatus
609 4873 964 4948 (discederet)
1005 4872 1224 4941 Comes,
1273 4873 1345 4928 ab
1388 4873 1706 4944 Apostolico
1747 4874 1903 4929 missi

296 4969 533 5027 fuerant.
574 4968 651 5024 Hi
674 4973 867 5023 autem
882 4973 1037 5020 erant
1055 4964 1273 5037 Legati:
1311 4962 1676 5032 Bernhardus,
1700 4974 1906 5022 sancta:

278 5174 279 5177 η
359 5124 477 5200 (7_8)
521 5121 884 5200 force/icium
922 5120 1349 5200 munitissimum
1375 5124 1632 5193 oppidum
1678 5119 1905 5200 ξρὶξοο-

292 5200 339 5269 pi
364 5188 860 5264 'Bambergensis
891 5230 906 5256 ,
966 5191 1106 5245 inter
1156 5188 1516 5263 Bambergam
1570 5204 1625 5248 ει
1687 5188 1906 5247 Nam“-

1994 4505 2433 4562 abominationes
2478 4505 2704 4561 minime
2758 4505 3045 4568 toleraret;
3097 4516 3237 4557 uxor
3282 4500 3569 4572 cujusdam

1992 4592 2307 4667 Presbyteri
2332 4596 2436 4652 sub
2453 4596 2574 4666 ejus
2594 4596 2798 4653 ditione
2817 4597 3003 4666 positi,
3030 4594 3336 4664 malignans
3357 4601 3576 4661 propter

2002 4686 2404 4755 separationem
2428 4687 2647 4753 mariti,
2689 4688 2795 4741 hoc
2820 4684 3184 4740 familiaribus
3210 4698 3325 4737 suis
3348 4681 3575 4736 audien-

2000 4774 2148 4829 tibus
2173 4790 2232 4830 se
2258 4777 2569 4832 minabatur
2591 4774 2924 4842 eil'ecturam,
2947 4784 3009 4830 ut
3036 4773 3251 4845 qualem
3273 4772 3578 4828 molestiam

2002 4867 2121 4937 ipsa
2150 4869 2535 4926 sustineret-in
2566 4869 2908 4940 separatione
2925 4866 3177 4938 conjugis
3207 4865 3313 4929 sui,
3345 4864 3508 4921 talem
3529 4871 3585 4917 et

1996 4965 2203 5022 Comes
2257 4964 2552 5021 sustineret
2601 4963 2657 5017 in
2715 4959 3083 5029 disiunctione
3113 4950 3126 4958 ”
3143 4955 3391 5026 conjugis
3452 4968 3582 5008 suae.

2079 5115 2194 5196 (81)
2230 5115 2596 5196 lmoﬂnomme
2626 5110 3013 5196 Guismuuaunt
3056 5105 3587 5196 seujti‘uitqiundqm,

2010 5172 2103 5268 qui
2132 5172 2307 5270 etiam
2330 5185 2539 5270 G'allus,
2572 5189 2627 5238 et
2656 5183 2969 5270 monachus
2990 5172 3589 5270 L.ofregiui:n‘l§prina)u:

3025 5256 3037 5268 ο
3128 5244 3456 5270 armanda"...
3495 5238 3596 5270 Dn-
