3986 5386
496 228 574 285 s-s
1509 234 1513 239 '
1664 234 1721 291 s.
1763 234 2164 306 GBECORIUS
2200 235 2291 295 vn
2324 236 2523 291 PAPA.
3692 236 3764 293 ει
3863 198 3876 213 ’

496 450 604 491 nus
646 436 703 490 in
744 434 1023 492 dominam
1072 440 1296 510 peregit.
1344 437 1483 495 Nam
1524 440 1873 498 delectabiles
1919 443 2074 498 cibos

492 539 705 582 veneno
754 525 985 583 infectos
1027 527 1249 592 obtulit,
1288 544 1521 601 eamque
1554 531 1697 589 nihil
1727 532 1856 587 mali
1889 532 2072 603 suspi-

490 623 707 671 cantem
750 617 1005 673 simulata
1039 619 1372 689 benignitate
1406 621 1636 691 decepit.
1674 620 1842 692 Igitur
1874 621 2073 677 Comes

490 705 801 777 religiosus,
839 708 1016 763 adhuc
1055 709 1112 762 in
1153 709 1379 766 robusta
1414 719 1574 768 tetate
1606 713 1882 779 viduatus,
1906 712 2072 769 nullis

489 809 719 851 suorum
747 796 1222 853 adhortationibus
1247 799 1315 854 ad
1339 801 1633 856 secundam
1658 802 1908 872 copulam
1941 817 2068 871 per-

487 887 696 941 moveri
722 886 924 956 potuit;
957 887 1164 955 dicens,
1197 890 1300 945 sibi
1329 892 1641 960 pudendum
1660 902 1721 948 et
1734 893 2067 949 horrendum

484 977 681 1043 videri,
718 977 765 1032 si
803 992 929 1034 cum
976 978 1190 1035 duabus
1236 981 1500 1038 uxoribus
1533 996 1892 1052 processurus
1924 992 2070 1038 esset

485 1074 623 1144 ante~
640 1067 1106 1126 tribunal-Christi
1129 1070 1186 1126 in
1218 1071 1306 1126 die
1320 1071 1534 1141 judicii.
1558 1071 1616 1126 In
1641 1081 1853 1129 tantum
1884 1082 2066 1129 autem

482 1156 716 1227 profecit
733 1173 832 1237 per
854 1158 1108 1214 devotam
1150 1161 1513 1218 obedientiam
1547 1162 1708 1233 Papae
1730 1165 1906 1219 ucstri
1928 1163 2065 1220 Gre-

481 1248 644 1319 gorii,
667 1256 729 1304 ut
771 1259 896 1305 ante
925 1251 1089 1306 linem
1131 1267 1314 1320 suum,
1363 1268 1527 1323 quem
1568 1269 1737 1309 senex
1777 1262 1834 1310 et
1870 1255 2064 1324 plenus

483 1343 696 1399 dierum
719 1344 926 1415 attigit,
939 1346 1267 1416 quibusdam
1291 1346 1556 1401 virtutum
1581 1346 1752 1417 signis
1773 1345 2059 1412 ell‘ulserit,

480 1440 538 1486 et
565 1434 887 1503 prophetiae,
903 1436 1360 1505 quemadmodum
1383 1437 1437 1491 in
1461 1438 1735 1494 occisione
1750 1437 1845 1493 lilii
1866 1439 2059 1509 patuit,

485 1524 675 1595 (dono)
707 1526 1089 1582 venerabiliter
1116 1527 1374 1584 claruerit
1395 1527 1530 1599 (83).

553 1614 646 1670 82.
867 1617 1038 1673 beata:
1069 1618 1464 1674 recordationis
1489 1618 1687 1674 Comiti
1723 1633 1833 1674 non
1863 1618 2056 1675 incon-

478 1722 615 1777 grue
638 1707 956 1781 adiungitur
983 1711 1247 1767 memoria
1273 1711 1527 1782 pretiosa:
1552 1711 1744 1768 mortis
1775 1709 1835 1767 B.
1860 1710 2056 1780 Cincii,

478 1794 642 1854 Urbis
684 1798 875 1856 Romm
914 1800 1181 1869 Praefecti,
1226 1803 1384 1874 cujus
1426 1809 1481 1857 et
1526 1803 1780 1873 superius
1830 1802 2058 1860 virtutes

476 1887 716 1961 breviter
738 1891 1153 1963 descripsimus.
1185 1892 1344 1951 Hunc
1385 1895 1607 1962 etenim,
1633 1903 1855 1965 propter
1896 1895 2057 1951 ﬁdem

475 1994 619 2051 sape
636 1982 855 2039 dictust
872 1999 1016 2054 saepe
1037 1984 2053 2056 dicendo-PapaeGregorioexhibitam,

476 2069 743 2129 Dominus
776 2082 963 2130 noster
994 2074 1429 2132 lesusﬂhristus
1448 2077 2019 2148 martyriocoronavit
2037 2120 2052 2145 ,

473 2161 705 2233 ejusque
749 2166 1097 2235 sepulchrum
1134 2167 1399 2223 continuo
1435 2168 1626 2238 viginti
1668 2168 1970 2238 miraculis,
1999 2170 2054 2225 in

476 2250 707 2325 Synodo:
728 2257 1029 2314 numeratis
1053 2267 1109 2315 et
1133 2259 1397 2329 probatis,
1439 2259 1731 2315 illustravit
1757 2258 1889 2332 (84).
1916 2260 2052 2317 Nam

473 2360 610 2415 cum
647 2347 823 2404 zelum
869 2349 1095 2424 Domini,
1147 2351 1406 2417 haberet,
1451 2358 1507 2406 et
1554 2352 1836 2407 exhiberet
1891 2353 2051 2409 ﬁdem

475 2438 785 2494 secundum.
832 2449 1078 2497 sanctam.
1140 2440 1466 2513 Apostolieae
1522 2444 1880 2500 institutionis
1934 2444 2050 2501 for-

474 2543 645 2596 mam,
682 2532 909 2589 occisus
926 2543 1010 2590 est
1037 2535 1108 2591 ab
1135 2535 1533 2606 apparitoribus
1558 2534 1895 2592 Henriciante
1922 2552 2050 2607 per-

474 2623 799 2681 socutionis.
1253 2677 1273 2689 .,

1088 2718 1316 2777 CAPUT
1354 2718 1427 2775 X.

469 2827 763 2906 Consentius
796 2819 1239 2906 [orchemiensig
1264 2835 1539 2906 Rudolphi‘
1561 2835 1713 2906 Regis
1743 2835 1948 2901 electio,
1974 2852 2051 2890 se-

574 2901 710 2955 ditio
740 2919 772 2955 a
809 2901 1128 2975 Simonideis
1161 2916 1211 2960 et
1248 2901 1657 2961 Concubinariis
1684 2907 1938 2960 excitata.

511 2990 635 3086 .83:~
658 2992 824 3049 Facto
858 2995 1024 3065 igitur
1047 3005 1314 3052 conventu
1355 2998 1498 3067 apud
1523 2996 1860 3064 Forccbeim,
1902 3012 2046 3067 prat-
2075 3028 2115 3086 ο

466 3081 563 3137 fati
599 3081 795 3155 Legati.
809 3086 1019 3142 litteras
1041 3086 1381 3158 Apostolicas
1434 3089 1489 3143 in
1520 3087 1757 3144 medium
1806 3090 2045 3158 protule-

467 3182 635 3230 runt:
664 3175 839 3241 Quam
861 3194 1053 3247 parum
1087 3179 1344 3235 dominus
1376 3179 1522 3250 Papa
1573 3181 1639 3237 de
1685 3180 2046 3251 promissione

466 3264 632 3336 Regis
660 3265 874 3323 laetatus
899 3267 1080 3337 fuerit,
1118 3286 1244 3325 eum
1293 3273 1585 3327 adversarii
1630 3270 1884 3327 Ecclesia:
1925 3272 2047 3341 plus

469 3356 733 3424 audaciae,
760 3375 924 3430 quam
944 3363 1177 3425 terroris
1205 3360 1294 3417 ex'
1314 3360 1602 3433 praesentia
1629 3362 1798 3434 Regis
1837 3364 2047 3434 accipe-

464 3454 608 3502 rent.
640 3447 721 3504 Ad
758 3452 881 3518 hoc,
920 3453 1165 3521 aiebant,
1189 3469 1314 3509 eum
1361 3462 1673 3523 petere,'ut
1709 3452 1837 3510 novi
1881 3454 2047 3526 Regis

465 3538 785 3596 electionem
814 3543 882 3598 de
910 3557 1019 3615 qua
1047 3547 1311 3611 audierat,
1358 3546 1415 3601 in
1457 3546 1747 3602 adventum
1792 3546 1913 3615 ejus
1941 3544 2048 3601 diL

466 3628 693 3697 terrent,
729 3634 776 3689 si
812 3634 917 3690 hoc
947 3637 1065 3692 sine
1106 3637 1351 3707 periculo
1379 3638 1497 3693 ﬁeri
1543 3653 1706 3707 posse
1751 3638 2048 3707 perpende-

465 3728 609 3776 rent.
666 3721 890 3780 Peracta
922 3726 1088 3798 igitur
1125 3728 1415 3799 legatione,
1446 3728 1873 3798 Arcbiepiscopi,
1920 3728 2047 3798 Epi-

468 3813 642 3883 scopi,
672 3814 866 3882 Duces,
914 3817 1277 3886 Marchiones,
1322 3820 1573 3876 Comites
1612 3820 1849 3889 majores
1884 3828 2049 3891 atque

466 3905 731 3975 minores,
757 3908 995 3965 debitam
1021 3912 1377 3967 reverentiam
1414 3911 1631 3983 Legatis
1652 3912 2042 3982 impendentes,

465 4009 566 4066 per
592 4011 910 4055 consessum
942 4003 1141 4074 singuli
1166 4013 1556 4071 surrexerunt;
1583 4010 1657 4070 et,
1687 4012 1822 4074 quot
1854 4012 2047 4060 contu-

464 4089 651 4144 meliis
672 4098 729 4145 et
753 4100 897 4171 quot
917 4096 1174 4164 periculis
1191 4096 1305 4166 jam
1328 4097 1398 4151 ab
1422 4094 1658 4151 Henrico
1700 4095 1847 4167 Rege
1869 4095 2046 4152 aﬂ'ecti

464 4190 689 4248 essent;
735 4185 823 4238 vel
883 4200 943 4241 se
986 4186 1323 4243 alliciendos
1352 4185 1470 4242 fore
1528 4202 1640 4243 non
1693 4187 2042 4252 dubitarent,

460 4270 680 4345 Legatis
725 4276 1011 4333 lamentari
1051 4287 1371 4350 ceperunt;
1416 4294 1582 4350 seque
1614 4281 1776 4335 toties
1820 4279 2045 4335 insidias

461 4363 586 4433 ejus
610 4367 753 4423 inter
789 4369 906 4439 ipsa
934 4370 1086 4439 pacis
1125 4371 1313 4425 oscula
1342 4370 1428 4424 vix
1451 4371 1712 4437 evasisse,
1741 4378 1800 4425 ut
1824 4386 1925 4426 nec
1951 4371 2043 4441 ju-

461 4465 720 4512 ramento
732 4459 852 4528 ejus
873 4459 1383 4531 deincepsaliquam
1419 4460 1579 4516 ﬁdem
1610 4462 1867 4518 exhibere
1910 4477 2040 4532 pos-

464 4555 605 4601 sent.
636 4546 751 4604 Hoc
777 4566 996 4623 quoque
1016 4549 1295 4619 addentes,
1319 4567 1379 4608 se
1397 4553 1604 4609 tamdiu
1636 4568 1762 4609 eum
1794 4561 1918 4625 post
1942 4554 2040 4609 de-

462 4636 801 4706 positionem
835 4643 1115 4712 tolerasse,
1164 4660 1275 4700 non
1313 4639 1501 4716 utique
1528 4654 1608 4700 'ut
1640 4646 2039 4701 correctionem

460 4728 613 4798 ejus,
635 4738 821 4800 utpote
847 4726 1065 4804 penitus
1094 4736 1455 4806 desperatam,
1493 4744 1912 4807 exspectarent;
1945 4737 2041 4791 sed

459 4827 523 4875 ut
571 4815 903 4890 quibusdam
945 4818 1287 4883 occasionem
1331 4827 1699 4883 calumniandi
1743 4825 2038 4893 auferrent,

459 4907 823 4983 qui‘fortaSSe
843 4916 914 4982 ei,
942 4916 995 4972 si
1029 4934 1157 4973 non
1182 4918 1393 4974 tamdiu
1424 4910 1824 4989 expectaretur,
1850 4932 2039 4973 corre-

460 5004 699 5060 ctionem
738 5005 1086 5065 interclusam
1127 5007 1243 5065 fore
1283 5018 1782 5081 conquererentur;
1817 5016 2041 5077 totaque

458 5094 552 5152 illa
574 5096 663 5175 die
701 5114 834 5153 cum
868 5098 1181 5170 huiusmodi
1225 5101 1585 5175 querimoniis
1619 5107 1913 5164 transacta,
1938 5113 2041 5153 nec

459 5186 808 5245 medietatem
863 5189 1190 5260 injuriarum
1244 5191 1353 5246 sibi
1394 5191 1671 5247 illatarum
1715 5204 2039 5246 enumerare

460 5285 780 5348 potuerunt.

387 400 390 404 λ
497 341 659 407 Dixit,
682 352 738 399 ct
762 345 929 401 eheu!
956 348 1301 416 permittente
1321 347 1451 416 Deo,
1480 357 1588 405 tam
1613 351 1912 420 pessimum
1938 349 2075 406 faci-
2105 351 2150 408 Δ
2244 348 2335 413 ει.
2364 349 2422 407 In
2450 349 2750 406 crastinum
2786 366 2917 412 vero
2941 350 3139 409 iterum
3168 348 3237 404 ad
3265 346 3502 418 hospitia
3530 347 3763 420 Legato-

2175 455 2298 495 rum
2325 442 2730 512 convenientes,
2766 458 2868 512 pro
2908 458 3009 498 sua
3050 441 3376 496 necessitate
3406 440 3759 507 sublevanda,

2173 546 2271 587 eos
2297 533 2728 600 consuluerunt;
2754 541 3104 605 suggerentes
3129 533 3210 587 eis
3233 531 3759 602 periculosissimum

2171 630 2227 677 et
2253 623 2603 679 irrevocabile
2633 626 2873 679 scbisma
2905 625 2958 678 in
2985 631 3103 678 toto
3131 623 3327 693 Regno.
3348 621 3613 689 futurum,
3652 611 3760 680 nisi

2171 713 2226 768 in
2256 715 2447 770 eodem
2490 714 2797 781 Cenventu,
2832 724 2894 770 ut
2935 715 3386 780 deiibcravcrant,
3430 713 3484 767 in
3525 714 3761 783 alicujus

2169 805 2298 860 novi
2333 805 2527 876 capitis
2573 807 2951 863 sublevatione
2994 804 3368 871 confmderati,
3401 805 3531 859 illud
3566 804 3761 859 amici-

2167 911 2298 966 pare
2346 895 2646 952 festinaret.
2685 896 2871 967 Legati
2905 905 3086 952 autem
3144 896 3433 966 legationis
3476 909 3591 950 sua;
3644 908 3757 948 non

2167 985 2537 1054 immemores,
2577 989 2712 1043 satis
2756 988 3142 1059 compendiose
3184 986 3262 1041 ad’
3303 986 3419 1041 haec
3452 986 3755 1055 respondes

2165 1085 2314 1143 runt,
2351 1077 2455 1133 sibi
2483 1078 2703 1148 quidem
2740 1079 3007 1149 optimum
3028 1078 3229 1143 videri,
3267 1076 3312 1132 si
3344 1076 3509 1146 Regis
3543 1075 3757 1131 consti-

2167 1168 2395 1234 tutione,
2415 1169 2571 1238 juxta
2601 1184 2791 1224 eorum
2833 1170 3178 1241 legationem,
3219 1167 3274 1221 in
3314 1168 3604 1221 adventum
3642 1165 3755 1220 Do-

2164 1258 2299 1314 mini
2326 1258 2486 1330 Papaa
2533 1261 2650 1314 sine
2677 1261 2919 1331 periculo
2961 1259 3176 1314 differre
3210 1266 3474 1328 possent:
3506 1265 3752 1312 ceterum

2163 1350 2480 1418 provisione
2508 1350 2681 1422 Regni
2719 1366 2831 1406 non
2855 1360 2966 1406 tam
2992 1352 3046 1405 in
3075 1364 3266 1406 eorum
3295 1349 3546 1415 consilio,
3581 1363 3751 1418 quam

2162 1438 2219 1494 in
2247 1440 2563 1512 Principum
2589 1442 2816 1498 arbitrio
2845 1443 3005 1498 sitam
3040 1457 3161 1497 esse
3184 1440 3469 1505 dixerunt,
3503 1440 3600 1510 qui
3627 1454 3747 1493 rem

2160 1532 2435 1603 publicam
2462 1534 2518 1588 in
2554 1535 2810 1590 manibus
2830 1541 3093 1599 tenerent;
3119 1548 3182 1588 ac
3206 1533 3376 1587 totius
3399 1531 3569 1602 Regni
3594 1531 3753 1585 dam-

2161 1639 2301 1678 num.
2349 1624 2465 1680 sive
2504 1626 2809 1696 prolicuum
2863 1625 3067 1695 optime
3134 1632 3493 1695 praenossenh
3560 1622 3750 1691 Itaque

2086 1696 2134 1751 Β
2160 1712 2441 1785 Principes
2467 1715 2661 1787 Regni,
2690 1717 2757 1772 de
2792 1716 3026 1771 adventu
3080 1715 3241 1785 Papae
3291 1714 3505 1779 incerti,
3541 1713 3637 1768 sed
3673 1713 3744 1768 de

2160 1806 2399 1861 maxima
2436 1808 2781 1864 dissensione
2808 1816 3071 1863 eventura
3098 1816 3155 1863 et
3189 1806 3452 1876 periculo,
3485 1805 3530 1860 si
3560 1803 3749 1859 dili‘er-

2159 1905 2301 1964 rent,
2326 1900 2658 1968 certissimi;
2714 1910 2932 1972 accepta
2973 1900 3191 1956 licentia
3237 1915 3269 1953 a
3309 1897 3547 1968 Legatis,
3599 1896 3749 1966 apud

2157 1987 2529 2061 Magontinum
2559 1993 3045 2063 Arcbiepiscopum
3078 1998 3472 2053 convenerunt,
3510 1997 3566 2043 et
3606 1989 3745 2058 quid

2156 2080 2236 2136 eis
2257 2083 2524 2151 agendum
2550 2092 2697 2140 esset
2731 2083 2996 2153 singulari
3040 2081 3316 2153 diligentia
3360 2080 3591 2134 invicem
3624 2087 3742 2133 tra-

2155 2178 2437 2227 ctaverunt
2463 2191 2475 2228 :
2504 2175 2912 2230 considerantes
2951 2173 3182 2244 quidem:
3217 2188 3275 2227 se
3317 2171 3383 2226 ad
3417 2170 3623 2224 nullam
3657 2169 3743 2224 di-

2153 2261 2410 2318 lationem
2463 2264 2532 2318 ab
2558 2264 2873 2335 Apostolico
2897 2273 3140 2329 coactos,
3178 2263 3273 2318 sed
3300 2263 3404 2317 hoc
3452 2262 3505 2315 in
3545 2276 3740 2315 eorum

2152 2354 2379 2409 arbitrio
2404 2356 2642 2426 positum
2664 2372 2788 2412 esse
2810 2375 2824 2422 ;
2853 2372 2955 2411 nec
2979 2356 3141 2410 alicui
3164 2354 3270 2420 nisi
3291 2353 3393 2408 sibi
3420 2352 3554 2422 ipsis
3582 2351 3741 2405 dein—

2151 2459 2279 2516 ceps
2308 2446 2685 2516 imputandum
2721 2446 2858 2512 fore,
2907 2447 2952 2501 si
2997 2446 3188 2502 dilatio
3229 2452 3469 2499 noceret.
3510 2442 3741 2511 Insuper

2151 2552 2211 2592 se
2257 2538 2463 2593 nullius
2506 2538 2864 2609 subjectionis
2919 2537 3241 2593 exhibenda:
3290 2534 3523 2590 Henrico
3592 2533 3736 2603 Regi

2150 2628 2437 2696 obnoxios,
2468 2630 2580 2684 imo
2610 2645 2706 2699 per
2731 2629 3028 2699 Apostolici
3054 2628 3221 2682 banni
3242 2625 3736 2696 transgressionem

2148 2719 2491 2775 damnandos
2520 2761 2535 2787 ,
2589 2722 2636 2775 si
2688 2721 2926 2791 aliquam
2964 2718 3360 2789 subjectionem
3410 2716 3544 2787 Regi
3574 2715 3736 2769 dein-

2149 2822 2276 2879 ceps
2353 2810 2693 2865 exhiberent.
2768 2810 2907 2864 Nam
2964 2809 3109 2880 Papa
3141 2849 3157 2875 ,
3216 2808 3537 2879 priusquam
3595 2820 3727 2859 eum

2149 2901 2655 2967 anathematizaret,
2688 2916 2753 2955 ex
2787 2909 2943 2971 parte
2983 2900 3374 2969 omnipotentis
3420 2897 3515 2953 Dei
3563 2905 3620 2951 et
3669 2895 3729 2951 SI-

2146 2990 2296 3046 Petri
2347 2999 2404 3045 et
2460 3007 2579 3057 sua,
2634 2991 2712 3046 illi
2768 2991 3014 3063 Regnum
3069 2989 3383 3055 interdixit;
3434 2996 3490 3043 et
3539 3002 3734 3043 omnes

2147 3081 2491 3138 Christianos
2520 3083 2855 3153 juramento,
2900 3084 3047 3154 quod
3097 3082 3202 3137 sibi
3238 3080 3496 3136 fecissent
3529 3080 3615 3132 vel
3650 3077 3736 3133 fa,-

2148 3176 2288 3231 cturi
2314 3183 2518 3241 essent,
2550 3175 2811 3241 absolvit;
2848 3183 2925 3241 et,
2954 3182 3015 3227 ut
3045 3173 3224 3227 nullus
3245 3171 3319 3237 ei,
3352 3181 3412 3225 ut
3444 3170 3579 3241 Regi
3611 3185 3732 3224 ser—

2145 3266 2306 3332 viret,
2330 3266 2644 3321 interdixit:
2683 3266 2779 3337 qui
2829 3274 3017 3335 postea
3062 3265 3131 3318 ab
3177 3277 3244 3317 eo
3277 3261 3733 3317 Communioncm

2146 3365 2385 3424 tantum,
2415 3372 2526 3412 non
2577 3355 2853 3427 Regnum,
2908 3355 3046 3410 falsa
3095 3353 3457 3409 correctionis
3488 3351 3733 3423 promis»

2148 3448 2304 3506 sione
2333 3447 2695 3518 recuperavit.
2868 3494 2871 3497 .

2216 3539 2305 3595 85.
2362 3538 2477 3595 Hoc
2529 3539 2696 3610 igitur
2748 3537 3032 3607 Principes
3082 3535 3254 3606 Regni
3309 3532 3733 3605 diligentissime

2146 3630 2493 3700 perscrutati,
2529 3645 2588 3686 se
2621 3628 2837 3700 quidem
2894 3644 2926 3683 a
2969 3626 3135 3697 Regis
3187 3623 3403 3679 llenrici
3460 3631 3731 3694 potestate

2147 3720 2383 3790 penitus,
2422 3729 2482 3775 ut
2515 3720 2833 3791 praedictum
2860 3727 2964 3784 est,
2995 3716 3391 3785 emancipatos,
3426 3730 3527 3769 nec
3556 3730 3617 3769 se
3651 3714 3729 3768 illi

2146 3811 2293 3881 plus,
2329 3827 2493 3881 quam
2528 3811 2682 3865 illum
2726 3810 2834 3865 illis
2868 3810 3100 3878 alicujus
3150 3806 3427 3862 ﬁdelitatis
3474 3806 3560 3859 vel
3596 3806 3730 3860 sub-

2141 3901 2397 3973 jectionis
2425 3900 2778 3973 (juramento)
2807 3900 3077 3955 obnoxios
3104 3916 3119 3965 ;
3172 3905 3233 3952 ut
3265 3896 3421 3951 liberi
3453 3895 3727 3962 homines,

2147 3993 2495 4064 Rudolpbum
2525 3992 2726 4047 Ducem
2755 3992 3083 4058 Suevorum,
3121 3988 3326 4044 frustra
3360 3987 3591 4041 multum
3635 4003 3729 4042 rev

2144 4084 2434 4151 nitentem,
2484 4082 2797 4154 frustraque
2846 4083 2931 4137 vel
2958 4082 3121 4137 unius
3156 4081 3306 4136 hor-te
3359 4077 3604 4133 inducias
3657 4077 3726 4132 ad

2144 4175 2538 4233 consulendum
2574 4182 2879 4244 petentem,
2902 4170 3357 4241 Regia‘dignitate
3391 4167 3719 4239 sublimare-

2143 4274 2309 4321 runt:
2348 4266 2527 4320 virum
2561 4280 2692 4320 sane
2744 4263 2800 4317 in
2838 4262 3143 4317 humilitate
3170 4260 3530 4330 praecipuum,
3570 4259 3723 4329 regio

2074 4373 2118 4430 Ι)
2144 4357 2339 4412 honori
2390 4364 2547 4411 aetate
2595 4363 2651 4410 et
2680 4354 2927 4409 moribus
2972 4353 3270 4417 idoneum;
3303 4350 3461 4420 eique
3515 4363 3574 4404 se
3624 4349 3723 4403 de-

2143 4448 2257 4504 bito
2296 4446 2572 4503 fidelitatis
2615 4452 2961 4502 sacramento
2994 4443 3373 4499 subdiderunt.
3396 4439 3504 4506 Qui
3532 4439 3724 4509 utique

2142 4540 2411 4612 Regnum,
2459 4552 2568 4592 non
2610 4545 2672 4592 ut
2714 4535 3019 4607 proprium,
3075 4533 3171 4590 sed
3215 4548 3317 4603 pro
3358 4530 3722 4601 diSpositione

2141 4631 2245 4689 sibi
2279 4629 2547 4686 creditum
2581 4638 2865 4699 reputans,
2899 4641 3063 4681 omne
3109 4623 3497 4679 hereditarium
3538 4622 3633 4692 jus
3664 4624 3718 4677 in

2139 4738 2206 4780 eo
2235 4721 2555 4794 repudiavit,
2587 4728 2641 4776 et
2669 4721 2756 4775 vel
2786 4720 2904 4774 ﬁlio
2943 4731 3045 4773 suo
3094 4731 3154 4773 se
3198 4716 3305 4771 hoc
3334 4715 3718 4784 adoptaturum

2140 4813 2257 4869 fore
2313 4812 2529 4884 penitus
2600 4810 2887 4882 abnegavit
2934 4825 2947 4862 :
3014 4806 3320 4877 justissime
3379 4806 3432 4859 in
3488 4805 3719 4861 arbitrio

2139 4904 2451 4975 Principum
2497 4918 2619 4959 esse
2651 4903 2971 4965 decernens,
3046 4906 3107 4953 ut
3140 4905 3264 4967 post
3315 4904 3547 4952 mortem
3594 4895 3717 4965 ejus

2139 4997 2302 5051 libere
2338 5010 2447 5049 non
2468 4994 2643 5064 magis
2667 4992 2836 5046 ﬁlium
2863 4990 2983 5059 ejus
3034 5004 3199 5059 quam
3226 4987 3407 5067 alium
3434 4986 3712 5057 eligerent,

2138 5086 2245 5142 nisi
2273 5099 2435 5156 quem
2468 5068 2539 5139 ad
2566 5083 2621 5138 id
2646 5081 2901 5138 culminis
2925 5087 3082 5133 aetate
3123 5086 3178 5133 et
3210 5093 3425 5132 morum
3453 5077 3715 5149 gravitate

2136 5177 2358 5246 dignum
2402 5164 2755 5229 invenissent.
2785 5170 2942 5225 Ilunc
2991 5169 3156 5241 igitur
3183 5168 3552 5248 Rudolphum,
3577 5167 3711 5235 legi-

2137 5266 2266 5321 time
2297 5265 2552 5332 electum,
2597 5261 3008 5334 Arcbiepiscopi
3058 5259 3404 5332 Mogontinus
3460 5266 3515 5311 et
3564 5255 3711 5325 Mag-
