3986 5386
250 330 310 385 ss
1207 323 2008 381 PROLEGOMENA.—ACTA
2049 325 2104 380 s.
2139 286 2482 383 cneconu.
3401 299 3469 377 se

243 440 591 512 deburgenais,
621 457 744 496 cum
775 456 964 494 eorum
990 441 1362 510 sutl‘raganeis,
1397 439 1609 510 Legatis
1637 440 1790 494 Sedis
1823 442 1864 496 A
1891 446 2091 509 ageret.
2126 437 2281 505 Quod
2311 448 2532 509 pactum
2558 438 2645 493 ille
2671 448 2868 508 postea
2887 436 3229 508 praevaricari
3253 445 3306 492 et
3334 451 3470 492 con-

195 511 202 538 !
239 511 536 602 Apostoliae
556 532 915 601 prasentibus
939 540 992 585 et
1022 530 1191 601 Regni
1225 530 1588 600 Principibus,
1624 531 1791 601 regali

238 624 529 678 inunctione
586 631 998 678 consecrarunt.
1079 621 1295 676 Electus
1347 630 1430 676 est
1491 630 1668 676 autem
1723 622 1793 674 ab

238 714 672 783 Arehiepiscopis,
707 713 1009 784 Episcopis,
1042 712 1302 779 Ducibus,
1338 712 1641 766 Comitibus
1676 728 1792 765 ma-

232 804 422 872 joribus
455 811 620 873 atque
669 805 998 870 minoribus,
1056 805 1109 858 in
1144 803 1424 856 Conventu
1476 803 1616 871 apud
1659 801 1793 855 For-

235 895 410 959 cbeim,
463 909 614 948 anno
640 893 937 950 Dominicaa
971 893 1552 961 incarnationis~l077,
1591 889 1736 947 ann'o
1759 893 1792 946 4

233 985 540 1040 venerabilis
571 984 736 1054 Papae
771 985 1016 1056 Gregorii
1057 985 1112 1039 in
1159 985 1262 1038 hoc
1297 986 1518 1039 nomine
1552 983 1790 1053 septimi,

234 1075 503 1132 indictione
529 1075 619 1142 l5,
654 1075 838 1130 Idibus
864 1076 1062 1130 Martii.
1108 1074 1303 1130 Postea
1334 1076 1420 1130 die
1469 1074 1793 1130 duodecimo

233 1166 356 1236 apud
414 1165 753 1237 Mogontiam
801 1175 1152 1222 consecratus
1199 1174 1302 1233 est,
1357 1167 1409 1220 id
1463 1175 1548 1221 est
1597 1165 1627 1218 7
1672 1164 1791 1220 Kal.

232 1257 429 1326 Aprilis,
460 1257 559 1311 ubi
597 1267 731 1312 tunc
768 1260 1005 1313 medium
1050 1257 1490 1326 Quadragesimze
1533 1259 1790 1312 occurrit;

233 1347 312 1402 Die
352 1357 531 1403 autem
578 1349 854 1418 praedicta:
900 1351 1183 1404 electionis
1229 1349 1321 1402 nix
1353 1364 1416 1403 ac
1447 1349 1564 1418 gelu
1599 1350 1796 1404 resolvi

232 1439 511 1508 erepet-unt,
551 1456 677 1510 quae
721 1457 788 1496 eo
825 1458 968 1496 anno
999 1458 1028 1496 a
1061 1441 1348 1497 festivitate
1378 1442 1622 1495 omnium
1660 1443 1795 1495 San-

230 1539 274 1584 et
293 1547 420 1584 :rum
444 1547 625 1601 usque
647 1532 700 1585 in
731 1533 880 1586 illum
903 1533 1043 1587 diem
1071 1541 1269 1586 terram
1295 1531 1716 1588 Teutonicorum
1744 1541 1797 1587 et

230 1621 602 1692 Longobardia:
634 1634 1034 1693 occupaverat;
1065 1625 1207 1692 quol
1235 1623 1456 1692 quidam
1490 1625 1794 1694 sapientum

226 1711 290 1766 ita
335 1711 673 1783 interpretati
721 1725 893 1770 sunt:
933 1715 1102 1768 Deum
1155 1716 1208 1768 in
1255 1715 1480 1786 legitimi
1529 1716 1794 1786 Principis

226 1803 464 1858 (lectione
493 1821 654 1859 suam
708 1807 1182 1876 adstipulationem
1230 1808 1435 1861 mundo
1483 1808 1791 1871 denotasse,
1828 1786 1870 1839 Β

228 1910 309 1962 per
339 1895 539 1948 insoliti
579 1895 804 1966 frigoris
835 1897 1210 1966 depulsionem
1254 1907 1307 1953 et
1353 1915 1448 1968 per
1482 1899 1794 1953 clementio—

227 1984 290 2036 ris
311 1986 445 2039 aeris
471 1987 880 2056 reparationem
907 2008 919 2044 :
953 1990 1242 2060 pracipue,
1268 2007 1393 2045 cum
1418 1991 1581 2045 nullis
1606 1991 1794 2061 hujus-

225 2075 366 2128 ωοᾶο
413 2077 692 2158 promotio
727 2080 1086 2150 displicuerit,
1138 2082 1402 2152 nisi‘jllis
1439 2089 1648 2136 tantum
1699 2084 1794 2151 qui

224 2180 291 2231 se,
321 2167 416 2222 sub
446 2169 693 2238 legitimo
729 2170 1003 2241 Principe,
1042 2171 1367 2227 Simoniacae
1413 2174 1604 2228 bwresi
1642 2174 1792 2227 aliis-

223 2259 680 2324 que-criminibus
732 2263 1220 2318 abrenuntiaturos
1269 2263 1385 2318 fore
1420 2281 1531 2318 non
1579 2265 1793 2318 dubita-

225 2347 371 2402 bant:
410 2351 503 2419 qui
556 2354 834 2421 superiori
874 2353 1037 2422 Rege,
1088 2369 1199 2408 non
1246 2355 1370 2409 dico
1423 2357 1791 2425 permittente,

226 2439 305 2492 sed
336 2453 684 2510 cooperante,
714 2455 960 2498 sanctam
988 2445 1283 2500 Eeelesiam
1309 2446 1513 2501 fmdare
1541 2463 1646 2501 non
1678 2464 1794 2502 ces-

226 2541 474 2586 saverant.
510 2532 658 2588 Nulli
715 2552 848 2590 sane
899 2535 1131 2602 Clerico,
1179 2539 1472 2606 monacho,
1505 2539 1618 2594 sive
1657 2541 1794 2594 laico

225 2618 368 2688 hujus
390 2622 661 2694 Principis
685 2629 958 2696 promotio
985 2627 1278 2696 displicuit,
1307 2630 1412 2684 nisi
1443 2631 1534 2700 qui
1557 2631 1794 2700 seipsum

224 2712 313 2765 sub
338 2713 452 2782 ejus
479 2718 816 2772 auctoritate
843 2718 1224 2788 corrigendum
1274 2720 1390 2774 fore
1425 2722 1606 2775 timuit
1634 2741 1647 2787 ;
1688 2723 1792 2777 nisi

224 2802 305 2870 qui
337 2815 587 2861 sanctam
613 2807 913 2865 Ecclesium
935 2810 1088 2880 juxta
1125 2811 1432 2867 Canonicas
1483 2815 1794 2869 sanctiones

225 2894 604 2955 instituendam
641 2901 756 2956 fore
800 2904 1120 2971 contabuit;
1181 2905 1287 2958 nisi
1321 2906 1414 2974 qui
1442 2948 1456 2971 ,
1498 2906 1794 2963 intercluso

227 2987 534 3049 Simoniacaa
576 2994 790 3050 heresis
825 2997 1204 3062 mercimonio,
1243 2996 1461 3052 divitias
1488 3015 1616 3054 suas
1652 3010 1792 3055 atte-

225 3082 363 3136 nuari
388 3100 496 3140 non
522 3087 815 3143 dubitavit.

280 3172 362 3228 86.
391 3172 595 3234 Nullus
623 3188 802 3235 autem
831 3180 1118 3250 Rudolpbo
1163 3181 1293 3252 Regi
1328 3182 1554 3253 ejusque
1579 3183 1791 3240 Princi-

223 3263 362 3332 pibus
388 3271 699 3340 perjurium
724 3273 922 3342 poterit
942 3273 1068 3343 jure
1096 3273 1353 3344 objieere,
1381 3274 1507 3329 licet
1537 3276 1650 3344 jam
1691 3278 1793 3332 du-

224 3355 336 3409 dum
369 3359 630 3430 deposito
661 3361 792 3433 Regi
820 3364 1190 3433 juramentum
1217 3363 1491 3420 fidelitatis
1514 3366 1788 3423 fecissent;

223 3445 340 3502 illud
364 3453 508 3506 enim
545 3454 924 3524 juramentum
954 3465 1064 3510 tam
1093 3456 1185 3510 diu
1229 3457 1629 3513 observandum
1655 3470 1790 3527 erat,

223 3544 462 3608 quamdiu
490 3547 619 3615 ipse
643 3544 829 3616 Regna
851 3556 1106 3616 praeerat.
1129 3546 1422 3616 Postquam
1449 3564 1578 3604 vero
1603 3567 1794 3608 omnes

223 3631 502 3690 Christiani
566 3651 638 3690 eo
688 3649 1030 3693 sacramento
1074 3654 1104 3692 a
1143 3637 1287 3708 Papa
1330 3640 1492 3694 soluti
1529 3650 1676 3706 sunt,
1728 3658 1793 3696 eo

220 3725 422 3791 quidem
451 3728 713 3797 depasito
749 3738 802 3783 et
828 3721 1287 3785 anathematizato
1316 3772 1329 3795 ,
1380 3748 1489 3786 non
1515 3734 1690 3803 magis
1717 3733 1793 3786 illi

221 3815 385 3885 aliqua
412 3819 692 3888 subjectio
724 3836 822 3889 pro
850 3821 1161 3890 bujusmodi
1204 3823 1519 3891 juramento
1561 3823 1794 3879 debeba-

218 3915 314 3970 tur,
343 3926 506 3979 quam
544 3911 772 3966 cuilibet
817 3911 1082 3982 Episc0po
1113 3913 1404 3969 asubditis
1451 3915 1567 3969 suis
1609 3916 1794 3970 obedi-

222 4009 318 4064 tur,
377 4011 676 4072 postquam
734 4003 864 4067 ille,
910 4005 1073 4058 etiam
1129 4014 1336 4060 retenta
1385 4007 1789 4071 communione,

219 4091 510 4160 deponitur.
551 4092 728 4148 Nemo
778 4103 978 4161 autem,
1013 4095 1316 4151 Romanum
1341 4096 1655 4152 Pontiﬁeem
1689 4097 1795 4152 Re-

221 4197 303 4249 ges
327 4200 356 4238 a
393 4184 589 4256 Regno
615 4185 890 4255 deponere
915 4202 1073 4256 posse
1119 4188 1422 4258 denegabit,
1460 4188 1792 4258 quicumque

218 4272 417 4330 decreta
445 4277 786 4332 sanctissimi
820 4275 971 4348 papae
996 4279 1240 4349 Gregorii
1265 4295 1372 4333 non
1405 4279 1790 4348 proscribenda

213 4363 483 4432 judicabit.
525 4366 648 4438 Ipse
693 4370 845 4423 enim
894 4369 978 4423 vir
1003 4369 1372 4439 Apostolicus,
1419 4369 1508 4425 cui
1557 4368 1792 4440 Spiritus

1894 540 2134 585 temnere
2162 545 2271 589 non
2304 531 2578 598 mssavit;
2612 531 2878 595 videlicet,
2905 529 3178 599 quoslibet
3220 528 3472 582 innoxios

1892 621 2178 692 tyrannica
2229 623 2545 677 crudelitate
2594 621 2972 692 opprimendo,
2998 630 3052 674 et
3095 635 3285 675 omnes
3332 633 3474 688 quos

1892 713 2066 782 potuit
2089 711 2414 768 Christianae
2457 713 2704 784 religioni
2748 727 3053 782 repugnare
3096 710 3477 779 constringen-

1892 803 1981 857 do.
2022 801 2164 873 Ergo
2197 812 2251 857 et
2275 804 2480 873 absque
2516 804 2670 858 Sedis
2699 803 3022 873 Apostolica:
3042 802 3271 871 judicio,
3310 800 3476 854 Prin-

1894 894 2044 963 cipes
2074 909 2197 949 eum
2233 911 2332 964 pro
2365 894 2509 965 Rege
2557 897 2752 949 merito
2806 893 3044 949 refutare
3079 900 3324 964 possent,
3347 905 3474 947 cum

1894 994 2112 1055 paetum
2150 985 2444 1055 adimplere
2487 987 2879 1056 cmtempserit
2905 986 3049 1056 quod
3076 985 3156 1039 eis
3199 1000 3298 1053 pro
3333 983 3476 1037 elec-

1894 1079 2040 1133 tione
2067 1095 2164 1134 sua
2196 1079 2521 1150 promiserat
2547 1098 2558 1132 :
2589 1094 2700 1148 quo
2721 1095 2832 1132 non
2860 1077 3174 1146 adimpleto,
3208 1092 3311 1130 nec
3357 1073 3472 1126 Rex

1893 1184 2014 1226 esse
2057 1179 2285 1240 poterat.
2334 1170 2469 1226 Nam
2499 1171 2611 1225 Rex
2658 1171 2968 1224 nullatenus
2996 1183 3117 1223 esse
3146 1174 3345 1237 potest,
3379 1164 3472 1234 qui

1896 1265 2141 1319 subditos
2173 1281 2302 1319 suos
2330 1281 2438 1319 non
2476 1279 2681 1334 regere,
2729 1263 2822 1317 sed
2871 1263 2927 1316 in
2972 1275 3210 1315 errorem
3257 1259 3474 1313 mittere

1895 1358 2178 1412 studuerit.
2215 1358 2352 1424 Quid
2385 1359 2537 1428 plura
2559 1358 2582 1409 ?
2604 1355 2794 1410 Nonne
2817 1353 3042 1424 quilibet
3063 1352 3218 1406 miles
3243 1349 3475 1406 Domino

1896 1465 1996 1503 suo
2038 1449 2309 1503 fidelitatis
2340 1450 2650 1520 juramento
2699 1446 2986 1514 subjicitur
3009 1458 3075 1497 eo
3119 1449 3299 1512 pacto,
3334 1448 3394 1493 ut
3421 1446 3477 1493 et

1896 1541 1982 1594 ille
2008 1541 2110 1594 sibi
2137 1557 2245 1594 non
2268 1541 2515 1610 deneget,
2543 1538 2688 1609 quod
2712 1537 2976 1591 Dominus
3009 1535 3166 1588 militi
3199 1532 3428 1587 debebat
3451 1531 3475 1582 2

1898 1632 1953 1685 Si
1980 1648 2112 1702 ergo
2135 1631 2402 1686 Dominus
2437 1632 2594 1685 militi
2623 1629 2864 1684 debitum
2905 1627 3128 1682 reddere
3153 1621 3474 1686 contemnit,

1896 1723 2157 1792 numquid
2182 1739 2289 1777 non
2317 1724 2482 1778 libere
2509 1723 2663 1776 miles
2686 1736 2811 1775 eum
2837 1734 2936 1789 pro
2967 1717 3199 1772 Domino
3222 1715 3477 1781 deinceps

1899 1823 2113 1869 recusat
2140 1815 2382 1868 habere?
2408 1813 2725 1876 Liberrime,
2755 1811 2998 1880 inquam.
3029 1807 3138 1862 Nec
3159 1803 3478 1875 hujusmodi

1898 1906 2122 1959 militem
2150 1906 2481 1960 infidelitatis
2506 1905 2589 1958 vel
2612 1902 2837 1972 perjurii
2877 1902 3071 1955 merito
3097 1899 3220 1969 quis
3245 1910 3475 1952 accusa-

1898 1997 1993 2062 bit,
2031 2013 2154 2051 cum
2204 2005 2377 2052 totum
2429 1993 2802 2064 adimpleverit
2857 1992 3003 2062 quod
3043 1989 3332 2062 promisit;
3369 1985 3476 2040 Do—

1897 2089 2044 2143 mino
2093 2104 2216 2154 suo,
2257 2089 2500 2158 inquam,
2555 2095 2666 2141 tam
2701 2086 2793 2140 diu
2844 2083 3146 2148 militando,
3181 2093 3346 2151 quam
3379 2075 3474 2132 diu

1897 2181 1984 2234 ille
2015 2179 2139 2234 fecit
2174 2179 2278 2235 sibi
2313 2180 2458 2250 quod
2485 2178 2750 2233 Dominus
2776 2175 2934 2230 militi
2964 2173 3213 2229 debebat.
3465 2169 3468 2172 ’

1965 2272 2050 2325 87.
2082 2270 2248 2342 igitur
2273 2271 2593 2340 Rudol'phus
2621 2269 2757 2334 Rex,
2790 2266 2880 2320 ubi
2917 2266 2971 2320 in
2999 2265 3198 2335 Regem
3223 2261 3474 2316 subleva-

1894 2372 1983 2418 tus
2013 2371 2117 2430 est,
2145 2363 2327 2418 statim
2355 2362 2688 2432 Apostolico,
2737 2360 2904 2414 missa
2936 2357 3226 2428 legatiOne,
3257 2353 3340 2410 _de’
3373 2365 3473 2406 sua

1894 2455 2237 2523 promotione
2283 2454 2538 2518 innotuit,
2587 2453 2744 2522 eique
2787 2450 3027 2505 debitum
3061 2445 3385 2515 obsequium
3415 2444 3472 2496 in

1894 2544 2290 2600 Ecclesiasticis
2326 2541 2890 2599 administrationibus
2934 2537 3187 2609 promisit
3223 2555 3238 2590 :
3274 2534 3475 2588 multo-

1893 2650 2001 2706 que
2031 2650 2091 2690 se
2124 2636 2521 2706 promptiorem.
2541 2635 2606 2690 ad
2633 2632 2994 2689 obedieudum
3045 2629 3170 2684 Sedi
3195 2626 3472 2697 Apostoli-

1893 2742 1972 2782 ea:
2015 2743 2179 2797 quam
2207 2735 2521 2783 antecessor
2563 2728 2684 2796 ejus
2723 2723 2986 2780 exhibuit.
3034 2720 3156 2791 Ipsa
3183 2718 3328 2774 enim
3356 2731 3471 2772 sua

1894 2818 2320 2874 consecrationis
2344 2819 2430 2874 die
2455 2861 2470 2886 ,
2523 2817 2779 2872 obediens
2814 2815 2996 2869 banno
3041 2810 3257 2866 Domini
3283 2809 3469 2878 Papae,-

1895 2908 2129 2965 ollicium
2163 2909 2449 2978 cujusdam
2478 2908 2703 2964 Diaconi
2749 2904 3049 2960 Simoniaci
3100 2903 3344 2972 recipere
3371 2915 3472 2954 no-

1893 2991 2014 3067 luit,
2050 3000 2144 3071 qui
2169 3016 2231 3056 ea
2257 3001 2344 3055 die
2369 3001 2434 3054 ad
2462 3000 2749 3070 legendum
2799 2997 2851 3049 in
2899 2993 3066 3048 Missa
3110 3003 3234 3050 ante
3266 2991 3468 3063 Regem

1821 3125 1860 3182 C
1891 3091 2004 3163 jam
2027 3093 2200 3147 sacris
2232 3091 2475 3147 vestibus
2513 3089 2734 3144 indutus
2781 3085 3088 3157 processit:
3124 3083 3267 3140 unde
3315 3079 3468 3182 Sige—

1895 3183 2069 3238 fridus
2116 3183 2463 3254 Mogontinus
2486 3179 2961 3250 Arcbiepiseopus,
2999 3184 3180 3230 amoto
3204 3188 3270 3229 eo
3296 3172 3365 3228 ab
3399 3173 3473 3226 alo

1894 3275 2028 3330 taris
2056 3275 2384 3341 ministerio,
2431 3274 2599 3329 alium
2649 3273 2709 3326 in
2741 3271 2861 3340 ejus
2910 3270 3104 3324 locum
3139 3265 3465 3335 surrogavit.

1896 3363 2010 3421 Hoc
2033 3374 2213 3420 autem
2239 3366 2530 3420 maximam
2556 3363 2812 3419 invidiam
2841 3360 3275 3416 Simoniacorum
3305 3364 3358 3410 et
3384 3357 3467 3412 in:

1895 3457 2286 3513 continentium
2334 3457 2522 3512 altaris
2565 3456 2939 3511 ministrorum
2994 3451 3126 3522 Regi
3173 3448 3468 3511 conﬂavit;

1894 3550 1988 3618 qui
2035 3549 2086 3602 in
2115 3549 2231 3618 ipsa
2274 3548 2359 3603 sui
2388 3547 2729 3618 promotione
2761 3545 2942 3600 banno
2983 3541 3294 3612 Apostolico
3341 3539 3470 3594 οϋθτ

1895 3641 2071 3706 diens,
2097 3656 2155 3694 se
2183 3640 2355 3694 otlicia
2382 3641 2571 3694 talium
2598 3653 2853 3707 respuere
2886 3651 2981 3705 per
2998 3632 3208 3704 praefati
3229 3631 3468 3688 Subdiae

1896 3733 2022 3788 coni
2048 3731 2320 3800 repulsam
2355 3731 2695 3786 monstravit.
2724 3723 3465 3784 Nullatenus._enim.dubita-_

1895 3823 2045 3888 bant,
2074 3838 2152 3887 se,
2202 3822 2303 3876 sub
2330 3830 2444 3876 tam
2490 3823 2732 3893 legitimo
2780 3818 3049 3887 Principe,
3100 3824 3195 3871 aut
3232 3814 3466 3868 ollicium

1895 3915 2261 3984 deposituros,
2295 3921 2390 3968 aut
2419 3913 2745 3968 concubinis
2771 3919 2827 3966 et
2877 3906 3470 3963 Ecclesiis-Simoniace

1896 4006 2184 4074 acquisitis
2209 4005 2704 4060 abrenuntiaturos.
2738 4002 3079 4072 Quapropter
3113 3999 3257 4054 illius
3279 3997 3470 4052 civita-

1895 4097 1965 4152 tis
1994 4097 2211 4163 Clerici,
2270 4097 2458 4152 eadem
2513 4097 2629 4166 ipsa
2678 4095 2838 4164 regis:
2879 4090 3308 4147 consecrationis
3358 4088 3467 4153 die,

1894 4195 2018 4255 post
2043 4187 2329 4256 prandium
2355 4188 2609 4242 concives
2633 4201 2786 4250 suos,
2812 4184 2938 4237 vino
2957 4191 3011 4236 et
3045 4180 3259 4235 insania
3282 4178 3468 4232 furen-

1894 4285 1976 4332 tes
2007 4277 2062 4330 in
2089 4276 2413 4346 EpiscOpum
2439 4292 2622 4343 suum,
2647 4284 2704 4329 et
2726 4273 2947 4343 Regem,
2971 4280 3026 4326 et
3045 4271 3282 4339 reliquos
3306 4267 3467 4321 Prin-

1894 4368 2041 4438 cipes
2065 4367 2493 4423 concitaverunt.
2523 4366 2754 4434 Quidam
2776 4363 2923 4420 enim
2959 4377 3093 4431 puer
3141 4375 3208 4415 ex
3231 4358 3468 4423 civitate,

216 4467 425 4516 sanctus
456 4460 516 4514 in
541 4475 734 4514 aurem
758 4461 1095 4516 decernenda
1124 4462 1366 4526 dictavit,
1395 4461 1449 4516 in
1479 4461 1789 4532 Apostolica
1825 4473 1868 4527 ι)
1893 4461 2168 4515 nescimus
2189 4459 2236 4514 si
2263 4459 2483 4529 propria
2512 4460 2794 4514 voluntate
2814 4456 3032 4518 ductus,
3069 4467 3138 4506 an
3164 4451 3234 4505 ab
3281 4449 3468 4516 aliquo

199 4544 342 4637 'Sede
395 4553 760 4619 constitutus,
796 4551 1238 4623 irrefragabiliter
1272 4551 1512 4607 decrevit
1558 4552 1731 4624 Reges
1757 4568 1790 4607 a

197 4641 320 4718 ‘suis
345 4641 712 4713 dignitatibus
742 4644 955 4709 cadere,
980 4652 1035 4698 et
1082 4643 1497 4714 participatione
1522 4644 1789 4699 Dominiei

196 4733 450 4822 lcorperis
475 4741 533 4788 et
556 4733 841 4805 sanguinis
888 4749 1092 4802 carere,
1131 4735 1176 4789 si
1206 4744 1598 4804 praesumerent
1635 4734 1790 4790 Sedis

214 4818 536 4889 Apostolicas
568 4824 726 4894 jussa
778 4833 1141 4882 contemnere.
1190 4825 1248 4880 Si
1292 4827 1434 4882 enim
1472 4826 1710 4882 caelestia
1739 4837 1792 4881 et

211 4912 510 4981 spiritualia
545 4914 717 4971 Sedes
763 4915 821 4970 Β.
864 4917 1007 4974 Petri
1042 4919 1288 4974 solvit-et
1325 4918 1552 4987 iudicat,
1587 4925 1790 4988 quanto

1890 4565 2206 4619 persuasus,
2236 4551 2455 4606 cuidam
2477 4551 2638 4606 militi
2683 4544 3089 4617 Arcliiepiseopi
3114 4550 3322 4612 partem
3347 4552 3470 4608 pre:

1893 4643 2048 4698 tiosae
2067 4642 2235 4698 vestis
2259 4641 2459 4698 furtive
2480 4643 2653 4699 voluit
2678 4641 3032 4697 detruncare:
3061 4635 3156 4705 qui
3185 4633 3366 4694 statim
3383 4645 3473 4684 ca-

1891 4741 2017 4802 ptus
2031 4742 2117 4788 est
2129 4748 2160 4787 a
2175 4734 2363 4788 milite.
2379 4733 2501 4800 Quo
2515 4733 2719 4798 audito,
2729 4731 3058 4786 Procurator
3067 4725 3305 4809 civitatis
3317 4735 3470 4777 eum-

1889 4821 2014 4877 dem
2034 4839 2131 4894 per
2149 4840 2347 4880 manus
2368 4834 2676 4896 exceptum,
2693 4823 2928 4880 liberum
2950 4819 3100 4875 abire
3121 4816 3282 4899 fecit,
3316 4811 3468 4899 nulla

1892 4921 2074 4969 tamen
2105 4915 2371 4971 seditione
2399 4923 2692 4972 commota.
2714 4913 2912 4968 Clerici
2943 4919 3145 4975 autem,
3163 4906 3348 4964 audito
3369 4898 3475 4958 hu-

213 5006 375 5074 magis
413 5015 649 5062 terrena
671 5015 728 5061 et
768 5011 1065 5078 smeularia,
1111 5011 1273 5080 juxta
1324 5010 1453 5066 illud
1503 5009 1786 5080 Apostoli:
1885 5003 2628 5079 jusmodirumore,captum
2655 5003 2824 5060 fuisse
2852 5017 3081 5076 puerum
3099 5015 3259 5081 quem
3291 5005 3477 5051 tamen

211 5087 374 5114 n1-,_-.

2923 5091 3260 5120 “Am-\‘I‘aﬁnn
3323 5085 3471 5120 οἶνος

1917 5109 2001 5120 -..σε
2034 5095 2315 5120 λε...2----.μ
2343 5099 2546 5120 αοιξ,.-..Δ
2595 5110 2848 5120 ΑκνκυιΑο-ιι
