3986 5386
422 310 426 314 δ
482 237 553 291 s7
1703 246 1761 300 s.
1801 243 2198 303 GREGORlUS
2236 249 2327 315 vn
2360 249 2558 305 pars.
2688 288 2693 294 .
3669 258 3741 315 88

475 351 532 407 in
554 351 751 409 diebus
768 351 1209 427 Quadragesima:
1229 355 1573 416 consuetudo
1594 364 1714 413 erat
1748 356 1868 413 sine
1892 359 2063 414 armis
2089 361 2137 418 Α
2163 377 2394 439 scapus,
2436 362 2577 428 Dux,
2623 361 2889 430 Mamilio,
2926 366 3153 434 Comes,
3184 368 3301 429 sive
3347 367 3520 433 Miles.
3552 366 3741 437 aliqua

475 443 806 513 procedere;
834 445 929 500 sed
945 452 1001 501 et
1021 446 1358 517 ipsa,siqua2
1374 446 1650 503 habebant
1663 463 1759 518 per
1779 449 2057 520 civitatem
2158 455 2581 524 prmsumptione
2604 457 2961 513 hanrerariove
2980 474 3140 526 ausu,
3166 459 3360 515 fraude
3381 461 3605 529 dolove,
3640 474 3741 517 seu

479 533 535 587 in
571 533 822 603 hospitiis
847 533 1097 600 dimissa,
1118 551 1230 605 prae
1259 536 1525 592 seditione
1549 538 1750 594 civium
1777 539 2064 609 acquirere
2159 544 2342 614 aliqua
2388 546 2822 615 perturbatione,
2865 547 3083 619 Legatis
3123 551 3328 606 nostris
3371 536 3649 609 obsistere
3685 558 3751 614 et.

480 639 591 687 non
624 633 895 695 poterant.
922 625 1117 683 Finitis
1144 636 1327 689 autem
1353 627 1630 699 Vesperis,
1657 629 1772 684 Rex
1802 644 1928 683 cum
1966 628 2064 683 Ar-

479 713 828 786 chiepiscopo
870 724 925 771 et
961 715 1187 787 reliquis
1216 716 1586 788 Principibus,
1617 720 1673 774 in
1704 719 1967 789 palatium
1992 720 2060 774 de

480 804 714 859 ecclesia
766 820 1071 875 regressus,
1100 822 1227 862 cum
1258 810 1522 879 populum
1554 806 1827 865 furentem
1875 809 1927 863 al
1975 809 2062 864 iu-

479 903 638 966 eepto
662 897 808 951 nolle
833 897 1096 954 desistere
1116 940 1139 967 ,
1154 900 1247 957 sed
1263 916 1360 956 eos
1377 901 1550 973 ipsam
1575 900 2061 973 Quadragesimam

478 987 622 1042 diem
661 986 1024 1055 Dominicam,
1057 993 1435 1047 coemetcrium
1456 993 1724 1067 ccclesim,
1749 994 1860 1065 into
1883 994 2061 1064 ipsam

478 1091 672 1132 eorum
693 1078 979 1134 matricem
1001 1081 1290 1138 ecclesiam
1320 1081 1619 1141 furibunda
1647 1085 1917 1142 seditione
1943 1101 2067 1157 pro-

478 1162 709 1233 fanare,
737 1165 927 1238 sicque
953 1183 1081 1223 cum
1117 1171 1405 1241 multiplici
1427 1173 1712 1242 sacrilegio
1742 1173 1797 1227 in
1831 1182 2073 1229 mortem

477 1269 660 1322 suam,
693 1252 1113 1326 Episcoporum,
1142 1274 1477 1331 suorumque
1516 1261 1783 1326 omnium,
1822 1261 1959 1315 nihil
1995 1261 2065 1331 ab

478 1343 615 1413 ipsis
641 1344 956 1416 injuriatos,
982 1349 1334 1419 conspirasse
1368 1349 1627 1417 vidisset,
1662 1350 1842 1420 gladio
1883 1349 2068 1404 accin-

480 1445 625 1503 ctus,
657 1452 850 1492 eorum
898 1438 1173 1494 insaniam
1217 1456 1565 1512 compescere
1594 1440 1929 1496 deliberavit.
1960 1440 2067 1496 Sed

479 1527 769 1601 Principes
814 1531 960 1601 ejus,
1003 1548 1130 1587 eum
1163 1542 1354 1607 contra
1384 1533 1593 1605 regium
1630 1548 1839 1588 morem
1876 1547 2068 1603 proce-

479 1617 612 1677 dere
643 1635 753 1673 non
784 1621 1174 1689 permiserunt.
1201 1622 1309 1693 lpsi
1331 1633 1513 1678 autem
1537 1640 1604 1678 ex
1625 1632 1900 1694 prmcepte
1922 1622 2078 1693 ejus,

2160 637 2452 703 contraire,
2477 653 2545 692 ne
2573 638 2843 715 justitiam
2861 648 2923 694 et'
2944 632 3105 697 linem
3145 650 3499 712 componant.
3519 648 3747 712 perte»

2162 733 2257 781 tet.
2301 726 2646 798 Quicumque
2690 737 2870 785 autem
2904 731 3198 787 temerario
3242 720 3587 803 ausu(quod
3628 747 3745 791 non

2161 818 2436 890 Optamus)
2460 818 2625 887 hujus
2651 829 2855 877 nostrae
2890 821 3299 878 constitutionis
3329 823 3569 878 violator
3594 822 3745 877 exti—

2162 909 2307 974 terit,
2327 908 2655 980 Legatisque
2690 911 2893 968 nostris
2913 913 3342 981 praenominatis,
3372 914 3439 979 ad
3464 915 3611 969 hanc
3638 929 3744 983 ipa-.-

2163 1014 2283 1053 cem
2341 1002 2775 1071 componendam
2822 1003 3101 1069 euntibus,
3168 1004 3417 1063 fraudem
3465 1019 3751 1075 opponere

2163 1093 2475 1158 tentaverit,
2514 1094 2736 1148 vinculo
2787 1109 2914 1148 eum
2958 1096 3320 1155 anathemat'ts
3359 1096 3758 1167 alligamus,e{

2164 1197 2274 1239 non
2301 1184 2481 1239 solum
2512 1184 2567 1239 in
2590 1185 2808 1254 spiritu,
2842 1200 3028 1241 verum
3059 1186 3223 1241 etiam
3249 1195 3305 1242 et
3332 1188 3385 1243 in
3415 1201 3672 1257 corpore,
3692 1196 3755 1244 et

2165 1287 2328 1329 omne
2348 1276 2710 1345 prosperitate
2743 1276 2909 1346 hujus
2955 1276 3100 1343 vitae,
3136 1277 3449 1348 Apostolica
3474 1286 3752 1348 potestate

2166 1364 2518 1430 innodamus,
2547 1374 2604 1421 et
2635 1367 2919 1422 victoriam
2959 1368 3078 1439 ejus
3122 1369 3179 1423 in
3217 1370 3387 1427 armis
3408 1370 3751 1433 auferimus;

2168 1457 2329 1513 utsic
2376 1458 2571 1512 saltem
2601 1457 2984 1525 confundatur,
3019 1466 3074 1515 et
3101 1460 3309 1529 duplici
3343 1460 3675 1517 confusione
3697 1467 3759 1512 et

2170 1548 2500 1603 contritione
2544 1556 2890 1605 conteratur.
2928 1549 3122 1605 Actum
3158 1549 3345 1605 Romae
3388 1550 3458 1606 in
3502 1548 3754 1609 Ecclesia

2169 1636 2386 1694 Domini
2445 1638 2774 1707 salvatoris,
2832 1640 2866 1694 5
2917 1638 3103 1697 Nonas
3173 1641 3401 1709 Martii,
3448 1642 3761 1709 Indictiuue

481 1710 749 1764 mutuatis
771 1710 1155 1782 undecumque
1185 1722 1440 1783 poterant
1465 1713 1659 1780 armis,
1686 1715 1922 1783 primum
1946 1712 2070 1784 qui-
2101 1700 2143 1754 Β
2168 1730 2365 1800 prima.
2380 1750 2408 1782 ,

481 1799 606 1855 dem
628 1801 695 1855 ad
721 1802 1137 1872 supplicandum
1155 1801 1266 1857 Deo
1280 1803 1566 1858 ecclesiam
1594 1801 1851 1874 ingressi,
1871 1800 2066 1855 deinde

482 1887 646 1961 Hyrie
667 1889 873 1946 eleison
898 1890 952 1944 in
981 1893 1150 1945 altum
1167 1891 1541 1959 concinentes,
1560 1908 1657 1961 per
1685 1900 1921 1962 portam,
1946 1904 2069 1959 qua:

480 1981 659 2053 magis
699 1982 1144 2053 impugnahatur,
1172 1983 1435 2038 exsiliunt
1457 1982 1523 2038 de
1544 1980 1793 2037 ecclesia.
1830 1980 1933 2048 Qui
1964 1989 2070 2035 sta-

481 2072 608 2139 tim,
645 2073 775 2128 licet
814 2075 1163 2144 paucissimi,
1192 2076 1487 2131 maximam
1522 2074 1929 2129 multitudinem
1964 2075 2071 2128 lio-

483 2165 654 2219 stit'm
697 2160 834 2219 adeo
878 2164 934 2219 in
972 2165 1155 2236 fugam
1208 2174 1511 2233 verterunt,
1541 2174 1602 2219 ut
1625 2165 1846 2234 quidam
1879 2164 2068 2217 eorum

483 2257 653 2311 etiam
705 2272 764 2312 se
800 2254 854 2311 in
904 2257 1153 2312 Rhenum
1188 2258 1441 2313 morituri
1472 2255 1906 2331 praecipitarent;
1946 2255 2081 2321 licet

485 2349 622 2420 regii
657 2346 857 2404 Milites
885 2366 1079 2420 parum
1112 2365 1207 2405 eos
1239 2348 1382 2405 ultra
1423 2346 1801 2405 caemeterium
1827 2344 2073 2400 ecclesia:

484 2441 929 2511 insequerentur,
1958 2432 1959 2435 “

1056 2598 1345 2667 "CAPUT
1382 2609 1473 2666 xv.

492 2749 776 2821 Gregorius
822 2747 1079 2821 Legatos,
1103 2748 1173 2801 ad
1218 2747 1449 2821 schisma
1497 2742 2081 2821 imperiieafompror

682 2821 845 2875 misso
879 2809 1275 2884 tollendunt,.in
1306 2809 1645 2869 Germaniam
1676 2809 1881 2881 dirigit.

502 2980 505 2987 ί
565 2959 656 3015 88.
688 2959 850 3012 Anno
876 2956 946 3011 ab
967 2953 1350 3010 lncarnatione
1388 2949 1606 3006 Domini
1642 2947 2083 3004 1078.1ndietio—

2237 1820 2327 1876 89.
2359 1821 2473 1892 (85)
2508 1840 2527 1872 ι
2569 1820 2867 1892 Gregorius
2890 1820 3217 1893 Episcopus,
3245 1837 3439 1887 servus
3465 1836 3769 1881 servorum.

2171 1910 2285 1979 Dei,
2329 1912 2791 1984 Arcbiepiscopis,
2838 1911 3140 1983 Episcopis,
3187 1912 3436 1979 Clericis,
3484 1912 3757 1979 Ducibus,

2169 2000 2598 2075 Marchionibus,
2652 1996 2991 2073 Comitibus,
3030 2004 3395 2072 omnibusque
3447 2004 3760 2073 majoribus

2171 2102 2335 2165 atque
2393 2095 2702 2151 minoribus
2744 2095 2801 2151 in
2846 2093 3146 2151 Teutonico
3196 2094 3385 2165 chno
3415 2095 3759 2159 constitutis,

2170 2186 2411 2257 exceptis
2434 2186 2524 2241 his
2550 2186 2645 2256 qui
2669 2186 2947 2242 Canonica
2973 2185 3541 2243 excommunicatioue
3566 2194 3775 2241 ωηιξη*

2172 2287 2282 2344 tur,
2310 2279 2541 2347 salutem
2579 2286 2635 2334 et
2654 2278 3026 2347 Apostolieam
3070 2276 3775 2333 benedicﬁonethotunt

2171 2371 2330 2426 vobis
2360 2370 2493 2435 fieri
2521 2370 2798 2434 volumus,
2835 2368 3054 2425 Fratres
3097 2368 3395 2434 carissimi,
3441 2367 3589 2437 quod
3616 2367 3767 2422 inea

2176 2460 2417 2534 Synodo,
2430 2475 2595 2532 quam
2618 2474 2792 2529 nuper
2814 2457 3436 2524 Romzecelebravimus;
3459 2476 3478 2508 ι
3495 2466 3605 2513 etc.
3632 2456 3768 2513 Vide

2175 2555 2314 2617 inter
2344 2551 2597 2623 epistolas
2621 2550 2679 2606 S.
2711 2550 2974 2621 Gregorii,
2997 2550 3164 2619 infra.

2247 2644 2338 2700 90.
2365 2644 2477 2715 (86)
2508 2663 2527 2695 ι
2563 2642 2860 2713 Gregorius
2897 2640 3224 2712 Episcopus,
3255 2656 3448 2697 servus
3472 2655 3767 2695 servorum

2176 2736 2294 2802 Dei;
2312 2734 2486 2793 Udoui
2504 2734 2640 2805 (87),
2655 2733 2961 2788 Trevirensi
2984 2732 3428 2801 Archiepiscopo,
3445 2731 3685 2786 salutem
3712 2738 3779 2785 et.

2177 2826 2547 2897 Apostolicam
2596 2823 3067 2879 benedictionem.
3106 2822 3319 2889 Quanta
3359 2823 3521 2878 nobis
3549 2822 3769 2883 sollici-

2180 2920 2313 2975 tudo
2349 2925 2664 2989 quantaque
2708 2913 2929 2969 tristitia
2982 2914 3054 2968 sit
3078 2915 3145 2969 de
3175 2914 3608 2984 perturbatione,
3655 2913 3771 2967 imo

491 3004 791 3123 nevprima,
827 3063 953 3105 cum
998 3054 1230 3117 uterque
1260 3044 1397 3110 Rex,
1437 3004 1706 3098 [lcumena
1758 3039 2009 3095 videlicet
2026 3049 2082 3095 et
2107 3045 2148 3102 C
2182 3011 2248 3113 διε
2270 3009 2498 3123 diss”?
2524 3007 2678 3123 Γξεξῗί
2713 3005 3068 3123 νῗξίξξινμξέίω
3099 3004 3391 3062 θιπίδείιηί
3417 3014 3473 3059 εί
3492 3004 3773 3075 Ροίειιιίδθ-

494 3141 841 3212 Rudolpbus,
874 3140 944 3195 ab
965 3137 1279 3208 Apostolica
1302 3135 1443 3191 Sede
1476 3133 1812 3204 adiutorium
1841 3131 2083 3201 requirer

494 3244 617 3302 ret;
641 3233 939 3303 Gregorius
958 3228 1105 3298 Papa
1128 3222 1680 3297 septimus,.generali
1706 3222 1925 3293 Synodo
1943 3237 2083 3292 pra:-

496 3327 705 3391 sidens,
733 3321 974 3379 decrevit
1002 3339 1015 3374 :
1048 3338 1069 3370 ‹
1108 3318 1385 3385 Quoniam
1424 3317 1492 3371 iis
1530 3323 1586 3370 et
1612 3313 1950 3385 perturbatio
1977 3313 2087 3368 Re-

498 3419 614 3491 gni,
641 3418 698 3471 in
721 3416 1022 3471 maximum
1061 3417 1268 3465 sanctte
1311 3406 1570 3463 Ecclesiae
1599 3404 1903 3475 perieulum
1924 3411 1980 3459 et
1996 3404 2087 3459 de-

497 3510 822 3566 trimentum
848 3503 1095 3577 quotidie
1119 3499 1426 3556 redundare
1445 3497 1710 3561 cernitur,
1732 3495 1911 3566 placet
1926 3495 2099 3551 nobis.

498 3602 788 3660 elaborare
815 3613 927 3672 pro
942 3595 1463 3664 viribus,.quatenus
1491 3587 1671 3645 idonei
1699 3595 1811 3641 tam
1828 3586 2087 3657 religione

502 3706 671 3767 quam
698 3692 862 3747 etiam
889 3687 1118 3747 scientia
1146 3685 1414 3756 pollentes
1439 3680 1648 3747 Nuntii,
1683 3693 1716 3734 e
1734 3679 1905 3734 latere
1933 3677 2087 3733 Sedis

503 3784 834 3858 Apostolica:
856 3783 925 3837 ad
950 3786 1136 3852 partes
1152 3820 1164 3834 .
1182 3776 1308 3831 illas
1331 3775 1640 3838 mittantur,
1668 3771 1763 3841 qui
1786 3784 1980 3825 omnes
2003 3783 2089 3824 re-

503 3877 734 3950 ligiosos
779 3882 836 3931 et
872 3872 1100 3944 iustitiae
1142 3876 1436 3932 amatores,
1485 3865 1545 3919 in
1585 3860 1871 3917 Teutonici
1916 3859 2091 3930 Regni

502 3968 757 4043 partibus
785 3970 1210 4027 commorantes,
1236 3957 1521 4016 Clericalis
1548 3964 1603 4010 et
1631 3952 1864 4008 Laicalis
1882 3951 2091 4043 ordinis

504 4042 681 4127 viros,
711 4065 766 4113 et
786 4057 855 4113 ad
875 4057 983 4111 hoc
1011 4067 1152 4124 opus
1179 4052 1430 4116 idoneos,
1451 4051 1791 4111 convocent;
1818 4059 1943 4100 cum
1968 4042 2093 4113 qui-

504 4152 615 4209 bus
654 4147 895 4220 (Domini
937 4146 1118 4218 gratia
1153 4142 1454 4214 praeeunte)
1495 4146 1592 4193 aut
1634 4136 1800 4191 ﬁnem
1828 4142 1884 4191 et
1902 4150 2092 4205 pacem

501 4243 654 4316 iuste
678 4245 1042 4311 cornponaut;
1084 4243 1181 4290 aut
1223 4235 1452 4289 veritate
1475 4228 1812 4301 percognita,
1837 4227 1927 4282 eui
1954 4225 2095 4296 parti

503 4333 718 4409 iustitia
744 4331 920 4403 magis
942 4327 1143 4393 faveat,
1168 4326 1237 4381 ad
1268 4325 1490 4395 plenum
1531 4321 1814 4376 addiscere
1844 4319 2090 4384 valeant;

507 4439 782 4502 quatenus
805 4440 935 4496 pars
958 4421 1160 4491 injust‘a
1199 4419 1429 4473 desistat
1446 4456 1467 4482 ,
1487 4424 1543 4469 et
1562 4411 1876 4482 Apostolica
1903 4417 2094 4465 aucto-

508 4499 733 4575 toritate
771 4516 985 4573 munita
1003 4511 1241 4584 justitia,
1265 4507 1470 4578 vigoris
1488 4512 1543 4558 et
1562 4499 1904 4558 auctoritatis
1927 4500 2096 4554 robur

511 4613 775 4669 obtineat.
804 4609 1005 4663 Verum
1050 4602 1313 4675 quoniam
1365 4595 1680 4658 nonnullos,
1725 4591 1997 4648 diabolico
2019 4591 2099 4645 in-

508 4698 719 4760 stinctu
751 4689 1050 4762 collectos,’
1062 4691 1369 4766 tyrannidis
1411 4701 1526 4743 sum
1557 4684 1772 4739 facibus
1807 4696 2096 4748 accensos,

510 4795 693 4865 turpis
721 4792 864 4849 lucri
893 4787 1133 4845 avaritiae
1165 4782 1531 4852 mancipatos,
1563 4773 1890 4832 discordiam
1913 4774 2099 4844 potius

513 4900 682 4956 quam
723 4897 913 4955 pacem
950 4879 1068 4934 fieri
1108 4885 1165 4934 et
1196 4876 1383 4931 videre
1416 4869 1810 4932 desiderantes,
1836 4865 1955 4921 fere
1986 4878 2095 4919 non

514 4977 867 5049 ignoramus;
888 4968 1183 5025 statuimus
1219 4974 1279 5022 ut
1299 4962 1450 5020 nulla
1465 4974 1710 5031 unquam
1728 4970 1965 5027 persona
1994 4956 2098 5010 ali-

516 5046 680 5139 cujus
722 5063 1004 5138 potentiaa,
1036 5060 1149 5116 sive
1174 5058 1289 5114 Rex
1335 5065 1432 5113 aut
1469 5050 1949 5122 Archiepiseopus,
1971 5046 2099 5117 Epi-

592 5238 970 5312 (85,)‘55‘1'330
993 5233 1342 5312 Ερῖείίξιέιξ
1367 5233 1490 5312 “illi
1522 5234 1575 5288 5-
1607 5302 1628 5312 _
1666 5301 1683 5312 .,

597 5297 710 5383 iss)
747 5309 864 5386 U_do
891 5297 1463 5386 Τνευίὶςεεέ-εεειεείω
1490 5301 1707 5386 ptz‘fuit
1731 5301 1815 5386 ab
1831 5314 1932 5386 ρης
1963 5297 2101 5386 ipsa

1088 5372 1219 5386 ΠΛ--
1264 5371 1324 5386 1⁷1.

2181 3101 2327 3167 simi,
2359 3120 2381 3153 ι
2410 3107 2515 3156 etc.
2551 3098 2681 3153 Vide
2707 3098 2796 3152 ubi
2829 3114 3010 3168 supra.

2249 3214 2340 3269 9i.
2364 3212 2523 3268 Anno
2547 3211 2617 3266 ab
2634 3208 3016 3265 lncarnatione
3044 3206 3263 3262 Domini
3287 3205 3442 3273 1078,
3466 3204 3741 3261 Pontiﬁca
3758 3237 3771 3245 μ

2181 3315 2273 3361 tus
2297 3320 2428 3360 vero
2450 3302 2668 3358 Domini
2693 3300 2939 3371 Gregorii
2971 3297 3187 3370 septimi
3212 3297 3373 3368 Papa:
3398 3306 3579 3363 sexto,
3619 3298 3773 3353 doci-

2184 3411 2277 3453 mo
2313 3395 2474 3451 tertio
2526 3392 2797 3449 Kalendas
2820 3390 3158 3456 Decembris,
3181 3388 3481 3445 Indietione
3503 3390 3791 3455 secunda,

2183 3494 2513 3558 congregata
2533 3494 2620 3541 est
2647 3484 2901 3556 Synodus
2921 3481 3110 3541 Rom
3136 3481 3193 3536 in
3217 3480 3447 3537 ecclesia
3475 3478 3534 3534 S.
3580 3479 3781 3535 Salva-

2185 3580 2345 3646 toris,
2366 3578 2425 3633 in
2445 3594 2553 3648 qua
2576 3577 2904 3647 juraverunt
2949 3573 3114 3646 legati
3153 3570 3372 3629 Henriei
3393 3581 3448 3627 et
3471 3570 3774 3641 Rudolphi,

2187 3672 2424 3742 quisque
2469 3685 2570 3740 pro
2612 3667 2846 3722 Domino
2885 3681 3008 3732 suo,
3037 3665 3186 3735 quod
3225 3664 3393 3719 nullis
3427 3663 3574 3718 dolis
3594 3664 3775 3718 collo—

2183 3763 2380 3833 quium
2414 3760 2745 3832 Legatorum
2788 3756 2946 3815 Sedis
2982 3755 3327 3828 Apostolicte,
3369 3754 3428 3809 in
3467 3753 3791 3810 Teutonico.

2191 3853 2380 3924 Regno
2413 3852 2749 3917 habendum,
2778 3848 3092 3920 impedient.
3130 3866 3135 3872 ·

2262 3946 2357 4000 92.
2408 3944 2572 3998 Anno
2594 3942 2666 3997 ab
2699 3940 3084 3997 Incarnatiune
3126 3937 3343 3993 Domini
3392 3937 3548 3992 1079.
3590 3934 3780 3991 Mense

2191 4035 2514 4100 Februario,
2550 4033 2851 4089 lndictione
2871 4031 2928 4098 2,
2969 4029 3349 4100 Ροηιίίὶεειιιιιεὲ
3377 4042 3510 4087 vero
3555 4025 3778 4083 Domini

2192 4127 2443 4199 Gregorii
2474 4124 2705 4196 septimi
2725 4123 2887 4195 Papae
2933 4120 3047 4186 Vll,
3075 4119 3263 4191 Legati
3292 4118 3454 4190 Regis
3498 4117 3791 4186 Rudolphi.

2194 4235 2360 4290 super
2400 4218 2695 4274 Henricum
2748 4215 3243 4287 proclamaverunt,
3289 4210 3437 4282 quod
3473 4209 3612 4267 nulli
3653 4210 3781 4263 loco

2194 4312 2438 4381 nullique
2477 4323 2728 4379 personae
2768 4320 3021 4376 parcens,
3071 4303 3349 4373 regionem
3375 4300 3779 4370 transalpinum

2124 4378 2169 4431 Β
2194 4378 2507 4457 contereret
2536 4406 2591 4454 et
2628 4397 2995 4462 conculcaret,
3042 4394 3317 4450 neminem
3355 4391 3571 4448 debitus
3597 4391 3783 4447 honor

2194 4494 2282 4548 vel
2327 4491 2628 4549 reverentia
2668 4495 2936 4554 tueretur,
2957 4495 3013 4543 et
3042 4501 3141 4541 ceu
3182 4485 3310 4540 vilia
3357 4482 3629 4551 mancipia
3664 4496 3778 4536 non

2195 4585 2362 4641 modo
2407 4582 2753 4647 Sacerdotes,
2785 4580 2881 4635 sed
2909 4578 3074 4634 etiam
3117 4575 3371 4646 Episcopi
3400 4581 3455 4629 et
3484 4572 3795 4641 Arehiepir

2195 4677 2347 4748 scopi
2377 4683 2723 4747 caperentur,
2754 4670 3099 4739 vinculisque
3155 4666 3621 4735 manciparemur,
3638 4678 3783 4733 par—

2198 4772 2404 4840 timque
2426 4769 2538 4839 jam
2581 4765 3003 4821 trucidarenuir.
3043 4758 3409 4815 Decreverunt
3439 4765 3573 4826 ergo
3607 4769 3779 4823 quam

2197 4863 2386 4933 plures
2426 4858 2764 4925 Concilii,'in
2799 4856 2952 4910 illum
2990 4850 3331 4923 tyrannidem
3364 4846 3603 4918 gladium
3612 4845 3780 4915 ,Δρο-

2199 4953 2455 5009 stolicum
2494 4951 2691 5006 debere
2731 4944 3007 5016 evaginari
3049 4941 3187 4996 :‘sed
3224 4938 3438 4996 distulit
3459 4936 3785 5006 Apostolica

2199 5044 2583 5110 mansuetudo,
2608 5041 2772 5097 simul
2796 5046 2851 5093 et
2878 5034 3008 5090 illud
3030 5031 3343 5098 attendens,
3364 5029 3512 5098 quod
3535 5026 3651 5090 (88)
3679 5025 3778 5080 Pe-

2273 5224 2389 5295 (87)
2409 5222 2511 5277 Esi
2529 5222 2655 5295 1131.30.
2675 5215 2917 5295 EPFS‘Q‘?
2945 5211 3010 5295 ἕρ
3054 5209 3149 5295 li":
3174 5204 3780 5295 ῩέὲδΕἪΣἘΨΒΨῙ

2204 5272 2507 5367 ηυὶῖἑιῦἷί
2532 5272 2898 5367 “insula.”
2948 5277 3303 5367 “‘2”..R’_“P_i:
3337 5272 3771 5367 PlER‘EEQL‘il‘

2205 5343 2325 5386 ἓεῖἷε
2351 5343 2649 5386 τζ“ζ”.ζ...“ιά
2706 5355 2826 5386 mm:
2846 5369 2905 5386 ..ι
2958 5350 3021 5386 ml
3053 5343 3298 5386 ΠᾹηηριιι
3335 5344 3497 5386 simul
3524 5353 3577 5386 pr
3600 5343 3779 5386 Tlmn-
