3986 5386
234 259 313 315 ω
1239 268 1769 327 pnetsconma.
1798 264 2058 321 -—ACTA
2097 263 2153 320 s.
2196 265 2541 323 cnsconn.
3442 273 3516 329 ω

243 382 327 429 tre
355 373 663 432 Albanensi
685 388 742 435 et
775 381 1066 438 Altmanno
1094 382 1425 440 Battaviensi
1459 385 1743 456 Episcopis
1762 384 1831 439 de
1858 384 1903 440 Α
1930 381 2178 449 nuribus,
2205 382 2299 452 qui
2328 398 2437 438 non
2463 388 2591 437 sunt
2612 387 3068 441 excommunicali
3089 396 3141 443 et
3161 386 3380 445 obedire
3414 406 3511 444 vo-

240 467 434 521 eodem
482 471 712 540 negotio
750 474 1021 539 scribens,
1045 475 1185 531 inter
1224 486 1403 531 cetera
1429 477 1561 532 dicit
1585 496 1599 531 :
1626 477 1718 532 Sic
1737 491 1836 531 vos

242 559 464 627 utrique
510 562 665 629 parti
701 578 1045 632 communes,
1097 575 1151 623 et
1187 569 1256 622 ab
1305 570 1456 622 omni
1507 568 1837 639 suspicionis

242 664 414 715 om,
444 662 729 721 quantum
766 656 821 709 in
850 658 1006 712 vobis
1024 668 1129 725 est,
1168 675 1296 715 cum
1327 661 1524 715 divinae
1543 661 1729 731 gratiae
1751 660 1840 715 ad-

235 741 447 811 jutorio
492 744 758 801 exhibete
798 749 1098 817 immunes,
1158 761 1218 805 ut
1252 752 1479 821 iustitiae
1522 767 1756 822 semper,
1784 762 1840 807 et

240 834 389 887 nullo
414 835 588 890 modo
620 840 878 906 partibus
908 840 1155 909 faveatis,
1188 844 1331 899 sicut
1361 844 1577 899 habetis
1603 843 1838 898 formam

229 932 490 980 nostram
526 945 541 981 :
588 930 693 999 qui
736 932 1018 999 videlicet,
1061 944 1351 1005 postquam
1398 936 1666 1006 judicium
1701 937 1837 991 tanti

242 1016 406 1085 hujus
428 1020 645 1088 negotii
670 1022 729 1077 in
750 1039 916 1078 manu
940 1024 999 1079 Β.
1027 1025 1173 1081 Petri
1195 1028 1551 1081 commissum
1581 1036 1684 1094 est,
1703 1028 1837 1082 nihil

241 1106 384 1161 εὔιιό
436 1111 682 1167 testibus
709 1114 868 1170 vobis
901 1116 1253 1184 intendimus,
1291 1118 1397 1171 nisi
1422 1125 1481 1172 ut
1502 1119 1840 1188 perjustitiae

242 1199 499 1255 semitam
524 1202 873 1262 incedamus.
900 1208 979 1262 Ad
1005 1209 1211 1263 nullam
1232 1192 1838 1279 partem'sinceritatem

243 1291 575 1361 Apostolica:
612 1296 970 1356 discretionis
1015 1300 1341 1366 infleximus,
1393 1301 1556 1357 nullis
1603 1302 1840 1372 promis-

242 1383 497 1440 sionibus
517 1395 616 1441 aut
643 1391 946 1445 terroribus
960 1393 1246 1458 cessimus,
1273 1408 1373 1447 nec
1392 1393 1536 1448 aliud
1552 1409 1835 1463 umquam,

246 1473 352 1531 Deo
390 1487 744 1549 protegente,
786 1489 1009 1538 acturos
1048 1498 1152 1537 nos
1184 1498 1306 1537 esse
1327 1484 1673 1540 confidimus.

311 1567 401 1621 93.
445 1567 631 1624 Porro
652 1570 815 1642 legati
844 1572 1062 1628 Henrici
1086 1574 1268 1645 Regis,
1294 1575 1389 1644 qui
1416 1576 1687 1645 praedicta:
1715 1592 1842 1646 qne-

246 1658 367 1714 lclz
394 1672 573 1729 super
597 1662 857 1718 eumdem
895 1664 1120 1733 prolatae
1161 1673 1360 1735 praesto
1382 1666 1621 1733 fuerunt,
1647 1682 1842 1722 secun-

242 1748 367 1802 dum
392 1748 550 1804 hunc
570 1759 821 1807 tenorem
836 1754 1163 1823 juraverunt
1190 1775 1204 1809 :
1232 1776 1250 1808 ε
1273 1756 1458 1827 Legati
1487 1757 1705 1813 Domini
1730 1759 1838 1813 mei

242 1836 465 1895 Βαιτὶοί
494 1840 665 1912 Regis
690 1844 761 1898 ad
789 1859 892 1899 vos
908 1845 1128 1900 venient
1160 1846 1299 1901 infra
1323 1850 1618 1904 terminum
1639 1851 1843 1905 Ascen-

242 1930 414 1987 sionis
446 1931 693 2000 Domini,
724 1937 972 2005 exceptis
1016 1937 1273 2008 legitimis
1306 1939 1420 2010 (89)
1444 1942 1657 2008 sonnis,
1683 1942 1735 1997 id
1756 1950 1840 1997 est

240 2032 419 2079 morte
435 2025 526 2080 vel
541 2026 697 2095 gravi
723 2027 985 2082 infirmita
994 2037 1064 2095 te,
1085 2029 1171 2085 vel
1193 2030 1444 2100 captione
1467 2032 1676 2102 absque
1689 2033 1836 2099 dolo,

241 2116 336 2182 qui
362 2116 585 2186 legatos
621 2117 888 2175 Romanae
927 2117 1082 2175 Sedis
1111 2135 1306 2176 secure
1328 2122 1531 2178 ducent
1574 2131 1628 2178 et
1671 2124 1837 2179 redu-

242 2214 389 2272 cent;
423 2216 480 2262 et
508 2208 784 2264 Dominus
803 2208 918 2264 Rex
946 2211 1205 2267 obediens
1241 2213 1349 2269 illis
1368 2214 1475 2268 erit
1506 2215 1563 2269 in
1582 2217 1839 2271 omnibus

222 2299 549 2354 secundum
591 2300 870 2370 justitiam
917 2309 973 2357 et
1007 2303 1276 2373 judicium
1323 2306 1537 2360 illorum
1572 2325 1584 2361 :
1624 2314 1679 2361 et
1723 2308 1840 2363 haec

243 2390 425 2446 omnia
462 2393 709 2448 servabit
737 2394 949 2465 absque
966 2394 1116 2460 dolo,
1147 2396 1255 2451 nisi
1276 2405 1540 2467 quantum
1564 2414 1630 2453 ex
1656 2406 1836 2455 vestra

238 2472 497 2549 iussione
531 2485 885 2540 remanserit.
945 2486 1011 2540 Et
1040 2489 1146 2542 hoc
1186 2490 1441 2558 juramus
1471 2506 1536 2544 ex
1567 2500 1837 2561 percepto

243 2571 465 2629 Domini
490 2578 668 2631 nostri
700 2576 866 2646 Regis
897 2575 1131 2633 Henrici.
1170 2578 1358 2634 Itidem
1378 2581 1534 2650 legati
1569 2580 1835 2652 Rudolpbi

244 2667 408 2740 Regis
447 2669 802 2739 juraverunt,
832 2669 981 2739 quod
1011 2670 1262 2740 sequitur
1290 2689 1302 2724 :
1340 2671 1397 2725 Si
1412 2672 1748 2742 colloquium
1771 2690 1837 2729 ex

243 2772 522 2831 praecepto
539 2769 731 2814 vestro
757 2761 1112 2815 constitutum
1145 2762 1308 2817 fuerit
1340 2762 1393 2816 in
1416 2764 1662 2833 partibus
1692 2763 1836 2819 Teu-

224 2853 466 2917 tonicis,
494 2853 622 2908 loco
646 2861 703 2907 et
741 2860 989 2922 tempore
1021 2869 1051 2907 a
1080 2853 1237 2909 vobis
1265 2854 1510 2921 definito,
1534 2862 1660 2911 ante
1693 2871 1837 2925 prte-

248 2948 479 3002 sentiam
524 2952 771 3000 vestram
809 2944 896 2998 vel
926 2943 1251 3015 Legatorum
1292 2954 1624 3013 vestrorum,
1653 2946 1840 3001 Domi-

1939 471 2195 536 luerunt,
2245 473 2477 526 salutem
2525 480 2581 526 et
2633 472 3001 544 Apostolicam
3059 480 3508 536 benedictionem.

1938 560 2207 626 Quoniam
2231 576 2297 615 ex
2346 562 2440 616 lite
2465 570 2521 616 et
2552 563 2914 631 dissensione,
2959 582 3080 637 qua:
3129 571 3335 626 tamdiu
3374 571 3513 625 inter

1937 668 2037 709 vos
2056 662 2194 719 est,»
2222 662 2328 709 etc.
2369 654 2496 707 Vide
2530 656 2667 708 inter
2698 657 2971 725 epistolas,
2995 662 3158 730 infra.

2530 764 2758 821 CAPUT
2795 767 2915 821 ΧΠ.

1939 855 2290 929 Promulgata
2328 858 2650 937 depositione
2691 857 2908 937 Henrici
2933 869 2982 937 et
3011 861 3260 919 electione
3281 865 3512 937 Rudolﬁ,

2386 929 2474 997 pie
2498 930 2727 981 moritur
2752 929 3054 1001 Gregorius.
3454 929 3469 951 "

2010 1020 2099 1073 95.
2124 1018 2282 1073 Anno
2330 1018 2400 1073 ab
2431 1018 2811 1075 lncarnatione
2840 1020 3056 1077 Domini
3088 1023 3246 1091 1080,
3282 1025 3513 1081 Pontili-

1939 1119 2096 1166 catus
2131 1125 2263 1166 vero
2302 1111 2515 1167 Domini
2561 1110 2809 1181 Gregorii
2830 1111 2990 1184 Papa:
3044 1117 3259 1186 septimi
3287 1135 3431 1172 anno
3462 1120 3514 1186 7,

1941 1203 2235 1259 lndictione
2262 1203 2443 1267 tertia,
2468 1201 2762 1257 celebravit
2798 1205 2912 1273 ipse
2932 1205 3076 1276 Papa
3102 1206 3379 1277 Synodum
3404 1208 3517 1265 Ro-

1942 1311 2064 1361 unae,
2086 1295 2181 1349 ubi
2208 1293 2571 1349 interfuerunt
2597 1294 3009 1367 Archiepiscopi
3052 1307 3108 1353 et
3136 1298 3391 1372 Episcopi
3436 1302 3519 1357 di-
3544 1300 3545 1303 “

1940 1402 2222 1442 versarum
2244 1387 2495 1454 Urbium,
2522 1402 2623 1442 nec
2643 1402 2752 1442 non
2777 1388 3069 1457 Abbatum,
3094 1406 3158 1445 ac
3178 1391 3517 1447 diversorum

1939 1476 2206 1534 Ordinum
2243 1478 2582 1535 Clericorum
2640 1488 2696 1535 et
2752 1479 3043 1535 Laicornm
3112 1482 3523 1541 innumerabilis

1941 1570 2254 1626 multitudo.
2280 1572 2724 1641 Supervenerunt
2758 1581 2941 1629 autem
2960 1582 3016 1628 et
3030 1573 3222 1644 Legati
3246 1575 3522 1647 Rudolphi

1946 1660 2108 1732 Regis
2133 1671 2187 1717 et
2225 1663 2542 1733 Principum
2587 1663 2755 1735 Regni
2787 1665 3095 1733 Teutonici,
3124 1675 3179 1722 et
3206 1669 3520 1737 hujusmodi

1941 1754 2339 1822 querimoniam
2361 1756 2706 1825 protulerunt
2721 1772 2888 1827 super
2909 1759 3249 1829 tyrannidem
3268 1758 3485 1817 llenrici
3508 1782 3519 1816 :

1948 1864 1965 1894 ι
1986 1843 2113 1911 Nos,
2152 1861 2220 1900 ex
2246 1846 2514 1917 legatione
2538 1845 2752 1901 Domini
2777 1850 2952 1903 nostri
2982 1847 3147 1920 Regis
3176 1849 3447 1923 Rudolphi
3468 1864 3523 1908 et

1941 1934 2260 2007 Principum
2291 1937 2431 2008 ejus,
2478 1940 2873 2008 conquerimur
2914 1939 3028 1995 Deo
3047 1950 3101 1995 et
3124 1940 3181 1995 S.
3204 1941 3387 2010 Petro,
3427 1956 3521 1999 ve-

1941 2036 2177 2098 straeque
2197 2028 2517 2087 Paternitati
2546 2038 2600 2083 et
2622 2040 2823 2086 cuncto
2845 2033 2975 2087 huic
2997 2033 3350 2089 sanctissimo
3380 2032 3526 2091 Cun-

1916 2121 2088 2184 -cilio,
2124 2120 2270 2190 quod
2313 2120 2402 2175 ille
2439 2119 2917 2192 Henricus,,qncm
2957 2140 3056 2179 vos
3084 2123 3403 2194 Apostolica
3428 2143 3526 2181 au-

1940 2211 2193 2268 ctoritate
2230 2211 2563 2281 deposuistis
2601 2228 2631 2267 a
2672 2211 2895 2285 llegno,
2946 2214 2999 2269 id
3042 2214 3224 2284 ipsum
3275 2216 3521 2289 Regnum

1939 2312 2131 2359 contra
2151 2313 2392 2359 vestrum
2417 2304 2765 2359 interdictum
2790 2306 3068 2377 tyrannice
3091 2307 3308 2374 invasit,
3342 2311 3523 2363 omnia

1940 2396 2370 2466 circumquaque
2408 2394 2576 2457 ferro,
2626 2396 2828 2465 praeda,
2883 2397 3136 2453 incendio
3173 2400 3479 2455 devastavit
3512 2422 3524 2455 :

1939 2487 2415 2556 Archiepiscopos,
2468 2486 2777 2557 Episcopos
2823 2488 2892 2543 de
2939 2488 3363 2560 Episcopatibus
3410 2494 3528 2548 suis

1939 2578 2107 2648 impia
2129 2578 2450 2633 crudelitate
2477 2579 2706 2649 expulit,
2731 2586 2787 2634 et
2804 2595 2997 2636 eorum
3025 2580 3388 2651 Episcopatus
3412 2584 3531 2639 suis

1939 2669 2247 2725 fautoribus
2284 2670 2340 2724 in
2385 2670 2649 2725 beneficia
2693 2672 2997 2727 distribuit.
3031 2671 3134 2727 Per
3181 2675 3342 2743 cujus
3364 2675 3528 2729 etiam

1940 2762 2281 2832 tyrannidem
2320 2762 2426 2832 piae
2450 2763 2731 2816 memoriae
2766 2763 2882 2833 (9i)
2920 2762 3275 2820 Weinharins
3312 2762 3531 2837 Magdc4

1939 2853 2230 2923 burgensis
2272 2852 2732 2923 Arcbiepisc0pus
2776 2854 2995 2909 occisus
3023 2863 3156 2910 est:
3200 2854 3529 2911 Adalbertus

1943 2943 2371 3000 Wormatiensis
2394 2944 2696 3014 Episcopus
2735 2944 2915 2999 adhuc
2960 2945 3030 2999 ab
3050 2959 3117 2999 eo
3138 2955 3329 3003 contra
3371 2946 3530 3001 Sedis

247 3054 349 3094 aus
376 3046 575 3092 noster
602 3036 721 3091 Rex
748 3035 1074 3106 Rudolphus
1112 3038 1197 3092 vel
1226 3038 1341 3107 ipse
1368 3038 1569 3104 veniet,
1592 3038 1677 3093 vel
1706 3037 1837 3108 Epi-
1865 3043 1907 3098 C
1941 3035 2268 3104 Apostolica:
2298 3043 2631 3105 praeceptum
2671 3035 2727 3087 in
2773 3035 3029 3104 captione
3060 3036 3341 3093 cruciatur
3364 3037 3478 3108 (92)
3511 3058 3524 3093 :

248 3144 447 3200 scopos
469 3137 527 3183 et
552 3129 743 3184 fideles
779 3143 915 3184 suos
960 3129 1171 3197 mittet;
1213 3138 1545 3199 paratusque
1567 3130 1672 3184 erit
1691 3129 1839 3199 judi-

248 3222 414 3285 cium,
457 3221 611 3290 quod
649 3228 839 3277 sancta
867 3218 1116 3275 Romana
1153 3215 1394 3276 Ecclesia
1423 3221 1744 3286 decreverit,
1771 3223 1839 3278 de

248 3329 414 3369 causa
467 3311 646 3383 Regni
697 3311 913 3376 subire;
945 3312 1205 3382 nulloque
1239 3313 1384 3366 malo
1430 3313 1650 3383 ingenio
1686 3313 1836 3369 Con-

229 3412 494 3469 "veutum,
520 3420 551 3458 a
581 3403 741 3458 vobis
765 3402 881 3457 sive
920 3419 955 3457 a
988 3404 1188 3459 vestris
1220 3403 1439 3474 Legatis
1476 3406 1837 3460 constitutum

252 3496 540 3565 impediret
569 3514 585 3550 :
618 3502 676 3550 et
695 3502 991 3565 postquam
1026 3504 1234 3551 certum
1262 3497 1387 3550 inde
1413 3504 1656 3551 vestrum
1682 3497 1836 3554 Nun~

251 3588 387 3642 tium
412 3587 647 3653 videbit,
673 3587 744 3641 de
766 3601 902 3656 pace
948 3588 1233 3643 statuenda
1265 3588 1321 3641 in
1348 3587 1534 3658 Regno
1552 3596 1608 3644 et
1639 3591 1839 3645 conﬁr-

254 3678 450 3734 manda
474 3678 737 3744 studchit,
757 3686 820 3732 ut
839 3679 1044 3749 legatio
1061 3688 1242 3735 vestra
1271 3679 1557 3750 pervenire
1576 3681 1643 3735 ad
1667 3681 1837 3751 Regni

253 3786 437 3841 pacem
461 3781 518 3827 et
566 3770 922 3827 concordiam
967 3772 1162 3840 possit.
1195 3770 1321 3826 Hac
1347 3772 1534 3825 omnia
1578 3773 1840 3827 observa-

255 3866 476 3929 buntur,
500 3865 557 3918 in
584 3871 853 3934 quantum
904 3876 971 3916 ex
1006 3870 1190 3917 vestra
1236 3862 1454 3917 licentia
1488 3864 1836 3931 remanserit,

254 3957 333 4009 vel
352 3972 418 4010 ex
450 3956 843 4026 impedimento
868 3953 1130 4024 legitimo,
1157 3953 1364 4008 scilicet
1387 3962 1566 4007 morte
1580 3955 1666 4008 vel
1689 3957 1838 4025 gravi

258 4046 572 4101 inﬁmitate
592 4046 679 4101 vel
710 4045 989 4115 captione,
1030 4045 1150 4100 sine
1184 4044 1332 4099 dolo.
1383 4063 1402 4095 ›

319 4139 410 4192 94.
437 4137 692 4193 Posthtec
735 4150 940 4191 rursus
964 4135 1095 4190 exiit
1120 4135 1358 4192 edictum
1388 4135 1715 4206 Apostolicze
1754 4138 1843 4192 be-

252 4228 560 4300 nignitatis,
584 4229 733 4300 quod
774 4227 984 4282 idcirco
1036 4242 1103 4282 ex
1132 4227 1430 4282 abundanti
1479 4228 1757 4298 ponimus,
1782 4238 1844 4283 ut

258 4321 515 4375 clarescat
553 4328 608 4375 et
646 4319 990 4390 sapientibus
1019 4327 1074 4373 et
1101 4318 1507 4389 insipientibus,
1540 4320 1839 4390 principem

259 4409 424 4467 fuisse
472 4410 800 4482 Gregorium
849 4420 1104 4466 nostrum
1144 4410 1200 4465 in
1234 4411 1326 4466 illa
1371 4410 1725 4477 beatitudine,
1776 4414 1844 4468 de

258 4517 355 4571 qua
391 4501 663 4558 Dominus
687 4502 860 4558 dicit:
900 4501 1052 4556 Beati
1078 4502 1312 4572 pacifici,
1343 4503 1604 4572 quoniam
1630 4503 1727 4557 filii
1745 4502 1843 4559 Dei

257 4593 828 4664 vocabuntur(Matth.
845 4608 898 4660 v,
912 4592 971 4661 9)
994 4593 1127 4664 (90).
1152 4612 1171 4644 ι
1195 4591 1493 4664 Gregorius
1514 4594 1839 4666 Episcopus,

259 4702 446 4742 servus
498 4699 790 4742 servorum
840 4684 960 4752 Dei,
1017 4686 1273 4741 omnibus
1313 4684 1755 4758 Archiepiscopis
1790 4697 1845 4744 et

258 4775 561 4849 Episcopis,
606 4777 663 4832 in
709 4774 1017 4833 Teutonico
1045 4786 1210 4849 atque
1246 4777 1303 4832 in
1333 4777 1606 4835 Saxonico
1655 4778 1844 4851 Regno

256 4870 756 4937 eommanentibus,
781 4869 1000 4925 cunctis
1022 4869 1188 4924 etiam
1218 4869 1521 4940 majoribus
1544 4879 1708 4941 atque
1735 4874 1842 4926 mi-

323 5024 433 5095 (89)
462 5028 528 5095 In
545 5032 747 5080 nostro
776 5023 878 5095 Ms.
912 5033 1130 5095 excepta
1165 5027 1388 5095 matrice
1417 5028 1486 5082 vi.
1533 5027 1632 5082 Est
1659 5033 1843 5082 autem
1872 5059 1875 5062 ‹

261 5092 452 5167 sum,
486 5092 711 5163 Samnis,
761 5092 968 5167 Stantia
1007 5092 1148 5165 apud
1170 5094 1437 5167 Cangium
1463 5099 1517 5153 in
1542 5096 1842 5165 Glossario,

260 5164 450 5268 Sinin,
494 5166 1191 5268 gnarumquistlprf'tendit,
1247 5164 1358 5268 quo
1402 5168 1845 5268 mkinusjufiat‘l-

997 5241 1103 5268 lina
1144 5241 1296 5268 “M31.-
1347 5241 1600 5268 Αωῑιξηηιιι
1632 5248 1811 5268 nlcvmn

1942 3127 2115 3181 multa
2163 3127 2452 3182 hominum
2505 3125 2679 3181 millia
2717 3125 2839 3195 ejus
2885 3126 3123 3181 factione
3152 3135 3284 3182 sunt
3310 3129 3526 3195 occisa;

1940 3233 2107 3288 quam
2144 3219 2331 3289 plures
2350 3216 2617 3283 ecclesiae,
2662 3217 2857 3272 ablatis
2893 3217 3179 3288 Reliquiis,
3204 3218 3439 3274 incensae
3463 3236 3529 3277 ac

1939 3312 2156 3381 penitus
2205 3311 2513 3365 destructas.
2568 3307 2992 3365 Innumerabilia
3031 3309 3253 3379 quidem
3279 3309 3528 3366 facinora

1939 3411 2089 3469 sunt,
2110 3416 2236 3473 quae
2259 3402 2405 3457 idem
2448 3399 2717 3457 Henricus
2741 3399 2797 3454 in
2837 3399 3122 3470 Principes
3150 3409 3373 3457 nostros
3394 3416 3523 3470 per—

1938 3496 2173 3564 petravit
2202 3512 2216 3548 :
2244 3508 2311 3548 eo
2345 3493 2495 3564 quod
2530 3492 2636 3548 sibi
2663 3499 2856 3547 contra
2889 3490 3048 3547 Sedis
3080 3492 3409 3562 Apostolicae
3428 3492 3527 3546 de-

1937 3595 2151 3642 cretum
2192 3594 2254 3639 ut
2295 3585 2429 3656 Regi
2479 3583 2703 3639 obedire
2734 3578 3032 3638 noluerunt
3056 3600 3069 3636 :
3094 3592 3150 3638 et
3171 3583 3529 3659 colloquium,

1940 3678 2087 3748 quod
2122 3693 2224 3733 vos
2250 3692 2352 3747 pro
2371 3676 2696 3746 inquirenda
2722 3674 2937 3745 jusn'tia
2959 3683 3014 3730 et
3033 3690 3168 3744 pace
3195 3690 3531 3744 componen-

1939 3770 2006 3824 da
2026 3767 2495 3833 ﬁeridecrevistis,
2516 3782 2586 3822 ex
2605 3767 2763 3836 culpa
2786 3765 3008 3822 Henriei
3030 3775 3084 3821 et
3104 3765 3385 3822 fautorum
3407 3767 3531 3837 ejus

1940 3861 2223 3915 remansit.
2261 3859 2609 3929 Quapropter
2641 3867 2883 3914 vestram
2933 3858 3216 3915 humiliter
3262 3858 3528 3929 implora-

1940 3969 2065 4008 mus
2085 3951 2453 4017 clementiam,
2484 3957 2546 4004 ut
2565 3951 2743 4016 nobis,
2766 3950 3108 4007 imosanctm
3132 3949 3227 4006 Dei
3249 3948 3529 4017 Ecclesiae,

1939 4045 2213 4099 decretam
2235 4042 2526 4112 sacrilegio
2551 4042 2832 4110 pervasori
2862 4040 3230 4097 Ecclesiarum
3256 4042 3527 4111 justitiam

1940 4134 2174 4190 faciatis.
2205 4151 2224 4185 ι
2248 4132 2349 4187 liis
2387 4139 2444 4185 et
2462 4132 2666 4187 talibus
2691 4133 2962 4189 excitatus
2999 4132 3102 4185 viri
3141 4132 3238 4187 Dei
3271 4132 3527 4200 spiritus,

1943 4227 2185 4281 sentiens
2229 4231 2286 4277 et
2346 4222 2636 4277 imminere
2678 4222 2822 4276 diem
2867 4237 3035 4291 quem
3071 4223 3178 4279 sibi
3215 4221 3275 4279 in
3315 4222 3530 4277 visione

1944 4316 2107 4371 Beata
2148 4313 2245 4368 Dei
2285 4311 2531 4367 Genitrix
2555 4353 2571 4378 ,
2616 4313 2685 4368 ad
2727 4311 3113 4383 proferendam
3158 4310 3531 4367 damnationis

1875 4385 1920 4439 D
1945 4406 2270 4463 sententiam
2312 4404 2370 4459 in
2394 4403 2651 4459 eumdem
2693 4404 3071 4460 adversarium
3090 4399 3353 4459 Ecclesiae
3377 4402 3527 4457 desi-

1943 4504 2229 4568 gnaverat,
2260 4503 2346 4562 et,
2370 4510 2440 4550 ne
2469 4496 2612 4550 ultra
2639 4496 2907 4562 dill‘erret,
2949 4495 3316 4565 praecipiendo
3354 4494 3533 4548 inter-

1943 4590 2277 4655 minaverat,
2313 4587 2465 4658 gravi
2506 4602 2638 4643 cum
2665 4588 2855 4643 dolore
2873 4595 2927 4642 et
2949 4588 3155 4658 gemitu
3191 4586 3488 4657 parturivit
3510 4627 3531 4650 ,

1941 4688 1998 4735 et
2021 4680 2363 4736 anscultante
2406 4688 2572 4749 atque
2610 4679 2888 4749 aspirante
2919 4678 3193 4748 Concilio,
3220 4680 3440 4734 tandem
3472 4678 3533 4732 in

1946 4772 2061 4827 haec
2078 4773 2243 4826 verba
2272 4771 2542 4841 prorupit.

2015 4862 2105 4918 96.
2122 4861 2237 4934 (95)
2272 4880 2295 4913 ‹
2319 4861 2380 4917 Β.
2406 4860 2569 4918 Petro
2585 4860 2845 4930 Princeps
2870 4859 3358 4932 Apostolorum,ct
3377 4869 3432 4916 tu
3464 4858 3532 4912 Β.

1943 5030 2102 5086 prope
2125 5017 2348 5086 [luvium
2379 5017 2638 5086 Urgstrow,
2663 5014 2787 5086 dum
2825 5024 3005 5086 partes
3044 5014 3266 5086 Romani
3298 5012 3532 5086 Pontiﬁ-

1947 5083 2020 5137 ris
2042 5083 2302 5140 tueretur.
2328 5084 2404 5138 lla
2430 5083 2860 5140 Strenesdorfiu's
2885 5086 2941 5141 in
2964 5088 3203 5144 Primate
3220 5084 3538 5154 Magdebur-

1947 5156 2115 5225 §9nsi,
2139 5156 2302 5225 juxta
2326 5154 2562 5225 Annales
2596 5155 2726 5208 Mss.
2751 5154 2853 5210 Ast
2895 5158 2952 5213 in
2993 5156 3196 5215 nostris
3230 5154 3539 5225 Atinalibus

1946 5223 2071 5268 Men.
2117 5223 2380 5268 Anmwmi
2411 5224 2648 5268 Snvmie
2673 5227 2873 5268 dieitur
2921 5230 2977 5268 in
3014 5230 3138 5268 {una
3159 5242 3193 5268 ιι
3227 5223 3530 5268 νυΙηιιτὶιηιε
