3986 5386
459 4943 468 4950 ι

543 273 604 331 9i

1749 305 1806 363 S.
1840 309 2238 374 GRECORIUS
2277 319 2372 376 νη
2403 323 2586 380 ΡΑΡᾹ

3719 348 3790 406 92

541 385 1714 518 Ρςυιευοοιονεθιιιὶιιηι,ἀίειιειωίιιίίιιιωεο
1729 435 1893 479 aures
1909 435 2119 485 vestras
2147 435 2312 502 Aqui
2357 435 2470 491 Rex
2517 438 2857 512 Rudolplius,
2894 445 3211 508 festinanter
3242 455 3308 510 ad
3335 457 3420 512 me
3441 459 3612 517 misso
3643 479 3788 518 nun—

543 492 570 518 α
627 485 986 518 moinnl:n--,.
1028 509 1218 518 ....-._--_
1243 499 1395 518 -.-κη
1447 511 1460 518 -
1702 510 1736 518 ..
1923 517 1929 518 ,

541 481 609 536 ad
626 498 712 537 me
726 485 1007 559 inclinare,
1026 509 1222 566 meque
1235 499 1528 558 clementer
1541 510 1820 578 exaudire;
1839 517 1968 584 quia
1984 519 2121 574 veri-

540 573 669 629 tatis
689 577 822 634 estis
841 580 1096 654 discipuli
1115 596 1170 640 et
1196 600 1504 662 amatores;
1532 573 1818 669 adjuvare,
1839 573 1900 660 ut
1919 605 2119 664 verita-

540 669 707 720 tatem
747 671 903 754 vobis
959 674 1160 743 dicam,
1206 683 1357 736 omni
1409 697 1616 744 remota
1663 690 1918 764 falsitate,
1948 714 2115 768 quam

539 756 764 814 omnino
807 749 1190 836 detestamiui;
1238 781 1300 827 ut
1332 773 1552 834 Fratres
1599 783 1706 838 mei
1741 749 1936 843 melius
1954 749 2114 848 1mihi

537 847 907 918 acquiescant,
935 863 990 909 et
1017 857 1197 943 sciam
1223 871 1278 918 et
1309 864 1634 939 intelligant,
1675 875 1804 943 quia
1839 893 1907 934 ex
1933 890 2112 939 vestra

533 935 754 1006 ﬁducia,
783 951 908 1012 post
943 938 1237 1024 Dominum
1255 963 1314 1009 et
1346 935 1576 1024 matrem
1601 935 1722 1032 ejus
1747 983 1962 1040 semper
1991 959 2110 1028 Vir-

535 1027 715 1097 ginem
740 1031 986 1106 Mariam,
1015 1043 1200 1110 pravis
1221 1055 1276 1100 et
1296 1047 1500 1120 iniquis
1525 1054 1742 1123 resisto,
1768 1063 1962 1120 vestris
2008 1081 2110 1121 au-

533 1127 658 1196 tem.
694 1122 946 1184 fidelibus
989 1133 1256 1191 auxilium
1311 1152 1528 1208 prtesto.
1561 1144 1671 1202 Vos
1713 1122 1894 1208 autem
1935 1156 2107 1225 scitis,

532 1211 663 1280 quia
714 1231 824 1272 non
861 1219 1096 1278 libenter
1139 1228 1206 1282 ad
1253 1246 1474 1290 sacrum
1515 1235 1770 1296 Ordinem
1799 1248 2030 1316 accessi,
2057 1258 2112 1305 et

531 1301 736 1361 invitus
783 1311 924 1368 ultra
967 1326 1181 1374 montes
1203 1335 1328 1378 cum
1357 1325 1581 1384 domino
1599 1329 1746 1402 Papa
1769 1333 1882 1407 (94)

529 1395 616 1450 rio
639 1397 751 1454 abii
789 1419 800 1455 :
833 1405 928 1459 sed
960 1410 1134 1480 magis
1161 1413 1367 1474 invitus
1407 1435 1532 1475 cum
1555 1421 1779 1481 domino
1802 1444 1926 1486 meo
1961 1431 2106 1504 Papa

532 1483 556 1504 ,
588 1503 596 1504 κ
795 1493 810 1504 .

531 1483 714 1545 Leone
743 1493 812 1548 ad
836 1506 1076 1556 vestram
1102 1505 1393 1574 specialem
1417 1511 1713 1572 Ecclesiam
1734 1519 1890 1587 redii,
1916 1522 1972 1578 in
1999 1483 2105 1594 qua

530 1587 827 1656 utcumque
868 1591 1024 1648 voiis
1072 1597 1340 1655 descrvivi
1371 1623 1385 1658 :
1415 1605 1630 1672 deinde,
1676 1609 1833 1666 valde
1879 1613 2102 1683 invitus,

530 1686 654 1726 cum
690 1691 890 1750 magno
913 1683 1102 1742 dolore
1139 1698 1194 1744 et
1218 1695 1422 1762 gemitu
1455 1705 1510 1752 et
1531 1699 1772 1768 planctu,
1810 1703 1865 1758 in
1907 1707 2103 1762 throno

529 1773 714 1820 vestro
727 1772 884 1828 valde
909 1775 1164 1848 indignus
1187 1797 1309 1838 sum
1331 1787 1650 1844 collocatus.
1670 1790 1795 1848 llzec
1811 1795 1932 1850 ideo
1957 1798 2100 1866 dico,
2136 1774 2178 1828 Β

527 1857 656 1924 quia
685 1875 784 1930 ego
810 1879 920 1920 non
943 1883 1041 1924 vos
1067 1871 1225 1943 elegi,
1252 1877 1348 1931 sed
1382 1894 1481 1934 vos
1510 1896 1596 1936 me
1615 1883 1878 1954 elegistis,
1901 1896 1954 1942 ct
1972 1905 2100 1960 gra-

523 1946 808 2034 vissimum
833 1959 1046 2026 pondus
1082 1972 1278 2040 vestrae
1298 1965 1554 2027 Ecclesiae
1591 1989 1754 2044 super
1786 1993 1874 2033 me
1910 1981 2100 2049 posui-

524 2039 644 2095 stis.
673 2040 741 2097 Et
763 2047 891 2114 quia
935 2065 1100 2120 super
1141 2039 1381 2113 montem
1407 2039 1684 2122 excelsum
1730 2084 1818 2123 me
1855 2039 2100 2140 ju-ssistis

523 2134 838 2204 ascendere,
875 2148 930 2194 et
974 2143 1246 2212 clamare,
1282 2156 1338 2203 et
1377 2155 1704 2212 annuntiare
1749 2161 1952 2230 populo
2003 2162 2098 2217 Dei

522 2221 728 2280 scelera
779 2243 993 2299 eorum,
1037 2243 1093 2289 et
1146 2237 1272 2294 liliis
1315 2238 1572 2300 Ecclesia:
1617 2239 2094 2322 peccataeorum;

523 2314 769 2372 membra
811 2319 1016 2377 diaboli
1047 2340 1332 2397 cmpcrunt
1355 2343 1547 2391 contra
1592 2354 1679 2394 me
1719 2341 2020 2414 insurgere,
2043 2355 2099 2400 ct

521 2417 698 2475 usque
735 2409 804 2463 ad
848 2416 1167 2485 sanguinem
1201 2435 1668 2495 praesumpserunt
1706 2431 1760 2484 in
1787 2449 1876 2489 me
1899 2450 2096 2491 manus

498 2510 651 2582 suas
683 2497 926 2570 injicere.
972 2507 1278 2568 Astiterunt
1315 2513 1488 2587 Reges
1529 2526 1707 2590 terrae,
1731 2531 1786 2578 et
1816 2523 2096 2597 Principes

517 2601 918 2663 convenerunt;
977 2602 1268 2662 saeculares
1318 2615 1373 2663 et
1425 2611 1812 2682 ecclesiastici,
1849 2600 2019 2672 .aulici
2042 2627 2097 2674 et

519 2679 772 2764 vulgares
793 2701 1167 2748 convenerunt
1187 2695 1240 2752 in
1273 2714 1466 2769 unum,
1489 2703 1754 2768 adversus
1777 2706 2090 2778 Dominum,

515 2778 570 2824 et
590 2772 854 2834 adversus
888 2795 986 2838 vos
1031 2783 1281 2846 Cbristos
1305 2791 1446 2862 ejus,
1483 2794 1766 2853 diwntes:
1805 2772 2094 2872 Dirume

515 2875 642 2918 mus
679 2865 896 2952 vincula
926 2887 1139 2942 eorum,
1171 2887 1227 2934 et
1253 2883 1609 2953 projiciamus
1652 2904 1685 2945 a
1715 2891 1876 2948 nobis
1896 2894 2091 2964 jugum

515 2951 796 3028 ipsorum;
839 2951 920 3030 et,
953 2975 1014 3021 ut
1039 2983 1127 3024 me
1171 2975 1399 3031 omnino
1429 2988 1608 3035 morte
1636 2982 1720 3036 vel
1744 2984 1939 3041 exsilio
1961 3003 2092 3043 con-

2219 526 2314 591 tio,
2340 526 2599 586 indicavit
2629 549 2688 588 se
2708 545 2958 593 coactum
3000 539 3170 612 Regni
3213 547 3578 616 gubernacula
3600 569 3790 610 susce-

2194 615 2380 684 pisse,
2407 627 2590 676 tamen
2616 639 2675 679 se
2695 635 2946 694 paratum
2991 631 3125 686 mihi
3166 637 3423 694 omnibus
3459 643 3637 721 modis
3657 644 3790 700 obe-

2212 707 2347 762 dire.
2385 709 2454 764 Et
2485 720 2545 766 ut
2567 713 2672 770 hoc
2710 718 2892 798 verius
2915 723 3190 793 credatur,
3232 742 3448 798 semper
3466 715 3622 788 exeo
3644 743 3786 790 tem-

2213 812 2344 866 pore
2354 803 2603 859 eumdem
2620 797 2926 864 sermonem
2939 813 3074 867 mihi
3089 817 3238 871 misit
3267 837 3279 872 :
3307 819 3568 889 adjiciens
3595 825 3784 894 etiam,

2212 889 2324 944 filio
2365 907 2487 948 meo
2509 895 2698 952 obside
2728 907 2784 954 et
2823 900 2994 959 ﬁdelis
3035 907 3118 960 sui
3160 907 3438 966 Bertholdi
3482 913 3614 980 tilio,
3637 889 3788 986 quod

2210 982 2562 1048 promittebat
2575 987 2816 1044 ﬁrmare.
2842 990 3048 1050 interea
3073 995 3338 1056 Henricus
3355 1003 3521 1072 coepit
3542 1021 3629 1060 me

2195 1073 2344 1139 'cari,
2385 1082 2446 1128 ut
2487 1075 2638 1164 illum
2667 1089 2856 1138 contra
2897 1087 3214 1154 prmdietum
3255 1089 3601 1162 Rudolphum
3624 1073 3784 1166 adju-

2208 1177 2414 1220 varem.
2461 1159 2562 1222 Cui
2609 1175 2865 1241 respondi
2917 1191 3003 1231 me
3049 1177 3280 1236 libenter
3339 1159 3551 1252 facere,
3598 1159 3786 1244 audita

2209 1254 2496 1326 utriusque
2524 1261 2695 1329 partis
2722 1265 2955 1334 ratione,
2997 1278 3055 1324 ut
3090 1271 3286 1326 scirem
3323 1275 3412 1329 cui
3431 1275 3646 1344 justitia
3669 1296 3784 1334 ma-

2208 1345 2291 1414 gis
2321 1345 2546 1404 faveret.
2570 1350 2664 1408 ille
2678 1363 2860 1412 autem
2883 1367 3084 1428 putans
3101 1363 3216 1419 suis
3237 1364 3446 1421 viribus
3465 1382 3590 1423 eum
3622 1385 3784 1439 posse

2207 1435 2512 1507 devineere,
2554 1458 2730 1500 meam
2771 1452 3100 1521 contempsit
3145 1456 3576 1524 responsionem.
3625 1459 3782 1516 Post-

2207 1543 2373 1597 quam
2416 1539 2598 1588 autem
2635 1541 2906 1606 persensit
2931 1557 2990 1595 se
3014 1559 3121 1598 non
3143 1561 3324 1618 posse,
3347 1549 3488 1604 sicut
3519 1553 3778 1621 speravit,

2205 1634 2394 1690 agerc,
2457 1623 2568 1679 duo
2611 1625 2863 1700 Episcopi
2914 1632 3048 1703 (95),
3111 1634 3472 1696 Virdunensis
3531 1643 3778 1700 videlicet

2205 1719 2259 1766 et
2281 1711 2394 1784 (96)
2423 1713 2870 1789 Ofenburgensis,
2891 1723 2960 1777 de
2981 1729 3365 1784 consentaneis
3404 1731 3521 1787 suis
3548 1731 3778 1791 Romam

2204 1814 2500 1873 venerunt;
2545 1817 2600 1864 et
2631 1809 2686 1864 in
2721 1809 2940 1884 Synodo
2967 1831 3033 1870 ex
3064 1825 3217 1886 parte
3252 1817 3490 1889 Henrici,
3529 1839 3618 1880 me
3647 1834 3709 1880 ut
3729 1829 3779 1882 ei

2199 1897 2472 1967 justitiam
2514 1898 2772 1967 facerem,
2795 1915 3160 1974 rogaverunt;
3193 1911 3341 1978 quod
3378 1920 3432 1966 et
3461 1915 3639 1970 nuntii
3663 1915 3779 1970 Ιιιι-

2201 1987 2386 2057 dolphi
2411 1989 2528 2044 fieri
2555 1991 2936 2050 laudaverunt.
2953 1995 3192 2053 Tandem
3215 2001 3492 2070 aspirante
3513 2004 3774 2073 Deo,sie-

2202 2087 2262 2133 ut
2296 2080 2480 2147 credo,
2517 2083 2683 2137 statui
2723 2084 2778 2138 in
2810 2087 3000 2142 eadem
3028 2088 3270 2160 Synodo,
3308 2091 3362 2146 in
3400 2096 3650 2164 partibus
3687 2097 3772 2154 Ul-

2202 2175 2564 2229 tramontanis
2597 2174 2714 2229 ﬁeri
2742 2178 3096 2248 colloquium,
3145 2190 3206 2237 ut
3242 2183 3352 2239 illic
3379 2193 3474 2240 aut
3511 2203 3618 2256 pax
3661 2199 3777 2246 sta-

2198 2268 2460 2329 tueretur,
2489 2271 2585 2318 aut
2617 2265 2706 2320 cui
2741 2267 2864 2336 plus
2892 2269 3102 2339 justitia
3147 2272 3372 2341 faveret,
3410 2292 3775 2348 cognoscere-

2201 2359 2305 2407 tur.
2331 2351 2443 2423 Ego
2467 2355 2635 2422 enim,
2657 2357 2798 2413 sicut
2819 2375 2918 2416 vos
2941 2363 3076 2428 mihi
3095 2371 3262 2421 testes
3295 2368 3447 2434 estis,
3493 2369 3686 2426 Patres
3723 2383 3776 2427 et

2198 2442 2412 2508 Domini
2443 2447 2570 2513 mei,
2612 2463 2787 2518 usque
2826 2451 2988 2507 hodie
3025 2455 3231 2510 nullam
3276 2467 3488 2526 partem
3523 2461 3774 2531 disposui

2195 2534 2482 2603 aljuvare,
2505 2537 2610 2592 nisi
2633 2553 2776 2605 eam,
2799 2542 2887 2596 cui
2918 2543 3042 2612 plus
3069 2545 3282 2614 justitia
3303 2547 3526 2604 faveret.
3557 2550 3624 2606 Et
3643 2553 3773 2622 quia

2195 2625 2452 2696 putabam
2483 2628 2612 2698 quia
2643 2629 2899 2700 injustior
2926 2650 3054 2704 pars
3088 2637 3424 2708 colloquium
3442 2641 3611 2696 nollet
3631 2643 3770 2708 fieri,

2195 2717 2288 2772 ubi
2315 2717 2527 2786 justitia
2552 2737 2713 2776 suum
2755 2723 2934 2779 locum
2961 2735 3236 2795 servaret;
3275 2734 3769 2800 excommunicavi,

2193 2816 2248 2862 et
2276 2810 2610 2866 anathemati
2652 2813 2869 2884 alligavi
2910 2831 3102 2872 omnes
3155 2835 3439 2888 personas,
3463 2823 3578 2877 sive
3606 2823 3772 2896 Regis

2195 2900 2308 2956 sive
2349 2899 2513 2956 Ducis
2550 2911 2646 2957 aut
2689 2903 2942 2977 Episcopi
2981 2916 3077 2962 aut
3121 2909 3355 2980 alicujus
3383 2912 3641 2982 hominis,
3675 2919 3770 2988 qui

2159 3043 2164 3048 .
2193 2991 2523 3062 colloquium
2545 2994 2728 3065 aliquo
2749 2996 2967 3066 ingenio
3005 2999 3291 3069 impediret
3313 3010 3371 3056 ut
3390 3019 3499 3058 non
3523 3006 3696 3061 fieret.

2159 3045 2164 3048 _
2208 3045 2211 3046 ν
2242 3045 2247 3046 ,
2346 3045 2368 3062 τ
2416 3045 2449 3047 η
2550 3045 2721 3065 ψη--
2749 3045 2963 3066 ηομ---
3005 3045 3291 3069 Mr-..“
3314 3045 3499 3058 ...μνη
3523 3045 3696 3061 μνη..

513 3045 824 3122 funderent,
863 3059 1050 3116 multis
1090 3064 1268 3122 modis
1322 3071 1506 3126 conati
1532 3075 1740 3131 suntin
1779 3093 1868 3134 me
1903 3081 2090 3136 insur-
2117 3103 2158 3158 ε
2261 3083 2351 3140 98.
2387 3103 2405 3136 ι
2443 3083 2741 3142 Prtedictus
2776 3095 2959 3142 autem
3001 3089 3268 3146 Henricus
3293 3108 3418 3148 cum
3443 3095 3558 3152 suis
3589 3096 3768 3153 fauto—

513 3152 660 3207 gere.

585 3231 745 3332 97.“‹
791 3235 936 3294 Inter
972 3259 1119 3332 quos
1148 3229 1456 3316 specialiter
1483 3253 1768 3326 Henricus,
1809 3279 1972 3332 quem
2007 3265 2090 3320 di-

513 3331 646 3376 cunt
679 3323 902 3398 Regem,
933 3331 1148 3392 Ilenrici
1189 3337 1540 3417 Imperatoris
1588 3323 1969 3416 filius,‘co_ntra
1993 3371 2088 3410 ve-

513 3419 686 3469 stram
739 3421 1056 3480 calcaneum
1102 3431 1275 3484 erexit
1329 3431 1632 3494 Ecclesiam
1654 3481 1671 3506 ,
1752 3441 1894 3498 facta
1961 3461 2088 3500 cum

514 3507 702 3563 multis
741 3509 1172 3576 Ultrambntanis
1195 3531 1249 3576 et
1287 3523 1490 3584 Italicis
1533 3533 1956 3603 conspiratione,
1983 3553 2088 3594 an—

511 3597 714 3668 nitens,
755 3618 842 3659 me
877 3606 1204 3678 dejiciendo,
1243 3630 1365 3678 eam
1417 3619 1524 3675 sibi
1569 3597 1882 3696 subjugare.
1915 3597 2087 3700 Cujus

513 3693 782 3759 superbia;
819 3706 1002 3756 vestra
1047 3703 1257 3761 resistit
1293 3713 1615 3780 auctoritas,
1643 3693 1874 3788 eamque
1908 3693 2086 3800 vestra

511 3779 781 3842 destruxit
813 3799 1092 3858 potestas;
1125 3799 1218 3866 qui
1257 3801 1522 3860 confusus
1551 3779 1610 3862 et
1631 3779 1972 3880 humiliatus,
2017 3797 2085 3871 ad

509 3885 600 3928 me
651 3875 706 3930 in
743 3878 1200 3963 ‘Longobardiam
1254 3893 1508 3963 veniens,
1566 3875 1969 3959 absolutionem
2016 3908 2086 3962 ab

508 3961 1073 4044 excommunicatione
1093 3982 1385 4052 .quaasivit.
1429 3986 1602 4053 Quem
1636 4006 1738 4061 ego
1759 3993 1950 4052 videns
1975 3997 2082 4052 hu—

507 4057 800 4128 miliatum,
835 4065 1022 4121 multis
1051 4069 1120 4123 ab
1141 4085 1208 4126 eo
1245 4057 1702 4143 promissionibus
1735 4089 1970 4157 acceptis
2016 4090 2084 4145 de

507 4151 642 4223 vitae.
654 4167 768 4210 suae
790 4158 1193 4226 emendatione,
1223 4167 1396 4223 solam
1413 4171 1466 4225 ei
1495 4176 1936 4238 communionem
1961 4181 2085 4238 red-

505 4241 654 4311 didi;
696 4260 806 4302 non
837 4255 1020 4306 tamen
1057 4251 1113 4308 in
1145 4253 1354 4327 Regno,
1395 4277 1427 4316 a
1461 4279 1574 4334 quo
1599 4280 1726 4320 eum
1751 4267 1808 4323 in
1835 4258 2080 4329 Romana

509 4331 730 4408 Synodo
751 4340 1136 4412 deposueram,
1162 4331 1498 4421 instauravi;
1521 4372 1622 4412 nec
1643 4358 1952 4418 ﬁdelitatem
1982 4365 2082 4419 ho-

2193 3175 2367 3241 ribus,
2391 3191 2501 3232 non
2523 3177 2722 3233 timens
2749 3180 3049 3248 periculum
3072 3183 3474 3253 inobedientiie,
3511 3190 3663 3257 quod
3683 3196 3770 3246 est

2192 3267 2372 3321 scelus
2406 3267 2748 3336 idololatriae,
2785 3271 3118 3342 colloquium
3159 3273 3502 3343 impediendo
3540 3294 3765 3337 excom-

2193 3357 2620 3412 municationem
2646 3359 2893 3427 incurrit,
2915 3371 2970 3416 et
2985 3363 3223 3432 scipsum
3248 3366 3613 3425 anathematis
3646 3373 3766 3427 vin—-

2189 3446 2315 3500 culo
2358 3449 2615 3518 alligavit,
2647 3465 3012 3521 magnamque
3059 3454 3458 3511 multitudinem
3495 3459 3766 3518 Christia-

2188 3551 2384 3592 norum
2411 3540 2574 3594 morti
2608 3541 2852 3608 tradidit,
2887 3551 2944 3596 et
2968 3545 3228 3600 ecclesias
3256 3544 3384 3600 fecit
3403 3547 3681 3622 dissipari,
3709 3564 3760 3610 et

2187 3634 2362 3682 totum
2387 3645 2526 3700 pene
2549 3631 2973 3690 Teutonieorum
3015 3634 3261 3706 Regnum
3297 3636 3623 3718 desolationi
3662 3648 3759 3700 de-

2186 3719 2284 3774 dit.
2305 3718 2646 3792 Quapropter
2663 3723 2941 3780 conﬁdens
2964 3727 3032 3782 de
3060 3726 3270 3796 judicio
3297 3736 3354 3784 et
3380 3730 3760 3792 misericordia

2186 3809 2303 3876 Dei,
2338 3812 2566 3882 ejusque
2591 3814 2854 3884 piissimae
2895 3815 3083 3873 Matris
3123 3833 3340 3890 semper
3378 3819 3620 3894 Virginis
3652 3825 3761 3882 Ma-

2185 3903 2301 3968 riae,
2327 3901 2495 3958 fultus
2525 3913 2706 3960 vestra
2737 3907 3079 3977 auctoritate,
3096 3911 3410 3980 pradictum
3439 3911 3754 3985 Ilcnrieum,

2185 4008 2346 4063 quem
2365 3993 2553 4048 dicunt
2579 3993 2799 4066 Regem,
2818 4013 3115 4070 omnesque
3139 4001 3380 4058 fautores
3393 4004 3511 4074 ejus
3536 4021 3758 4064 excom-

2185 4082 2544 4140 municationi
2579 4085 2812 4156 subjicio
2845 4096 2900 4143 et
2925 4091 3289 4148 anathematis
3313 4095 3530 4151 vinculo
3555 4099 3750 4171 alligo,

2183 4181 2238 4226 et
2264 4173 2462 4230 iterum
2485 4175 2732 4248 Regnum
2764 4177 2806 4231 '1'
2807 4181 3188 4238 eutonicorum
3216 4192 3271 4239 et
3295 4183 3478 4253 italiae,
3503 4203 3566 4242 ex
3600 4200 3756 4260 parte

2181 4267 2568 4337 omnipotentis
2593 4267 2689 4324 Dei
2729 4279 2784 4325 et
2821 4279 3026 4340 vestra,
3063 4273 3392 4351 interdicens
3431 4277 3500 4344 ei,
3531 4294 3751 4338 omnem

2181 4355 2495 4426 dignitatem
2547 4367 2602 4414 et
2645 4368 2969 4430 potestatem
3019 4366 3224 4437 regiam
3269 4369 3345 4422 illi
3381 4370 3542 4438 tollo;
3585 4381 3642 4426 et
3691 4384 3753 4430 ut

505 4426 738 4497 minum,
769 4434 995 4504 qui'sibi
1013 4437 1332 4506 juraverant
1351 4446 1435 4500 vel
1454 4456 1611 4502 erant
1636 4449 1894 4518 juraturi,
1919 4470 1950 4508 a
1971 4471 2077 4526 qua
2113 4437 2156 4491 Ι)
2183 4449 2365 4504 nullus
2397 4451 2446 4504 ei
2471 4449 2818 4506 Christianus
2844 4453 2986 4509 sicut
3013 4455 3145 4528 Regi
3181 4458 3418 4526 obediat,
3461 4461 3746 4532 interdico,

504 4533 666 4575 omne
691 4523 902 4580 absolvi
937 4527 994 4582 in
1029 4531 1218 4586 eadem
1266 4533 1505 4606 Synodo,
1533 4547 1596 4593 ut
1618 4540 1722 4594 sibi
1746 4555 2074 4615 servaretur,

503 4613 752 4680 Ρῐῖθοθρί.
775 4605 988 4674 Ειτηεο
1014 4605 1148 4676 ideo
1191 4623 1418 4692 detinui,
1446 4635 1506 4682 ut
1531 4629 1675 4684 inter
1705 4647 1832 4688 eum
1870 4644 1929 4691 et
1950 4605 2077 4708 Epi;

504 4713 702 4770 scopos
743 4706 826 4759 vel
867 4705 1146 4780 Principes
1183 4714 1650 4787 ultramontanos,
1693 4723 1790 4792 qui
1824 4725 1876 4780 ei
1907 4705 2075 4786 causa

497 4787 764 4858 jussionis
787 4805 982 4854 vestra:
1003 4799 1258 4862 Ecclesiae
1277 4809 1608 4878 restiterant,
1627 4787 1898 4882 justitiam
1927 4817 2075 4876 face-

499 4897 640 4950 rem,
683 4885 770 4962 vcl
815 4902 1005 4956 pacem
1043 4909 1454 4975 componerem,
1496 4901 1642 4959 sicut
1669 4905 1787 4975 ipse
1808 4905 2072 4967 Henricus

494 4973 810 5064 juramento
837 4973 933 5048 per
957 4971 1096 5040 duos
1119 4985 1415 5062 Episcopos
1443 4993 1578 5048 mihi
1616 4971 1886 5066 promisit.
1922 4999 2068 5058 Prae-

498 5067 627 5116 diati
657 5078 836 5116 autem
867 5071 1112 5116 Eniunnt
1134 5088 1185 5116 ρο
1223 5067 1498 5116 natant...“
1527 5084 1922 5116 nu............._:
1970 5108 2035 5116 -..

2178 4553 2476 4610 omnesque
2499 4541 2595 4610 qui
2627 4541 2678 4596 ei
2713 4542 3041 4611 juraverunt
3065 4549 3146 4602 vel
3179 4549 3444 4619 jurabuut
3473 4551 3540 4606 de
3576 4553 3748 4625 Regni

2176 4629 2570 4700 dominatione,
2593 4649 2625 4687 a
2645 4633 2952 4703 juramenti.
2963 4641 3324 4706 promissione
3341 4641 3565 4698 absolvo
3591 4661 3604 4696 :
3633 4646 3748 4715 ipse

2174 4733 2356 4778 autem
2393 4721 2660 4779 Henricus
2691 4740 2818 4779 cum
2863 4727 2980 4783 suis
3022 4727 3330 4786 fautoribus
3350 4731 3404 4786 in
3433 4735 3583 4788 omni
3607 4745 3745 4790 eom-

2173 4813 2454 4882 gressione
2491 4814 2618 4869 belli
2665 4816 2844 4872 nullas
2889 4817 3033 4874 vires
3078 4819 3390 4891 nullamque
3418 4822 3472 4877 in
3508 4824 3619 4880 vita
3642 4841 3741 4881 sua

2135 4963 2141 4967 _
2172 4903 2456 4958 victoriam
2503 4905 2764 4962 obtineat.
2802 4905 2871 4962 Ut
2908 4918 3090 4964 autem
3137 4910 3455 4982 Rudolphus
3496 4911 3736 4986 Regnum

2172 4993 2595 5050 Teutonicorum
2645 5006 2796 5068 regat
2841 5008 2896 5053 et
2933 4999 3202 5068 defendat,
3254 5017 3415 5072 quem
3457 5003 3740 5063 Teutonici

3151 5101 3290 5116 4..-...
3319 5093 3624 5116 n1_u.-.-,,s
3685 5113 3694 5116 -

2170 5087 2445 5116 ΑΙΑηΑ-ηυιι
2467 5089 2568 5116 ’.ξιξ
2604 5090 2658 5116 ξ-
2691 5087 2887 5116 ολδ-Α...
2961 5092 3026 5116 -.ι
3055 5109 3148 5116 ο---
