3986 5386
227 144 297 201 95
1226 152 2051 219 PROLEGOMENA.—ACTA
2092 164 2149 220 s.
2178 163 2523 223 eneconn.
2602 233 2607 237 η
3348 132 3351 133 γ
3439 165 3509 220 94

227 245 409 319 Ῑιιιιιη
432 306 451 330 ,
498 272 691 322 vestra
739 266 916 327 frctus
963 270 1176 337 fiducia,
1221 274 1443 344 largior.
1488 275 1641 330 Sicut
1683 277 1828 332 enini
1859 279 1903 337 Δ
1930 280 2239 350 plorarent;
2288 281 2514 336 elevatis
2544 251 2668 352 pius
2695 280 2855 337 Pater
2894 298 2948 337 in
2975 283 3174 339 coelum
3210 281 3384 339 oculis
3409 321 3426 346 ,
3455 292 3510 334 et

230 357 525 423 Henricus,
544 374 650 427 pro
678 375 780 415 sua
806 364 1058 433 superbia
1099 373 1153 419 et
1189 366 1552 421 inobedientia
1575 376 1631 422 et
1665 367 1822 423 falsi-

231 458 357 513 tate,
383 465 415 504 a
442 449 624 521 Regni
654 452 926 524 dignitate
957 455 1104 526 juste
1124 457 1407 527 abjicitur;
1435 459 1507 514 ita
1534 459 1826 531 Rudolpho

232 558 327 611 pro
348 557 451 596 sua
479 543 824 612 humilitate,
872 547 1198 615 obedientia,
1227 550 1470 617 veritate,
1509 561 1751 622 potestas
1772 562 1827 609 et

232 633 466 703 dignitas
492 634 673 706 Regni
696 639 1035 692 conceditur.

299 726 387 779 99.
400 745 419 775 α
442 726 606 797 Agite
622 744 798 794 nunc,
811 745 1015 799 quaeso,
1035 730 1224 786 Patres
1233 739 1288 786 et
1301 731 1578 803 Principes
1593 734 1828 790 sanctis-

234 819 376 883 simi,
392 828 455 873 ut
467 821 657 877 omnis
672 822 914 877 mundus
935 823 1196 894 intelligat
1220 832 1275 879 et
1289 834 1587 896 cognoscat
1612 826 1761 896 quia,
1777 827 1825 883 si

232 912 530 982 petestisin
558 913 707 967 caelo
724 914 893 984 ligare
919 924 972 970 et
992 916 1221 983 solvere,
1238 918 1464 987 potestis
1482 917 1535 971 in
1563 926 1705 973 terra
1718 918 1825 973 im-

234 1004 401 1071 per-ia,
414 1019 607 1072 regna,
626 1006 886 1071 ducatus,
908 1008 1262 1078 principatus,
1279 1008 1575 1075 marchias,
1598 1010 1827 1065 comita-

235 1110 340 1161 tus,
369 1105 427 1149 et
448 1096 705 1151 omnium
741 1098 1022 1153 hominum
1062 1100 1440 1169 possessiones
1477 1115 1579 1169 pro
1616 1101 1826 1157 meritis

237 1188 423 1242 tollere
439 1189 746 1259 unicuique
757 1198 813 1243 et
836 1192 1153 1246 concedere.
1180 1188 1292 1246 Vos
1305 1191 1449 1244 enim
1475 1189 1825 1248 Patriarcha-

236 1290 343 1345 tus,
386 1280 696 1347 Primatus,
746 1281 1285 1352 Archiepiscopatus,
1323 1281 1682 1353 EpiscOpatus
1717 1282 1826 1338 fre-

235 1379 466 1443 quenter
496 1372 706 1427 tulistis
745 1374 931 1443 pravis
954 1381 1008 1428 et
1034 1373 1292 1445 indignis,
1316 1382 1371 1427 et
1394 1374 1668 1444 religiosis
1693 1374 1827 1429 viris

1924 371 2116 425 eodem
2167 372 2433 442 porrectis
2470 372 2644 427 instar
2691 375 3031 429 ascensionis
3084 371 3505 444 palmiszllluc,

1925 462 2123 533 inquit,
2161 464 2478 530 ascendam,
2505 472 2559 519 et
2578 465 2794 521 obnixis
2815 466 3088 536 precibus,
3124 465 3234 519 Deo
3266 462 3508 535 propitio

1923 569 2025 608 vos
2045 554 2411 609 committam.

1998 644 2120 700 l0l.
2150 646 2419 701 Prmterea
2454 656 2681 717 rogatus
2727 656 2789 703 ut
2828 649 2883 703 in
2920 656 3073 704 tanta
3109 648 3347 702 fidelium
3372 662 3504 716 per-

1926 738 2257 804 turbatione,
2313 738 2416 793 sibi
2476 755 2849 794 successorem
2905 749 2961 794 et
3012 739 3264 794 Ecclesia:
3308 746 3504 793 contra

1924 829 2379 899 praenominatum
2403 830 2712 884 adulterum
2734 831 3043 901 designaret
3065 833 3317 895 ultorem,
3334 829 3500 883 trium

1924 920 2073 976 dedit
2126 921 2400 990 optionem
2439 923 2733 977 :videlicet
2782 922 3066 989 Desiderii,
3099 921 3406 977 Cardinalis
3448 927 3505 974 et

1925 1011 2154 1066 Abbatis
2203 1012 2441 1067 (εαξηοῇἰί
2491 1012 2875 1080 Cassinensis;
2934 1022 3096 1084 atque
3122 1011 3507 1068 reverendissi-

1926 1118 2144 1157 morum
2165 1101 2585 1173 Episcoporum,
2618 1103 2834 1159 Ottonis
2858 1102 3146 1171 Ostiensis,
3169 1113 3223 1157 et
3256 1101 3504 1174 ﬂugonis

1926 1194 2328 1266 Lugdunensis.
2344 1193 2548 1251 Verum
2573 1197 2702 1266 quia
2725 1195 2851 1251 Otto
2878 1197 3121 1251 nondum
3153 1212 3183 1250 a
3199 1194 3505 1251 Germaniae

1924 1295 1980 1342 et
2000 1286 2187 1342 Gallia:
2215 1288 2462 1358 partibus
2488 1289 2743 1355 redierat,
2774 1289 2867 1342 ubi
2892 1287 3209 1358 Apostolica
3234 1288 3505 1357 legatione

1925 1379 2187 1445 functus,
2238 1380 2600 1435 venerabilem
2644 1379 3026 1435 Gebehardum
3055 1379 3168 1451 (98)
3227 1378 3505 1433 Constan-

235 1464 487 1519 dedistis.
512 1465 572 1518 Si
594 1465 746 1520 enim
777 1465 1082 1534 spiritualia
1101 1464 1383 1544 iudicatis,
1396 1465 1528 1535 quid
1552 1465 1619 1520 de
1648 1480 1824 1521 saecu-
1926 1472 2194 1527 tiensibus
2227 1470 2482 1528 Ecclesia:
2510 1471 2805 1527 Praxsul‘em
2838 1487 2897 1528 se
2929 1480 3194 1542 praesente
3219 1480 3273 1526 et
3293 1470 3507 1525 favente

235 1556 447 1612 laribus
481 1572 584 1611 vos
619 1572 790 1627 posse
821 1557 1152 1613 credendum
1193 1559 1315 1614 est?
1356 1556 1655 1612 Addiscant
1681 1572 1829 1611 nunc
1861 1617 1900 1629 ﬁ
1928 1559 2366 1629 consecraverat,
2414 1573 2467 1619 et
2502 1564 2607 1619 alia
2652 1565 2914 1619 nonnulla
2958 1565 3025 1619 ad
3077 1563 3506 1619 stabilimentum

237 1647 411 1719 Reges
432 1657 491 1703 et
532 1665 730 1706 omnes
759 1651 945 1707 szeculi
972 1650 1254 1722 Principes
1302 1650 1495 1721 quanti
1536 1666 1637 1705 vos
1672 1650 1825 1715 estis,
1860 1647 1903 1672 ”
1927 1653 2520 1724 Ecclesimpertinentia
2536 1651 3505 1725 prudenter(99)ordinaverat(l00);

235 1741 363 1809 quid
407 1743 666 1811 potestis,
718 1751 777 1797 et
825 1743 1055 1798 timeant
1091 1743 1484 1813 parvipendere
1519 1741 1828 1812 jussionem
1929 1743 2086 1817 [Iugo
2111 1761 2333 1816 quoque
2364 1761 2462 1801 sua
2504 1748 2747 1802 lustrans
2779 1747 3146 1817 gubernacula
3182 1745 3373 1815 procul
3405 1744 3505 1797 ab-

235 1828 498 1887 Ecclesité
544 1842 778 1900 vestrm;
824 1842 881 1889 et
922 1834 977 1888 in
1020 1834 1280 1904 pmdicto
1312 1833 1548 1888 Henrico
1584 1842 1695 1888 tam
1721 1833 1831 1886 cito
1928 1846 2079 1903 erat;
2110 1837 2327 1892 interim
2356 1840 2531 1893 suasit
2553 1839 2681 1909 eligi
2717 1838 2958 1892 vicinum
2988 1837 3351 1901 Desiderium,
3382 1835 3510 1890 licet

231 1921 505 1989 judicium
546 1932 793 1979 vestrum
836 1933 1104 1991 exercete,
1137 1934 1200 2002 ut
1240 1941 1434 1981 omnes
1476 1924 1655 1979 sciant
1700 1923 1830 1993 quia

238 2030 347 2069 non
395 2016 652 2081 fortuito,
680 2017 775 2072 sed
807 2025 987 2072 vestra
1029 2026 1297 2086 potestate
1321 2017 1479 2073 cadet
1511 2024 1567 2071 et
1593 2015 1830 2071 confun-

238 2108 417 2171 detur,
455 2109 669 2164 utinam
695 2108 766 2163 ad
792 2109 1190 2178 paenitentiam,
1216 2117 1276 2164 ut
1302 2109 1529 2180 spiritus
1552 2107 1626 2162 sit
1646 2108 1832 2162 salvus

240 2197 294 2252 in
317 2199 402 2253 die
428 2198 672 2255 Domini.
702 2199 842 2256 Acta
873 2199 1081 2267 Romae,
1128 2199 1301 2256 Nonis
1337 2200 1541 2265 Martii,
1577 2198 1831 2254 Indictio-

241 2290 382 2344 ne3.
425 2309 445 2342 ι

1927 1927 2249 1984 brevissime
2276 1930 2570 1995 victurum,
2609 1945 2717 1983 non
2746 1937 2927 1982 tamen
2950 1929 3156 1998 absque
3178 1936 3306 1999 t‘ypo
3339 1927 3509 1980 victo-

1926 2035 2042 2073 rem
2089 2033 2213 2075 esse
2248 2021 2651 2090 appellandum.
2697 2018 2832 2074 Nam
2880 2020 2933 2074 in
2985 2020 3179 2074 diebus
3230 2019 3371 2088 ejus,
3414 2018 3509 2087 qui

1927 2119 2165 2181 quatuor
2210 2112 2381 2182 aptati
2411 2121 2541 2167 sunt
2587 2112 2889 2177 mensibus,
2918 2111 3185 2166 famosam
3220 2110 3509 2166 victoriam

1927 2203 2077 2258 dedit
2110 2202 2375 2258 Dominus
2426 2202 2757 2273 Apostolicae
2809 2202 2965 2258 Sedis
3010 2201 3510 2273 propugnatoribus

1928 2295 1995 2349 de
2040 2294 2373 2350 adversariis
2408 2295 2616 2365 ipsius;
2648 2311 2743 2365 per
2772 2311 2937 2365 quam
2972 2295 3137 2349 etiam
3178 2292 3509 2347 Cathedram

312 2380 433 2435 l00.
474 2380 645 2453 Igitur
669 2382 890 2439 Satana:
915 2384 1149 2440 traditus
1173 2383 1359 2439 infelix
1391 2381 1657 2436 Henricus
1679 2380 1829 2435 rabi-
1929 2401 2087 2440 suam
2120 2386 2213 2440 diu
2246 2387 2315 2440 ab
2348 2386 2699 2442 invasoribus
2742 2387 3018 2441 detentam
3054 2386 3258 2455 recepit
3298 2384 3511 2439 Wirze-

240 2464 417 2542 doque
463 2474 777 2529 daemonum
815 2474 1013 2541 furori,
1057 2475 1235 2547 magis
1280 2491 1345 2530 ac
1376 2474 1549 2544 magis
1580 2473 1646 2527 ad
1673 2488 1829 2526 sum-
1927 2477 2217 2546 burgensis
2251 2476 2551 2550 Episcopus
2586 2478 2805 2532 nomine
2840 2478 3132 2543 Adalbero,
3180 2477 3264 2531 vir
3297 2484 3513 2544 specta-

241 2579 390 2618 mum
446 2564 761 2634 iniquitatis
806 2566 1156 2633 conscendit;
1190 2574 1246 2621 et
1277 2565 1577 2636 legitimum
1624 2562 1827 2632 Papam
1928 2569 2057 2625 bilis
2092 2576 2243 2636 natu,
2292 2570 2632 2624 honorabilis
2666 2570 2842 2633 vultu,
2879 2577 2934 2623 et
2975 2576 3122 2635 actu,
3148 2568 3376 2623 reduces
3408 2567 3510 2620 ha—

241 2655 537 2711 destituere
569 2657 825 2727 cupiens,
866 2672 1089 2713 auream
1133 2666 1374 2713 statuam
1411 2654 1742 2710 Simoniaeis
1777 2663 1832 2708 et

1938 2660 2065 2750 bcns
2091 2640 2434 2750 veneratam
2468 2660 2836 2750 Coepiscopos
2879 2658 3514 2750 prmdictum__Gebelxar—

241 2745 527 2802 Nicolaitis
574 2747 630 2802 in
682 2747 929 2804 Romana
992 2749 1247 2815 civitate,
1298 2764 1463 2819 quam
1499 2747 1828 2817 Babylonem
1928 2749 2059 2805 dum
2108 2745 2605 2815 Constantiensem,
2658 2758 2714 2804 et
2769 2748 3141 2803 Hermannum
3190 2747 3510 2811 Metenscm,

244 2838 437 2893 Petrus
466 2847 524 2893 et
557 2837 800 2894 Joannes
832 2841 1127 2909 appellant,
1181 2854 1361 2894 novus
1390 2837 1829 2892 Nabuchodono-
1930 2840 2026 2909 qui
2054 2847 2109 2893 et
2143 2838 2245 2909 ipsi
2283 2855 2380 2909 pro
2417 2839 2677 2893 ﬁdelitate
2706 2839 2952 2909 Gregorii
2990 2837 3160 2893 nostri
3188 2838 3355 2893 Sedes
3381 2853 3513 2891 suas

242 2945 353 2995 sor,
400 2930 585 2985 erexit
636 2930 787 3001 (97);
825 2930 1146 2986 Guibertum
1197 2930 1409 2986 scilicet
1459 2928 1827 2982 Ravennatem
1857 2956 1898 3011 ε
1931 2932 2246 2986 amiserant.
2272 2931 2606 2987 Praedixerat
2634 2930 2808 2985 eidem
2860 2929 3141 2985 Desiderio
3170 2928 3332 2983 Pater
3380 2944 3510 2983 san-

242 3020 602 3091 Episcopum,
622 3021 738 3090 jam
774 3021 983 3091 pridem
1020 3038 1052 3076 a
1075 3021 1341 3092 Gregorio
1371 3027 1585 3084 nostro,
1613 3026 1834 3087 prepter

240 3111 518 3169 incestum
562 3121 623 3167 et
668 3114 777 3168 alia
824 3113 1026 3184 ﬂagitia
1082 3130 1205 3180 sua,
1256 3112 1517 3185 Synodali
1564 3112 1833 3166 sententia

239 3206 592 3260 damnatum.
620 3203 852 3260 Proinde
887 3205 1209 3276 gravissima
1244 3203 1623 3276 persecutione
1642 3212 1834 3260 contra

238 3298 425 3352 virum
463 3294 566 3350 Dei
621 3304 917 3363 commota,
942 3330 945 3333 -
970 3295 1262 3351 Salernum
1320 3295 1602 3351 recessit:
1652 3295 1836 3365 ibique

240 3404 502 3460 supernae
564 3388 942 3445 medicationis
997 3389 1294 3460 absynthio
1361 3403 1459 3457 per
1518 3387 1835 3456 corporales

240 3481 601 3554 egritudines
618 3480 988 3536 efﬁcacissime
1025 3488 1312 3551 purgatus,
1349 3478 1549 3533 divina:
1577 3478 1833 3533 consola-

242 3575 413 3639 tionis
459 3572 613 3627 dulci
664 3587 930 3641 responso
982 3572 1187 3627 meruit
1230 3569 1549 3635 exhilarari,
1586 3570 1837 3625 videlicet

241 3664 607 3735 purgationes
628 3662 762 3716 istas
789 3662 840 3717 ei
863 3662 919 3715 in
951 3673 1275 3733 perpetuum
1310 3662 1572 3731 prolicere
1606 3669 1662 3717 et
1682 3660 1824 3716 sulIi-

241 3773 400 3822 cere;
436 3770 547 3811 nec
567 3754 733 3809 ullam
765 3754 1177 3825 castigationem
1204 3761 1455 3823 Oportere
1476 3759 1601 3822 post
1624 3752 1834 3808 obitum

241 3851 439 3904 timere
465 3867 484 3901 :
509 3847 767 3916 denique,
796 3847 848 3900 in
887 3846 1104 3916 signum
1141 3846 1487 3915 sempiternae
1531 3844 1833 3913 sospitatis,

241 3939 608 4011 temporalem
661 3937 1096 3992 incolumitatem
1142 3936 1364 4005 recepit,
1399 3942 1472 3999 et,
1498 3935 1646 4004 quod
1681 3935 1837 3990 valde

241 4033 553 4104 gloriosum
611 4028 783 4083 videri
847 4036 1046 4097 potest,
1099 4027 1248 4083 circa
1295 4025 1567 4081 Kalendas
1589 4025 1837 4081 Januarii

244 4138 529 4195 praenosse
562 4122 730 4191 erepit
779 4121 1199 4177 dissolutionem
1246 4118 1500 4188 corporis
1553 4118 1640 4172 sui
1689 4118 1837 4173 futu-

243 4232 362 4271 ram
388 4216 542 4271 circa
574 4212 848 4269 Kalendas
895 4211 1064 4267 Junii.
1104 4210 1316 4278 Quibus
1372 4225 1500 4266 eum
1538 4209 1833 4280 appmpin-

1934 3033 2056 3079 etus
2079 3023 2226 3095 quod
2264 3040 2374 3079 non
2421 3022 2785 3078 interfuturus
2807 3031 2952 3077 esset
2985 3020 3294 3093 migrationi
3316 3019 3514 3089 ipsius,

1933 3115 2186 3185 quamvis
2209 3114 2280 3168 ob
2300 3114 2407 3170 hoc
2451 3112 2824 3167 inﬁrmitatem
2872 3112 3171 3177 invisisset,
3206 3118 3410 3165 etcum
3447 3124 3514 3163 eo

1933 3222 2108 3277 usque
2161 3208 2214 3261 in
2267 3207 2429 3260 linem
2470 3212 2878 3275 perseveraret,
2916 3212 2971 3258 et
3000 3211 3221 3259 sanctas
3255 3201 3518 3272 exequias

1932 3312 2058 3353 cum
2100 3296 2297 3352 ceteris
2321 3297 2572 3351 ﬁdelibus
2613 3296 2949 3360 celebraret,
3001 3294 3345 3363 multumque
3389 3308 3515 3347 eum

1933 3389 2226 3443 attonitum
2245 3387 2565 3457 tristemque
2590 3386 2915 3443 reddiderat.
2936 3386 3185 3456 cumque
3206 3386 3435 3439 haereret
3461 3383 3516 3436 in

1933 3477 2314 3541 admiratione,
2350 3478 2611 3547 quidnam
2648 3476 3022 3547 impedimenti
3066 3474 3313 3530 futurum
3348 3480 3520 3537 esset,

1933 3571 2117 3625 subito
2145 3569 2430 3624 nuntiatur
2445 3568 2495 3623 ei
2518 3585 2548 3622 a
2565 3567 2897 3623 Normannis
2928 3567 3069 3623 facta
3088 3564 3519 3622 circumvallatio

1895 3673 1903 3679 ‘
1934 3662 2222 3731 cujusdam
2246 3661 2454 3717 castelli
2480 3675 2583 3716 suo
2605 3660 2946 3715 monasterio
2978 3659 3207 3729 subjecti
3243 3675 3255 3710 :
3291 3665 3346 3712 et
3365 3671 3517 3712 com-

1933 3755 2128 3824 pulsus
2174 3752 2502 3817 necessitate
2536 3752 2893 3807 succurrendi
2927 3752 3064 3818 suis,
3089 3750 3326 3806 abeundi
3352 3749 3519 3803 licen-

1936 3847 2064 3901 tiam
2099 3846 2308 3916 accepit
2339 3861 2352 3897 :
2389 3846 2597 3915 sicque,
2633 3844 2763 3899 licet
2802 3843 3027 3909 invitus,
3069 3841 3348 3912 explendae
3376 3839 3515 3893 Pro-

1896 3946 1901 3949 ’
1934 3938 2130 4008 pbctize
2154 3938 2335 3993 locum
2371 3937 2538 3991 dedit.

2007 4028 2130 4083 102.
2170 4026 2379 4081 Interea
2402 4025 2651 4080 Pontifex
2685 4028 2876 4080 beatus
2898 4024 3192 4094 Gregorius
3214 4037 3379 4092 super
3406 4020 3516 4088 his,

1935 4135 2077 4191 quos
2111 4118 2634 4182 excommuniearat,
2663 4117 2981 4185 requisitus,
3015 4117 3060 4168 si
3091 4129 3254 4184 quam
3292 4113 3515 4180 dispen-

1940 4212 2209 4267 sationem
2240 4210 2418 4265 facere
2437 4208 2617 4274 vellet,
2659 4206 2977 4276 respondit:
3016 4203 3282 4257 Praaterea
3322 4198 3519 4253 Henri-

245 4302 496 4378 quasset,
522 4314 579 4360 et
607 4306 789 4360 ultimi
814 4304 1022 4360 doloris
1052 4305 1257 4359 Iuctam
1286 4302 1630 4368 inchoasset,
1656 4309 1838 4357 astan-
1868 4304 1912 4359 D
1937 4319 2062 4359 cum
2091 4301 2291 4369 Regem
2311 4301 2539 4365 dictum,
2565 4307 2620 4353 et
2651 4297 2972 4353 Guibertum
3005 4291 3331 4364 Apostolica:
3361 4288 3520 4344 Sedis

247 4400 393 4454 tibus
434 4398 489 4454 ei
517 4390 803 4470 Episcopis
834 4396 1314 4461 etCardinalibus,
1347 4409 1584 4465 eumque
1623 4408 1721 4465 pro
1756 4394 1837 4447 la-

246 4490 474 4545 boribus
523 4499 730 4546 sanctze
770 4488 1213 4545 conversationis
1239 4495 1296 4541 et
1323 4486 1588 4542 doctrina:
1621 4485 1835 4540 beatifi-

247 4582 522 4647 cantibus,
555 4581 881 4652 respondit:
908 4579 1044 4651 Ego,
1080 4578 1301 4634 Fratres
1326 4579 1432 4633 mei
1474 4578 1836 4644 dilectissimi,

249 4674 432 4729 nullos
456 4674 676 4729 labores
700 4684 856 4729 meos
879 4673 1116 4742 alicujus
1152 4671 1417 4726 momenti
1442 4669 1617 4737 facio;
1644 4670 1701 4724 in
1733 4670 1841 4723 hoc

252 4780 364 4819 uno
406 4764 757 4820 solummodo
782 4764 1087 4830 conﬁdens,
1119 4763 1266 4834 quod
1302 4777 1518 4832 semper
1556 4762 1719 4817 dilexi
1745 4762 1841 4831 ju-

252 4856 477 4923 stitiam,
501 4864 558 4911 et
582 4856 713 4911 odio
729 4856 899 4910 habui
924 4856 1290 4926 iniquitatem.
1316 4853 1473 4920 Item,
1488 4870 1615 4911 cum
1648 4852 1840 4908 anxie-

251 4954 418 5002 tatem
454 4963 616 5004 suam
658 4948 731 5002 de
767 4954 916 5003 statu
950 4963 1054 5003 suo
1088 4955 1214 5019 post
1254 4948 1559 5003 discessum
1593 4946 1715 5018 ejus
1744 4945 1843 5000 de-

324 5080 431 5156 (97)
480 5080 815 5156 Guibertum,
836 5081 1168 5156 abllenrico
1204 5084 1350 5156 Rege
1387 5067 1613 5141 creatus.
1644 5079 1844 5137 Archi-

257 5152 577 5237 fpiffOpusﬂ
596 5167 754 5237 anno
795 5152 933 5237 l272
983 5153 1087 5208 fuit
1128 5152 1657 5237 excommunicatusn
1696 5165 1845 5234 anno

258 5219 406 5289 1078,
433 5219 496 5279 in
535 5222 798 5293 Concilio
821 5220 1069 5293 Romano
1091 5242 1143 5280 vi
1164 5269 1177 5293 ,
1216 5234 1434 5281 centum
1470 5226 1581 5281 fere
1617 5223 1848 5293 Episeo-
1910 5240 1913 5243 '

257 5292 730 5386 mmmftﬂa‘liis,
769 5300 824 5346 et
857 5291 1053 5369 iterum
1097 5289 1242 5352 anno
1291 5296 1448 5363 1080,
1493 5296 1548 5350 in
1591 5289 1846 5350 Concilio

1936 4394 2266 4459 invasorem,
2290 4400 2345 4447 et
2374 4406 2566 4446 omnes
2599 4391 2721 4445 illas
2746 4388 3072 4459 principales
3096 4398 3363 4455 personas
3395 4396 3520 4451 qua:

1936 4493 2032 4540 aut
2049 4485 2281 4541 consilio
2307 4492 2402 4537 aut
2430 4482 2633 4537 auxilio
2657 4480 2840 4536 favent
2866 4478 3120 4549 nequitiae
3145 4475 3227 4530 vel
3254 4472 3518 4544 impietati

1938 4578 2178 4642 illorum,
2211 4590 2404 4631 omnes
2435 4575 2660 4629 absolvo
2691 4581 2746 4627 et
2772 4571 3056 4638 benedice,
3080 4569 3414 4641 quicumque
3433 4579 3522 4617 me

1938 4669 2084 4726 hanc
2103 4668 2305 4723 habere
2328 4667 2617 4736 specialem
2647 4671 2971 4735 potestatem
2996 4663 3051 4717 in
3080 4661 3200 4716 vice
3226 4656 3519 4727 Apostolo-

1940 4777 2066 4817 rum
2115 4758 2261 4815 Petri
2312 4765 2367 4812 et
2413 4757 2568 4812 Pauli
2613 4755 2844 4812 credunt
2884 4755 3290 4810 indubitanter:
3326 4752 3524 4817 praater

1942 4854 2062 4911 haec
2084 4854 2383 4909 admonens
2413 4865 2509 4904 eos
2534 4850 2613 4921 de
2631 4847 2839 4914 multis,
2865 4856 2920 4902 et
2945 4848 3052 4904 hoc
3079 4843 3229 4902 dedit
3248 4840 3357 4896 illis
3385 4853 3527 4908 prae-

1944 4954 2164 5018 ceptum
2192 4963 2206 4999 :
2241 4941 2322 4995 Ex
2345 4947 2499 5009 parte
2528 4940 2625 4995 Dei
2650 4938 3066 5009 omnipotentis,
3097 4944 3261 5006 atque
3286 4928 3529 5015 auctori.

1989 5093 2139 5140 atum
2162 5056 2386 5137 miserat
2414 5092 2426 5127 :
2458 5052 2553 5131 sed
2591 5074 2658 5129 iis
2681 5087 2713 5126 a
2743 5071 2907 5132 Clero
2935 5092 3048 5132 non
3074 5044 3333 5137 acceptis,
3366 5059 3533 5116 Gebe-

1989 5098 2139 5140 atum
2162 5098 2386 5137 miserat
2414 5098 2426 5127 ;
2458 5098 2553 5131 seu
2591 5098 2658 5129 us
2681 5098 2713 5126 ει
2743 5098 2907 5132 unum
2935 5098 3048 5132 non
3074 5098 3333 5137 ειυυσνιω,
3366 5098 3489 5116 νιν.

1948 5098 2155 5209 gurdus
2190 5150 2506 5214 assumptus
2536 5144 2656 5200 fuit.
3300 5199 3431 5214 MM
3483 5192 3489 5199 ,

2180 5199 2304 5296 ὀξίς
2342 5199 2778 5296 pbsteacreatus
2810 5224 2897 5271 est
2922 5217 3071 5289 Papa
3116 5219 3263 5266 anno
3295 5199 3455 5265 I088,
3481 5205 3537 5253 et

1960 5285 2203 5349 Urbanus
2229 5285 2296 5342 ΙΙ
2325 5286 2645 5353 appellatus.

2034 5365 2049 5386 1
2061 5362 2176 5386 nm“
2222 5356 2321 5386 11:“
2360 5363 2441 5386 οιισ

3094 5344 3097 5347 ’
3117 5334 3267 5386 "uim
3310 5335 3540 5386 celebris

2493 5372 2655 5386 n-un-n
2715 5367 3053 5386 ωοΜΛ-ιιιιιιιι
