  <div class='ocr_page' id='page_1' title='image "/cluster/home/n/w/nwhite01/storage/ocr_20150623/148/hvd.32044015471840/053.png"; bbox 0 0 3986 5386; ppageno 0'>
   <div class='ocr_carea' id='block_1_1' title="bbox 517 290 587 346">
    <p class='ocr_par' dir='ltr' id='par_1_1' title="bbox 517 290 587 346">
     <span class='ocr_line' id='line_1_1' title="bbox 517 290 587 346; baseline 0.029 -2"><span class='ocrx_word' id='word_1_1' title='bbox 517 290 587 346; x_wconf 78' lang='grc'><strong>95</strong></span> 
     </span>
    </p>
   </div>
   <div class='ocr_carea' id='block_1_2' title="bbox 1731 291 2596 350">
    <p class='ocr_par' dir='ltr' id='par_1_2' title="bbox 1731 291 2596 350">
     <span class='ocr_line' id='line_1_2' title="bbox 1731 291 2596 350; baseline 0.005 -4"><span class='ocrx_word' id='word_1_2' title='bbox 1731 291 1790 347; x_wconf 87' lang='lat' dir='ltr'><strong>S.</strong></span> <span class='ocrx_word' id='word_1_3' title='bbox 1834 293 2231 350; x_wconf 74' lang='lat' dir='ltr'><strong>GREGORIUS</strong></span> <span class='ocrx_word' id='word_1_4' title='bbox 2272 293 2360 348; x_wconf 68' lang='lat' dir='ltr'><strong>VII</strong></span> <span class='ocrx_word' id='word_1_5' title='bbox 2399 292 2596 350; x_wconf 77' lang='lat' dir='ltr'><strong>PAPA.</strong></span> 
     </span>
    </p>
   </div>
   <div class='ocr_carea' id='block_1_3' title="bbox 3705 297 3772 352">
    <p class='ocr_par' dir='ltr' id='par_1_3' title="bbox 3705 297 3772 352">
     <span class='ocr_line' id='line_1_3' title="bbox 3705 297 3772 352; baseline 0 0"><span class='ocrx_word' id='word_1_6' title='bbox 3705 297 3772 352; x_wconf 79' lang='lat'><strong>96</strong></span> 
     </span>
    </p>
   </div>
   <div class='ocr_carea' id='block_1_4' title="bbox 517 403 3776 478">
    <p class='ocr_par' dir='ltr' id='par_1_4' title="bbox 517 403 3776 478">
     <span class='ocr_line' id='line_1_4' title="bbox 517 403 3776 478; baseline 0.002 -20"><span class='ocrx_word' id='word_1_7' title='bbox 517 413 626 459; x_wconf 90' lang='lat' dir='ltr'><strong>tate</strong></span> <span class='ocrx_word' id='word_1_8' title='bbox 655 404 944 459; x_wconf 87' lang='lat' dir='ltr'><strong>Beatorum</strong></span> <span class='ocrx_word' id='word_1_9' title='bbox 976 403 1118 461; x_wconf 88' lang='lat' dir='ltr'><strong>Petri</strong></span> <span class='ocrx_word' id='word_1_10' title='bbox 1146 413 1200 461; x_wconf 90' lang='lat' dir='ltr'><strong>et</strong></span> <span class='ocrx_word' id='word_1_11' title='bbox 1223 405 1376 461; x_wconf 82' lang='lat' dir='ltr'><strong>Pauli</strong></span> <span class='ocrx_word' id='word_1_12' title='bbox 1405 403 1812 474; x_wconf 78' lang='lat' dir='ltr'><strong>Apostolorum,</strong></span> <span class='ocrx_word' id='word_1_13' title='bbox 1853 407 2107 476; x_wconf 66' lang='lat' dir='ltr'><strong>praecipio</strong></span> <span class='ocrx_word' id='word_1_14' title='bbox 2135 411 2180 465; x_wconf 79' lang='grc' dir='ltr'><strong>Α</strong></span> <span class='ocrx_word' id='word_1_15' title='bbox 2206 407 2478 472; x_wconf 88' lang='lat' dir='ltr'><strong>cruribus,</strong></span> <span class='ocrx_word' id='word_1_16' title='bbox 2507 423 2588 462; x_wconf 78' lang='lat' dir='ltr'><strong>sic</strong></span> <span class='ocrx_word' id='word_1_17' title='bbox 2638 415 2698 460; x_wconf 89' lang='lat' dir='ltr'><strong>ut</strong></span> <span class='ocrx_word' id='word_1_18' title='bbox 2747 407 2832 460; x_wconf 80' lang='lat' dir='ltr'><strong>vix</strong></span> <span class='ocrx_word' id='word_1_19' title='bbox 2863 407 3268 477; x_wconf 88' lang='lat' dir='ltr'><strong>quomodolibet</strong></span> <span class='ocrx_word' id='word_1_20' title='bbox 3289 416 3433 462; x_wconf 87' lang='lat' dir='ltr'><strong>stare</strong></span> <span class='ocrx_word' id='word_1_21' title='bbox 3455 418 3661 478; x_wconf 89' lang='lat' dir='ltr'><strong>posset,</strong></span> <span class='ocrx_word' id='word_1_22' title='bbox 3685 410 3776 464; x_wconf 69' lang='lat' dir='ltr'><strong>vix</strong></span> 
     </span>
    </p>
   </div>
   <div class='ocr_carea' id='block_1_5' title="bbox 516 495 2104 564">
    <p class='ocr_par' dir='ltr' id='par_1_5' title="bbox 516 495 2104 564">
     <span class='ocr_line' id='line_1_5' title="bbox 516 495 2104 564; baseline 0.001 -16"><span class='ocrx_word' id='word_1_23' title='bbox 516 496 695 562; x_wconf 90' lang='lat' dir='ltr'><strong>vobis,</strong></span> <span class='ocrx_word' id='word_1_24' title='bbox 723 503 782 549; x_wconf 89' lang='lat' dir='ltr'><strong>ut</strong></span> <span class='ocrx_word' id='word_1_25' title='bbox 811 497 1082 552; x_wconf 82' lang='lat' dir='ltr'><strong>neminem</strong></span> <span class='ocrx_word' id='word_1_26' title='bbox 1112 497 1359 552; x_wconf 89' lang='lat' dir='ltr'><strong>habeatis</strong></span> <span class='ocrx_word' id='word_1_27' title='bbox 1398 495 1706 550; x_wconf 78' lang='lat' dir='ltr'><strong>Romanum</strong></span> <span class='ocrx_word' id='word_1_28' title='bbox 1753 495 2068 552; x_wconf 83' lang='lat' dir='ltr'><strong>Pontificem</strong></span> <span class='ocrx_word' id='word_1_29' title='bbox 2089 540 2104 564; x_wconf 95' lang='lat'><strong>,</strong></span> 
     </span>
    </p>
   </div>
   <div class='ocr_carea' id='block_1_6' title="bbox 519 587 2106 654">
    <p class='ocr_par' dir='ltr' id='par_1_6' title="bbox 519 587 2106 654">
     <span class='ocr_line' id='line_1_6' title="bbox 519 587 2106 654; baseline 0.001 -12"><span class='ocrx_word' id='word_1_30' title='bbox 519 587 623 644; x_wconf 85' lang='lat' dir='ltr'><strong>nisi</strong></span> <span class='ocrx_word' id='word_1_31' title='bbox 646 589 913 643; x_wconf 83' lang='lat' dir='ltr'><strong>canonice</strong></span> <span class='ocrx_word' id='word_1_32' title='bbox 951 589 1209 654; x_wconf 86' lang='lat' dir='ltr'><strong>electum,</strong></span> <span class='ocrx_word' id='word_1_33' title='bbox 1237 598 1292 644; x_wconf 88' lang='lat' dir='ltr'><strong>et</strong></span> <span class='ocrx_word' id='word_1_34' title='bbox 1317 597 1638 644; x_wconf 88' lang='lat' dir='ltr'><strong>sanctorum</strong></span> <span class='ocrx_word' id='word_1_35' title='bbox 1663 587 1887 644; x_wconf 89' lang='lat' dir='ltr'><strong>Patrum</strong></span> <span class='ocrx_word' id='word_1_36' title='bbox 1913 599 2106 645; x_wconf 89' lang='lat' dir='ltr'><strong>aucto-</strong></span> 
     </span>
    </p>
   </div>
   <div class='ocr_carea' id='block_1_7' title="bbox 519 677 2108 735">
    <p class='ocr_par' dir='ltr' id='par_1_7' title="bbox 519 677 2108 735">
     <span class='ocr_line' id='line_1_7' title="bbox 519 677 2108 735; baseline 0.002 -3"><span class='ocrx_word' id='word_1_37' title='bbox 519 680 682 735; x_wconf 86' lang='lat' dir='ltr'><strong>ritate</strong></span> <span class='ocrx_word' id='word_1_38' title='bbox 709 679 944 734; x_wconf 79' lang='lat' dir='ltr'><strong>electum</strong></span> <span class='ocrx_word' id='word_1_39' title='bbox 989 688 1043 733; x_wconf 91' lang='lat' dir='ltr'><strong>et</strong></span> <span class='ocrx_word' id='word_1_40' title='bbox 1085 681 1418 734; x_wconf 88' lang='lat' dir='ltr'><strong>ordinatum.</strong></span> <span class='ocrx_word' id='word_1_41' title='bbox 1471 677 1573 734; x_wconf 91' lang='lat' dir='ltr'><strong>Ubi</strong></span> <span class='ocrx_word' id='word_1_42' title='bbox 1613 694 1744 733; x_wconf 87' lang='lat' dir='ltr'><strong>vero</strong></span> <span class='ocrx_word' id='word_1_43' title='bbox 1775 679 1830 734; x_wconf 89' lang='lat' dir='ltr'><strong>in</strong></span> <span class='ocrx_word' id='word_1_44' title='bbox 1863 689 2108 735; x_wconf 75' lang='lat' dir='ltr'><strong>extremo</strong></span> 
     </span>
    </p>
   </div>
   <div class='ocr_carea' id='block_1_8' title="bbox 518 770 2121 841">
    <p class='ocr_par' dir='ltr' id='par_1_8' title="bbox 518 770 2121 841">
     <span class='ocr_line' id='line_1_8' title="bbox 518 770 2121 841; baseline 0.002 -18"><span class='ocrx_word' id='word_1_45' title='bbox 518 771 731 838; x_wconf 85' lang='lat' dir='ltr'><strong>positus</strong></span> <span class='ocrx_word' id='word_1_46' title='bbox 751 778 890 836; x_wconf 88' lang='lat' dir='ltr'><strong>erat,</strong></span> <span class='ocrx_word' id='word_1_47' title='bbox 915 771 1108 826; x_wconf 88' lang='lat' dir='ltr'><strong>ultima</strong></span> <span class='ocrx_word' id='word_1_48' title='bbox 1146 772 1309 826; x_wconf 86' lang='lat' dir='ltr'><strong>verba</strong></span> <span class='ocrx_word' id='word_1_49' title='bbox 1337 771 1458 841; x_wconf 85' lang='lat' dir='ltr'><strong>ejus</strong></span> <span class='ocrx_word' id='word_1_50' title='bbox 1489 771 1604 826; x_wconf 67' lang='lat' dir='ltr'><strong>haec</strong></span> <span class='ocrx_word' id='word_1_51' title='bbox 1640 771 1863 826; x_wconf 83' lang='lat' dir='ltr'><strong>fuerunt</strong></span> <span class='ocrx_word' id='word_1_52' title='bbox 1891 789 1906 826; x_wconf 88' lang='lat'><strong>:</strong></span> <span class='ocrx_word' id='word_1_53' title='bbox 1935 770 2121 838; x_wconf 24' lang='lat' dir='ltr'><strong>Dilexi,</strong></span> 
     </span>
    </p>
   </div>
   <div class='ocr_carea' id='block_1_9' title="bbox 514 861 2108 934">
    <p class='ocr_par' dir='ltr' id='par_1_9' title="bbox 514 861 2108 934">
     <span class='ocr_line' id='line_1_9' title="bbox 514 861 2108 934; baseline 0.001 -18"><span class='ocrx_word' id='word_1_54' title='bbox 514 861 807 931; x_wconf 75' lang='lat' dir='ltr'><strong>justitiam,</strong></span> <span class='ocrx_word' id='word_1_55' title='bbox 837 871 893 916; x_wconf 89' lang='lat' dir='ltr'><strong>et</strong></span> <span class='ocrx_word' id='word_1_56' title='bbox 915 863 1061 918; x_wconf 89' lang='lat' dir='ltr'><strong>odivi</strong></span> <span class='ocrx_word' id='word_1_57' title='bbox 1090 863 1458 934; x_wconf 84' lang='lat' dir='ltr'><strong>iniquitatem,</strong></span> <span class='ocrx_word' id='word_1_58' title='bbox 1485 870 1773 933; x_wconf 81' lang='lat' dir='ltr'><strong>propterea</strong></span> <span class='ocrx_word' id='word_1_59' title='bbox 1806 863 2014 918; x_wconf 88' lang='lat' dir='ltr'><strong>morior</strong></span> <span class='ocrx_word' id='word_1_60' title='bbox 2053 863 2108 918; x_wconf 90' lang='lat' dir='ltr'><strong>in</strong></span> 
     </span>
    </p>
   </div>
   <div class='ocr_carea' id='block_1_10' title="bbox 518 953 2108 1026">
    <p class='ocr_par' dir='ltr' id='par_1_10' title="bbox 518 953 2108 1026">
     <span class='ocr_line' id='line_1_10' title="bbox 518 953 2108 1026; baseline 0.001 -19"><span class='ocrx_word' id='word_1_61' title='bbox 518 954 734 1008; x_wconf 80' lang='lat' dir='ltr'><strong>exsilio.</strong></span> <span class='ocrx_word' id='word_1_62' title='bbox 779 954 902 1020; x_wconf 86' lang='lat' dir='ltr'><strong>Quo</strong></span> <span class='ocrx_word' id='word_1_63' title='bbox 948 964 1138 1010; x_wconf 88' lang='lat' dir='ltr'><strong>contra</strong></span> <span class='ocrx_word' id='word_1_64' title='bbox 1167 955 1391 1026; x_wconf 88' lang='lat' dir='ltr'><strong>quidam</strong></span> <span class='ocrx_word' id='word_1_65' title='bbox 1436 955 1765 1010; x_wconf 89' lang='lat' dir='ltr'><strong>venerabilis</strong></span> <span class='ocrx_word' id='word_1_66' title='bbox 1806 953 2108 1026; x_wconf 84' lang='lat' dir='ltr'><strong>Episcopus</strong></span> 
     </span>
    </p>
   </div>
   <div class='ocr_carea' id='block_1_11' title="bbox 519 1044 2107 1116">
    <p class='ocr_par' dir='ltr' id='par_1_11' title="bbox 519 1044 2107 1116">
     <span class='ocr_line' id='line_1_11' title="bbox 519 1044 2107 1116; baseline 0.001 -16"><span class='ocrx_word' id='word_1_67' title='bbox 519 1046 874 1115; x_wconf 82' lang='lat' dir='ltr'><strong>respondisse</strong></span> <span class='ocrx_word' id='word_1_68' title='bbox 907 1056 1204 1101; x_wconf 82' lang='lat' dir='ltr'><strong>narratur:</strong></span> <span class='ocrx_word' id='word_1_69' title='bbox 1240 1044 1360 1102; x_wconf 86' lang='lat' dir='ltr'><strong>Non</strong></span> <span class='ocrx_word' id='word_1_70' title='bbox 1403 1056 1580 1116; x_wconf 82' lang='lat' dir='ltr'><strong>potes,</strong></span> <span class='ocrx_word' id='word_1_71' title='bbox 1604 1045 1854 1113; x_wconf 90' lang='lat' dir='ltr'><strong>Domine,</strong></span> <span class='ocrx_word' id='word_1_72' title='bbox 1883 1047 2025 1102; x_wconf 84' lang='lat' dir='ltr'><strong>meri</strong></span> <span class='ocrx_word' id='word_1_73' title='bbox 2053 1048 2107 1102; x_wconf 90' lang='lat' dir='ltr'><strong>in</strong></span> 
     </span>
    </p>
   </div>
   <div class='ocr_carea' id='block_1_12' title="bbox 519 1137 2110 1210">
    <p class='ocr_par' dir='ltr' id='par_1_12' title="bbox 519 1137 2110 1210">
     <span class='ocr_line' id='line_1_12' title="bbox 519 1137 2110 1210; baseline 0.001 -19"><span class='ocrx_word' id='word_1_74' title='bbox 519 1137 738 1203; x_wconf 76' lang='lat' dir='ltr'><strong>exsilio,</strong></span> <span class='ocrx_word' id='word_1_75' title='bbox 775 1137 871 1208; x_wconf 85' lang='lat' dir='ltr'><strong>qui</strong></span> <span class='ocrx_word' id='word_1_76' title='bbox 899 1137 953 1192; x_wconf 91' lang='lat' dir='ltr'><strong>in</strong></span> <span class='ocrx_word' id='word_1_77' title='bbox 988 1138 1107 1194; x_wconf 91' lang='lat' dir='ltr'><strong>vice</strong></span> <span class='ocrx_word' id='word_1_78' title='bbox 1135 1138 1340 1194; x_wconf 85' lang='lat' dir='ltr'><strong>Christi</strong></span> <span class='ocrx_word' id='word_1_79' title='bbox 1365 1147 1420 1193; x_wconf 92' lang='lat' dir='ltr'><strong>et</strong></span> <span class='ocrx_word' id='word_1_80' title='bbox 1449 1139 1834 1208; x_wconf 80' lang='lat' dir='ltr'><strong>Apostolorum</strong></span> <span class='ocrx_word' id='word_1_81' title='bbox 1877 1141 1997 1210; x_wconf 87' lang='lat' dir='ltr'><strong>ejus</strong></span> <span class='ocrx_word' id='word_1_82' title='bbox 2027 1139 2110 1195; x_wconf 92' lang='lat' dir='ltr'><strong>di-</strong></span> 
     </span>
    </p>
   </div>
   <div class='ocr_carea' id='block_1_13' title="bbox 502 1229 2108 1303">
    <p class='ocr_par' dir='ltr' id='par_1_13' title="bbox 502 1229 2108 1303">
     <span class='ocr_line' id='line_1_13' title="bbox 502 1229 2108 1303; baseline 0.002 -21"><span class='ocrx_word' id='word_1_83' title='bbox 502 1229 731 1284; x_wconf 75' lang='lat' dir='ltr'><strong>vinitus</strong></span> <span class='ocrx_word' id='word_1_84' title='bbox 757 1230 1016 1299; x_wconf 74' lang='lat' dir='ltr'><strong>accepisti</strong></span> <span class='ocrx_word' id='word_1_85' title='bbox 1059 1239 1249 1301; x_wconf 83' lang='lat' dir='ltr'><strong>gentes</strong></span> <span class='ocrx_word' id='word_1_86' title='bbox 1283 1231 1679 1296; x_wconf 66' lang='lat' dir='ltr'><strong>hmreditatem,</strong></span> <span class='ocrx_word' id='word_1_87' title='bbox 1715 1239 1769 1286; x_wconf 90' lang='lat' dir='ltr'><strong>et</strong></span> <span class='ocrx_word' id='word_1_88' title='bbox 1800 1232 2108 1303; x_wconf 86' lang='lat' dir='ltr'><strong>possessio-</strong></span> 
     </span>
    </p>
   </div>
   <div class='ocr_carea' id='block_1_14' title="bbox 520 1319 2110 1394">
    <p class='ocr_par' dir='ltr' id='par_1_14' title="bbox 520 1319 2110 1394">
     <span class='ocr_line' id='line_1_14' title="bbox 520 1319 2110 1394; baseline 0.004 -20"><span class='ocrx_word' id='word_1_89' title='bbox 520 1335 646 1374; x_wconf 92' lang='lat' dir='ltr'><strong>nem</strong></span> <span class='ocrx_word' id='word_1_90' title='bbox 679 1320 941 1374; x_wconf 78' lang='lat' dir='ltr'><strong>terminos</strong></span> <span class='ocrx_word' id='word_1_91' title='bbox 965 1329 1140 1376; x_wconf 74' lang='lat' dir='ltr'><strong>terrze.</strong></span> <span class='ocrx_word' id='word_1_92' title='bbox 1169 1319 1359 1392; x_wconf 84' lang='lat' dir='ltr'><strong>Itaque</strong></span> <span class='ocrx_word' id='word_1_93' title='bbox 1381 1321 1685 1391; x_wconf 88' lang='lat' dir='ltr'><strong>septiformi</strong></span> <span class='ocrx_word' id='word_1_94' title='bbox 1717 1323 1890 1393; x_wconf 88' lang='lat' dir='ltr'><strong>gratia</strong></span> <span class='ocrx_word' id='word_1_95' title='bbox 1917 1324 2110 1394; x_wconf 90' lang='lat' dir='ltr'><strong>plenus</strong></span> 
     </span>
    </p>
   </div>
   <div class='ocr_carea' id='block_1_15' title="bbox 521 1410 2110 1486">
    <p class='ocr_par' dir='ltr' id='par_1_15' title="bbox 521 1410 2110 1486">
     <span class='ocr_line' id='line_1_15' title="bbox 521 1410 2110 1486; baseline 0.004 -21"><span class='ocrx_word' id='word_1_96' title='bbox 521 1411 740 1480; x_wconf 85' lang='lat' dir='ltr'><strong>septimi</strong></span> <span class='ocrx_word' id='word_1_97' title='bbox 781 1410 1029 1482; x_wconf 82' lang='lat' dir='ltr'><strong>Gregorii</strong></span> <span class='ocrx_word' id='word_1_98' title='bbox 1062 1413 1314 1482; x_wconf 82' lang='lat' dir='ltr'><strong>spiritus,</strong></span> <span class='ocrx_word' id='word_1_99' title='bbox 1335 1414 1430 1482; x_wconf 87' lang='lat' dir='ltr'><strong>qui</strong></span> <span class='ocrx_word' id='word_1_100' title='bbox 1462 1413 1730 1468; x_wconf 87' lang='lat' dir='ltr'><strong>mundum</strong></span> <span class='ocrx_word' id='word_1_101' title='bbox 1757 1423 1810 1470; x_wconf 90' lang='lat' dir='ltr'><strong>et</strong></span> <span class='ocrx_word' id='word_1_102' title='bbox 1837 1416 2110 1486; x_wconf 73' lang='lat' dir='ltr'><strong>principes</strong></span> 
     </span>
    </p>
   </div>
   <div class='ocr_carea' id='block_1_16' title="bbox 520 1503 2108 1577">
    <p class='ocr_par' dir='ltr' id='par_1_16' title="bbox 520 1503 2108 1577">
     <span class='ocr_line' id='line_1_16' title="bbox 520 1503 2108 1577; baseline 0.004 -22"><span class='ocrx_word' id='word_1_103' title='bbox 520 1503 643 1571; x_wconf 83' lang='lat' dir='ltr'><strong>ejus</strong></span> <span class='ocrx_word' id='word_1_104' title='bbox 664 1509 927 1572; x_wconf 78' lang='lat' dir='ltr'><strong>arguerat</strong></span> <span class='ocrx_word' id='word_1_105' title='bbox 949 1503 1016 1558; x_wconf 88' lang='lat' dir='ltr'><strong>de</strong></span> <span class='ocrx_word' id='word_1_106' title='bbox 1044 1513 1268 1573; x_wconf 87' lang='lat' dir='ltr'><strong>peccato</strong></span> <span class='ocrx_word' id='word_1_107' title='bbox 1298 1505 1440 1560; x_wconf 86' lang='lat' dir='ltr'><strong>etde</strong></span> <span class='ocrx_word' id='word_1_108' title='bbox 1475 1505 1688 1575; x_wconf 78' lang='lat' dir='ltr'><strong>justitia</strong></span> <span class='ocrx_word' id='word_1_109' title='bbox 1710 1514 1764 1560; x_wconf 91' lang='lat' dir='ltr'><strong>et</strong></span> <span class='ocrx_word' id='word_1_110' title='bbox 1791 1507 1859 1562; x_wconf 90' lang='lat' dir='ltr'><strong>de</strong></span> <span class='ocrx_word' id='word_1_111' title='bbox 1879 1507 2108 1577; x_wconf 90' lang='lat' dir='ltr'><strong>judicio,</strong></span> 
     </span>
    </p>
   </div>
   <div class='ocr_carea' id='block_1_17' title="bbox 523 1592 2109 1667">
    <p class='ocr_par' dir='ltr' id='par_1_17' title="bbox 523 1592 2109 1667">
     <span class='ocr_line' id='line_1_17' title="bbox 523 1592 2109 1667; baseline 0.004 -19"><span class='ocrx_word' id='word_1_112' title='bbox 523 1595 577 1648; x_wconf 92' lang='lat' dir='ltr'><strong>in</strong></span> <span class='ocrx_word' id='word_1_113' title='bbox 611 1592 931 1649; x_wconf 78' lang='lat' dir='ltr'><strong>fortitudine</strong></span> <span class='ocrx_word' id='word_1_114' title='bbox 970 1596 1207 1652; x_wconf 72' lang='lat' dir='ltr'><strong>emlestis</strong></span> <span class='ocrx_word' id='word_1_115' title='bbox 1233 1596 1340 1651; x_wconf 87' lang='lat' dir='ltr'><strong>cibi</strong></span> <span class='ocrx_word' id='word_1_116' title='bbox 1390 1609 1565 1667; x_wconf 84' lang='lat' dir='ltr'><strong>nuper</strong></span> <span class='ocrx_word' id='word_1_117' title='bbox 1589 1598 1795 1667; x_wconf 86' lang='lat' dir='ltr'><strong>accepti</strong></span> <span class='ocrx_word' id='word_1_118' title='bbox 1833 1599 2109 1655; x_wconf 67' lang='lat' dir='ltr'><strong>caelestem</strong></span> 
     </span>
    </p>
   </div>
   <div class='ocr_carea' id='block_1_18' title="bbox 522 1685 2110 1761">
    <p class='ocr_par' dir='ltr' id='par_1_18' title="bbox 522 1685 2110 1761">
     <span class='ocr_line' id='line_1_18' title="bbox 522 1685 2110 1761; baseline 0.006 -24"><span class='ocrx_word' id='word_1_119' title='bbox 522 1685 670 1738; x_wconf 78' lang='lat' dir='ltr'><strong>viam</strong></span> <span class='ocrx_word' id='word_1_120' title='bbox 702 1687 996 1756; x_wconf 86' lang='lat' dir='ltr'><strong>arripiens,</strong></span> <span class='ocrx_word' id='word_1_121' title='bbox 1039 1687 1346 1757; x_wconf 89' lang='lat' dir='ltr'><strong>meritoque</strong></span> <span class='ocrx_word' id='word_1_122' title='bbox 1384 1687 1555 1742; x_wconf 80' lang='lat' dir='ltr'><strong>divini</strong></span> <span class='ocrx_word' id='word_1_123' title='bbox 1598 1689 1718 1756; x_wconf 83' lang='lat' dir='ltr'><strong>zeli,</strong></span> <span class='ocrx_word' id='word_1_124' title='bbox 1761 1689 1908 1744; x_wconf 90' lang='lat' dir='ltr'><strong>velut</strong></span> <span class='ocrx_word' id='word_1_125' title='bbox 1951 1691 2110 1761; x_wconf 88' lang='lat' dir='ltr'><strong>igneo</strong></span> 
     </span>
    </p>
   </div>
   <div class='ocr_carea' id='block_1_19' title="bbox 524 1776 2110 1850">
    <p class='ocr_par' dir='ltr' id='par_1_19' title="bbox 524 1776 2110 1850">
     <span class='ocr_line' id='line_1_19' title="bbox 524 1776 2110 1850; baseline 0.003 -19"><span class='ocrx_word' id='word_1_126' title='bbox 524 1793 712 1844; x_wconf 86' lang='lat' dir='ltr'><strong>curru,</strong></span> <span class='ocrx_word' id='word_1_127' title='bbox 763 1776 1087 1847; x_wconf 30' lang='lat' dir='ltr'><strong>instarlElia:</strong></span> <span class='ocrx_word' id='word_1_128' title='bbox 1136 1778 1448 1844; x_wconf 89' lang='lat' dir='ltr'><strong>subvectus,</strong></span> <span class='ocrx_word' id='word_1_129' title='bbox 1485 1778 1632 1850; x_wconf 85' lang='lat' dir='ltr'><strong>(lOl)</strong></span> <span class='ocrx_word' id='word_1_130' title='bbox 1667 1778 1871 1834; x_wconf 87' lang='lat' dir='ltr'><strong>Urbani</strong></span> <span class='ocrx_word' id='word_1_131' title='bbox 1903 1781 2110 1850; x_wconf 61' lang='lat' dir='ltr'><strong>prinde-</strong></span> 
     </span>
    </p>
   </div>
   <div class='ocr_carea' id='block_1_20' title="bbox 524 1869 2112 1938">
    <p class='ocr_par' dir='ltr' id='par_1_20' title="bbox 524 1869 2112 1938">
     <span class='ocr_line' id='line_1_20' title="bbox 524 1869 2112 1938; baseline 0.003 -15"><span class='ocrx_word' id='word_1_132' title='bbox 524 1869 762 1924; x_wconf 80' lang='lat' dir='ltr'><strong>cessaris</strong></span> <span class='ocrx_word' id='word_1_133' title='bbox 791 1870 899 1935; x_wconf 90' lang='lat' dir='ltr'><strong>sui,</strong></span> <span class='ocrx_word' id='word_1_134' title='bbox 922 1870 1082 1938; x_wconf 82' lang='lat' dir='ltr'><strong>cujus</strong></span> <span class='ocrx_word' id='word_1_135' title='bbox 1101 1884 1166 1924; x_wconf 89' lang='lat' dir='ltr'><strong>ea</strong></span> <span class='ocrx_word' id='word_1_136' title='bbox 1183 1869 1270 1924; x_wconf 91' lang='lat' dir='ltr'><strong>die</strong></span> <span class='ocrx_word' id='word_1_137' title='bbox 1291 1869 1559 1925; x_wconf 76' lang='lat' dir='ltr'><strong>festivitas</strong></span> <span class='ocrx_word' id='word_1_138' title='bbox 1588 1871 1814 1938; x_wconf 77' lang='lat' dir='ltr'><strong>exstitit,</strong></span> <span class='ocrx_word' id='word_1_139' title='bbox 1837 1873 2112 1927; x_wconf 87' lang='lat' dir='ltr'><strong>omnium-</strong></span> 
     </span>
    </p>
   </div>
   <div class='ocr_carea' id='block_1_21' title="bbox 523 1960 2110 2032">
    <p class='ocr_par' dir='ltr' id='par_1_21' title="bbox 523 1960 2110 2032">
     <span class='ocr_line' id='line_1_21' title="bbox 523 1960 2110 2032; baseline 0.001 -17"><span class='ocrx_word' id='word_1_140' title='bbox 523 1974 630 2030; x_wconf 86' lang='lat' dir='ltr'><strong>que</strong></span> <span class='ocrx_word' id='word_1_141' title='bbox 665 1960 949 2015; x_wconf 80' lang='lat' dir='ltr'><strong>beatOrum</strong></span> <span class='ocrx_word' id='word_1_142' title='bbox 975 1960 1218 2016; x_wconf 71' lang='lat' dir='ltr'><strong>lzetitiam</strong></span> <span class='ocrx_word' id='word_1_143' title='bbox 1255 1961 1311 2015; x_wconf 91' lang='lat' dir='ltr'><strong>in</strong></span> <span class='ocrx_word' id='word_1_144' title='bbox 1347 1961 1555 2016; x_wconf 64' lang='lat' dir='ltr'><strong>caelesti</strong></span> <span class='ocrx_word' id='word_1_145' title='bbox 1591 1963 1760 2032; x_wconf 79' lang='lat' dir='ltr'><strong>gloria</strong></span> <span class='ocrx_word' id='word_1_146' title='bbox 1799 1978 1924 2017; x_wconf 89' lang='lat' dir='ltr'><strong>cum</strong></span> <span class='ocrx_word' id='word_1_147' title='bbox 1948 1962 2110 2018; x_wconf 84' lang='lat' dir='ltr'><strong>Chri-</strong></span> 
     </span>
    </p>
   </div>
   <div class='ocr_carea' id='block_1_22' title="bbox 523 2052 2113 2123">
    <p class='ocr_par' dir='ltr' id='par_1_22' title="bbox 523 2052 2113 2123">
     <span class='ocr_line' id='line_1_22' title="bbox 523 2052 2113 2123; baseline 0 -16"><span class='ocrx_word' id='word_1_148' title='bbox 523 2061 612 2108; x_wconf 93' lang='lat' dir='ltr'><strong>sto</strong></span> <span class='ocrx_word' id='word_1_149' title='bbox 634 2052 985 2123; x_wconf 77' lang='lat' dir='ltr'><strong>gaudentium</strong></span> <span class='ocrx_word' id='word_1_150' title='bbox 1006 2054 1338 2108; x_wconf 80' lang='lat' dir='ltr'><strong>excellenter</strong></span> <span class='ocrx_word' id='word_1_151' title='bbox 1366 2053 1672 2123; x_wconf 79' lang='lat' dir='ltr'><strong>ampliavit;</strong></span> <span class='ocrx_word' id='word_1_152' title='bbox 1713 2053 1767 2107; x_wconf 90' lang='lat' dir='ltr'><strong>in</strong></span> <span class='ocrx_word' id='word_1_153' title='bbox 1793 2053 1956 2108; x_wconf 85' lang='lat' dir='ltr'><strong>terris</strong></span> <span class='ocrx_word' id='word_1_154' title='bbox 1982 2067 2113 2108; x_wconf 85' lang='lat' dir='ltr'><strong>vero</strong></span> 
     </span>
    </p>
   </div>
   <div class='ocr_carea' id='block_1_23' title="bbox 503 2142 2114 2214">
    <p class='ocr_par' dir='ltr' id='par_1_23' title="bbox 503 2142 2114 2214">
     <span class='ocr_line' id='line_1_23' title="bbox 503 2142 2114 2214; baseline 0 -16"><span class='ocrx_word' id='word_1_155' title='bbox 503 2144 961 2214; x_wconf 72' lang='lat' dir='ltr'><strong>peregrinantem</strong></span> <span class='ocrx_word' id='word_1_156' title='bbox 1009 2142 1310 2199; x_wconf 85' lang='lat' dir='ltr'><strong>Ecclesiam</strong></span> <span class='ocrx_word' id='word_1_157' title='bbox 1361 2144 1610 2200; x_wconf 83' lang='lat' dir='ltr'><strong>discessu</strong></span> <span class='ocrx_word' id='word_1_158' title='bbox 1657 2160 1760 2199; x_wconf 89' lang='lat' dir='ltr'><strong>suo</strong></span> <span class='ocrx_word' id='word_1_159' title='bbox 1801 2159 1909 2198; x_wconf 92' lang='lat' dir='ltr'><strong>non</strong></span> <span class='ocrx_word' id='word_1_160' title='bbox 1943 2157 2114 2214; x_wconf 89' lang='lat' dir='ltr'><strong>parvo</strong></span> 
     </span>
    </p>
   </div>
   <div class='ocr_carea' id='block_1_24' title="bbox 525 2235 2114 2306">
    <p class='ocr_par' dir='ltr' id='par_1_24' title="bbox 525 2235 2114 2306">
     <span class='ocr_line' id='line_1_24' title="bbox 525 2235 2114 2306; baseline -0.001 -16"><span class='ocrx_word' id='word_1_161' title='bbox 525 2247 763 2290; x_wconf 78' lang='lat' dir='ltr'><strong>mcerore</strong></span> <span class='ocrx_word' id='word_1_162' title='bbox 789 2236 1180 2290; x_wconf 81' lang='lat' dir='ltr'><strong>consternavit.</strong></span> <span class='ocrx_word' id='word_1_163' title='bbox 1207 2235 1424 2305; x_wconf 86' lang='lat' dir='ltr'><strong>Corpus</strong></span> <span class='ocrx_word' id='word_1_164' title='bbox 1463 2236 1584 2306; x_wconf 89' lang='lat' dir='ltr'><strong>ejus</strong></span> <span class='ocrx_word' id='word_1_165' title='bbox 1620 2237 1916 2305; x_wconf 84' lang='lat' dir='ltr'><strong>sepulturae</strong></span> <span class='ocrx_word' id='word_1_166' title='bbox 1945 2235 2114 2290; x_wconf 86' lang='lat' dir='ltr'><strong>tradi-</strong></span> 
     </span>
    </p>
   </div>
   <div class='ocr_carea' id='block_1_25' title="bbox 525 2326 2115 2398">
    <p class='ocr_par' dir='ltr' id='par_1_25' title="bbox 525 2326 2115 2398">
     <span class='ocr_line' id='line_1_25' title="bbox 525 2326 2115 2398; baseline 0 -18"><span class='ocrx_word' id='word_1_167' title='bbox 525 2335 644 2381; x_wconf 90' lang='lat' dir='ltr'><strong>tum</strong></span> <span class='ocrx_word' id='word_1_168' title='bbox 673 2335 758 2382; x_wconf 86' lang='lat' dir='ltr'><strong>est</strong></span> <span class='ocrx_word' id='word_1_169' title='bbox 803 2327 944 2398; x_wconf 83' lang='lat' dir='ltr'><strong>apud</strong></span> <span class='ocrx_word' id='word_1_170' title='bbox 985 2327 1202 2382; x_wconf 87' lang='lat' dir='ltr'><strong>beatum</strong></span> <span class='ocrx_word' id='word_1_171' title='bbox 1235 2326 1550 2382; x_wconf 81' lang='lat' dir='ltr'><strong>Matthacnm</strong></span> <span class='ocrx_word' id='word_1_172' title='bbox 1591 2327 2012 2397; x_wconf 67' lang='lat' dir='ltr'><strong>Evangelistam,</strong></span> <span class='ocrx_word' id='word_1_173' title='bbox 2047 2326 2115 2381; x_wconf 90' lang='lat' dir='ltr'><strong>de</strong></span> 
     </span>
    </p>
   </div>
   <div class='ocr_carea' id='block_1_26' title="bbox 527 2419 2115 2488">
    <p class='ocr_par' dir='ltr' id='par_1_26' title="bbox 527 2419 2115 2488">
     <span class='ocr_line' id='line_1_26' title="bbox 527 2419 2115 2488; baseline -0.003 -14"><span class='ocrx_word' id='word_1_174' title='bbox 527 2419 690 2488; x_wconf 87' lang='lat' dir='ltr'><strong>cujus</strong></span> <span class='ocrx_word' id='word_1_175' title='bbox 729 2433 869 2472; x_wconf 86' lang='lat' dir='ltr'><strong>nova</strong></span> <span class='ocrx_word' id='word_1_176' title='bbox 915 2419 1230 2474; x_wconf 76' lang='lat' dir='ltr'><strong>inventione</strong></span> <span class='ocrx_word' id='word_1_177' title='bbox 1261 2419 1618 2474; x_wconf 75' lang='lat' dir='ltr'><strong>laetabundus</strong></span> <span class='ocrx_word' id='word_1_178' title='bbox 1661 2419 1958 2488; x_wconf 80' lang='lat' dir='ltr'><strong>scripserat</strong></span> <span class='ocrx_word' id='word_1_179' title='bbox 1989 2426 2115 2472; x_wconf 90' lang='lat' dir='ltr'><strong>ante</strong></span> 
     </span>
    </p>
   </div>
   <div class='ocr_carea' id='block_1_27' title="bbox 527 2508 1899 2582">
    <p class='ocr_par' dir='ltr' id='par_1_27' title="bbox 527 2508 1899 2582">
     <span class='ocr_line' id='line_1_27' title="bbox 527 2508 1899 2582; baseline 0.001 -18"><span class='ocrx_word' id='word_1_180' title='bbox 527 2524 738 2579; x_wconf 87' lang='lat' dir='ltr'><strong>paucos</strong></span> <span class='ocrx_word' id='word_1_181' title='bbox 771 2524 948 2565; x_wconf 89' lang='lat' dir='ltr'><strong>annos</strong></span> <span class='ocrx_word' id='word_1_182' title='bbox 973 2508 1272 2580; x_wconf 88' lang='lat' dir='ltr'><strong>Epistolam</strong></span> <span class='ocrx_word' id='word_1_183' title='bbox 1301 2511 1472 2582; x_wconf 74' lang='lat'><strong>(102).</strong></span> <span class='ocrx_word' id='word_1_184' title='bbox 1897 2515 1899 2517; x_wconf 78' lang='grc'><strong>’</strong></span> 
     </span>
    </p>
   </div>
   <div class='ocr_carea' id='block_1_28' title="bbox 1113 2621 1527 2678">
    <p class='ocr_par' dir='ltr' id='par_1_28' title="bbox 1113 2621 1527 2678">
     <span class='ocr_line' id='line_1_28' title="bbox 1113 2621 1527 2678; baseline 0 0"><span class='ocrx_word' id='word_1_185' title='bbox 1113 2621 1342 2678; x_wconf 82' lang='lat' dir='ltr'><strong>CAPUT</strong></span> <span class='ocrx_word' id='word_1_186' title='bbox 1389 2623 1527 2678; x_wconf 83' lang='lat' dir='ltr'><strong>XIII.</strong></span> 
     </span>
    </p>
   </div>
   <div class='ocr_carea' id='block_1_29' title="bbox 531 2711 2117 2785">
    <p class='ocr_par' dir='ltr' id='par_1_29' title="bbox 531 2711 2117 2785">
     <span class='ocr_line' id='line_1_29' title="bbox 531 2711 2117 2785; baseline 0.001 -19"><span class='ocrx_word' id='word_1_187' title='bbox 531 2711 790 2785; x_wconf 68' lang='lat' dir='ltr'><strong>Exempla</strong></span> <span class='ocrx_word' id='word_1_188' title='bbox 831 2731 1011 2768; x_wconf 85' lang='lat' dir='ltr'><strong>eorum</strong></span> <span class='ocrx_word' id='word_1_189' title='bbox 1041 2717 1131 2785; x_wconf 82' lang='lat' dir='ltr'><strong>qui</strong></span> <span class='ocrx_word' id='word_1_190' title='bbox 1169 2714 1408 2785; x_wconf 81' lang='lat' dir='ltr'><strong>Gregorii</strong></span> <span class='ocrx_word' id='word_1_191' title='bbox 1449 2715 1670 2770; x_wconf 81' lang='lat' dir='ltr'><strong>decretis</strong></span> <span class='ocrx_word' id='word_1_192' title='bbox 1709 2715 2002 2770; x_wconf 79' lang='lat' dir='ltr'><strong>obcdientes</strong></span> <span class='ocrx_word' id='word_1_193' title='bbox 2041 2715 2117 2770; x_wconf 83' lang='lat' dir='ltr'><strong>rel</strong></span> 
     </span>
    </p>
   </div>
   <div class='ocr_carea' id='block_1_30' title="bbox 600 2785 2116 2908">
    <p class='ocr_par' dir='ltr' id='par_1_30' title="bbox 600 2785 2116 2908">
     <span class='ocr_line' id='line_1_30' title="bbox 600 2785 2116 2908; baseline 0.002 -71"><span class='ocrx_word' id='word_1_194' title='bbox 600 2785 952 2908; x_wconf 45' lang='lat' dir='ltr'><strong>inqbedicntes</strong></span> <span class='ocrx_word' id='word_1_195' title='bbox 999 2785 1176 2855; x_wconf 85' lang='lat' dir='ltr'><strong>fuere,</strong></span> <span class='ocrx_word' id='word_1_196' title='bbox 1221 2785 1476 2840; x_wconf 82' lang='lat' dir='ltr'><strong>divinitus</strong></span> <span class='ocrx_word' id='word_1_197' title='bbox 1523 2787 1748 2856; x_wconf 58' lang='lat' dir='ltr'><strong>prdata</strong></span> <span class='ocrx_word' id='word_1_198' title='bbox 1791 2785 1869 2840; x_wconf 77' lang='lat' dir='ltr'><strong>rel</strong></span> <span class='ocrx_word' id='word_1_199' title='bbox 1914 2789 2116 2856; x_wconf 82' lang='lat' dir='ltr'><strong>impro-</strong></span> 
     </span>
     <span class='ocr_line' id='line_1_31' title="bbox 641 2871 1702 2908; baseline -0.001 0"><span class='ocrx_word' id='word_1_200' title='bbox 641 2873 674 2908; x_wconf 84' lang='lat' dir='ltr'><strong>a</strong></span> <span class='ocrx_word' id='word_1_201' title='bbox 703 2871 755 2908; x_wconf 87' lang='lat' dir='ltr'><strong>a.</strong></span> <span class='ocrx_word' id='word_1_202' title='bbox 1665 2873 1702 2907; x_wconf 76' lang='grc' dir='ltr'><strong>ο</strong></span> 
     </span>
    </p>
   </div>
   <div class='ocr_carea' id='block_1_31' title="bbox 606 2965 2120 3036">
    <p class='ocr_par' dir='ltr' id='par_1_31' title="bbox 606 2965 2120 3036">
     <span class='ocr_line' id='line_1_32' title="bbox 606 2965 2120 3036; baseline 0.002 -17"><span class='ocrx_word' id='word_1_203' title='bbox 606 2965 728 3020; x_wconf 75' lang='grc'><strong>105.</strong></span> <span class='ocrx_word' id='word_1_204' title='bbox 789 2965 1206 3036; x_wconf 86' lang='lat' dir='ltr'><strong>Consequenter</strong></span> <span class='ocrx_word' id='word_1_205' title='bbox 1258 2968 1350 3023; x_wconf 89' lang='lat' dir='ltr'><strong>hic</strong></span> <span class='ocrx_word' id='word_1_206' title='bbox 1415 2968 1846 3025; x_wconf 83' lang='lat' dir='ltr'><strong>introducendus</strong></span> <span class='ocrx_word' id='word_1_207' title='bbox 1904 2967 2120 3024; x_wconf 88' lang='lat' dir='ltr'><strong>videtur</strong></span> 
     </span>
    </p>
   </div>
   <div class='ocr_carea' id='block_1_32' title="bbox 2145 1745 2186 1798">
    <p class='ocr_par' dir='ltr' id='par_1_32' title="bbox 2145 1745 2186 1798">
     <span class='ocr_line' id='line_1_33' title="bbox 2145 1745 2186 1798; baseline 0 0"><span class='ocrx_word' id='word_1_208' title='bbox 2145 1745 2186 1798; x_wconf 85' lang='grc' dir='ltr'><strong>Β</strong></span> 
     </span>
    </p>
   </div>
   <div class='ocr_carea' id='block_1_33' title="bbox 2205 498 3778 569">
    <p class='ocr_par' dir='ltr' id='par_1_33' title="bbox 2205 498 3778 569">
     <span class='ocr_line' id='line_1_34' title="bbox 2205 498 3778 569; baseline 0.003 -17"><span class='ocrx_word' id='word_1_209' title='bbox 2205 498 2568 568; x_wconf 84' lang='lat' dir='ltr'><strong>etiamjaeerc</strong></span> <span class='ocrx_word' id='word_1_210' title='bbox 2608 500 2692 554; x_wconf 87' lang='lat' dir='ltr'><strong>vel</strong></span> <span class='ocrx_word' id='word_1_211' title='bbox 2738 499 2965 554; x_wconf 85' lang='lat' dir='ltr'><strong>sedere:</strong></span> <span class='ocrx_word' id='word_1_212' title='bbox 3005 499 3098 569; x_wconf 85' lang='lat' dir='ltr'><strong>qui</strong></span> <span class='ocrx_word' id='word_1_213' title='bbox 3134 509 3189 554; x_wconf 92' lang='lat' dir='ltr'><strong>et</strong></span> <span class='ocrx_word' id='word_1_214' title='bbox 3227 501 3398 554; x_wconf 91' lang='lat' dir='ltr'><strong>multa</strong></span> <span class='ocrx_word' id='word_1_215' title='bbox 3441 499 3494 554; x_wconf 93' lang='lat' dir='ltr'><strong>in</strong></span> <span class='ocrx_word' id='word_1_216' title='bbox 3535 501 3778 556; x_wconf 86' lang='lat' dir='ltr'><strong>medicos</strong></span> 
     </span>
    </p>
   </div>
   <div class='ocr_carea' id='block_1_34' title="bbox 2207 590 3778 662">
    <p class='ocr_par' dir='ltr' id='par_1_34' title="bbox 2207 590 3778 662">
     <span class='ocr_line' id='line_1_35' title="bbox 2207 590 3778 662; baseline 0.001 -18"><span class='ocrx_word' id='word_1_217' title='bbox 2207 599 2546 660; x_wconf 88' lang='lat' dir='ltr'><strong>erogaverat,</strong></span> <span class='ocrx_word' id='word_1_218' title='bbox 2600 591 2844 661; x_wconf 83' lang='lat' dir='ltr'><strong>nihilque</strong></span> <span class='ocrx_word' id='word_1_219' title='bbox 2905 590 3241 660; x_wconf 78' lang='lat' dir='ltr'><strong>profecerat;</strong></span> <span class='ocrx_word' id='word_1_220' title='bbox 3293 591 3540 662; x_wconf 88' lang='lat' dir='ltr'><strong>apposita</strong></span> <span class='ocrx_word' id='word_1_221' title='bbox 3589 592 3778 646; x_wconf 84' lang='lat' dir='ltr'><strong>eadem</strong></span> 
     </span>
    </p>
   </div>
   <div class='ocr_carea' id='block_1_35' title="bbox 2209 677 3783 753">
    <p class='ocr_par' dir='ltr' id='par_1_35' title="bbox 2209 677 3783 753">
     <span class='ocr_line' id='line_1_36' title="bbox 2209 677 3783 753; baseline 0.001 -18"><span class='ocrx_word' id='word_1_222' title='bbox 2209 681 2374 736; x_wconf 89' lang='lat' dir='ltr'><strong>mitra.</strong></span> <span class='ocrx_word' id='word_1_223' title='bbox 2396 682 2486 737; x_wconf 88' lang='lat' dir='ltr'><strong>ubi</strong></span> <span class='ocrx_word' id='word_1_224' title='bbox 2532 683 2708 752; x_wconf 88' lang='lat' dir='ltr'><strong>major</strong></span> <span class='ocrx_word' id='word_1_225' title='bbox 2737 677 3014 753; x_wconf 85' lang='lat' dir='ltr'><strong>ingruerat</strong></span> <span class='ocrx_word' id='word_1_226' title='bbox 3052 683 3228 750; x_wconf 87' lang='lat' dir='ltr'><strong>dolor,</strong></span> <span class='ocrx_word' id='word_1_227' title='bbox 3267 683 3511 753; x_wconf 71' lang='lat' dir='ltr'><strong>pristina:</strong></span> <span class='ocrx_word' id='word_1_228' title='bbox 3537 683 3783 738; x_wconf 87' lang='lat' dir='ltr'><strong>redditus</strong></span> 
     </span>
    </p>
   </div>
   <div class='ocr_carea' id='block_1_36' title="bbox 2208 771 3781 843">
    <p class='ocr_par' dir='ltr' id='par_1_36' title="bbox 2208 771 3781 843">
     <span class='ocr_line' id='line_1_37' title="bbox 2208 771 3781 843; baseline -0.001 -17"><span class='ocrx_word' id='word_1_229' title='bbox 2208 780 2291 827; x_wconf 90' lang='lat' dir='ltr'><strong>est</strong></span> <span class='ocrx_word' id='word_1_230' title='bbox 2309 773 2549 828; x_wconf 88' lang='lat' dir='ltr'><strong>sanitati.</strong></span> <span class='ocrx_word' id='word_1_231' title='bbox 2575 773 2736 828; x_wconf 88' lang='lat' dir='ltr'><strong>Liber</strong></span> <span class='ocrx_word' id='word_1_232' title='bbox 2769 772 3014 843; x_wconf 87' lang='lat' dir='ltr'><strong>ejusdem</strong></span> <span class='ocrx_word' id='word_1_233' title='bbox 3055 773 3296 830; x_wconf 82' lang='lat' dir='ltr'><strong>Anselmi</strong></span> <span class='ocrx_word' id='word_1_234' title='bbox 3337 773 3405 828; x_wconf 91' lang='lat' dir='ltr'><strong>de</strong></span> <span class='ocrx_word' id='word_1_235' title='bbox 3439 771 3781 828; x_wconf 85' lang='lat' dir='ltr'><strong>Psalmorum</strong></span> 
     </span>
    </p>
   </div>
   <div class='ocr_carea' id='block_1_37' title="bbox 2209 865 3784 936">
    <p class='ocr_par' dir='ltr' id='par_1_37' title="bbox 2209 865 3784 936">
     <span class='ocr_line' id='line_1_38' title="bbox 2209 865 3784 936; baseline -0.001 -18"><span class='ocrx_word' id='word_1_236' title='bbox 2209 865 2530 920; x_wconf 85' lang='lat' dir='ltr'><strong>tractatibus</strong></span> <span class='ocrx_word' id='word_1_237' title='bbox 2569 881 2772 936; x_wconf 87' lang='lat' dir='ltr'><strong>paucas</strong></span> <span class='ocrx_word' id='word_1_238' title='bbox 2813 866 3108 921; x_wconf 87' lang='lat' dir='ltr'><strong>sententias</strong></span> <span class='ocrx_word' id='word_1_239' title='bbox 3163 865 3447 936; x_wconf 77' lang='lat' dir='ltr'><strong>excipere;</strong></span> <span class='ocrx_word' id='word_1_240' title='bbox 3497 872 3552 918; x_wconf 90' lang='lat' dir='ltr'><strong>et</strong></span> <span class='ocrx_word' id='word_1_241' title='bbox 3615 879 3784 933; x_wconf 82' lang='lat' dir='ltr'><strong>quam</strong></span> 
     </span>
    </p>
   </div>
   <div class='ocr_carea' id='block_1_38' title="bbox 2208 954 3786 1028">
    <p class='ocr_par' dir='ltr' id='par_1_38' title="bbox 2208 954 3786 1028">
     <span class='ocr_line' id='line_1_39' title="bbox 2208 954 3786 1028; baseline -0.002 -17"><span class='ocrx_word' id='word_1_242' title='bbox 2208 957 2358 1028; x_wconf 91' lang='lat' dir='ltr'><strong>pium</strong></span> <span class='ocrx_word' id='word_1_243' title='bbox 2385 956 2634 1012; x_wconf 80' lang='lat' dir='ltr'><strong>atl‘ectum</strong></span> <span class='ocrx_word' id='word_1_244' title='bbox 2658 973 2787 1028; x_wconf 88' lang='lat' dir='ltr'><strong>erga</strong></span> <span class='ocrx_word' id='word_1_245' title='bbox 2827 958 3170 1012; x_wconf 85' lang='lat' dir='ltr'><strong>sanctitatem</strong></span> <span class='ocrx_word' id='word_1_246' title='bbox 3195 955 3442 1027; x_wconf 84' lang='lat' dir='ltr'><strong>magistri</strong></span> <span class='ocrx_word' id='word_1_247' title='bbox 3463 955 3550 1010; x_wconf 86' lang='lat' dir='ltr'><strong>sui</strong></span> <span class='ocrx_word' id='word_1_248' title='bbox 3573 954 3786 1025; x_wconf 87' lang='lat' dir='ltr'><strong>Grego-</strong></span> 
     </span>
    </p>
   </div>
   <div class='ocr_carea' id='block_1_39' title="bbox 2209 1045 3789 1117">
    <p class='ocr_par' dir='ltr' id='par_1_39' title="bbox 2209 1045 3789 1117">
     <span class='ocr_line' id='line_1_40' title="bbox 2209 1045 3789 1117; baseline -0.004 -13"><span class='ocrx_word' id='word_1_249' title='bbox 2209 1048 2279 1104; x_wconf 92' lang='lat' dir='ltr'><strong>rii</strong></span> <span class='ocrx_word' id='word_1_250' title='bbox 2310 1049 2580 1116; x_wconf 81' lang='lat' dir='ltr'><strong>habuerit,</strong></span> <span class='ocrx_word' id='word_1_251' title='bbox 2601 1049 2908 1104; x_wconf 89' lang='lat' dir='ltr'><strong>evidentius</strong></span> <span class='ocrx_word' id='word_1_252' title='bbox 2936 1049 3243 1104; x_wconf 84' lang='lat' dir='ltr'><strong>ostendere.</strong></span> <span class='ocrx_word' id='word_1_253' title='bbox 3279 1046 3371 1102; x_wconf 85' lang='lat' dir='ltr'><strong>Sic</strong></span> <span class='ocrx_word' id='word_1_254' title='bbox 3382 1052 3521 1117; x_wconf 88' lang='lat' dir='ltr'><strong>ergo</strong></span> <span class='ocrx_word' id='word_1_255' title='bbox 3544 1045 3789 1116; x_wconf 85' lang='lat' dir='ltr'><strong>loquitur</strong></span> 
     </span>
    </p>
   </div>
   <div class='ocr_carea' id='block_1_40' title="bbox 2209 1135 3787 1208">
    <p class='ocr_par' dir='ltr' id='par_1_40' title="bbox 2209 1135 3787 1208">
     <span class='ocr_line' id='line_1_41' title="bbox 2209 1135 3787 1208; baseline -0.004 -13"><span class='ocrx_word' id='word_1_256' title='bbox 2209 1139 2266 1196; x_wconf 91' lang='lat' dir='ltr'><strong>in</strong></span> <span class='ocrx_word' id='word_1_257' title='bbox 2281 1149 2515 1196; x_wconf 88' lang='lat' dir='ltr'><strong>tractatu</strong></span> <span class='ocrx_word' id='word_1_258' title='bbox 2542 1141 2766 1196; x_wconf 89' lang='lat' dir='ltr'><strong>secundi</strong></span> <span class='ocrx_word' id='word_1_259' title='bbox 2787 1140 2990 1195; x_wconf 83' lang='lat' dir='ltr'><strong>Psalmi</strong></span> <span class='ocrx_word' id='word_1_260' title='bbox 3019 1159 3031 1194; x_wconf 91' lang='lat'><strong>:</strong></span> <span class='ocrx_word' id='word_1_261' title='bbox 3060 1159 3078 1190; x_wconf 76' lang='grc' dir='ltr'>ι</span> <span class='ocrx_word' id='word_1_262' title='bbox 3099 1139 3403 1195; x_wconf 77' lang='lat' dir='ltr'><strong>Astiterunt</strong></span> <span class='ocrx_word' id='word_1_263' title='bbox 3417 1135 3590 1208; x_wconf 80' lang='lat' dir='ltr'><strong>Reges</strong></span> <span class='ocrx_word' id='word_1_264' title='bbox 3606 1145 3787 1202; x_wconf 69' lang='lat' dir='ltr'><strong>terrae,</strong></span> 
     </span>
    </p>
   </div>
   <div class='ocr_carea' id='block_1_41' title="bbox 2209 1225 3790 1302">
    <p class='ocr_par' dir='ltr' id='par_1_41' title="bbox 2209 1225 3790 1302">
     <span class='ocr_line' id='line_1_42' title="bbox 2209 1225 3790 1302; baseline -0.004 -16"><span class='ocrx_word' id='word_1_265' title='bbox 2209 1239 2264 1286; x_wconf 90' lang='lat' dir='ltr'><strong>et</strong></span> <span class='ocrx_word' id='word_1_266' title='bbox 2285 1231 2564 1302; x_wconf 87' lang='lat' dir='ltr'><strong>Principes</strong></span> <span class='ocrx_word' id='word_1_267' title='bbox 2585 1239 2960 1288; x_wconf 87' lang='lat' dir='ltr'><strong>convenerunt</strong></span> <span class='ocrx_word' id='word_1_268' title='bbox 2994 1231 3051 1286; x_wconf 92' lang='lat' dir='ltr'><strong>in</strong></span> <span class='ocrx_word' id='word_1_269' title='bbox 3085 1245 3278 1295; x_wconf 91' lang='lat' dir='ltr'><strong>unum,</strong></span> <span class='ocrx_word' id='word_1_270' title='bbox 3311 1229 3576 1284; x_wconf 86' lang='lat' dir='ltr'><strong>adversus</strong></span> <span class='ocrx_word' id='word_1_271' title='bbox 3608 1225 3790 1282; x_wconf 84' lang='lat' dir='ltr'><strong>Domi-</strong></span> 
     </span>
    </p>
   </div>
   <div class='ocr_carea' id='block_1_42' title="bbox 2211 1319 3787 1391">
    <p class='ocr_par' dir='ltr' id='par_1_42' title="bbox 2211 1319 3787 1391">
     <span class='ocr_line' id='line_1_43' title="bbox 2211 1319 3787 1391; baseline -0.004 -13"><span class='ocrx_word' id='word_1_272' title='bbox 2211 1339 2363 1390; x_wconf 86' lang='lat' dir='ltr'><strong>num,</strong></span> <span class='ocrx_word' id='word_1_273' title='bbox 2397 1333 2452 1378; x_wconf 91' lang='lat' dir='ltr'><strong>et</strong></span> <span class='ocrx_word' id='word_1_274' title='bbox 2493 1325 2754 1380; x_wconf 84' lang='lat' dir='ltr'><strong>adversus</strong></span> <span class='ocrx_word' id='word_1_275' title='bbox 2804 1321 3087 1378; x_wconf 87' lang='lat' dir='ltr'><strong>Christum</strong></span> <span class='ocrx_word' id='word_1_276' title='bbox 3129 1321 3272 1391; x_wconf 86' lang='lat' dir='ltr'><strong>ejus.</strong></span> <span class='ocrx_word' id='word_1_277' title='bbox 3315 1340 3333 1370; x_wconf 73' lang='grc' dir='ltr'><strong><em>ι</em></strong></span> <span class='ocrx_word' id='word_1_278' title='bbox 3383 1319 3558 1390; x_wconf 81' lang='lat' dir='ltr'><strong>Reges</strong></span> <span class='ocrx_word' id='word_1_279' title='bbox 3605 1326 3787 1383; x_wconf 67' lang='lat' dir='ltr'><strong>terrae,</strong></span> 
     </span>
    </p>
   </div>
   <div class='ocr_carea' id='block_1_43' title="bbox 2211 1410 3792 1484">
    <p class='ocr_par' dir='ltr' id='par_1_43' title="bbox 2211 1410 3792 1484">
     <span class='ocr_line' id='line_1_44' title="bbox 2211 1410 3792 1484; baseline -0.005 -14"><span class='ocrx_word' id='word_1_280' title='bbox 2211 1415 2452 1470; x_wconf 88' lang='lat' dir='ltr'><strong>membra</strong></span> <span class='ocrx_word' id='word_1_281' title='bbox 2479 1414 2727 1471; x_wconf 76' lang='lat' dir='ltr'><strong>videlicet</strong></span> <span class='ocrx_word' id='word_1_282' title='bbox 2751 1415 2873 1484; x_wconf 85' lang='lat' dir='ltr'><strong>ejus</strong></span> <span class='ocrx_word' id='word_1_283' title='bbox 2899 1414 2994 1484; x_wconf 90' lang='lat' dir='ltr'><strong>qui</strong></span> <span class='ocrx_word' id='word_1_284' title='bbox 3030 1427 3198 1484; x_wconf 87' lang='lat' dir='ltr'><strong>regna</strong></span> <span class='ocrx_word' id='word_1_285' title='bbox 3237 1427 3402 1482; x_wconf 89' lang='lat' dir='ltr'><strong>super</strong></span> <span class='ocrx_word' id='word_1_286' title='bbox 3427 1425 3623 1465; x_wconf 87' lang='lat' dir='ltr'><strong>omnes</strong></span> <span class='ocrx_word' id='word_1_287' title='bbox 3651 1410 3792 1464; x_wconf 76' lang='lat' dir='ltr'><strong>ﬁlios</strong></span> 
     </span>
    </p>
   </div>
   <div class='ocr_carea' id='block_1_44' title="bbox 2211 1503 3798 1578">
    <p class='ocr_par' dir='ltr' id='par_1_44' title="bbox 2211 1503 3798 1578">
     <span class='ocr_line' id='line_1_45' title="bbox 2211 1503 3798 1578; baseline -0.004 -18"><span class='ocrx_word' id='word_1_288' title='bbox 2211 1508 2498 1578; x_wconf 64' lang='lat' dir='ltr'><strong>superbiat,</strong></span> <span class='ocrx_word' id='word_1_289' title='bbox 2522 1523 2631 1561; x_wconf 90' lang='lat' dir='ltr'><strong>non</strong></span> <span class='ocrx_word' id='word_1_290' title='bbox 2657 1507 2838 1562; x_wconf 90' lang='lat' dir='ltr'><strong>solum</strong></span> <span class='ocrx_word' id='word_1_291' title='bbox 2872 1512 3160 1569; x_wconf 83' lang='lat' dir='ltr'><strong>venerunt,</strong></span> <span class='ocrx_word' id='word_1_292' title='bbox 3186 1505 3282 1558; x_wconf 87' lang='lat' dir='ltr'><strong>sed</strong></span> <span class='ocrx_word' id='word_1_293' title='bbox 3307 1511 3364 1558; x_wconf 89' lang='lat' dir='ltr'><strong>et</strong></span> <span class='ocrx_word' id='word_1_294' title='bbox 3389 1503 3706 1565; x_wconf 82' lang='lat' dir='ltr'><strong>astiterunt,</strong></span> <span class='ocrx_word' id='word_1_295' title='bbox 3739 1508 3798 1554; x_wconf 89' lang='lat' dir='ltr'><strong>et</strong></span> 
     </span>
    </p>
   </div>
   <div class='ocr_carea' id='block_1_45' title="bbox 2211 1594 3797 1658">
    <p class='ocr_par' dir='ltr' id='par_1_45' title="bbox 2211 1594 3797 1658">
     <span class='ocr_line' id='line_1_46' title="bbox 2211 1594 3797 1658; baseline -0.006 -6"><span class='ocrx_word' id='word_1_296' title='bbox 2211 1598 2450 1654; x_wconf 70' lang='lat' dir='ltr'><strong>exercitu</strong></span> <span class='ocrx_word' id='word_1_297' title='bbox 2497 1614 2599 1653; x_wconf 88' lang='lat' dir='ltr'><strong>suo</strong></span> <span class='ocrx_word' id='word_1_298' title='bbox 2639 1597 2941 1653; x_wconf 77' lang='lat' dir='ltr'><strong>Romanam</strong></span> <span class='ocrx_word' id='word_1_299' title='bbox 2981 1595 3284 1651; x_wconf 83' lang='lat' dir='ltr'><strong>Ecclesiam</strong></span> <span class='ocrx_word' id='word_1_300' title='bbox 3333 1594 3700 1658; x_wconf 88' lang='lat' dir='ltr'><strong>obsederunt;</strong></span> <span class='ocrx_word' id='word_1_301' title='bbox 3741 1598 3797 1643; x_wconf 90' lang='lat' dir='ltr'><strong>et</strong></span> 
     </span>
    </p>
   </div>
   <div class='ocr_carea' id='block_1_46' title="bbox 2211 1688 3795 1761">
    <p class='ocr_par' dir='ltr' id='par_1_46' title="bbox 2211 1688 3795 1761">
     <span class='ocr_line' id='line_1_47' title="bbox 2211 1688 3795 1761; baseline -0.006 -17"><span class='ocrx_word' id='word_1_302' title='bbox 2211 1691 2484 1761; x_wconf 87' lang='lat' dir='ltr'><strong>principes</strong></span> <span class='ocrx_word' id='word_1_303' title='bbox 2541 1689 2898 1745; x_wconf 90' lang='lat' dir='ltr'><strong>Sacerdotum</strong></span> <span class='ocrx_word' id='word_1_304' title='bbox 2955 1688 3364 1757; x_wconf 82' lang='lat' dir='ltr'><strong>conspirantem</strong></span> <span class='ocrx_word' id='word_1_305' title='bbox 3417 1692 3795 1740; x_wconf 88' lang='lat' dir='ltr'><strong>convenerunt</strong></span> 
     </span>
    </p>
   </div>
   <div class='ocr_carea' id='block_1_47' title="bbox 2212 1763 3798 1848">
    <p class='ocr_par' dir='ltr' id='par_1_47' title="bbox 2212 1763 3798 1848">
     <span class='ocr_line' id='line_1_48' title="bbox 2212 1763 3798 1848; baseline -0.006 -12"><span class='ocrx_word' id='word_1_306' title='bbox 2212 1783 2265 1838; x_wconf 93' lang='lat' dir='ltr'><strong>in</strong></span> <span class='ocrx_word' id='word_1_307' title='bbox 2290 1799 2481 1848; x_wconf 88' lang='lat' dir='ltr'><strong>unum,</strong></span> <span class='ocrx_word' id='word_1_308' title='bbox 2517 1791 2709 1838; x_wconf 88' lang='lat' dir='ltr'><strong>contra</strong></span> <span class='ocrx_word' id='word_1_309' title='bbox 2743 1788 2994 1838; x_wconf 89' lang='lat' dir='ltr'><strong>sanctum</strong></span> <span class='ocrx_word' id='word_1_310' title='bbox 3031 1763 3277 1844; x_wconf 78' lang='lat' dir='ltr'><strong>Petrum,</strong></span> <span class='ocrx_word' id='word_1_311' title='bbox 3319 1785 3376 1832; x_wconf 89' lang='lat' dir='ltr'><strong>et</strong></span> <span class='ocrx_word' id='word_1_312' title='bbox 3407 1785 3599 1832; x_wconf 87' lang='lat' dir='ltr'><strong>contra</strong></span> <span class='ocrx_word' id='word_1_313' title='bbox 3631 1773 3764 1828; x_wconf 73' lang='lat' dir='ltr'><strong>Vica</strong></span> <span class='ocrx_word' id='word_1_314' title='bbox 3791 1807 3798 1812; x_wconf 94' lang='lat'><strong><em>-</em></strong></span> 
     </span>
    </p>
   </div>
   <div class='ocr_carea' id='block_1_48' title="bbox 2212 1865 3798 1945">
    <p class='ocr_par' dir='ltr' id='par_1_48' title="bbox 2212 1865 3798 1945">
     <span class='ocr_line' id='line_1_49' title="bbox 2212 1865 3798 1945; baseline -0.009 -15"><span class='ocrx_word' id='word_1_315' title='bbox 2212 1877 2355 1930; x_wconf 90' lang='lat' dir='ltr'><strong>rium</strong></span> <span class='ocrx_word' id='word_1_316' title='bbox 2391 1875 2511 1945; x_wconf 87' lang='lat' dir='ltr'><strong>ejus</strong></span> <span class='ocrx_word' id='word_1_317' title='bbox 2551 1873 2898 1944; x_wconf 83' lang='lat' dir='ltr'><strong>Gregorium,</strong></span> <span class='ocrx_word' id='word_1_318' title='bbox 2943 1871 3056 1926; x_wconf 89' lang='lat' dir='ltr'><strong>imo</strong></span> <span class='ocrx_word' id='word_1_319' title='bbox 3095 1871 3276 1940; x_wconf 87' lang='lat' dir='ltr'><strong>ipsum</strong></span> <span class='ocrx_word' id='word_1_320' title='bbox 3301 1870 3395 1939; x_wconf 81' lang='lat' dir='ltr'><strong>qui</strong></span> <span class='ocrx_word' id='word_1_321' title='bbox 3426 1867 3594 1922; x_wconf 70' lang='lat' dir='ltr'><strong>dixit:</strong></span> <span class='ocrx_word' id='word_1_322' title='bbox 3631 1886 3650 1916; x_wconf 75' lang='grc' dir='ltr'><strong>σ</strong></span> <span class='ocrx_word' id='word_1_323' title='bbox 3694 1865 3798 1932; x_wconf 88' lang='lat' dir='ltr'><strong>Qui</strong></span> 
     </span>
    </p>
   </div>
   <div class='ocr_carea' id='block_1_49' title="bbox 2211 1955 3810 2037">
    <p class='ocr_par' dir='ltr' id='par_1_49' title="bbox 2211 1955 3810 2037">
     <span class='ocr_line' id='line_1_50' title="bbox 2211 1955 3810 2037; baseline -0.008 -15"><span class='ocrx_word' id='word_1_324' title='bbox 2211 1983 2310 2022; x_wconf 90' lang='lat' dir='ltr'><strong>vos</strong></span> <span class='ocrx_word' id='word_1_325' title='bbox 2356 1967 2529 2037; x_wconf 88' lang='lat' dir='ltr'><strong>tangit</strong></span> <span class='ocrx_word' id='word_1_326' title='bbox 2569 1981 2656 2023; x_wconf 88' lang='lat' dir='ltr'><strong>me</strong></span> <span class='ocrx_word' id='word_1_327' title='bbox 2698 1964 2905 2035; x_wconf 88' lang='lat' dir='ltr'><strong>tangit;</strong></span> <span class='ocrx_word' id='word_1_328' title='bbox 2943 1963 3036 2034; x_wconf 91' lang='lat' dir='ltr'><strong>qui</strong></span> <span class='ocrx_word' id='word_1_329' title='bbox 3081 1977 3180 2017; x_wconf 85' lang='lat' dir='ltr'><strong>vos</strong></span> <span class='ocrx_word' id='word_1_330' title='bbox 3213 1959 3438 2030; x_wconf 86' lang='lat' dir='ltr'><strong>spernit,</strong></span> <span class='ocrx_word' id='word_1_331' title='bbox 3474 1966 3562 2012; x_wconf 80' lang='lat' dir='ltr'><strong>me</strong></span> <span class='ocrx_word' id='word_1_332' title='bbox 3593 1955 3810 2031; x_wconf 77' lang='lat' dir='ltr'><strong>spernit.</strong></span> 
     </span>
    </p>
   </div>
   <div class='ocr_carea' id='block_1_50' title="bbox 2214 2049 3804 2128">
    <p class='ocr_par' dir='ltr' id='par_1_50' title="bbox 2214 2049 3804 2128">
     <span class='ocr_line' id='line_1_51' title="bbox 2214 2049 3804 2128; baseline -0.006 -16"><span class='ocrx_word' id='word_1_333' title='bbox 2214 2057 2368 2128; x_wconf 87' lang='lat' dir='ltr'><strong>(Luc.</strong></span> <span class='ocrx_word' id='word_1_334' title='bbox 2403 2058 2494 2128; x_wconf 80' lang='lat' dir='ltr'><strong>x);</strong></span> <span class='ocrx_word' id='word_1_335' title='bbox 2532 2055 2860 2127; x_wconf 86' lang='lat' dir='ltr'><strong>cruciflgunt</strong></span> <span class='ocrx_word' id='word_1_336' title='bbox 2897 2054 3095 2108; x_wconf 88' lang='lat' dir='ltr'><strong>iterum</strong></span> <span class='ocrx_word' id='word_1_337' title='bbox 3124 2052 3322 2107; x_wconf 79' lang='lat' dir='ltr'><strong>Filium</strong></span> <span class='ocrx_word' id='word_1_338' title='bbox 3360 2049 3476 2104; x_wconf 87' lang='lat' dir='ltr'><strong>Dei.</strong></span> <span class='ocrx_word' id='word_1_339' title='bbox 3517 2067 3537 2101; x_wconf 71' lang='grc' dir='ltr'><strong>ι</strong></span> <span class='ocrx_word' id='word_1_340' title='bbox 3571 2049 3804 2103; x_wconf 78' lang='lat' dir='ltr'><strong>Constat</strong></span> 
     </span>
    </p>
   </div>
   <div class='ocr_carea' id='block_1_51' title="bbox 2212 2139 3800 2218">
    <p class='ocr_par' dir='ltr' id='par_1_51' title="bbox 2212 2139 3800 2218">
     <span class='ocr_line' id='line_1_52' title="bbox 2212 2139 3800 2218; baseline -0.008 -14"><span class='ocrx_word' id='word_1_341' title='bbox 2212 2150 2434 2214; x_wconf 87' lang='lat' dir='ltr'><strong>etenim,</strong></span> <span class='ocrx_word' id='word_1_342' title='bbox 2468 2149 2597 2218; x_wconf 87' lang='lat' dir='ltr'><strong>quia</strong></span> <span class='ocrx_word' id='word_1_343' title='bbox 2625 2156 2790 2218; x_wconf 87' lang='lat' dir='ltr'><strong>caput</strong></span> <span class='ocrx_word' id='word_1_344' title='bbox 2831 2153 3081 2200; x_wconf 90' lang='lat' dir='ltr'><strong>nostrum</strong></span> <span class='ocrx_word' id='word_1_345' title='bbox 3127 2145 3184 2198; x_wconf 86' lang='lat' dir='ltr'><strong>in</strong></span> <span class='ocrx_word' id='word_1_346' title='bbox 3211 2142 3473 2198; x_wconf 89' lang='lat' dir='ltr'><strong>membris</strong></span> <span class='ocrx_word' id='word_1_347' title='bbox 3499 2141 3620 2197; x_wconf 87' lang='lat' dir='ltr'><strong>suis</strong></span> <span class='ocrx_word' id='word_1_348' title='bbox 3656 2139 3800 2210; x_wconf 82' lang='lat' dir='ltr'><strong>pati-</strong></span> 
     </span>
    </p>
   </div>
   <div class='ocr_carea' id='block_1_52' title="bbox 2213 2229 3804 2306">
    <p class='ocr_par' dir='ltr' id='par_1_52' title="bbox 2213 2229 3804 2306">
     <span class='ocr_line' id='line_1_53' title="bbox 2213 2229 3804 2306; baseline -0.006 -12"><span class='ocrx_word' id='word_1_349' title='bbox 2213 2249 2322 2306; x_wconf 76' lang='lat' dir='ltr'><strong>tur,</strong></span> <span class='ocrx_word' id='word_1_350' title='bbox 2350 2240 2403 2294; x_wconf 91' lang='lat' dir='ltr'><strong>in</strong></span> <span class='ocrx_word' id='word_1_351' title='bbox 2429 2239 2692 2294; x_wconf 86' lang='lat' dir='ltr'><strong>membris</strong></span> <span class='ocrx_word' id='word_1_352' title='bbox 2731 2237 3072 2302; x_wconf 85' lang='lat' dir='ltr'><strong>inﬁrmatur;</strong></span> <span class='ocrx_word' id='word_1_353' title='bbox 3116 2236 3261 2291; x_wconf 88' lang='lat' dir='ltr'><strong>sicut</strong></span> <span class='ocrx_word' id='word_1_354' title='bbox 3283 2236 3400 2304; x_wconf 89' lang='lat' dir='ltr'><strong>ipse</strong></span> <span class='ocrx_word' id='word_1_355' title='bbox 3435 2233 3616 2289; x_wconf 65' lang='lat' dir='ltr'><strong>Beate</strong></span> <span class='ocrx_word' id='word_1_356' title='bbox 3641 2229 3804 2285; x_wconf 87' lang='lat' dir='ltr'><strong>Petro</strong></span> 
     </span>
    </p>
   </div>
   <div class='ocr_carea' id='block_1_53' title="bbox 2213 2321 3802 2397">
    <p class='ocr_par' dir='ltr' id='par_1_53' title="bbox 2213 2321 3802 2397">
     <span class='ocr_line' id='line_1_54' title="bbox 2213 2321 3802 2397; baseline -0.007 -10"><span class='ocrx_word' id='word_1_357' title='bbox 2213 2332 2386 2387; x_wconf 72' lang='lat' dir='ltr'><strong>dixit:</strong></span> <span class='ocrx_word' id='word_1_358' title='bbox 2420 2349 2439 2382; x_wconf 73' lang='grc' dir='ltr'>ι</span> <span class='ocrx_word' id='word_1_359' title='bbox 2472 2331 2622 2386; x_wconf 80' lang='lat' dir='ltr'><strong>Vado</strong></span> <span class='ocrx_word' id='word_1_360' title='bbox 2655 2332 2852 2386; x_wconf 87' lang='lat' dir='ltr'><strong>iterum</strong></span> <span class='ocrx_word' id='word_1_361' title='bbox 2879 2328 3108 2382; x_wconf 83' lang='lat' dir='ltr'><strong>Romam</strong></span> <span class='ocrx_word' id='word_1_362' title='bbox 3139 2325 3406 2397; x_wconf 80' lang='lat' dir='ltr'><strong>erueiflgi.</strong></span> <span class='ocrx_word' id='word_1_363' title='bbox 3438 2345 3457 2376; x_wconf 77' lang='grc' dir='ltr'><strong><em>ι</em></strong></span> <span class='ocrx_word' id='word_1_364' title='bbox 3483 2324 3682 2379; x_wconf 84' lang='lat' dir='ltr'><strong>Nonne</strong></span> <span class='ocrx_word' id='word_1_365' title='bbox 3705 2321 3802 2377; x_wconf 83' lang='lat' dir='ltr'><strong>tibi</strong></span> 
     </span>
    </p>
   </div>
   <div class='ocr_carea' id='block_1_54' title="bbox 2213 2415 3803 2492">
    <p class='ocr_par' dir='ltr' id='par_1_54' title="bbox 2213 2415 3803 2492">
     <span class='ocr_line' id='line_1_55' title="bbox 2213 2415 3803 2492; baseline -0.005 -16"><span class='ocrx_word' id='word_1_366' title='bbox 2213 2423 2465 2477; x_wconf 82' lang='lat' dir='ltr'><strong>videntur</strong></span> <span class='ocrx_word' id='word_1_367' title='bbox 2494 2422 2774 2492; x_wconf 87' lang='lat' dir='ltr'><strong>Principes</strong></span> <span class='ocrx_word' id='word_1_368' title='bbox 2799 2420 3157 2474; x_wconf 78' lang='lat' dir='ltr'><strong>Sacerdotum</strong></span> <span class='ocrx_word' id='word_1_369' title='bbox 3195 2419 3253 2472; x_wconf 90' lang='lat' dir='ltr'><strong>in</strong></span> <span class='ocrx_word' id='word_1_370' title='bbox 3291 2419 3456 2472; x_wconf 88' lang='lat' dir='ltr'><strong>domo</strong></span> <span class='ocrx_word' id='word_1_371' title='bbox 3480 2415 3648 2470; x_wconf 90' lang='lat' dir='ltr'><strong>Pilati</strong></span> <span class='ocrx_word' id='word_1_372' title='bbox 3685 2415 3803 2470; x_wconf 82' lang='lat' dir='ltr'><strong>col-</strong></span> 
     </span>
    </p>
   </div>
   <div class='ocr_carea' id='block_1_55' title="bbox 2215 2509 3802 2585">
    <p class='ocr_par' dir='ltr' id='par_1_55' title="bbox 2215 2509 3802 2585">
     <span class='ocr_line' id='line_1_56' title="bbox 2215 2509 3802 2585; baseline -0.004 -16"><span class='ocrx_word' id='word_1_373' title='bbox 2215 2515 2380 2585; x_wconf 88' lang='lat' dir='ltr'><strong>ligere</strong></span> <span class='ocrx_word' id='word_1_374' title='bbox 2407 2514 2707 2569; x_wconf 87' lang='lat' dir='ltr'><strong>concilium</strong></span> <span class='ocrx_word' id='word_1_375' title='bbox 2754 2521 2822 2566; x_wconf 85' lang='lat' dir='ltr'><strong>ut</strong></span> <span class='ocrx_word' id='word_1_376' title='bbox 2852 2511 3132 2567; x_wconf 87' lang='lat' dir='ltr'><strong>Christum</strong></span> <span class='ocrx_word' id='word_1_377' title='bbox 3172 2509 3338 2566; x_wconf 87' lang='lat' dir='ltr'><strong>morti</strong></span> <span class='ocrx_word' id='word_1_378' title='bbox 3377 2509 3600 2564; x_wconf 87' lang='lat' dir='ltr'><strong>tradant</strong></span> <span class='ocrx_word' id='word_1_379' title='bbox 3622 2549 3638 2572; x_wconf 92' lang='lat'><strong>,</strong></span> <span class='ocrx_word' id='word_1_380' title='bbox 3676 2524 3802 2562; x_wconf 87' lang='lat' dir='ltr'><strong>cum</strong></span> 
     </span>
    </p>
   </div>
   <div class='ocr_carea' id='block_1_56' title="bbox 2215 2599 3803 2661">
    <p class='ocr_par' dir='ltr' id='par_1_56' title="bbox 2215 2599 3803 2661">
     <span class='ocr_line' id='line_1_57' title="bbox 2215 2599 3803 2661; baseline -0.005 0"><span class='ocrx_word' id='word_1_381' title='bbox 2215 2613 2298 2661; x_wconf 85' lang='lat' dir='ltr'><strong>tot</strong></span> <span class='ocrx_word' id='word_1_382' title='bbox 2320 2604 2489 2660; x_wconf 84' lang='lat' dir='ltr'><strong>falsos</strong></span> <span class='ocrx_word' id='word_1_383' title='bbox 2508 2613 2675 2660; x_wconf 87' lang='lat' dir='ltr'><strong>testes</strong></span> <span class='ocrx_word' id='word_1_384' title='bbox 2697 2611 2889 2659; x_wconf 91' lang='lat' dir='ltr'><strong>contra</strong></span> <span class='ocrx_word' id='word_1_385' title='bbox 2925 2618 3204 2659; x_wconf 89' lang='lat' dir='ltr'><strong>summum</strong></span> <span class='ocrx_word' id='word_1_386' title='bbox 3239 2601 3560 2657; x_wconf 79' lang='lat' dir='ltr'><strong>Pontitieem</strong></span> <span class='ocrx_word' id='word_1_387' title='bbox 3597 2599 3803 2654; x_wconf 75' lang='lat' dir='ltr'><strong>Henri-</strong></span> 
     </span>
    </p>
   </div>
   <div class='ocr_carea' id='block_1_57' title="bbox 2217 2692 3806 2762">
    <p class='ocr_par' dir='ltr' id='par_1_57' title="bbox 2217 2692 3806 2762">
     <span class='ocr_line' id='line_1_58' title="bbox 2217 2692 3806 2762; baseline -0.004 -11"><span class='ocrx_word' id='word_1_388' title='bbox 2217 2712 2316 2752; x_wconf 86' lang='lat' dir='ltr'><strong>cus</strong></span> <span class='ocrx_word' id='word_1_389' title='bbox 2340 2695 2644 2762; x_wconf 89' lang='lat' dir='ltr'><strong>adornavit,</strong></span> <span class='ocrx_word' id='word_1_390' title='bbox 2681 2710 2808 2752; x_wconf 93' lang='lat' dir='ltr'><strong>cum</strong></span> <span class='ocrx_word' id='word_1_391' title='bbox 2842 2709 3035 2749; x_wconf 90' lang='lat' dir='ltr'><strong>omnes</strong></span> <span class='ocrx_word' id='word_1_392' title='bbox 3069 2695 3342 2750; x_wconf 88' lang='lat' dir='ltr'><strong>clamant:</strong></span> <span class='ocrx_word' id='word_1_393' title='bbox 3374 2692 3519 2748; x_wconf 83' lang='lat' dir='ltr'><strong>Reus</strong></span> <span class='ocrx_word' id='word_1_394' title='bbox 3547 2699 3634 2746; x_wconf 88' lang='lat' dir='ltr'><strong>est</strong></span> <span class='ocrx_word' id='word_1_395' title='bbox 3653 2707 3806 2746; x_wconf 83' lang='lat' dir='ltr'><strong>mor-</strong></span> 
     </span>
    </p>
   </div>
   <div class='ocr_carea' id='block_1_58' title="bbox 2218 2784 3811 2856">
    <p class='ocr_par' dir='ltr' id='par_1_58' title="bbox 2218 2784 3811 2856">
     <span class='ocr_line' id='line_1_59' title="bbox 2218 2784 3811 2856; baseline -0.004 -13"><span class='ocrx_word' id='word_1_396' title='bbox 2218 2789 2323 2843; x_wconf 84' lang='lat' dir='ltr'><strong>tis?</strong></span> <span class='ocrx_word' id='word_1_397' title='bbox 2349 2786 2540 2843; x_wconf 86' lang='lat' dir='ltr'><strong>Nonne</strong></span> <span class='ocrx_word' id='word_1_398' title='bbox 2564 2788 2762 2842; x_wconf 86' lang='lat' dir='ltr'><strong>iterum</strong></span> <span class='ocrx_word' id='word_1_399' title='bbox 2783 2785 3058 2841; x_wconf 88' lang='lat' dir='ltr'><strong>Barrabas</strong></span> <span class='ocrx_word' id='word_1_400' title='bbox 3091 2785 3334 2856; x_wconf 91' lang='lat' dir='ltr'><strong>eligitur,</strong></span> <span class='ocrx_word' id='word_1_401' title='bbox 3353 2793 3408 2841; x_wconf 90' lang='lat' dir='ltr'><strong>et</strong></span> <span class='ocrx_word' id='word_1_402' title='bbox 3427 2785 3686 2840; x_wconf 90' lang='lat' dir='ltr'><strong>Christus</strong></span> <span class='ocrx_word' id='word_1_403' title='bbox 3708 2784 3811 2838; x_wconf 88' lang='lat' dir='ltr'><strong>sub</strong></span> 
     </span>
    </p>
   </div>
   <div class='ocr_carea' id='block_1_59' title="bbox 2217 2876 3811 2944">
    <p class='ocr_par' dir='ltr' id='par_1_59' title="bbox 2217 2876 3811 2944">
     <span class='ocr_line' id='line_1_60' title="bbox 2217 2876 3811 2944; baseline -0.004 -10"><span class='ocrx_word' id='word_1_404' title='bbox 2217 2879 2394 2934; x_wconf 87' lang='lat' dir='ltr'><strong>Pilato</strong></span> <span class='ocrx_word' id='word_1_405' title='bbox 2439 2879 2602 2934; x_wconf 91' lang='lat' dir='ltr'><strong>morti</strong></span> <span class='ocrx_word' id='word_1_406' title='bbox 2649 2878 2956 2944; x_wconf 88' lang='lat' dir='ltr'><strong>addicitur,</strong></span> <span class='ocrx_word' id='word_1_407' title='bbox 3001 2893 3129 2933; x_wconf 90' lang='lat' dir='ltr'><strong>cum</strong></span> <span class='ocrx_word' id='word_1_408' title='bbox 3177 2877 3466 2932; x_wconf 81' lang='lat' dir='ltr'><strong>Ravennas</strong></span> <span class='ocrx_word' id='word_1_409' title='bbox 3511 2876 3811 2930; x_wconf 81' lang='lat' dir='ltr'><strong>Guibertus</strong></span> 
     </span>
    </p>
   </div>
   <div class='ocr_carea' id='block_1_60' title="bbox 2217 2967 3810 3042">
    <p class='ocr_par' dir='ltr' id='par_1_60' title="bbox 2217 2967 3810 3042">
     <span class='ocr_line' id='line_1_61' title="bbox 2217 2967 3810 3042; baseline -0.004 -15"><span class='ocrx_word' id='word_1_410' title='bbox 2217 2971 2437 3042; x_wconf 86' lang='lat' dir='ltr'><strong>eligitur</strong></span> <span class='ocrx_word' id='word_1_411' title='bbox 2463 2979 2518 3025; x_wconf 89' lang='lat' dir='ltr'><strong>et</strong></span> <span class='ocrx_word' id='word_1_412' title='bbox 2555 2970 2702 3040; x_wconf 90' lang='lat' dir='ltr'><strong>Papa</strong></span> <span class='ocrx_word' id='word_1_413' title='bbox 2754 2969 3052 3040; x_wconf 84' lang='lat' dir='ltr'><strong>Gregorius</strong></span> <span class='ocrx_word' id='word_1_414' title='bbox 3090 2969 3460 3038; x_wconf 91' lang='lat' dir='ltr'><strong>reprobatur?</strong></span> <span class='ocrx_word' id='word_1_415' title='bbox 3503 2967 3595 3022; x_wconf 90' lang='lat' dir='ltr'><strong>Sic</strong></span> <span class='ocrx_word' id='word_1_416' title='bbox 3625 2967 3810 3020; x_wconf 83' lang='lat' dir='ltr'><strong>vivere</strong></span> 
     </span>
    </p>
   </div>
   <div class='ocr_carea' id='block_1_61' title="bbox 536 3057 3818 3133">
    <p class='ocr_par' dir='ltr' id='par_1_61' title="bbox 536 3057 3818 3133">
     <span class='ocr_line' id='line_1_62' title="bbox 536 3057 3818 3133; baseline 0 -22"><span class='ocrx_word' id='word_1_417' title='bbox 536 3057 850 3128; x_wconf 81' lang='lat' dir='ltr'><strong>praecipuus</strong></span> <span class='ocrx_word' id='word_1_418' title='bbox 891 3057 1154 3113; x_wconf 88' lang='lat' dir='ltr'><strong>virtutum</strong></span> <span class='ocrx_word' id='word_1_419' title='bbox 1200 3059 1322 3129; x_wconf 85' lang='lat' dir='ltr'><strong>ejus</strong></span> <span class='ocrx_word' id='word_1_420' title='bbox 1383 3069 1622 3116; x_wconf 89' lang='lat' dir='ltr'><strong>sectator</strong></span> <span class='ocrx_word' id='word_1_421' title='bbox 1667 3071 1724 3115; x_wconf 91' lang='lat' dir='ltr'><strong>et</strong></span> <span class='ocrx_word' id='word_1_422' title='bbox 1771 3061 1950 3126; x_wconf 89' lang='lat' dir='ltr'><strong>heres,</strong></span> <span class='ocrx_word' id='word_1_423' title='bbox 1994 3060 2122 3115; x_wconf 88' lang='lat' dir='ltr'><strong>bea-</strong></span> <span class='ocrx_word' id='word_1_424' title='bbox 2150 3077 2192 3133; x_wconf 71' lang='grc' dir='ltr'>α</span> <span class='ocrx_word' id='word_1_425' title='bbox 2223 3065 2490 3118; x_wconf 88' lang='lat' dir='ltr'><strong>latronem</strong></span> <span class='ocrx_word' id='word_1_426' title='bbox 2535 3069 2766 3133; x_wconf 86' lang='lat' dir='ltr'><strong>petunt,</strong></span> <span class='ocrx_word' id='word_1_427' title='bbox 2811 3060 2907 3131; x_wconf 91' lang='lat' dir='ltr'><strong>qui</strong></span> <span class='ocrx_word' id='word_1_428' title='bbox 2955 3060 3074 3131; x_wconf 87' lang='lat' dir='ltr'><strong>lege</strong></span> <span class='ocrx_word' id='word_1_429' title='bbox 3113 3061 3407 3116; x_wconf 88' lang='lat' dir='ltr'><strong>damnatur</strong></span> <span class='ocrx_word' id='word_1_430' title='bbox 3433 3101 3448 3126; x_wconf 94' lang='lat'><strong>,</strong></span> <span class='ocrx_word' id='word_1_431' title='bbox 3501 3067 3557 3115; x_wconf 91' lang='lat' dir='ltr'><strong>et</strong></span> <span class='ocrx_word' id='word_1_432' title='bbox 3599 3058 3818 3128; x_wconf 72' lang='lat' dir='ltr'><strong>justum</strong></span> 
     </span>
    </p>
   </div>
   <div class='ocr_carea' id='block_1_62' title="bbox 535 3148 3808 3224">
    <p class='ocr_par' dir='ltr' id='par_1_62' title="bbox 535 3148 3808 3224">
     <span class='ocr_line' id='line_1_63' title="bbox 535 3148 3808 3224; baseline 0 -22"><span class='ocrx_word' id='word_1_433' title='bbox 535 3157 626 3205; x_wconf 88' lang='lat' dir='ltr'><strong>tus</strong></span> <span class='ocrx_word' id='word_1_434' title='bbox 653 3149 800 3223; x_wconf 79' lang='lat' dir='ltr'><strong>(l05)</strong></span> <span class='ocrx_word' id='word_1_435' title='bbox 827 3148 1138 3216; x_wconf 83' lang='lat' dir='ltr'><strong>Anselmus,</strong></span> <span class='ocrx_word' id='word_1_436' title='bbox 1174 3150 1432 3207; x_wconf 73' lang='lat' dir='ltr'><strong>Ecclesia:</strong></span> <span class='ocrx_word' id='word_1_437' title='bbox 1453 3150 1720 3208; x_wconf 78' lang='lat' dir='ltr'><strong>Lucensis</strong></span> <span class='ocrx_word' id='word_1_438' title='bbox 1744 3152 2008 3217; x_wconf 83' lang='lat' dir='ltr'><strong>Antistes,</strong></span> <span class='ocrx_word' id='word_1_439' title='bbox 2031 3153 2127 3222; x_wconf 90' lang='lat' dir='ltr'><strong>qui</strong></span> <span class='ocrx_word' id='word_1_440' title='bbox 2227 3155 2510 3220; x_wconf 83' lang='lat' dir='ltr'><strong>damnant,</strong></span> <span class='ocrx_word' id='word_1_441' title='bbox 2549 3169 2648 3224; x_wconf 90' lang='lat' dir='ltr'><strong>per</strong></span> <span class='ocrx_word' id='word_1_442' title='bbox 2691 3168 2856 3224; x_wconf 90' lang='lat' dir='ltr'><strong>quem</strong></span> <span class='ocrx_word' id='word_1_443' title='bbox 2901 3167 3092 3208; x_wconf 89' lang='lat' dir='ltr'><strong>omnes</strong></span> <span class='ocrx_word' id='word_1_444' title='bbox 3138 3153 3441 3207; x_wconf 88' lang='lat' dir='ltr'><strong>salvantur.</strong></span> <span class='ocrx_word' id='word_1_445' title='bbox 3484 3149 3682 3204; x_wconf 84' lang='lat' dir='ltr'><strong>Nonne</strong></span> <span class='ocrx_word' id='word_1_446' title='bbox 3713 3149 3808 3204; x_wconf 88' lang='lat' dir='ltr'><strong>tibi</strong></span> 
     </span>
    </p>
   </div>
   <div class='ocr_carea' id='block_1_63' title="bbox 535 3241 2129 3312">
    <p class='ocr_par' dir='ltr' id='par_1_63' title="bbox 535 3241 2129 3312">
     <span class='ocr_line' id='line_1_64' title="bbox 535 3241 2129 3312; baseline 0.002 -17"><span class='ocrx_word' id='word_1_447' title='bbox 535 3249 665 3296; x_wconf 88' lang='lat' dir='ltr'><strong>ante</strong></span> <span class='ocrx_word' id='word_1_448' title='bbox 699 3241 884 3296; x_wconf 89' lang='lat' dir='ltr'><strong>omnia</strong></span> <span class='ocrx_word' id='word_1_449' title='bbox 918 3242 972 3296; x_wconf 83' lang='lat' dir='ltr'><strong>id</strong></span> <span class='ocrx_word' id='word_1_450' title='bbox 999 3243 1165 3297; x_wconf 88' lang='lat' dir='ltr'><strong>studii</strong></span> <span class='ocrx_word' id='word_1_451' title='bbox 1201 3257 1420 3312; x_wconf 86' lang='lat' dir='ltr'><strong>semper</strong></span> <span class='ocrx_word' id='word_1_452' title='bbox 1459 3243 1672 3310; x_wconf 85' lang='lat' dir='ltr'><strong>habuit,</strong></span> <span class='ocrx_word' id='word_1_453' title='bbox 1715 3253 1777 3298; x_wconf 91' lang='lat' dir='ltr'><strong>ut</strong></span> <span class='ocrx_word' id='word_1_454' title='bbox 1819 3243 2129 3298; x_wconf 87' lang='lat' dir='ltr'><strong>imitaretur</strong></span> 
     </span>
    </p>
   </div>
   <div class='ocr_carea' id='block_1_64' title="bbox 544 3333 2127 3403">
    <p class='ocr_par' dir='ltr' id='par_1_64' title="bbox 544 3333 2127 3403">
     <span class='ocr_line' id='line_1_65' title="bbox 544 3333 2127 3403; baseline 0.002 -18"><span class='ocrx_word' id='word_1_455' title='bbox 544 3347 674 3386; x_wconf 88' lang='lat' dir='ltr'><strong>eum</strong></span> <span class='ocrx_word' id='word_1_456' title='bbox 727 3333 784 3385; x_wconf 92' lang='lat' dir='ltr'><strong>in</strong></span> <span class='ocrx_word' id='word_1_457' title='bbox 811 3334 1088 3401; x_wconf 90' lang='lat' dir='ltr'><strong>omnibus,</strong></span> <span class='ocrx_word' id='word_1_458' title='bbox 1122 3333 1279 3399; x_wconf 86' lang='lat' dir='ltr'><strong>adeo,</strong></span> <span class='ocrx_word' id='word_1_459' title='bbox 1321 3341 1380 3388; x_wconf 90' lang='lat' dir='ltr'><strong>ut</strong></span> <span class='ocrx_word' id='word_1_460' title='bbox 1417 3333 1730 3403; x_wconf 86' lang='lat' dir='ltr'><strong>discrepare</strong></span> <span class='ocrx_word' id='word_1_461' title='bbox 1759 3335 1946 3388; x_wconf 89' lang='lat' dir='ltr'><strong>abillo</strong></span> <span class='ocrx_word' id='word_1_462' title='bbox 1967 3349 2127 3402; x_wconf 82' lang='lat' dir='ltr'><strong>pror-</strong></span> 
     </span>
    </p>
   </div>
   <div class='ocr_carea' id='block_1_65' title="bbox 541 3423 2130 3494">
    <p class='ocr_par' dir='ltr' id='par_1_65' title="bbox 541 3423 2130 3494">
     <span class='ocr_line' id='line_1_66' title="bbox 541 3423 2130 3494; baseline 0.001 -16"><span class='ocrx_word' id='word_1_463' title='bbox 541 3438 637 3478; x_wconf 88' lang='lat' dir='ltr'><strong>sus</strong></span> <span class='ocrx_word' id='word_1_464' title='bbox 662 3423 829 3477; x_wconf 89' lang='lat' dir='ltr'><strong>nollet</strong></span> <span class='ocrx_word' id='word_1_465' title='bbox 863 3424 918 3478; x_wconf 92' lang='lat' dir='ltr'><strong>in</strong></span> <span class='ocrx_word' id='word_1_466' title='bbox 940 3425 1125 3494; x_wconf 89' lang='lat' dir='ltr'><strong>aliquo</strong></span> <span class='ocrx_word' id='word_1_467' title='bbox 1153 3443 1166 3478; x_wconf 92' lang='lat'><strong>:</strong></span> <span class='ocrx_word' id='word_1_468' title='bbox 1195 3425 1414 3490; x_wconf 90' lang='lat' dir='ltr'><strong>deinde,</strong></span> <span class='ocrx_word' id='word_1_469' title='bbox 1441 3424 1574 3494; x_wconf 86' lang='lat' dir='ltr'><strong>quid</strong></span> <span class='ocrx_word' id='word_1_470' title='bbox 1604 3423 1659 3477; x_wconf 92' lang='lat' dir='ltr'><strong>in</strong></span> <span class='ocrx_word' id='word_1_471' title='bbox 1685 3424 1807 3492; x_wconf 90' lang='lat' dir='ltr'><strong>ipso</strong></span> <span class='ocrx_word' id='word_1_472' title='bbox 1834 3423 1955 3490; x_wconf 88' lang='lat' dir='ltr'><strong>fuit,</strong></span> <span class='ocrx_word' id='word_1_473' title='bbox 1984 3423 2130 3480; x_wconf 90' lang='lat' dir='ltr'><strong>illius</strong></span> 
     </span>
    </p>
   </div>
   <div class='ocr_carea' id='block_1_66' title="bbox 541 3514 2127 3585">
    <p class='ocr_par' dir='ltr' id='par_1_66' title="bbox 541 3514 2127 3585">
     <span class='ocr_line' id='line_1_67' title="bbox 541 3514 2127 3585; baseline 0.001 -19"><span class='ocrx_word' id='word_1_474' title='bbox 541 3527 758 3583; x_wconf 88' lang='lat' dir='ltr'><strong>semper</strong></span> <span class='ocrx_word' id='word_1_475' title='bbox 781 3515 991 3571; x_wconf 88' lang='lat' dir='ltr'><strong>meritis</strong></span> <span class='ocrx_word' id='word_1_476' title='bbox 1031 3515 1296 3570; x_wconf 88' lang='lat' dir='ltr'><strong>attribuit.</strong></span> <span class='ocrx_word' id='word_1_477' title='bbox 1329 3514 1630 3585; x_wconf 87' lang='lat' dir='ltr'><strong>Gregorius</strong></span> <span class='ocrx_word' id='word_1_478' title='bbox 1664 3529 1921 3584; x_wconf 89' lang='lat' dir='ltr'><strong>namque,</strong></span> <span class='ocrx_word' id='word_1_479' title='bbox 1963 3516 2127 3570; x_wconf 88' lang='lat' dir='ltr'><strong>veluti</strong></span> 
     </span>
    </p>
   </div>
   <div class='ocr_carea' id='block_1_67' title="bbox 541 3601 2129 3678">
    <p class='ocr_par' dir='ltr' id='par_1_67' title="bbox 541 3601 2129 3678">
     <span class='ocr_line' id='line_1_68' title="bbox 541 3601 2129 3678; baseline 0.003 -20"><span class='ocrx_word' id='word_1_480' title='bbox 541 3601 668 3660; x_wconf 85' lang='lat' dir='ltr'><strong>fons</strong></span> <span class='ocrx_word' id='word_1_481' title='bbox 697 3615 842 3674; x_wconf 90' lang='lat' dir='ltr'><strong>erat;</strong></span> <span class='ocrx_word' id='word_1_482' title='bbox 879 3607 1172 3664; x_wconf 78' lang='lat' dir='ltr'><strong>Ansclmus</strong></span> <span class='ocrx_word' id='word_1_483' title='bbox 1224 3607 1384 3678; x_wconf 87' lang='lat' dir='ltr'><strong>quasi</strong></span> <span class='ocrx_word' id='word_1_484' title='bbox 1426 3607 1577 3662; x_wconf 90' lang='lat' dir='ltr'><strong>rivus</strong></span> <span class='ocrx_word' id='word_1_485' title='bbox 1619 3606 1838 3674; x_wconf 81' lang='lat' dir='ltr'><strong>fluebat,</strong></span> <span class='ocrx_word' id='word_1_486' title='bbox 1878 3616 1934 3662; x_wconf 89' lang='lat' dir='ltr'><strong>et</strong></span> <span class='ocrx_word' id='word_1_487' title='bbox 1979 3607 2129 3662; x_wconf 73' lang='lat' dir='ltr'><strong>arida</strong></span> 
     </span>
    </p>
   </div>
   <div class='ocr_carea' id='block_1_68' title="bbox 543 3694 2129 3770">
    <p class='ocr_par' dir='ltr' id='par_1_68' title="bbox 543 3694 2129 3770">
     <span class='ocr_line' id='line_1_69' title="bbox 543 3694 2129 3770; baseline 0.003 -21"><span class='ocrx_word' id='word_1_488' title='bbox 543 3694 806 3768; x_wconf 88' lang='lat' dir='ltr'><strong>irrigahat</strong></span> <span class='ocrx_word' id='word_1_489' title='bbox 830 3717 844 3752; x_wconf 94' lang='lat'><strong>:</strong></span> <span class='ocrx_word' id='word_1_490' title='bbox 889 3699 997 3766; x_wconf 91' lang='lat' dir='ltr'><strong>ille,</strong></span> <span class='ocrx_word' id='word_1_491' title='bbox 1025 3699 1183 3770; x_wconf 87' lang='lat' dir='ltr'><strong>quasi</strong></span> <span class='ocrx_word' id='word_1_492' title='bbox 1213 3705 1378 3768; x_wconf 85' lang='lat' dir='ltr'><strong>caput</strong></span> <span class='ocrx_word' id='word_1_493' title='bbox 1434 3707 1608 3754; x_wconf 89' lang='lat' dir='ltr'><strong>totum</strong></span> <span class='ocrx_word' id='word_1_494' title='bbox 1633 3715 1834 3769; x_wconf 89' lang='lat' dir='ltr'><strong>corpus</strong></span> <span class='ocrx_word' id='word_1_495' title='bbox 1855 3699 2129 3770; x_wconf 80' lang='lat' dir='ltr'><strong>guberna-</strong></span> 
     </span>
    </p>
   </div>
   <div class='ocr_carea' id='block_1_69' title="bbox 545 3787 2129 3861">
    <p class='ocr_par' dir='ltr' id='par_1_69' title="bbox 545 3787 2129 3861">
     <span class='ocr_line' id='line_1_70' title="bbox 545 3787 2129 3861; baseline 0.002 -20"><span class='ocrx_word' id='word_1_496' title='bbox 545 3787 637 3841; x_wconf 89' lang='lat' dir='ltr'><strong>bat</strong></span> <span class='ocrx_word' id='word_1_497' title='bbox 662 3806 674 3842; x_wconf 94' lang='lat'><strong>:</strong></span> <span class='ocrx_word' id='word_1_498' title='bbox 700 3789 822 3856; x_wconf 86' lang='lat' dir='ltr'><strong>iste,</strong></span> <span class='ocrx_word' id='word_1_499' title='bbox 849 3805 948 3845; x_wconf 89' lang='lat' dir='ltr'><strong>ceu</strong></span> <span class='ocrx_word' id='word_1_500' title='bbox 975 3805 1172 3846; x_wconf 84' lang='lat' dir='ltr'><strong>manus</strong></span> <span class='ocrx_word' id='word_1_501' title='bbox 1202 3791 1471 3858; x_wconf 88' lang='lat' dir='ltr'><strong>studiosa,</strong></span> <span class='ocrx_word' id='word_1_502' title='bbox 1500 3791 1646 3861; x_wconf 79' lang='lat' dir='ltr'><strong>quod</strong></span> <span class='ocrx_word' id='word_1_503' title='bbox 1671 3791 1975 3860; x_wconf 89' lang='lat' dir='ltr'><strong>injunctum</strong></span> <span class='ocrx_word' id='word_1_504' title='bbox 1999 3806 2129 3860; x_wconf 80' lang='lat' dir='ltr'><strong>ope-</strong></span> 
     </span>
    </p>
   </div>
   <div class='ocr_carea' id='block_1_70' title="bbox 544 3879 2133 3948">
    <p class='ocr_par' dir='ltr' id='par_1_70' title="bbox 544 3879 2133 3948">
     <span class='ocr_line' id='line_1_71' title="bbox 544 3879 2133 3948; baseline 0.003 -17"><span class='ocrx_word' id='word_1_505' title='bbox 544 3879 773 3933; x_wconf 87' lang='lat' dir='ltr'><strong>rabatur</strong></span> <span class='ocrx_word' id='word_1_506' title='bbox 804 3899 816 3933; x_wconf 93' lang='lat'><strong>:</strong></span> <span class='ocrx_word' id='word_1_507' title='bbox 843 3881 952 3945; x_wconf 87' lang='lat' dir='ltr'><strong>ille,</strong></span> <span class='ocrx_word' id='word_1_508' title='bbox 977 3883 1122 3936; x_wconf 88' lang='lat' dir='ltr'><strong>sicut</strong></span> <span class='ocrx_word' id='word_1_509' title='bbox 1139 3883 1220 3937; x_wconf 90' lang='lat' dir='ltr'><strong>sol</strong></span> <span class='ocrx_word' id='word_1_510' title='bbox 1242 3882 1572 3936; x_wconf 89' lang='lat' dir='ltr'><strong>illuminavit</strong></span> <span class='ocrx_word' id='word_1_511' title='bbox 1592 3882 1810 3948; x_wconf 89' lang='lat' dir='ltr'><strong>omnia;</strong></span> <span class='ocrx_word' id='word_1_512' title='bbox 1837 3881 1960 3946; x_wconf 87' lang='lat' dir='ltr'><strong>iste,</strong></span> <span class='ocrx_word' id='word_1_513' title='bbox 1985 3882 2133 3936; x_wconf 89' lang='lat' dir='ltr'><strong>velut</strong></span> 
     </span>
    </p>
   </div>
   <div class='ocr_carea' id='block_1_71' title="bbox 547 3969 2134 4044">
    <p class='ocr_par' dir='ltr' id='par_1_71' title="bbox 547 3969 2134 4044">
     <span class='ocr_line' id='line_1_72' title="bbox 547 3969 2134 4044; baseline 0.003 -22"><span class='ocrx_word' id='word_1_514' title='bbox 547 3969 827 4039; x_wconf 87' lang='lat' dir='ltr'><strong>splendor,</strong></span> <span class='ocrx_word' id='word_1_515' title='bbox 849 3971 1148 4028; x_wconf 88' lang='lat' dir='ltr'><strong>declaravit</strong></span> <span class='ocrx_word' id='word_1_516' title='bbox 1179 3973 1412 4044; x_wconf 85' lang='lat' dir='ltr'><strong>singula.</strong></span> <span class='ocrx_word' id='word_1_517' title='bbox 1446 3971 1587 4027; x_wconf 90' lang='lat' dir='ltr'><strong>Olim</strong></span> <span class='ocrx_word' id='word_1_518' title='bbox 1626 3971 1794 4039; x_wconf 85' lang='lat' dir='ltr'><strong>Elias,</strong></span> <span class='ocrx_word' id='word_1_519' title='bbox 1827 3987 1894 4027; x_wconf 79' lang='lat' dir='ltr'><strong>ex</strong></span> <span class='ocrx_word' id='word_1_520' title='bbox 1935 3981 2134 4027; x_wconf 86' lang='lat' dir='ltr'><strong>morta-</strong></span> 
     </span>
    </p>
   </div>
   <div class='ocr_carea' id='block_1_72' title="bbox 548 4060 2130 4134">
    <p class='ocr_par' dir='ltr' id='par_1_72' title="bbox 548 4060 2130 4134">
     <span class='ocr_line' id='line_1_73' title="bbox 548 4060 2130 4134; baseline 0.003 -20"><span class='ocrx_word' id='word_1_521' title='bbox 548 4060 682 4116; x_wconf 90' lang='lat' dir='ltr'><strong>lium</strong></span> <span class='ocrx_word' id='word_1_522' title='bbox 718 4063 1122 4120; x_wconf 85' lang='lat' dir='ltr'><strong>cohabitatione</strong></span> <span class='ocrx_word' id='word_1_523' title='bbox 1148 4065 1507 4132; x_wconf 89' lang='lat' dir='ltr'><strong>transiturus,</strong></span> <span class='ocrx_word' id='word_1_524' title='bbox 1530 4065 1740 4120; x_wconf 87' lang='lat' dir='ltr'><strong>dimisit</strong></span> <span class='ocrx_word' id='word_1_525' title='bbox 1780 4061 1976 4120; x_wconf 75' lang='lat' dir='ltr'><strong>Eliszeo</strong></span> <span class='ocrx_word' id='word_1_526' title='bbox 2012 4066 2130 4134; x_wconf 83' lang='lat' dir='ltr'><strong>pai-</strong></span> 
     </span>
    </p>
   </div>
   <div class='ocr_carea' id='block_1_73' title="bbox 547 4152 2134 4228">
    <p class='ocr_par' dir='ltr' id='par_1_73' title="bbox 547 4152 2134 4228">
     <span class='ocr_line' id='line_1_74' title="bbox 547 4152 2134 4228; baseline 0.003 -22"><span class='ocrx_word' id='word_1_527' title='bbox 547 4152 684 4208; x_wconf 87' lang='lat' dir='ltr'><strong>lium</strong></span> <span class='ocrx_word' id='word_1_528' title='bbox 715 4171 900 4222; x_wconf 89' lang='lat' dir='ltr'><strong>suum,</strong></span> <span class='ocrx_word' id='word_1_529' title='bbox 931 4155 1238 4228; x_wconf 87' lang='lat' dir='ltr'><strong>Prophetici</strong></span> <span class='ocrx_word' id='word_1_530' title='bbox 1273 4157 1520 4212; x_wconf 90' lang='lat' dir='ltr'><strong>muneris</strong></span> <span class='ocrx_word' id='word_1_531' title='bbox 1553 4157 1980 4212; x_wconf 85' lang='lat' dir='ltr'><strong>instrumentum</strong></span> <span class='ocrx_word' id='word_1_532' title='bbox 2007 4175 2020 4211; x_wconf 92' lang='lat'><strong>:</strong></span> <span class='ocrx_word' id='word_1_533' title='bbox 2059 4157 2134 4212; x_wconf 89' lang='lat' dir='ltr'><strong>si-</strong></span> 
     </span>
    </p>
   </div>
   <div class='ocr_carea' id='block_1_74' title="bbox 547 4245 2131 4319">
    <p class='ocr_par' dir='ltr' id='par_1_74' title="bbox 547 4245 2131 4319">
     <span class='ocr_line' id='line_1_75' title="bbox 547 4245 2131 4319; baseline 0.003 -20"><span class='ocrx_word' id='word_1_534' title='bbox 547 4245 749 4301; x_wconf 88' lang='lat' dir='ltr'><strong>militer</strong></span> <span class='ocrx_word' id='word_1_535' title='bbox 777 4256 832 4302; x_wconf 88' lang='lat' dir='ltr'><strong>et</strong></span> <span class='ocrx_word' id='word_1_536' title='bbox 847 4247 1162 4319; x_wconf 85' lang='lat' dir='ltr'><strong>Gregorius,</strong></span> <span class='ocrx_word' id='word_1_537' title='bbox 1186 4264 1256 4304; x_wconf 74' lang='lat' dir='ltr'><strong>ex</strong></span> <span class='ocrx_word' id='word_1_538' title='bbox 1276 4249 1379 4303; x_wconf 89' lang='lat' dir='ltr'><strong>hac</strong></span> <span class='ocrx_word' id='word_1_539' title='bbox 1401 4249 1620 4303; x_wconf 90' lang='lat' dir='ltr'><strong>mortali</strong></span> <span class='ocrx_word' id='word_1_540' title='bbox 1644 4249 1752 4304; x_wconf 89' lang='lat' dir='ltr'><strong>vita</strong></span> <span class='ocrx_word' id='word_1_541' title='bbox 1774 4248 2131 4319; x_wconf 86' lang='lat' dir='ltr'><strong>migraturus,</strong></span> 
     </span>
    </p>
   </div>
   <div class='ocr_carea' id='block_1_75' title="bbox 548 4338 2130 4411">
    <p class='ocr_par' dir='ltr' id='par_1_75' title="bbox 548 4338 2130 4411">
     <span class='ocr_line' id='line_1_76' title="bbox 548 4338 2130 4411; baseline 0.002 -19"><span class='ocrx_word' id='word_1_542' title='bbox 548 4339 854 4394; x_wconf 81' lang='lat' dir='ltr'><strong>transmisit</strong></span> <span class='ocrx_word' id='word_1_543' title='bbox 890 4338 1149 4396; x_wconf 81' lang='lat' dir='ltr'><strong>Ansclmo</strong></span> <span class='ocrx_word' id='word_1_544' title='bbox 1197 4339 1534 4396; x_wconf 84' lang='lat' dir='ltr'><strong>Pontilicalis</strong></span> <span class='ocrx_word' id='word_1_545' title='bbox 1573 4341 1787 4411; x_wconf 87' lang='lat' dir='ltr'><strong>insigne</strong></span> <span class='ocrx_word' id='word_1_546' title='bbox 1825 4340 2130 4410; x_wconf 90' lang='lat' dir='ltr'><strong>potestatis,</strong></span> 
     </span>
    </p>
   </div>
   <div class='ocr_carea' id='block_1_76' title="bbox 547 4420 2211 4500">
    <p class='ocr_par' dir='ltr' id='par_1_76' title="bbox 547 4420 2211 4500">
     <span class='ocr_line' id='line_1_77' title="bbox 547 4420 2211 4500; baseline 0.003 -18"><span class='ocrx_word' id='word_1_547' title='bbox 547 4429 800 4485; x_wconf 84' lang='lat' dir='ltr'><strong>videlicet</strong></span> <span class='ocrx_word' id='word_1_548' title='bbox 822 4431 1041 4486; x_wconf 87' lang='lat' dir='ltr'><strong>mitram</strong></span> <span class='ocrx_word' id='word_1_549' title='bbox 1072 4432 1268 4500; x_wconf 88' lang='lat' dir='ltr'><strong>capitis</strong></span> <span class='ocrx_word' id='word_1_550' title='bbox 1294 4431 1410 4498; x_wconf 90' lang='lat' dir='ltr'><strong>sui;</strong></span> <span class='ocrx_word' id='word_1_551' title='bbox 1441 4432 1548 4486; x_wconf 91' lang='lat' dir='ltr'><strong>hoc</strong></span> <span class='ocrx_word' id='word_1_552' title='bbox 1591 4431 1852 4486; x_wconf 90' lang='lat' dir='ltr'><strong>nimirum</strong></span> <span class='ocrx_word' id='word_1_553' title='bbox 1893 4429 2005 4485; x_wconf 91' lang='lat' dir='ltr'><strong>Deo</strong></span> <span class='ocrx_word' id='word_1_554' title='bbox 2036 4445 2132 4486; x_wconf 88' lang='lat' dir='ltr'><strong>co-</strong></span> <span class='ocrx_word' id='word_1_555' title='bbox 2167 4420 2211 4473; x_wconf 77' lang='grc' dir='ltr'><strong>ἶ)</strong></span> 
     </span>
    </p>
   </div>
   <div class='ocr_carea' id='block_1_77' title="bbox 554 4521 2134 4592">
    <p class='ocr_par' dir='ltr' id='par_1_77' title="bbox 554 4521 2134 4592">
     <span class='ocr_line' id='line_1_78' title="bbox 554 4521 2134 4592; baseline 0.003 -19"><span class='ocrx_word' id='word_1_556' title='bbox 554 4530 841 4588; x_wconf 82' lang='lat' dir='ltr'><strong>operante,</strong></span> <span class='ocrx_word' id='word_1_557' title='bbox 867 4531 948 4588; x_wconf 88' lang='lat' dir='ltr'><strong>ut,</strong></span> <span class='ocrx_word' id='word_1_558' title='bbox 983 4523 1127 4578; x_wconf 89' lang='lat' dir='ltr'><strong>sicut</strong></span> <span class='ocrx_word' id='word_1_559' title='bbox 1149 4523 1240 4576; x_wconf 91' lang='lat' dir='ltr'><strong>ille</strong></span> <span class='ocrx_word' id='word_1_560' title='bbox 1270 4521 1574 4590; x_wconf 68' lang='lat' dir='ltr'><strong>Prophetize</strong></span> <span class='ocrx_word' id='word_1_561' title='bbox 1593 4537 1693 4592; x_wconf 90' lang='lat' dir='ltr'><strong>per</strong></span> <span class='ocrx_word' id='word_1_562' title='bbox 1713 4521 1937 4592; x_wconf 88' lang='lat' dir='ltr'><strong>pallium</strong></span> <span class='ocrx_word' id='word_1_563' title='bbox 1959 4521 2134 4578; x_wconf 60' lang='lat' dir='ltr'><strong>hatre-</strong></span> 
     </span>
    </p>
   </div>
   <div class='ocr_carea' id='block_1_78' title="bbox 551 4612 2128 4686">
    <p class='ocr_par' dir='ltr' id='par_1_78' title="bbox 551 4612 2128 4686">
     <span class='ocr_line' id='line_1_79' title="bbox 551 4612 2128 4686; baseline 0.003 -22"><span class='ocrx_word' id='word_1_564' title='bbox 551 4612 745 4666; x_wconf 89' lang='lat' dir='ltr'><strong>ditavit</strong></span> <span class='ocrx_word' id='word_1_565' title='bbox 767 4615 1204 4686; x_wconf 66' lang='lat' dir='ltr'><strong>praerogativam,</strong></span> <span class='ocrx_word' id='word_1_566' title='bbox 1249 4613 1324 4668; x_wconf 88' lang='lat' dir='ltr'><strong>ita</strong></span> <span class='ocrx_word' id='word_1_567' title='bbox 1363 4622 1420 4668; x_wconf 91' lang='lat' dir='ltr'><strong>et</strong></span> <span class='ocrx_word' id='word_1_568' title='bbox 1455 4613 1558 4669; x_wconf 88' lang='lat' dir='ltr'><strong>iste</strong></span> <span class='ocrx_word' id='word_1_569' title='bbox 1596 4613 2001 4670; x_wconf 89' lang='lat' dir='ltr'><strong>Sacerdotalem</strong></span> <span class='ocrx_word' id='word_1_570' title='bbox 2041 4628 2128 4684; x_wconf 80' lang='lat' dir='ltr'><strong>pel</strong></span> 
     </span>
    </p>
   </div>
   <div class='ocr_carea' id='block_1_79' title="bbox 555 4703 2139 4776">
    <p class='ocr_par' dir='ltr' id='par_1_79' title="bbox 555 4703 2139 4776">
     <span class='ocr_line' id='line_1_80' title="bbox 555 4703 2139 4776; baseline 0.003 -20"><span class='ocrx_word' id='word_1_571' title='bbox 555 4703 779 4757; x_wconf 87' lang='lat' dir='ltr'><strong>mitram</strong></span> <span class='ocrx_word' id='word_1_572' title='bbox 838 4705 1108 4761; x_wconf 89' lang='lat' dir='ltr'><strong>obtineret</strong></span> <span class='ocrx_word' id='word_1_573' title='bbox 1157 4705 1530 4760; x_wconf 90' lang='lat' dir='ltr'><strong>eminentiam.</strong></span> <span class='ocrx_word' id='word_1_574' title='bbox 1586 4703 1793 4774; x_wconf 88' lang='lat' dir='ltr'><strong>Nempe</strong></span> <span class='ocrx_word' id='word_1_575' title='bbox 1831 4719 1920 4771; x_wconf 91' lang='lat' dir='ltr'><strong>eo,</strong></span> <span class='ocrx_word' id='word_1_576' title='bbox 1964 4721 2139 4776; x_wconf 85' lang='lat' dir='ltr'><strong>usque</strong></span> 
     </span>
    </p>
   </div>
   <div class='ocr_carea' id='block_1_80' title="bbox 553 4795 2136 4867">
    <p class='ocr_par' dir='ltr' id='par_1_80' title="bbox 553 4795 2136 4867">
     <span class='ocr_line' id='line_1_81' title="bbox 553 4795 2136 4867; baseline 0.004 -21"><span class='ocrx_word' id='word_1_577' title='bbox 553 4795 823 4862; x_wconf 88' lang='lat' dir='ltr'><strong>processit</strong></span> <span class='ocrx_word' id='word_1_578' title='bbox 858 4797 1177 4863; x_wconf 88' lang='lat' dir='ltr'><strong>similitudo,</strong></span> <span class='ocrx_word' id='word_1_579' title='bbox 1204 4804 1286 4862; x_wconf 91' lang='lat' dir='ltr'><strong>ut,</strong></span> <span class='ocrx_word' id='word_1_580' title='bbox 1327 4797 1470 4851; x_wconf 90' lang='lat' dir='ltr'><strong>sicut</strong></span> <span class='ocrx_word' id='word_1_581' title='bbox 1513 4796 1740 4852; x_wconf 64' lang='lat' dir='ltr'><strong>Elisaaus</strong></span> <span class='ocrx_word' id='word_1_582' title='bbox 1775 4812 1871 4867; x_wconf 86' lang='lat' dir='ltr'><strong>per</strong></span> <span class='ocrx_word' id='word_1_583' title='bbox 1911 4799 2136 4866; x_wconf 88' lang='lat' dir='ltr'><strong>pallium</strong></span> 
     </span>
    </p>
   </div>
   <div class='ocr_carea' id='block_1_81' title="bbox 554 4883 2141 4960">
    <p class='ocr_par' dir='ltr' id='par_1_81' title="bbox 554 4883 2141 4960">
     <span class='ocr_line' id='line_1_82' title="bbox 554 4883 2141 4960; baseline 0.002 -21"><span class='ocrx_word' id='word_1_584' title='bbox 554 4883 688 4940; x_wconf 75' lang='lat' dir='ltr'><strong>Elia:</strong></span> <span class='ocrx_word' id='word_1_585' title='bbox 705 4899 804 4956; x_wconf 91' lang='lat' dir='ltr'><strong>per</strong></span> <span class='ocrx_word' id='word_1_586' title='bbox 828 4887 1092 4944; x_wconf 86' lang='lat' dir='ltr'><strong>virtutum</strong></span> <span class='ocrx_word' id='word_1_587' title='bbox 1117 4889 1274 4960; x_wconf 87' lang='lat' dir='ltr'><strong>signa</strong></span> <span class='ocrx_word' id='word_1_588' title='bbox 1295 4887 1788 4954; x_wconf 87' lang='lat' dir='ltr'><strong>demonstraverat,</strong></span> <span class='ocrx_word' id='word_1_589' title='bbox 1822 4887 1898 4943; x_wconf 89' lang='lat' dir='ltr'><strong>ita</strong></span> <span class='ocrx_word' id='word_1_590' title='bbox 1935 4897 1992 4944; x_wconf 89' lang='lat' dir='ltr'><strong>et</strong></span> <span class='ocrx_word' id='word_1_591' title='bbox 2030 4889 2141 4942; x_wconf 87' lang='lat' dir='ltr'><strong>An-</strong></span> 
     </span>
    </p>
   </div>
   <div class='ocr_carea' id='block_1_82' title="bbox 555 4977 2138 5053">
    <p class='ocr_par' dir='ltr' id='par_1_82' title="bbox 555 4977 2138 5053">
     <span class='ocr_line' id='line_1_83' title="bbox 555 4977 2138 5053; baseline 0.001 -21"><span class='ocrx_word' id='word_1_592' title='bbox 555 4977 764 5033; x_wconf 85' lang='lat' dir='ltr'><strong>selmus</strong></span> <span class='ocrx_word' id='word_1_593' title='bbox 797 4989 918 5050; x_wconf 86' lang='lat' dir='ltr'><strong>&#39;per</strong></span> <span class='ocrx_word' id='word_1_594' title='bbox 960 4981 1180 5036; x_wconf 87' lang='lat' dir='ltr'><strong>mitram</strong></span> <span class='ocrx_word' id='word_1_595' title='bbox 1240 4979 1490 5052; x_wconf 83' lang='lat' dir='ltr'><strong>Gregorii</strong></span> <span class='ocrx_word' id='word_1_596' title='bbox 1557 4982 1806 5053; x_wconf 67' lang='lat' dir='ltr'><strong>quaedam</strong></span> <span class='ocrx_word' id='word_1_597' title='bbox 1867 4979 2138 5052; x_wconf 82' lang='lat' dir='ltr'><strong>magnalia</strong></span> 
     </span>
    </p>
   </div>
   <div class='ocr_carea' id='block_1_83' title="bbox 555 5069 1062 5104">
    <p class='ocr_par' dir='ltr' id='par_1_83' title="bbox 555 5069 1062 5104">
     <span class='ocr_line' id='line_1_84' title="bbox 555 5069 1062 5104; baseline 0.006 -2"><span class='ocrx_word' id='word_1_598' title='bbox 555 5069 865 5104; x_wconf 64' lang='grc' dir='ltr'><strong>Δνῑιῖιιηανῖο</strong></span> <span class='ocrx_word' id='word_1_599' title='bbox 927 5069 1062 5104; x_wconf 66' lang='lat' dir='ltr'><strong>Nam</strong></span> 
     </span>
    </p>
   </div>
   <div class='ocr_carea' id='block_1_84' title="bbox 1118 5071 2141 5108">
    <p class='ocr_par' dir='ltr' id='par_1_84' title="bbox 1118 5071 2141 5108">
     <span class='ocr_line' id='line_1_85' title="bbox 1118 5071 2141 5108; baseline 0.004 -4"><span class='ocrx_word' id='word_1_600' title='bbox 1118 5079 1174 5104; x_wconf 79' lang='lat' dir='ltr'><strong>nl</strong></span> <span class='ocrx_word' id='word_1_601' title='bbox 1201 5086 1267 5104; x_wconf 65' lang='lat' dir='ltr'><strong>nn</strong></span> <span class='ocrx_word' id='word_1_602' title='bbox 1292 5073 1538 5106; x_wconf 65' lang='grc' dir='ltr'><strong>νει-...ςιιηο</strong></span> <span class='ocrx_word' id='word_1_603' title='bbox 1565 5089 1732 5106; x_wconf 65' lang='lat' dir='ltr'><strong>“unum</strong></span> <span class='ocrx_word' id='word_1_604' title='bbox 1765 5072 1936 5106; x_wconf 67' lang='grc' dir='ltr'><strong>Μαηίο</strong></span> <span class='ocrx_word' id='word_1_605' title='bbox 1959 5071 2141 5108; x_wconf 56' lang='lat' dir='ltr'><strong>turni-</strong></span> 
     </span>
    </p>
   </div>
   <div class='ocr_carea' id='block_1_85' title="bbox 2227 3242 3810 3310">
    <p class='ocr_par' dir='ltr' id='par_1_85' title="bbox 2227 3242 3810 3310">
     <span class='ocr_line' id='line_1_86' title="bbox 2227 3242 3810 3310; baseline -0.001 -10"><span class='ocrx_word' id='word_1_606' title='bbox 2227 3247 2442 3302; x_wconf 87' lang='lat' dir='ltr'><strong>videtur</strong></span> <span class='ocrx_word' id='word_1_607' title='bbox 2474 3247 2670 3302; x_wconf 87' lang='lat' dir='ltr'><strong>iterum</strong></span> <span class='ocrx_word' id='word_1_608' title='bbox 2698 3245 2905 3300; x_wconf 88' lang='lat' dir='ltr'><strong>Pilatus</strong></span> <span class='ocrx_word' id='word_1_609' title='bbox 2930 3259 3128 3300; x_wconf 87' lang='lat' dir='ltr'><strong>manus</strong></span> <span class='ocrx_word' id='word_1_610' title='bbox 3153 3260 3284 3300; x_wconf 84' lang='lat' dir='ltr'><strong>suas</strong></span> <span class='ocrx_word' id='word_1_611' title='bbox 3307 3245 3526 3310; x_wconf 86' lang='lat' dir='ltr'><strong>lavisse,</strong></span> <span class='ocrx_word' id='word_1_612' title='bbox 3554 3251 3609 3298; x_wconf 88' lang='lat' dir='ltr'><strong>et</strong></span> <span class='ocrx_word' id='word_1_613' title='bbox 3638 3242 3810 3299; x_wconf 76' lang='lat' dir='ltr'><strong>dixis-</strong></span> 
     </span>
    </p>
   </div>
   <div class='ocr_carea' id='block_1_86' title="bbox 2230 3333 3812 3407">
    <p class='ocr_par' dir='ltr' id='par_1_86' title="bbox 2230 3333 3812 3407">
     <span class='ocr_line' id='line_1_87' title="bbox 2230 3333 3812 3407; baseline -0.003 -15"><span class='ocrx_word' id='word_1_614' title='bbox 2230 3351 2290 3392; x_wconf 89' lang='lat' dir='ltr'><strong>se</strong></span> <span class='ocrx_word' id='word_1_615' title='bbox 2323 3355 2334 3390; x_wconf 91' lang='lat'><strong>:</strong></span> <span class='ocrx_word' id='word_1_616' title='bbox 2365 3336 2599 3391; x_wconf 82' lang='lat' dir='ltr'><strong>Mundus</strong></span> <span class='ocrx_word' id='word_1_617' title='bbox 2620 3351 2722 3407; x_wconf 92' lang='lat' dir='ltr'><strong>ego</strong></span> <span class='ocrx_word' id='word_1_618' title='bbox 2741 3351 2864 3392; x_wconf 89' lang='lat' dir='ltr'><strong>sum</strong></span> <span class='ocrx_word' id='word_1_619' title='bbox 2887 3351 2918 3390; x_wconf 91' lang='lat' dir='ltr'><strong>a</strong></span> <span class='ocrx_word' id='word_1_620' title='bbox 2941 3335 3208 3405; x_wconf 85' lang='lat' dir='ltr'><strong>sanguine</strong></span> <span class='ocrx_word' id='word_1_621' title='bbox 3228 3335 3414 3404; x_wconf 88' lang='lat' dir='ltr'><strong>hujus,</strong></span> <span class='ocrx_word' id='word_1_622' title='bbox 3441 3334 3648 3389; x_wconf 88' lang='lat' dir='ltr'><strong>nullam</strong></span> <span class='ocrx_word' id='word_1_623' title='bbox 3671 3333 3727 3388; x_wconf 83' lang='lat' dir='ltr'><strong>in</strong></span> <span class='ocrx_word' id='word_1_624' title='bbox 3748 3348 3812 3388; x_wconf 87' lang='lat' dir='ltr'><strong>eo</strong></span> 
     </span>
    </p>
   </div>
   <div class='ocr_carea' id='block_1_87' title="bbox 2231 3425 3814 3497">
    <p class='ocr_par' dir='ltr' id='par_1_87' title="bbox 2231 3425 3814 3497">
     <span class='ocr_line' id='line_1_88' title="bbox 2231 3425 3814 3497; baseline -0.001 -16"><span class='ocrx_word' id='word_1_625' title='bbox 2231 3442 2454 3482; x_wconf 86' lang='lat' dir='ltr'><strong>causam</strong></span> <span class='ocrx_word' id='word_1_626' title='bbox 2485 3427 2737 3493; x_wconf 87' lang='lat' dir='ltr'><strong>invenio;</strong></span> <span class='ocrx_word' id='word_1_627' title='bbox 2777 3426 2998 3497; x_wconf 88' lang='lat' dir='ltr'><strong>quando</strong></span> <span class='ocrx_word' id='word_1_628' title='bbox 3032 3426 3287 3482; x_wconf 83' lang='lat' dir='ltr'><strong>simulata</strong></span> <span class='ocrx_word' id='word_1_629' title='bbox 3318 3425 3640 3495; x_wconf 51' lang='lat' dir='ltr'><strong>paenitentia</strong></span> <span class='ocrx_word' id='word_1_630' title='bbox 3667 3425 3814 3480; x_wconf 78' lang='lat' dir='ltr'><strong>Hen-</strong></span> 
     </span>
    </p>
   </div>
   <div class='ocr_carea' id='block_1_88' title="bbox 2233 3515 3814 3582">
    <p class='ocr_par' dir='ltr' id='par_1_88' title="bbox 2233 3515 3814 3582">
     <span class='ocr_line' id='line_1_89' title="bbox 2233 3515 3814 3582; baseline -0.001 -9"><span class='ocrx_word' id='word_1_631' title='bbox 2233 3519 2380 3574; x_wconf 88' lang='lat' dir='ltr'><strong>ricus</strong></span> <span class='ocrx_word' id='word_1_632' title='bbox 2408 3519 2657 3574; x_wconf 75' lang='lat' dir='ltr'><strong>aioravit</strong></span> <span class='ocrx_word' id='word_1_633' title='bbox 2700 3533 2976 3572; x_wconf 91' lang='lat' dir='ltr'><strong>summum</strong></span> <span class='ocrx_word' id='word_1_634' title='bbox 3025 3515 3370 3582; x_wconf 84' lang='lat' dir='ltr'><strong>Pontiﬁcem,</strong></span> <span class='ocrx_word' id='word_1_635' title='bbox 3413 3517 3612 3572; x_wconf 88' lang='lat' dir='ltr'><strong>deinde</strong></span> <span class='ocrx_word' id='word_1_636' title='bbox 3661 3517 3814 3572; x_wconf 81' lang='lat' dir='ltr'><strong>falsis</strong></span> 
     </span>
    </p>
   </div>
   <div class='ocr_carea' id='block_1_89' title="bbox 2232 3607 3824 3681">
    <p class='ocr_par' dir='ltr' id='par_1_89' title="bbox 2232 3607 3824 3681">
     <span class='ocr_line' id='line_1_90' title="bbox 2232 3607 3824 3681; baseline -0.001 -17"><span class='ocrx_word' id='word_1_637' title='bbox 2232 3610 2514 3681; x_wconf 86' lang='lat' dir='ltr'><strong>Episcopis</strong></span> <span class='ocrx_word' id='word_1_638' title='bbox 2536 3609 2654 3665; x_wconf 88' lang='lat' dir='ltr'><strong>suis</strong></span> <span class='ocrx_word' id='word_1_639' title='bbox 2677 3609 2842 3663; x_wconf 82' lang='lat' dir='ltr'><strong>dixit:</strong></span> <span class='ocrx_word' id='word_1_640' title='bbox 2874 3607 3186 3663; x_wconf 85' lang='lat' dir='ltr'><strong>Secundum</strong></span> <span class='ocrx_word' id='word_1_641' title='bbox 3216 3609 3385 3678; x_wconf 85' lang='lat' dir='ltr'><strong>legem</strong></span> <span class='ocrx_word' id='word_1_642' title='bbox 3413 3617 3650 3663; x_wconf 86' lang='lat' dir='ltr'><strong>vestram</strong></span> <span class='ocrx_word' id='word_1_643' title='bbox 3666 3609 3824 3678; x_wconf 86' lang='lat' dir='ltr'><strong>judi-.</strong></span> 
     </span>
    </p>
   </div>
   <div class='ocr_carea' id='block_1_90' title="bbox 2232 3697 3814 3770">
    <p class='ocr_par' dir='ltr' id='par_1_90' title="bbox 2232 3697 3814 3770">
     <span class='ocr_line' id='line_1_91' title="bbox 2232 3697 3814 3770; baseline -0.001 -13"><span class='ocrx_word' id='word_1_644' title='bbox 2232 3711 2351 3757; x_wconf 82' lang='lat' dir='ltr'><strong>cate</strong></span> <span class='ocrx_word' id='word_1_645' title='bbox 2405 3701 2568 3756; x_wconf 86' lang='lat' dir='ltr'><strong>eum?</strong></span> <span class='ocrx_word' id='word_1_646' title='bbox 2631 3700 2926 3770; x_wconf 81' lang='lat' dir='ltr'><strong>Amplius:</strong></span> <span class='ocrx_word' id='word_1_647' title='bbox 2995 3697 3384 3768; x_wconf 86' lang='lat' dir='ltr'><strong>Dirumpamus</strong></span> <span class='ocrx_word' id='word_1_648' title='bbox 3443 3699 3663 3754; x_wconf 88' lang='lat' dir='ltr'><strong>vincula</strong></span> <span class='ocrx_word' id='word_1_649' title='bbox 3715 3715 3814 3755; x_wconf 85' lang='lat' dir='ltr'><strong>eo-</strong></span> 
     </span>
    </p>
   </div>
   <div class='ocr_carea' id='block_1_91' title="bbox 2231 3789 3814 3862">
    <p class='ocr_par' dir='ltr' id='par_1_91' title="bbox 2231 3789 3814 3862">
     <span class='ocr_line' id='line_1_92' title="bbox 2231 3789 3814 3862; baseline -0.002 -14"><span class='ocrx_word' id='word_1_650' title='bbox 2231 3809 2376 3859; x_wconf 88' lang='lat' dir='ltr'><strong>rum,</strong></span> <span class='ocrx_word' id='word_1_651' title='bbox 2417 3801 2521 3847; x_wconf 85' lang='lat' dir='ltr'><strong>ctc.</strong></span> <span class='ocrx_word' id='word_1_652' title='bbox 2563 3789 2985 3862; x_wconf 89' lang='lat' dir='ltr'><strong>Opprimamus,</strong></span> <span class='ocrx_word' id='word_1_653' title='bbox 3033 3789 3309 3859; x_wconf 88' lang='lat' dir='ltr'><strong>inquiunt,</strong></span> <span class='ocrx_word' id='word_1_654' title='bbox 3349 3790 3529 3844; x_wconf 87' lang='lat' dir='ltr'><strong>virum</strong></span> <span class='ocrx_word' id='word_1_655' title='bbox 3579 3790 3814 3858; x_wconf 81' lang='lat' dir='ltr'><strong>justum,</strong></span> 
     </span>
    </p>
   </div>
   <div class='ocr_carea' id='block_1_92' title="bbox 2232 3879 3818 3956">
    <p class='ocr_par' dir='ltr' id='par_1_92' title="bbox 2232 3879 3818 3956">
     <span class='ocr_line' id='line_1_93' title="bbox 2232 3879 3818 3956; baseline -0.001 -17"><span class='ocrx_word' id='word_1_656' title='bbox 2232 3885 2492 3956; x_wconf 91' lang='lat' dir='ltr'><strong>quoniam</strong></span> <span class='ocrx_word' id='word_1_657' title='bbox 2535 3881 2847 3938; x_wconf 89' lang='lat' dir='ltr'><strong>contrarius</strong></span> <span class='ocrx_word' id='word_1_658' title='bbox 2875 3888 2960 3936; x_wconf 90' lang='lat' dir='ltr'><strong>est</strong></span> <span class='ocrx_word' id='word_1_659' title='bbox 3005 3880 3260 3949; x_wconf 85' lang='lat' dir='ltr'><strong>operibus</strong></span> <span class='ocrx_word' id='word_1_660' title='bbox 3304 3880 3527 3937; x_wconf 88' lang='lat' dir='ltr'><strong>nostris.</strong></span> <span class='ocrx_word' id='word_1_661' title='bbox 3575 3879 3632 3934; x_wconf 91' lang='lat' dir='ltr'><strong>Si</strong></span> <span class='ocrx_word' id='word_1_662' title='bbox 3669 3883 3818 3937; x_wconf 90' lang='lat' dir='ltr'><strong>enim</strong></span> 
     </span>
    </p>
   </div>
   <div class='ocr_carea' id='block_1_93' title="bbox 2233 3971 3818 4037">
    <p class='ocr_par' dir='ltr' id='par_1_93' title="bbox 2233 3971 3818 4037">
     <span class='ocr_line' id='line_1_94' title="bbox 2233 3971 3818 4037; baseline -0.003 -6"><span class='ocrx_word' id='word_1_663' title='bbox 2233 3975 2611 4032; x_wconf 89' lang='lat' dir='ltr'><strong>dimiserimus</strong></span> <span class='ocrx_word' id='word_1_664' title='bbox 2651 3988 2778 4027; x_wconf 87' lang='lat' dir='ltr'><strong>eum</strong></span> <span class='ocrx_word' id='word_1_665' title='bbox 2823 3971 2934 4037; x_wconf 92' lang='lat' dir='ltr'><strong>sic,</strong></span> <span class='ocrx_word' id='word_1_666' title='bbox 2973 3971 3194 4026; x_wconf 89' lang='lat' dir='ltr'><strong>venient</strong></span> <span class='ocrx_word' id='word_1_667' title='bbox 3231 3971 3484 4037; x_wconf 78' lang='lat' dir='ltr'><strong>Romani,</strong></span> <span class='ocrx_word' id='word_1_668' title='bbox 3530 3979 3586 4026; x_wconf 87' lang='lat' dir='ltr'><strong>et</strong></span> <span class='ocrx_word' id='word_1_669' title='bbox 3627 3975 3818 4030; x_wconf 88' lang='lat' dir='ltr'><strong>tollent</strong></span> 
     </span>
    </p>
   </div>
   <div class='ocr_carea' id='block_1_94' title="bbox 2234 4060 3817 4136">
    <p class='ocr_par' dir='ltr' id='par_1_94' title="bbox 2234 4060 3817 4136">
     <span class='ocr_line' id='line_1_95' title="bbox 2234 4060 3817 4136; baseline -0.003 -14"><span class='ocrx_word' id='word_1_670' title='bbox 2234 4075 2483 4122; x_wconf 87' lang='lat' dir='ltr'><strong>nostrum</strong></span> <span class='ocrx_word' id='word_1_671' title='bbox 2513 4066 2694 4122; x_wconf 90' lang='lat' dir='ltr'><strong>locum</strong></span> <span class='ocrx_word' id='word_1_672' title='bbox 2715 4072 2771 4119; x_wconf 91' lang='lat' dir='ltr'><strong>et</strong></span> <span class='ocrx_word' id='word_1_673' title='bbox 2795 4073 3028 4136; x_wconf 87' lang='lat' dir='ltr'><strong>gentem.</strong></span> <span class='ocrx_word' id='word_1_674' title='bbox 3059 4062 3224 4118; x_wconf 90' lang='lat' dir='ltr'><strong>Item:</strong></span> <span class='ocrx_word' id='word_1_675' title='bbox 3265 4062 3324 4118; x_wconf 91' lang='lat' dir='ltr'><strong>Si</strong></span> <span class='ocrx_word' id='word_1_676' title='bbox 3345 4061 3492 4133; x_wconf 82' lang='lat' dir='ltr'><strong>Papa</strong></span> <span class='ocrx_word' id='word_1_677' title='bbox 3518 4060 3817 4134; x_wconf 87' lang='lat' dir='ltr'><strong>Gregorius</strong></span> 
     </span>
    </p>
   </div>
   <div class='ocr_carea' id='block_1_95' title="bbox 2232 4153 3821 4226">
    <p class='ocr_par' dir='ltr' id='par_1_95' title="bbox 2232 4153 3821 4226">
     <span class='ocr_line' id='line_1_96' title="bbox 2232 4153 3821 4226; baseline -0.004 -12"><span class='ocrx_word' id='word_1_678' title='bbox 2232 4158 2447 4224; x_wconf 80' lang='lat' dir='ltr'><strong>vixerit,</strong></span> <span class='ocrx_word' id='word_1_679' title='bbox 2479 4158 2656 4213; x_wconf 89' lang='lat' dir='ltr'><strong>mittet</strong></span> <span class='ocrx_word' id='word_1_680' title='bbox 2681 4165 2874 4213; x_wconf 89' lang='lat' dir='ltr'><strong>contra</strong></span> <span class='ocrx_word' id='word_1_681' title='bbox 2900 4170 3000 4210; x_wconf 89' lang='lat' dir='ltr'><strong>nos</strong></span> <span class='ocrx_word' id='word_1_682' title='bbox 3016 4155 3400 4226; x_wconf 72' lang='lat' dir='ltr'><strong>praedicatores</strong></span> <span class='ocrx_word' id='word_1_683' title='bbox 3428 4153 3697 4222; x_wconf 84' lang='lat' dir='ltr'><strong>veritatis,</strong></span> <span class='ocrx_word' id='word_1_684' title='bbox 3723 4154 3821 4225; x_wconf 89' lang='lat' dir='ltr'><strong>qui</strong></span> 
     </span>
    </p>
   </div>
   <div class='ocr_carea' id='block_1_96' title="bbox 2233 4245 3819 4316">
    <p class='ocr_par' dir='ltr' id='par_1_96' title="bbox 2233 4245 3819 4316">
     <span class='ocr_line' id='line_1_97' title="bbox 2233 4245 3819 4316; baseline -0.006 -8"><span class='ocrx_word' id='word_1_685' title='bbox 2233 4252 2589 4310; x_wconf 89' lang='lat' dir='ltr'><strong>discutientes</strong></span> <span class='ocrx_word' id='word_1_686' title='bbox 2638 4251 2807 4306; x_wconf 87' lang='lat' dir='ltr'><strong>vitam</strong></span> <span class='ocrx_word' id='word_1_687' title='bbox 2845 4255 2902 4304; x_wconf 91' lang='lat' dir='ltr'><strong>et</strong></span> <span class='ocrx_word' id='word_1_688' title='bbox 2944 4257 3102 4304; x_wconf 89' lang='lat' dir='ltr'><strong>actus</strong></span> <span class='ocrx_word' id='word_1_689' title='bbox 3135 4256 3378 4314; x_wconf 90' lang='lat' dir='ltr'><strong>nostros,</strong></span> <span class='ocrx_word' id='word_1_690' title='bbox 3417 4245 3651 4316; x_wconf 89' lang='lat' dir='ltr'><strong>eripient</strong></span> <span class='ocrx_word' id='word_1_691' title='bbox 3686 4260 3819 4300; x_wconf 87' lang='lat' dir='ltr'><strong>oves</strong></span> 
     </span>
    </p>
   </div>
   <div class='ocr_carea' id='block_1_97' title="bbox 2233 4337 3818 4411">
    <p class='ocr_par' dir='ltr' id='par_1_97' title="bbox 2233 4337 3818 4411">
     <span class='ocr_line' id='line_1_98' title="bbox 2233 4337 3818 4411; baseline -0.007 -11"><span class='ocrx_word' id='word_1_692' title='bbox 2233 4343 2438 4400; x_wconf 87' lang='lat' dir='ltr'><strong>Christi</strong></span> <span class='ocrx_word' id='word_1_693' title='bbox 2470 4345 2538 4400; x_wconf 88' lang='lat' dir='ltr'><strong>de</strong></span> <span class='ocrx_word' id='word_1_694' title='bbox 2559 4343 2814 4398; x_wconf 89' lang='lat' dir='ltr'><strong>manibus</strong></span> <span class='ocrx_word' id='word_1_695' title='bbox 2835 4340 3044 4396; x_wconf 74' lang='lat' dir='ltr'><strong>nostris</strong></span> <span class='ocrx_word' id='word_1_696' title='bbox 3065 4358 3080 4407; x_wconf 90' lang='lat'><strong>;</strong></span> <span class='ocrx_word' id='word_1_697' title='bbox 3105 4348 3161 4396; x_wconf 91' lang='lat' dir='ltr'><strong>et</strong></span> <span class='ocrx_word' id='word_1_698' title='bbox 3182 4339 3319 4411; x_wconf 87' lang='lat' dir='ltr'><strong>justi</strong></span> <span class='ocrx_word' id='word_1_699' title='bbox 3351 4337 3608 4408; x_wconf 88' lang='lat' dir='ltr'><strong>diripient</strong></span> <span class='ocrx_word' id='word_1_700' title='bbox 3641 4337 3818 4407; x_wconf 81' lang='lat' dir='ltr'><strong>spolia</strong></span> 
     </span>
    </p>
   </div>
   <div class='ocr_carea' id='block_1_98' title="bbox 2237 4427 3817 4502">
    <p class='ocr_par' dir='ltr' id='par_1_98' title="bbox 2237 4427 3817 4502">
     <span class='ocr_line' id='line_1_99' title="bbox 2237 4427 3817 4502; baseline -0.005 -12"><span class='ocrx_word' id='word_1_701' title='bbox 2237 4443 2446 4502; x_wconf 88' lang='lat' dir='ltr'><strong>nostra,</strong></span> <span class='ocrx_word' id='word_1_702' title='bbox 2473 4441 2529 4490; x_wconf 91' lang='lat' dir='ltr'><strong>et</strong></span> <span class='ocrx_word' id='word_1_703' title='bbox 2553 4434 2828 4490; x_wconf 85' lang='lat' dir='ltr'><strong>dimittent</strong></span> <span class='ocrx_word' id='word_1_704' title='bbox 2867 4430 3170 4488; x_wconf 88' lang='lat' dir='ltr'><strong>Ecclesiam</strong></span> <span class='ocrx_word' id='word_1_705' title='bbox 3209 4429 3534 4487; x_wconf 89' lang='lat' dir='ltr'><strong>facientibus</strong></span> <span class='ocrx_word' id='word_1_706' title='bbox 3575 4427 3817 4484; x_wconf 84' lang='lat' dir='ltr'><strong>fructum</strong></span> 
     </span>
    </p>
   </div>
   <div class='ocr_carea' id='block_1_99' title="bbox 2235 4519 3816 4591">
    <p class='ocr_par' dir='ltr' id='par_1_99' title="bbox 2235 4519 3816 4591">
     <span class='ocr_line' id='line_1_100' title="bbox 2235 4519 3816 4591; baseline -0.004 -11"><span class='ocrx_word' id='word_1_707' title='bbox 2235 4526 2290 4580; x_wconf 91' lang='lat' dir='ltr'><strong>in</strong></span> <span class='ocrx_word' id='word_1_708' title='bbox 2314 4541 2398 4582; x_wconf 91' lang='lat' dir='ltr'><strong>ea.</strong></span> <span class='ocrx_word' id='word_1_709' title='bbox 2429 4523 2660 4591; x_wconf 84' lang='lat' dir='ltr'><strong>Quando</strong></span> <span class='ocrx_word' id='word_1_710' title='bbox 2691 4538 2821 4579; x_wconf 81' lang='lat' dir='ltr'><strong>vero</strong></span> <span class='ocrx_word' id='word_1_711' title='bbox 2857 4522 3165 4579; x_wconf 88' lang='lat' dir='ltr'><strong>sanctitatis</strong></span> <span class='ocrx_word' id='word_1_712' title='bbox 3191 4529 3456 4578; x_wconf 81' lang='lat' dir='ltr'><strong>tractator</strong></span> <span class='ocrx_word' id='word_1_713' title='bbox 3487 4520 3590 4576; x_wconf 86' lang='lat' dir='ltr'><strong>iste</strong></span> <span class='ocrx_word' id='word_1_714' title='bbox 3629 4519 3816 4586; x_wconf 90' lang='lat' dir='ltr'><strong>fuerit,</strong></span> 
     </span>
    </p>
   </div>
   <div class='ocr_carea' id='block_1_100' title="bbox 2235 4611 3818 4688">
    <p class='ocr_par' dir='ltr' id='par_1_100' title="bbox 2235 4611 3818 4688">
     <span class='ocr_line' id='line_1_101' title="bbox 2235 4611 3818 4688; baseline -0.004 -16"><span class='ocrx_word' id='word_1_715' title='bbox 2235 4617 2432 4688; x_wconf 88' lang='lat' dir='ltr'><strong>partim</strong></span> <span class='ocrx_word' id='word_1_716' title='bbox 2465 4631 2532 4672; x_wconf 80' lang='lat' dir='ltr'><strong>ex</strong></span> <span class='ocrx_word' id='word_1_717' title='bbox 2573 4615 2809 4672; x_wconf 89' lang='lat' dir='ltr'><strong>lectione</strong></span> <span class='ocrx_word' id='word_1_718' title='bbox 2837 4621 3156 4670; x_wconf 89' lang='lat' dir='ltr'><strong>sanctorum</strong></span> <span class='ocrx_word' id='word_1_719' title='bbox 3191 4623 3471 4685; x_wconf 87' lang='lat' dir='ltr'><strong>gestorum</strong></span> <span class='ocrx_word' id='word_1_720' title='bbox 3493 4611 3614 4682; x_wconf 89' lang='lat' dir='ltr'><strong>ejus</strong></span> <span class='ocrx_word' id='word_1_721' title='bbox 3636 4612 3818 4666; x_wconf 75' lang='lat' dir='ltr'><strong>anim-</strong></span> 
     </span>
    </p>
   </div>
   <div class='ocr_carea' id='block_1_101' title="bbox 2237 4703 3821 4777">
    <p class='ocr_par' dir='ltr' id='par_1_101' title="bbox 2237 4703 3821 4777">
     <span class='ocr_line' id='line_1_102' title="bbox 2237 4703 3821 4777; baseline -0.005 -11"><span class='ocrx_word' id='word_1_722' title='bbox 2237 4707 2592 4776; x_wconf 86' lang='lat' dir='ltr'><strong>advertimus,</strong></span> <span class='ocrx_word' id='word_1_723' title='bbox 2635 4705 2835 4777; x_wconf 86' lang='lat' dir='ltr'><strong>partim</strong></span> <span class='ocrx_word' id='word_1_724' title='bbox 2870 4719 2938 4760; x_wconf 80' lang='lat' dir='ltr'><strong>ex</strong></span> <span class='ocrx_word' id='word_1_725' title='bbox 2979 4705 3245 4762; x_wconf 86' lang='lat' dir='ltr'><strong>relatione</strong></span> <span class='ocrx_word' id='word_1_726' title='bbox 3269 4704 3656 4776; x_wconf 81' lang='lat' dir='ltr'><strong>religiosorum</strong></span> <span class='ocrx_word' id='word_1_727' title='bbox 3686 4703 3821 4758; x_wconf 54' lang='lat' dir='ltr'><strong>Fran</strong></span> 
     </span>
    </p>
   </div>
   <div class='ocr_carea' id='block_1_102' title="bbox 2238 4795 3821 4870">
    <p class='ocr_par' dir='ltr' id='par_1_102' title="bbox 2238 4795 3821 4870">
     <span class='ocr_line' id='line_1_103' title="bbox 2238 4795 3821 4870; baseline -0.006 -13"><span class='ocrx_word' id='word_1_728' title='bbox 2238 4810 2406 4866; x_wconf 89' lang='lat' dir='ltr'><strong>trum,</strong></span> <span class='ocrx_word' id='word_1_729' title='bbox 2433 4799 2526 4870; x_wconf 89' lang='lat' dir='ltr'><strong>qui</strong></span> <span class='ocrx_word' id='word_1_730' title='bbox 2550 4814 2610 4856; x_wconf 89' lang='lat' dir='ltr'><strong>se</strong></span> <span class='ocrx_word' id='word_1_731' title='bbox 2629 4799 2698 4854; x_wconf 91' lang='lat' dir='ltr'><strong>de</strong></span> <span class='ocrx_word' id='word_1_732' title='bbox 2735 4797 3038 4868; x_wconf 90' lang='lat' dir='ltr'><strong>longinquo</strong></span> <span class='ocrx_word' id='word_1_733' title='bbox 3081 4798 3149 4854; x_wconf 90' lang='lat' dir='ltr'><strong>ad</strong></span> <span class='ocrx_word' id='word_1_734' title='bbox 3180 4797 3534 4868; x_wconf 88' lang='lat' dir='ltr'><strong>sepulchrum</strong></span> <span class='ocrx_word' id='word_1_735' title='bbox 3574 4795 3695 4865; x_wconf 90' lang='lat' dir='ltr'><strong>ejus</strong></span> <span class='ocrx_word' id='word_1_736' title='bbox 3723 4810 3821 4864; x_wconf 88' lang='lat' dir='ltr'><strong>per</strong></span> 
     </span>
    </p>
   </div>
   <div class='ocr_carea' id='block_1_103' title="bbox 2237 4887 3825 4959">
    <p class='ocr_par' dir='ltr' id='par_1_103' title="bbox 2237 4887 3825 4959">
     <span class='ocr_line' id='line_1_104' title="bbox 2237 4887 3825 4959; baseline -0.005 -11"><span class='ocrx_word' id='word_1_737' title='bbox 2237 4891 2624 4948; x_wconf 88' lang='lat' dir='ltr'><strong>revelationem</strong></span> <span class='ocrx_word' id='word_1_738' title='bbox 2661 4888 2922 4944; x_wconf 88' lang='lat' dir='ltr'><strong>invitatos</strong></span> <span class='ocrx_word' id='word_1_739' title='bbox 2943 4887 3185 4956; x_wconf 89' lang='lat' dir='ltr'><strong>venisse,</strong></span> <span class='ocrx_word' id='word_1_740' title='bbox 3209 4897 3267 4946; x_wconf 91' lang='lat' dir='ltr'><strong>et</strong></span> <span class='ocrx_word' id='word_1_741' title='bbox 3309 4903 3340 4944; x_wconf 85' lang='lat' dir='ltr'><strong>a</strong></span> <span class='ocrx_word' id='word_1_742' title='bbox 3370 4887 3630 4959; x_wconf 85' lang='lat' dir='ltr'><strong>gravibus</strong></span> <span class='ocrx_word' id='word_1_743' title='bbox 3656 4895 3825 4956; x_wconf 85' lang='lat' dir='ltr'><strong>atque</strong></span> 
     </span>
    </p>
   </div>
   <div class='ocr_carea' id='block_1_104' title="bbox 2239 4977 3818 5053">
    <p class='ocr_par' dir='ltr' id='par_1_104' title="bbox 2239 4977 3818 5053">
     <span class='ocr_line' id='line_1_105' title="bbox 2239 4977 3818 5053; baseline -0.004 -13"><span class='ocrx_word' id='word_1_744' title='bbox 2239 4982 2466 5040; x_wconf 90' lang='lat' dir='ltr'><strong>diutinis</strong></span> <span class='ocrx_word' id='word_1_745' title='bbox 2514 4981 2873 5053; x_wconf 88' lang='lat' dir='ltr'><strong>languoribus</strong></span> <span class='ocrx_word' id='word_1_746' title='bbox 2917 4980 3126 5050; x_wconf 89' lang='lat' dir='ltr'><strong>absque</strong></span> <span class='ocrx_word' id='word_1_747' title='bbox 3165 4993 3320 5036; x_wconf 88' lang='lat' dir='ltr'><strong>mora</strong></span> <span class='ocrx_word' id='word_1_748' title='bbox 3353 4979 3614 5034; x_wconf 88' lang='lat' dir='ltr'><strong>liberatos</strong></span> <span class='ocrx_word' id='word_1_749' title='bbox 3653 4977 3818 5034; x_wconf 86' lang='lat' dir='ltr'><strong>fuisse</strong></span> 
     </span>
    </p>
   </div>
   <div class='ocr_carea' id='block_1_105' title="bbox 2240 5073 3018 5108">
    <p class='ocr_par' dir='ltr' id='par_1_105' title="bbox 2240 5073 3018 5108">
     <span class='ocr_line' id='line_1_106' title="bbox 2240 5073 3018 5108; baseline 0 0"><span class='ocrx_word' id='word_1_750' title='bbox 2240 5084 2339 5108; x_wconf 66' lang='lat' dir='ltr'><strong>Coac</strong></span> <span class='ocrx_word' id='word_1_751' title='bbox 2349 5075 2418 5108; x_wconf 65' lang='lat' dir='ltr'><strong>ne:</strong></span> <span class='ocrx_word' id='word_1_752' title='bbox 2449 5082 2570 5108; x_wconf 72' lang='grc' dir='ltr'>οιιηι</span> <span class='ocrx_word' id='word_1_753' title='bbox 2633 5073 3018 5108; x_wconf 65' lang='grc' dir='ltr'><strong>Μνηοηλῖνηηα</strong></span> 
     </span>
    </p>
   </div>
  </div>
