3986 5386
257 164 324 221 97
1253 162 1787 220 PROLEGOMENA.
1809 193 1877 203 -—
1898 162 2075 217 ACTA
2105 167 2162 217 S.
2201 162 2546 218 GREGORH.
3466 172 3535 226 98

252 288 396 334 creta
424 277 692 347 Gregorii
736 277 913 332 nostri
949 274 1137 331 eontra
1161 278 1442 330 avaritiam
1482 286 1538 331 et
1574 278 1849 330 luxuriam
1881 284 1925 334 Α
1953 276 2181 329 ulterius
2209 290 2317 329 non
2342 276 2561 329 videre?
2586 276 2888 345 Respondit
2916 295 2928 330 :
2961 276 3112 330 Volo.
3154 277 3307 345 Noli,
3338 281 3535 350 inquit,

253 368 494 422 Simonis
522 377 585 422 et
626 366 882 435 Nicolai;
912 378 1181 437 quatenus
1214 377 1269 420 et
1297 367 1433 437 justi
1476 368 1850 438 vigilantiores

256 458 402 525 ﬁant,
434 458 507 512 ad
544 459 865 514 cavendum
896 458 1193 513 interdicta:
1218 458 1617 513 mmmunionis
1656 458 1849 527 piacu-

256 548 393 615 him;
425 556 483 603 et
503 549 763 621 operarii
809 549 1115 620 iniquitatis
1153 548 1621 605 formidolosiores
1651 549 1847 618 eﬁ‘ecti,

256 640 480 695 summis
504 641 859 711 paenitentiae
881 640 1166 695 conatibus
1201 640 1483 696 enitantur
1522 641 1589 697 ad
1618 642 1851 697 evaden-

253 733 375 785 dum
401 746 524 785 suae
546 731 1032 801 pmvaricationis
1053 731 1398 802 supplicium.
1421 729 1558 786 Nam
1582 734 1649 786 ad
1671 735 1850 803 sepul-

253 838 399 877 crum
425 822 561 892 ejus
581 822 812 879 ctelitus
841 822 1002 888 facta,
1026 823 1108 877 vel
1128 838 1250 892 qua:
1275 822 1392 877 ﬁeri
1407 823 1619 889 dicunt,
1632 825 1851 895 religio-

253 915 418 968 siores
440 914 666 983 quique
691 913 963 981 Romani;
990 928 1090 968 nos
1115 914 1241 980 illis,
1269 915 1365 984 qui
1387 914 1679 971 viciniores
1699 926 1846 983 sunt,

252 1005 633 1072 percensenda
660 1020 1044 1071 reservamus;
1076 1005 1276 1075 quibus
1294 1015 1348 1060 et
1368 1022 1615 1076 personae
1636 1005 1849 1064 facilius

252 1094 634 1164 innotescunt,
678 1097 736 1152 in
781 1097 983 1167 quibus
1008 1095 1092 1150 vel
1132 1094 1275 1151 facta
1304 1098 1387 1152 vel
1416 1097 1570 1152 ﬁunt.
1620 1096 1687 1153 Ut
1719 1114 1849 1169 ergo

252 1196 436 1242 contra
458 1189 716 1258 primam
740 1188 798 1241 in
825 1186 1065 1243 Ecclesia
1099 1186 1340 1242 Simonis
1369 1197 1574 1258 pestem
1610 1190 1848 1259 primum

253 1294 530 1346 ponamus
551 1280 894 1349 exemplum,
920 1279 1405 1335 reverendissimus
1443 1279 1848 1352 llirsaugiensis

254 1367 491 1423 omnobii
553 1369 723 1425 Pater
764 1369 915 1441 (l05)
956 1368 1282 1437 Willelmus,
1329 1372 1488 1441 cujus
1528 1372 1846 1443 religionem

254 1461 451 1530 scripta
496 1476 731 1532 quoque
774 1460 1021 1531 Gregorii
1062 1462 1238 1516 nostri
1281 1463 1661 1518 venerabiliter
1687 1481 1845 1520 acce-

256 1560 422 1621 ptant,
453 1552 609 1606 inter
635 1553 867 1619 multos,
908 1552 1003 1622 qui
1039 1553 1329 1623 specialem
1371 1554 1491 1624 ejus
1518 1555 1841 1611 medicinam

253 1643 609 1711 expetebant,
646 1644 857 1712 recepit
892 1644 1181 1713 quemdam
1210 1643 1615 1716 Presbyterum,
1665 1647 1845 1703 Simo-

263 1733 419 1787 niaca:
453 1734 756 1803 pravitatis
782 1734 935 1803 lepra
955 1735 1318 1803 maculosum,
1357 1736 1680 1794 humilitatis
1702 1740 1844 1794 anti-

261 1823 377 1878 doto
390 1826 731 1880 curandum.
754 1825 859 1879 Sed
883 1826 1045 1880 eheu!
1070 1827 1176 1880 vim
1194 1825 1426 1883 faciente
1450 1830 1845 1885 monachorum

262 1913 695 1983 importunitate,
710 1931 949 1986 quorum
974 1918 1207 1985 pessima
1222 1920 1561 1975 consuetudo
1574 1929 1657 1975 est
1674 1921 1741 1976 de
1758 1938 1847 1977 sa-

264 2006 359 2059 cris
377 2006 711 2091 Canonibus
730 2016 827 2060 aut
842 2022 1036 2077 parum
1056 2016 1152 2062 aut
1184 2010 1319 2064 nihil
1334 2027 1549 2077 curare,
1568 2027 1679 2067 non
1695 2029 1848 2067 com-

264 2098 458 2165 pescuit
470 2113 606 2153 eum
633 2098 707 2152 ab
730 2099 920 2153 illicita
938 2099 1274 2155 immaculati
1292 2101 1433 2172 Agni
1448 2102 1841 2159 immolatione.

268 2185 405 2243 Unde
452 2189 693 2261 contigit
742 2199 807 2244 ut
846 2190 965 2259 ipse
1005 2190 1255 2253 Salvator
1300 2193 1571 2250 horrenda
1606 2212 1733 2251 eum
1761 2196 1843 2250 vi-

264 2280 400 2335 sione
419 2281 759 2347 deterreret,
782 2297 912 2336 cum
953 2280 1092 2337 forte
1131 2292 1255 2353 post
1286 2284 1598 2340 inchoatam
1621 2286 1843 2344 Missam

264 2361 780 2427 catechumenon
815 2373 873 2426 in
913 2374 1133 2443 proprio
1171 2374 1375 2447 (stallo)
1411 2378 1692 2435 resideret.
1736 2378 1845 2449 0p-

263 2478 439 2531 presso
495 2479 742 2534 namque
785 2478 985 2533 sopore
1027 2466 1298 2535 apparuit,
1340 2467 1530 2524 scissis
1576 2472 1841 2535 vestibus,

258 2564 471 2623 aspectu
492 2555 661 2625 quasi
682 2554 936 2625 leprosus
956 2572 971 2621 ;
995 2555 1156 2626 eique
1176 2560 1416 2627 stupenti
1440 2568 1496 2614 et
1523 2560 1838 2629 admiranti,
1856 2604 1877 2636 δ

256 2660 409 2713 quem
451 2645 761 2715 respiceret
802 2661 972 2701 causa
1015 2646 1395 2716 hujuscemodi
1440 2652 1837 2720 apparitionis:

254 2734 470 2803 Taliter,
501 2736 712 2806 inquit,
748 2746 808 2791 tu
836 2753 921 2793 me
947 2739 1194 2793 tractasti
1221 2758 1233 2792 :
1270 2740 1384 2809 qui,
1411 2756 1537 2796 cum
1569 2751 1619 2797 te
1656 2742 1839 2798 Simo-

249 2829 464 2883 niacum
516 2845 637 2884 non
677 2829 1056 2899 nescit-estad
1097 2830 1434 2886 conﬁcienda
1485 2831 1838 2889 Sacramenta

1949 382 2080 436 ergo
2100 366 2298 421 amodo
2324 366 2587 421 Richardi
2626 366 2934 437 Presbyteri
2964 367 3159 424 Missas
3186 371 3405 439 audire,
3435 375 3538 443 qui

1949 457 2186 512 debitam
2213 466 2365 511 tanto
2376 456 2553 511 ofﬁcio
2567 459 2952 512 castimoniam
2975 475 3085 512 non
3098 461 3215 515 vult
3236 463 3532 518 custodire.

1952 545 2043 604 Sic
2067 547 2211 602 enim
2235 549 2536 603 vocabatur
2553 546 2865 620 Presbyter,
2893 550 2991 618 qui
3020 549 3097 604 illi
3125 553 3370 608 ecclesiae
3390 553 3535 609 indi-

1949 654 2089 709 gnus
2119 647 2369 708 praei-at,
2394 639 2553 709 juxta
2585 654 2753 709 quam
2777 638 2946 711 Virgo
2984 639 3096 695 Deo
3134 643 3315 698 dedita
3342 659 3533 699 mane-

1948 729 2060 784 bat.
2098 728 2164 784 Et
2206 730 2433 786 ex‘tunc
2478 746 2606 785 eum
2657 731 2871 799 publica
2915 731 3228 788 visitatione
3284 734 3536 790 confuta-

1951 827 2088 885 tum,
2124 829 2179 875 et
2205 818 2455 891 exemplo
2492 835 2595 875 suo
2622 821 2855 891 plebem,
2882 829 2945 875 ut
2980 822 3123 878 idem
3155 821 3381 892 faceret,
3406 827 3534 880 ani-o

1949 911 2136 965 mavit.

2018 1002 2140 1056 106.
2180 1000 2273 1057 llla
2309 1018 2531 1073 quoque
2565 1002 2712 1073 (l07)
2740 1003 2881 1058 visio
2908 1018 3019 1057 non
3041 1003 3261 1075 indigna
3287 1016 3530 1063 commeé

1948 1092 2250 1148 moratione
2279 1094 2525 1161 videtur;
2567 1110 2677 1164 qua
2703 1094 2935 1150 dilectus
2976 1093 3088 1149 Deo
3112 1105 3169 1150 et
3191 1097 3531 1165 hominibus,

1948 1184 2241 1239 benedicta:
2277 1185 2558 1241 memoriae
2601 1186 2929 1241 Adalbertus
2965 1187 3293 1252 monachus,
3325 1195 3382 1242 et
3418 1188 3535 1259 ipse

1947 1276 2305 1332 contumelias
2328 1285 2383 1330 et
2421 1285 2661 1332 terrores
2685 1278 2754 1332 ab
2780 1277 3113 1333 adversariis
3154 1276 3401 1348 Gregorii
3430 1295 3533 1334 no-

1948 1367 2046 1421 stri
2073 1377 2293 1437 propter
2336 1367 2708 1422 obedientiam
2751 1369 3097 1423 decretorum
3147 1369 3267 1438 ejus
3312 1385 3532 1438 passus,

1945 1460 2190 1514 eamdem
2225 1458 2515 1514 Herlucam
2543 1460 2746 1515 vidisse
2775 1458 3043 1514 referebat
3064 1460 3131 1515 de
3161 1460 3401 1529 quodam
3440 1460 3535 1515 Ni-

1946 1549 2163 1616 eolaita,
2181 1550 2278 1621 qui
2292 1550 2606 1606 carnalibus
2622 1550 2909 1605 desideriis
2923 1550 3227 1605 inserviens
3245 1551 3534 1607 ecclesiam

1878 1614 1922 1668 B
1948 1640 2095 1695 illam
2109 1614 2596 1706 contaminaverat,
2612 1657 2733 1712 quae
2746 1642 2898 1698 estin
2910 1642 3031 1700 loco
3042 1643 3137 1710 qui
3157 1641 3359 1696 dicitur
3368 1641 3528 1699 Rata.

1948 1729 2007 1788 ln
2020 1733 2108 1787 illa
2133 1748 2369 1802 namque
2389 1732 2644 1799 conﬁnia,
2659 1733 2762 1786 hoc
2774 1741 2857 1787 est
2874 1732 2927 1786 in
2951 1733 3191 1787 conﬁnio
3205 1731 3532 1791 Noricorum

1946 1835 2000 1879 et
2016 1824 2445 1879 Alamannorum
2461 1839 2601 1893 quos
2621 1823 2797 1895 Lycus
2821 1823 3021 1877 fluvius
3037 1823 3401 1890 disterminat,
3418 1840 3530 1879 non

1948 1917 2137 1988 procul
2156 1916 2463 1972 destinabat
2482 1915 2795 1969 mansiones
2810 1914 3055 1984 ejusdem
3073 1915 3367 1969 venerandi
3381 1915 3531 1971 senis

1947 2019 2001 2065 et
2031 2010 2202 2063 beatae
2222 2006 2461 2077 Virginis
2479 2047 2494 2072 ,
2518 2007 2865 2076 multumque
2892 2022 2950 2061 sc
2976 2006 3211 2060 invicem
3231 2007 3286 2061 in
3308 2005 3531 2063 Christo

1945 2100 2271 2169 diligebant,
2287 2098 2417 2167 quia
2439 2098 2793 2152 excellentem
2809 2095 2904 2151 Dei
2924 2097 3157 2167 gratiam
3178 2096 3235 2150 in
3256 2112 3317 2151 se
3336 2106 3530 2154 mutuo

1946 2189 2428 2261 recognoscebant.
2445 2188 2522 2243 lta
2536 2203 2668 2258 ergo
2682 2189 2912 2243 dilectus
2935 2188 3002 2243 de
3022 2188 3216 2243 dilecta
3245 2189 3525 2245 narrabat.

1947 2281 2112 2336 Beata
2143 2280 2380 2335 Herluca
2420 2279 2566 2334 inter
2603 2280 2783 2334 socias
2812 2278 3052 2350 virgines
3080 2287 3136 2332 et
3168 2279 3361 2334 viduas
3384 2297 3527 2350 qua-

1945 2372 2070 2428 dam
2101 2372 2190 2426 die
2225 2387 2290 2425 ex
2320 2385 2474 2426 more
2508 2370 2760 2437 sedebat,
2798 2379 2854 2425 et
2876 2370 3027 2441 Operi
3070 2385 3335 2426 manuum
3370 2372 3527 2442 juxta

1944 2463 2400 2521 consuetudinem
2453 2478 2610 2517 suam
2654 2462 2943 2532 diligenter
2985 2462 3364 2529 incumbebat;
3397 2479 3525 2520 cum

1943 2571 2069 2611 ecce
2093 2555 2276 2610 subito
2299 2570 2394 2623 per
2416 2552 2714 2608 fenestram
2739 2553 3115 2623 prospiciens,
3137 2555 3525 2610 miserabiliter

1943 2646 2233 2700 lamentari
2287 2645 2452 2714 coepit
2486 2653 2542 2698 et
2581 2643 2905 2708 vociferari,
2951 2644 3177 2699 dicens:
3232 2643 3356 2712 Vae,
3409 2648 3518 2700 vat!

1941 2737 2132 2792 Melius
2161 2736 2370 2791 homini
2394 2735 2469 2789 illi
2498 2743 2649 2801 erat,
2683 2735 2730 2788 si
2762 2741 2926 2788 natus
2956 2748 3065 2788 non
3100 2734 3317 2789 fuisset.
3347 2734 3518 2790 Cum-

1941 2844 2048 2901 que
2070 2828 2233 2882 nimis
2256 2826 2487 2880 attonita
2509 2825 2760 2894 quaedam
2786 2824 3016 2879 illustris
3041 2823 3240 2879 femina
3256 2866 3271 2890 ,
3296 2827 3521 2882 nomine

243 2916 507 2989 Corporis
530 2911 614 2974 'et
661 2918 957 2990 Sanguinis
1014 2920 1122 2975 mei
1179 2921 1537 2978 nihilominus
1580 2925 1839 2980 accedere
1864 2943 1908 3001 α
1941 2918 2247 2988 Iladewiga,
2268 2917 2657 2985 interrogasset
2676 2930 2795 2969 eam
2823 2914 3085 2983 quidnam
3104 2915 3349 2983 vidisset,
3373 2918 3519 2972 unde

237 3011 675 3081 praesumpsisti.
714 3008 862 3065 Inter
890 3012 1024 3076 haec,
1058 3020 1282 3081 urgente
1318 3014 1453 3068 hora
1489 3016 1743 3085 surgendi
1767 3017 1836 3071 ad

234 3102 537 3158 lectionem
576 3102 877 3174 Evangelii,
921 3103 1079 3158 multi
1125 3102 1377 3159 Fratrum
1425 3106 1722 3163 innuerunt
1778 3117 1838 3164 ut

230 3194 623 3261 excitaretur;
657 3195 753 3251 sed
795 3195 1088 3264 praxiictus
1117 3196 1299 3251 Abbas
1321 3199 1501 3254 altiori
1524 3202 1838 3257 considera—

231 3285 385 3340 tione
433 3286 650 3351 renuit,
689 3301 758 3339 ne
798 3286 1077 3353 revelatio,
1123 3287 1169 3342 si
1207 3303 1319 3357 qua
1349 3298 1516 3356 esset,
1550 3291 1837 3363 impedire-

219 3384 356 3432 tur:
390 3376 796 3432 animadvertit
818 3378 961 3432 enim
985 3393 1097 3432 non
1125 3378 1364 3435 otiosum
1387 3397 1511 3436 esse
1549 3391 1659 3438 tam
1703 3400 1834 3454 pro-

227 3466 473 3523 fundum
498 3468 653 3522 illius
684 3468 943 3537 temporis
963 3477 1019 3523 et
1044 3469 1149 3523 loci
1184 3485 1456 3540 soporem.
1494 3471 1680 3544 Itaque
1705 3492 1836 3530 ven-

227 3568 351 3617 tum
379 3569 471 3615 est
496 3559 572 3615 ad
609 3558 836 3614 Missam
864 3558 1387 3628 Sacramentarum,‘
1403 3570 1460 3618 et
1493 3572 1621 3621 tunc
1648 3581 1837 3622 neces-

224 3651 387 3705 sario
413 3648 863 3720 expergefactus,
887 3650 1197 3706 celebrandi
1219 3669 1388 3709 causa
1427 3658 1692 3726 mysterii,
1726 3673 1836 3711 ma-

221 3742 526 3797 nifestavit
549 3741 900 3813 gravedinem
923 3750 977 3796 et
1007 3741 1503 3813 impossibilitatem
1537 3762 1715 3816 suam,
1751 3766 1837 3804 ac-

222 3844 514 3904 ceptoque
541 3833 795 3904 protinus
823 3833 1072 3902 ejusdem
1098 3832 1278 3889 Missa:
1320 3836 1547 3904 vicario,
1594 3854 1660 3894 ex
1705 3848 1834 3897 tunc

224 3925 286 3978 in
323 3927 609 3995 reliquum
633 3925 851 3995 penitus
888 3924 1124 3979 cessavit
1147 3940 1177 3979 a
1207 3925 1540 3982 Sacerdotali
1563 3929 1758 3985 oﬂicio.

307 4015 438 4070 105.
482 4016 699 4072 Abhinc
739 4013 1064 4085 proferenda
1092 4023 1221 4070 sunt
1246 4018 1491 4086 exempla
1524 4030 1711 4075 contra
1741 4002 1851 4074 Ni—i

227 4107 496 4174 colaitas,
521 4116 579 4163 et
607 4106 805 4163 earum
826 4106 1324 4164 communicatores
1351 4109 1603 4164 valentia.
1640 4110 1833 4167 Felicis

231 4213 486 4267 namque
540 4197 828 4252 memoriae
880 4195 1046 4266 Virgo
1102 4195 1356 4265 Herluca,
1401 4201 1488 4254 cui
1534 4200 1832 4259 familiares

1940 3019 2152 3067 tantum
2185 3014 2459 3063 commota
2490 3004 2725 3061 fuisset?
2753 3003 3002 3059 Mortuus
3043 3013 3155 3071 est,
3194 3005 3403 3075 inquit,
3436 3007 3521 3060 in-

1939 3102 2066 3157 felix
2096 3099 2386 3169 Presbyter
2407 3096 2535 3151 illud
2560 3096 2627 3150 de
2661 3094 2799 3148 Rota
2819 3137 2833 3161 ,
2861 3104 2915 3149 ct
2946 3096 3127 3150 anima
3156 3096 3277 3166 ejus
3308 3097 3378 3152 ab
3415 3113 3519 3151 an-

1938 3191 2070 3263 gelis
2090 3191 2345 3245 Sathante
2368 3188 2582 3243 sublata
2603 3195 2855 3257 portatur
2870 3187 2939 3240 ad
2964 3186 3177 3241 inferna
3198 3205 3210 3241 :
3234 3187 3345 3242 vidi
3365 3186 3513 3243 enim

1936 3298 2034 3339 eos
2062 3290 2453 3353 praetereuntes
2472 3293 2600 3334 cum
2633 3278 3020 3346 insultatione,
3055 3286 3111 3334 et
3146 3278 3389 3333 animam
3419 3296 3518 3336 eo-

1937 3372 2221 3426 mitantem
2262 3385 2386 3424 cum
2423 3368 2738 3439 ejulatione.
2775 3365 2869 3421 Illa
2910 3374 3131 3437 optante
3181 3368 3288 3424 hoc
3327 3383 3518 3424 verum

1938 3478 2048 3519 non
2075 3476 2231 3527 esse,
2261 3459 2506 3515 Mittatur
2525 3500 2540 3525 ,
2567 3457 2776 3527 inquit,
2816 3457 2912 3526 qui
2939 3456 3224 3512 veritatem
3251 3457 3514 3527 inquirat.

1937 3552 2136 3608 Missus
2164 3551 2391 3606 nuntius
2411 3548 2672 3604 familiam
2697 3548 2971 3618 lugentem
3001 3546 3235 3614 invenit;
3258 3548 3517 3603 eteadem

1935 3645 2071 3698 hora
2093 3642 2358 3712 comperit
2383 3648 2693 3707 mortuum,
2733 3655 2842 3709 qua
2872 3639 3031 3693 beata
3068 3638 3229 3709 Virgo
3264 3640 3518 3709 spiritum

1936 3732 2057 3802 ejus
2081 3732 2291 3785 viderat
2315 3746 2344 3784 a
2372 3729 2622 3801 malignis
2653 3728 2936 3798 spiritibus
2964 3738 3329 3799 asportatum.

2006 3842 2129 3896 107.
2161 3840 2371 3895 Interea
2404 3855 2568 3909 super
2598 3840 2746 3909 ipsas
2784 3855 3004 3908 quoque
3027 3855 3227 3894 uxores
3248 3854 3348 3894 seu
3379 3856 3516 3895 cou-

1935 3935 2165 3989 cubinas
2215 3932 2609 3988 Nicolaitarum
2666 3931 2980 3985 terribiliter
3037 3932 3283 3987 desaeviit
3330 3934 3515 3988 divina

1935 4025 2091 4079 ultio.
2116 4022 2254 4077 Nam
2285 4024 2534 4093 quaedam
2567 4023 2784 4076 illarum
2805 4065 2821 4087 ,
2869 4024 2921 4077 in
2961 4026 3256 4092 reprobum
3287 4040 3512 4079 sensum

1936 4115 2179 4179 tradita,
2219 4113 2541 4182 semetipsos
2585 4112 2838 4168 inccndio
2891 4113 3268 4167 tradiderunt:
3316 4114 3516 4182 aliqua:

1934 4204 2064 4258 dum
2088 4218 2235 4257 same
2255 4186 2499 4257 cubitum
2530 4202 2735 4267 issent,
2760 4211 2999 4277 morture,
3025 4211 3253 4271 repertae
3289 4212 3417 4256 sunt
3457 4202 3512 4257 in

232 4298 397 4343 erant
419 4288 659 4344 visiones
685 4296 742 4342 et
765 4288 1130 4343 revelationes
1162 4288 1377 4344 Domini
1404 4307 1529 4347 cum
1554 4293 1838 4348 inﬁrmita-
1871 4291 1913 4345 D
1939 4293 2239 4359 matutino,
2303 4293 2510 4363 absque
2550 4292 2662 4347 ullo
2700 4293 2995 4365 prmeumis
3039 4292 3372 4347 inﬁrmitatis
3424 4294 3512 4348 in-

236 4379 392 4433 tibus
438 4379 709 4449 Apostoli,
738 4377 888 4434 ﬁdeli
924 4378 1097 4433 relatu
1133 4379 1293 4434 nobis
1336 4381 1632 4438 insinuavit
1684 4387 1833 4455 quod

238 4469 359 4538 ipsa
395 4472 510 4527 vice
543 4472 815 4543 quadam,
845 4470 977 4524 dum
1025 4470 1272 4526 solitaria
1306 4475 1598 4530 resedisset
1624 4477 1679 4531 in
1723 4478 1833 4532 eel-

241 4559 349 4634 lula
385 4580 503 4630 sua,
529 4563 727 4620 subito
753 4561 965 4616 viderat
992 4560 1285 4618 Dominum
1326 4563 1513 4620 Jesum
1540 4568 1607 4623 ad
1649 4584 1708 4622 se
1742 4568 1830 4623 in-

243 4655 423 4724 troire,
449 4657 764 4712 comitante
802 4653 959 4708 beato
990 4652 1268 4724 Wicterpo
1303 4655 1450 4727 (106)
1471 4657 1835 4731 Augustensis

240 4742 483 4805 Ecclesia:
525 4746 831 4821 quondam
879 4744 1159 4813 Praesule;
1215 4747 1514 4820 habitoque
1559 4753 1835 4822 paulisper

236 4839 444 4896 silentio
471 4841 835 4902 subsistere,
874 4843 930 4889 et
966 4837 1192 4893 vulnera
1241 4846 1454 4895 tantum
1508 4859 1607 4899 sua
1638 4858 1836 4898 cruore

233 4935 497 4989 manantia
527 4930 851 4989 offendere.
876 4926 1122 4998 Cumque
1161 4930 1541 5000 horripilasset
1568 4950 1599 4988 a
1642 4935 1835 4991 timore

231 5024 446 5081 visionis
475 5025 759 5086 insolita,
787 5019 985 5075 aﬁ‘atus
1024 5031 1108 5076 est
1127 5038 1246 5077 eam
1286 5021 1588 5097 Episcopus
1632 5027 1708 5082 ita
1747 5027 1833 5082 di-

225 5132 381 5174 cens:
417 5119 831 5176 Abhorresne,
863 5110 1052 5178 Soror,
1086 5129 1115 5168 a
1153 5121 1384 5170 cruenta
1420 5118 1601 5189 specie
1639 5116 1829 5172 Salva-

222 5211 379 5268 toris?
406 5212 501 5265 Ait
529 5229 542 5263 :
572 5208 803 5269 Etiam,
844 5201 1089 5257 Domine.
1126 5204 1220 5262 Vis
1243 5220 1392 5274 eum,
1427 5208 1626 5279 inquit,
1657 5209 1835 5263 taliter

284 5344 428 5386 filim
472 5338 830 5386 ﬂ’ilhelmus
859 5350 1003 5386 anno
1034 5334 1184 5386 1091-
1219 5339 1307 5386 die.
1329 5337 1362 5386 5’
1390 5337 1515 5386 .lnlii
1561 5351 1826 5386 mnrnms-

1934 4384 2078 4439 dicio
2104 4403 2115 4438 :
2148 4384 2457 4453 aliquarum
2492 4383 2658 4438 etiam
2688 4398 2918 4452 corpora
2937 4423 2952 4448 ,
2993 4390 3118 4452 post
3142 4382 3363 4438 evulsas
3389 4386 3513 4438 ani-

1934 4492 2054 4531 mas
2077 4519 2091 4543 ,
2116 4476 2337 4545 maligni
2379 4476 2605 4546 spiritus
2633 4475 2907 4545 rapientes
2926 4516 2939 4541 ,
2969 4483 3026 4528 et
3056 4475 3111 4529 in
3150 4492 3247 4530 sua
3288 4475 3513 4532 latibula

1934 4575 2293 4637 reponentes,
2333 4566 2571 4621 humana
2609 4565 2889 4634 sepultura
2929 4565 3295 4634 privarentur.
3340 4566 3515 4623 Porro

1934 4657 2262 4713 incestuosis
2293 4655 2587 4713 Missarum
2618 4655 3049 4712 celebratorihus
3072 4657 3146 4712 ita
3181 4673 3240 4715 se
3277 4659 3513 4715 manife-

1934 4749 2099 4804 stavit
2139 4747 2431 4817 aliquoties
2472 4745 2553 4801 ira
2586 4746 2716 4812 Dei;
2756 4746 2939 4815 quod,
2965 4747 3094 4803 dum
3136 4748 3252 4819 jam
3290 4749 3517 4819 jamque

1934 4843 2342 4917 communicare
2384 4840 2619 4906 vellent,
2659 4839 2821 4893 turbo
2867 4842 3162 4897 vehemens
3194 4842 3386 4907 irruit,
3417 4856 3516 4895 ca-

1933 4932 2200 5004 licemque
2250 4929 2574 4985 subvertcns
2635 4927 2965 4999 Sanguinem
3029 4932 3253 4997 effudit,
3311 4930 3517 4986 Panem

1933 5037 2064 5079 vero
2102 5028 2356 5080 sanctum
2400 5019 2657 5075 humana:
2696 5019 3028 5080 inventionis
3058 5021 3381 5079 mirabiliter
3415 5019 3516 5074 ab-

1932 5111 2118 5181 ripuit.
2151 5107 2342 5178 Qualis
2385 5122 2513 5162 vero
2561 5108 2850 5180 Presbyter
2893 5111 2983 5169 ille
3016 5112 3213 5178 fuerit,
3240 5110 3335 5179 qui
3373 5121 3519 5175 sape

1933 5204 2063 5260 dicti
2102 5214 2427 5271 semperque
2462 5199 2679 5257 dicendi
2714 5200 2963 5274 Gregorii
3010 5203 3187 5260 nostri
3228 5201 3474 5258 casulam
3498 5235 3515 5260 ,

1932 5343 2151 5386 m'rm'm's
2175 5336 2425 5386 dedimus
2461 5337 2529 5386 i8
2575 5340 2798 5386 Anrilis-
2846 5349 2900 5386 et
2947 5351 3274 5386 uncti-mnam
3298 5328 3516 5386 quidem
