3986 5386
156 387 250 443 ιο]

1139 371 1670 430 ιδιιοιεοοδιεΝΑ.
1692 402 1762 414 -—-
1783 370 1967 427 ACTA
2004 370 2060 426 S.
2101 368 2448 427 GRECOR".

3298 375 3399 432 102

153 498 290 571 ιριιᾶ
326 491 639 551 Goslariam
668 497 996 557 coarctattts,
1024 499 1078 544 et
1114 490 1343 545 letaliter
1383 490 1722 554 vulneratus,
1753 488 1799 545 A
1825 484 2020 540 nonice
2045 486 2199 555 signa
2229 502 2354 541 eum
2396 486 2515 557 ipso
2539 484 2787 542 faciente.
2840 486 3039 543 Verum
3063 499 3188 561 post
3215 507 3407 550 exces-

152 587 405 662 qnamdiu
435 583 738 655 supervixit
771 598 897 637 cum
935 580 1240 636 admirabili
1278 580 1558 635 alacritate
1582 593 1723 649 prze-

151 687 320 733 sentes
351 675 646 729 admonuit
673 682 735 728 ut
762 672 866 727 sibi
889 681 944 726 et
979 672 1048 726 ab
1071 671 1449 726 haereticorum
1471 668 1724 738 contagio

150 774 482 832 eaverent,et
506 765 565 819 in
595 763 901 819 obedientia
921 761 1187 817 Catholici
1210 761 1482 831 pontiﬁcis
1508 775 1724 830 perma-

151 866 347 913 nerent.
404 856 657 925 Denique
694 855 835 909 inter
871 854 1033 908 verba
1086 862 1287 907 sauctm
1327 850 1723 923 exhortationis

148 960 195 1004 et
216 946 483 1003 orationis
501 946 758 1015 spiritum
778 945 1047 1009 emittens,
1071 943 1312 1012 sepultus
1328 951 1412 997 est
1435 943 1489 996 in
1516 943 1721 996 Memo-

148 1041 219 1095 ria
250 1037 637 1109 apostolorum
668 1035 817 1090 Petri
846 1043 901 1089 et
933 1035 1104 1100 Pauli,
1135 1049 1300 1104 quam
1327 1034 1444 1103 ipse
1466 1049 1497 1088 a
1528 1033 1723 1089 funda-

149 1120 316 1184 mento
346 1136 740 1182 construxerat
767 1135 819 1180 et
848 1126 1206 1180 dedicaverat.

208 1220 323 1275 111.
364 1218 545 1273 Porro
572 1217 726 1289 (115)
759 1216 1189 1279 Theodomarus,
1218 1223 1427 1270 natura:
1453 1224 1720 1286 praastan-

149 1314 210 1366 tia
227 1321 276 1366 et
294 1311 468 1365 totius
491 1308 823 1363 humilitatis
848 1315 902 1361 et
925 1298 1225 1360 honestatis
1249 1306 1479 1360 artificio
1498 1308 1721 1377 praecla—

149 1420 250 1467 rus,
268 1402 462 1458 crebra
484 1398 735 1470 fugiendi
759 1397 1078 1452 necesstiate
1099 1411 1128 1449 a
1151 1394 1482 1450 Guibertinis
1502 1406 1555 1450 et
1579 1396 1720 1450 Hen-

148 1494 348 1549 ricianis
373 1491 702 1554 tribulatus,
731 1498 787 1544 et
808 1490 966 1558 longa
1003 1487 1222 1541 demum
1254 1488 1505 1557 captione
1537 1504 1718 1542 mace-

149 1595 312 1650 ratus;
342 1578 645 1652 postquam
677 1596 737 1635 se
772 1579 907 1634 vidit
933 1578 986 1631 in
1013 1578 1129 1632 suis
1158 1578 1405 1633 terminis
1431 1593 1540 1633 non
1559 1594 1719 1649 posse

147 1675 477 1740 fructiﬁcare,
501 1673 701 1728 statuit
719 1670 1151 1741 Hierosolymam
1172 1677 1508 1725 transmeare
1527 1689 1541 1737 ;
1557 1679 1719 1741 atque

149 1770 267 1821 inter
288 1766 534 1819 eundum
569 1780 601 1818 a
642 1762 872 1834 paganis
897 1762 1249 1830 interceptus,
1277 1769 1330 1815 et
1354 1776 1453 1830 pro
1490 1762 1717 1832 inexpu-

147 1858 324 1931 gnabili
344 1855 705 1911 confessione
746 1853 982 1908 nominis
1018 1850 1223 1906 Christi
1263 1852 1603 1907 membratim
1636 1855 1718 1908 in-

148 1950 372 2012 tercisus,
400 1962 709 2016 supernam
745 1943 1082 1999 Hierusalem
1112 1942 1288 1997 victor
1329 1944 1600 2014 gloriosus
1629 1948 1717 2001 in-

148 2041 303 2095 travit.
350 2037 449 2092 Hic
477 2038 835 2091 ordinaverat
864 2043 1064 2090 nostra:
1095 2034 1418 2089 humilitatis
1443 2036 1718 2091 ordinato-

147 2129 806 2196 rem,reverendissimum
827 2127 1032 2182 scilicet
1054 2122 1367 2181 Udalricum
1390 2125 1719 2183 Lauriacen-

147 2238 244 2278 sem
260 2222 366 2277 sive
387 2220 780 2275 Patavicnsem
796 2216 1135 2289 episcopum(
1142 2218 1162 2271 1
1178 2218 1284 2287 l6),
1302 2226 1465 2288 atque
1491 2229 1716 2289 aposto-

148 2316 245 2369 lica:
271 2311 410 2368 sedis
447 2313 721 2382 legatum,
760 2312 854 2382 qui
876 2318 1003 2364 ante
1032 2309 1135 2364 hoc
1171 2309 1319 2380 (H7)
1348 2314 1712 2379 septennium,

148 2415 251 2475 post
276 2404 476 2457 multos
524 2418 760 2473 agones,
803 2418 902 2471 pro
929 2400 1233 2456 assertione
1264 2400 1583 2472 Gregoriani
1611 2405 1715 2458 (lo-

147 2496 335 2567 gmatis,
362 2495 527 2565 cujus
578 2494 650 2548 ad
694 2508 943 2548 normam
997 2499 1052 2546 et
1100 2493 1397 2548 electus'et
1432 2502 1715 2563 promotus

150 2586 316 2652 hient,
344 2586 597 2656 legitime
642 2584 966 2649 decertatos,
1006 2584 1333 2639 obdormivit
1367 2586 1422 2639 in
1459 2584 1711 2656 Domino,

148 2692 267 2734 anno
284 2677 459 2732 atatis
494 2690 623 2730 sua:
650 2675 948 2729 centesimo
987 2676 1202 2745 quinto,
1243 2676 1535 2743 neminem,
1574 2680 1712 2748 proh

148 2768 278 2824 dolor
304 2771 316 2821 !
348 2768 434 2823 sui
458 2766 711 2823 similem
738 2766 1048 2835 relinquens
1083 2768 1225 2819 inter
1258 2781 1449 2822 omnes
1487 2767 1713 2823 Germa-

148 2860 331 2913 niarum
357 2858 657 2928 pnesules.
700 2855 919 2910 Nullum
949 2856 1147 2909 etenim
1174 2856 1420 2912 videmus
1447 2858 1521 2913 ita
1560 2874 1711 2914 com—

146 2952 355 3018 positum
398 2949 685 3013 moribus,
739 2947 1112 3002 honorabilem
1159 2948 1310 3002 vultu
1332 2989 1347 3013 ,
1403 2950 1708 3005 modestum

147 3040 324 3109 habitu,
343 3040 685 3097 auctoritate
704 3039 1080 3104 reverendum,
1105 3055 1321 3109 semper
1345 3040 1628 3095 habentem
1653 3043 1707 3097 in

1828 590 1951 629 sum
1979 575 2147 629 divini
2173 575 2448 642 Prmsulis,
2469 592 2615 641 cum,
2648 579 2885 646 peccatis
2905 580 3265 649 exigentibus,
3296 600 3397 655 po-

1827 668 2027 722 suisset
2060 666 2204 724 Deus
2234 669 2484 724 tenebras
2505 668 2847 738 insipientize,
2870 679 2924 725 et
2953 669 3093 726 facta
3120 683 3262 729 esset
3290 692 3398 733 nox

1826 756 2146 825 insolentiae,
2168 760 2222 813 in
2239 760 2352 829 ipsa
2369 761 2798 828 pertransierunt
2816 777 3005 818 omnes
3026 764 3211 820 bestia:
3232 768 3401 834 silvae,

1824 855 1878 903 et
1909 850 2079 905 catuli
2102 849 2324 904 leonum
2352 850 2629 920 rugientes
2655 858 2714 904 ut
2739 862 2990 921 raperent
3014 862 3069 908 et
3091 870 3399 925 quaererent

1824 955 1855 993 a
1876 938 1986 995 Deo
2004 956 2188 996 escam
2212 941 2335 1007 sibi,
2364 942 2611 996 videlicet
2623 932 2845 1011 spiritus
2866 945 3086 1016 maligni
3112 964 3124 999 :
3149 956 3221 1013 et,
3250 953 3397 1020 quod

1824 1031 2131 1086 miserabile
2167 1033 2315 1087 dictu
2347 1041 2451 1098 est,
2474 1034 2809 1088 sacerdotem
2837 1035 3024 1101 istum,
3049 1046 3275 1094 eatenus
3317 1043 3403 1096 in-

1823 1129 2055 1192 tegrum,
2084 1138 2271 1178 morsu
2302 1124 2532 1178 luxuria:
2568 1117 2967 1195 corruperunt:
2992 1129 3137 1197 quod
3162 1130 3400 1199 praefata:

1824 1210 2032 1282 Virgini
2061 1213 2141 1269 sic
2165 1215 2501 1285 assignatum
2527 1224 2628 1270 est.
2682 1215 2843 1272 Visus
2876 1229 2963 1273 est
2999 1219 3051 1273 ei
3090 1221 3270 1276 denuo
3307 1239 3401 1277 sa-

1822 1302 1931 1357 cris
1955 1305 2228 1374 mysteriis
2256 1305 2529 1373 insistere,
2553 1307 2772 1362 dextera
2806 1308 3026 1377 quidem
3053 1309 3268 1366 Domini
3310 1314 3398 1367 ni-

1823 1392 2117 1449 hilominus
2167 1405 2489 1465 apparente;
2542 1398 2637 1452 sed
2688 1399 2854 1453 veluti
2901 1399 3152 1470 languida
3197 1402 3399 1472 depen-

1820 1483 2001 1549 dente,
2038 1500 2103 1539 ac
2136 1486 2272 1540 nihil
2292 1488 2508 1557 penitus
2533 1489 2874 1544 conﬁciente.
2922 1490 2989 1544 Et
3036 1492 3151 1548 haec
3179 1495 3397 1564 quidem

1806 1574 2082 1629 divinitus
2104 1584 2323 1632 ostensa
2350 1587 2478 1633 sunt
2503 1578 2728 1649 Virgini.

1806 1658 1811 1661 ’
1892 1665 2015 1719 115.
2059 1666 2329 1722 Caeterum
2395 1670 2705 1740 aliquoties,
2764 1686 2888 1725 cum
2951 1673 3399 1732 incontinentium

1821 1757 2163 1812 sacerdotum
2203 1758 2397 1826 cilicia,
2444 1760 2605 1829 juxta
2647 1761 3035 1832 Gregorianam
3076 1769 3399 1837 prohibitio-

1823 1861 1967 1913 nem,
1998 1851 2355 1918 corporaliter
2387 1852 2713 1918 declinaret;
2755 1870 2820 1908 ae
2861 1870 2956 1923 per
2997 1856 3156 1911 ﬁdem
3186 1865 3241 1912 et
3275 1875 3400 1913 ora-

1821 1936 2021 1992 tionem
2054 1940 2161 1994 illis
2191 1942 2510 2007 intenderet,
2538 1944 2737 2013 quibus
2780 1948 3114 2014 corporalem
3162 1965 3401 2018 prasen-

1819 2028 1950 2082 tiam
1973 2031 2232 2087 exhibere
2256 2048 2365 2087 non
2392 2034 2601 2103 potuit;
2641 2036 2779 2089 mira
2811 2035 3106 2094 Salvat-zris
3150 2041 3397 2112 largitate

1817 2118 2061 2188 ejusdem
2104 2123 2387 2180 suavitatis
2442 2133 2660 2196 gustum
2707 2128 2908 2182 sentire
2958 2130 3122 2200 coepit
3164 2131 3219 2185 in
3268 2146 3395 2199 ore,

1816 2225 1979 2279 quem
2007 2212 2300 2281 interdum,
2334 2216 2550 2272 realiter
2588 2218 3040 2275 communicando
3081 2221 3395 2290 Catholicis,

1817 2315 1877 2355 se
1895 2305 2270 2374 gratulabatur
2296 2309 2536 2363 sensisse
2580 2324 2647 2363 ex
2696 2309 2984 2365 manifesta
3025 2314 3398 2369 sacramento-

1817 2408 1939 2447 rum
1984 2399 2347 2468 perceptione.
2394 2399 2659 2471 Diligebat
2710 2411 2890 2458 autem
2933 2404 3076 2459 hanc
3122 2402 3396 2477 Virginem

1815 2500 1926 2554 prae
1952 2490 2164 2544 caeteris
2205 2490 2504 2562 virginibus
2534 2492 2707 2548 beatae
2742 2495 3139 2550 recordationis
3166 2497 3395 2553 antistes

1814 2573 2118 2646 Odalricus,
2145 2596 2253 2636 non
2281 2584 2455 2654 magis
2484 2592 2705 2654 propter
2730 2600 2887 2640 suam
2909 2585 3142 2641 indolem
3170 2587 3392 2654 bonam,

1813 2682 1980 2738 quam
2021 2681 2239 2742 propter
2272 2673 2648 2729 honorabilem
2677 2684 2881 2731 sancta:
2918 2678 3111 2732 matris
3156 2679 3394 2734 viduita-
3466 2660 3469 2665 C

1812 2765 1944 2825 tem,
1963 2769 2018 2814 et
2040 2771 2452 2820 materterarum
2472 2764 2592 2835 ejus
2613 2766 2757 2836 (quae
2776 2782 2966 2823 omnes
2989 2768 3136 2823 illam
3159 2770 3395 2825 maxime

1811 2851 2151 2925 erudiebant)
2180 2856 2503 2923 laudabilem
2546 2858 2927 2929 virginitatem.
2981 2858 3057 2916 De
3089 2870 3280 2929 matre,
3304 2865 3397 2918 cui

1811 2957 2008 2998 nomen
2038 2945 2284 3014 Heliszea,
2320 2948 2468 3019 (119)
2497 2950 2732 3005 breviter
2755 2951 3137 3020 adjiciendum,
3167 2954 3311 3022 quod
3336 2955 3390 3007 in

1812 3031 2051 3090 fervente
2079 3038 2384 3093 obedientia
2414 3039 2661 3109 Gregorii
2682 3041 2854 3095 nostri
2881 3041 3068 3096 multis
3097 3042 3390 3098 virtutibus

147 3134 291 3202 gratia
316 3133 425 3188 sale
443 3131 742 3188 conditum
765 3141 1093 3196 sermonem,
1117 3138 1171 3184 et
1199 3132 1520 3201 Opportunis
1551 3133 1711 3188 nndi-
1738 3143 1778 3199 ς,
1810 3132 1865 3178 et
1884 3127 2182 3195 prophetiae
2211 3129 2404 3197 spiritu
2433 3131 2772 3199 praepollens,
2800 3146 2925 3185 cum
2960 3133 3026 3186 ad
3052 3143 3388 3189 momentum

146 3240 234 3293 que
257 3225 532 3294 responsis
568 3223 907 3293 expeditum,
943 3230 999 3276 et
1019 3221 1154 3276 alias
1180 3223 1546 3292 possidentem
1575 3240 1713 3293 prae-

146 3317 405 3385 rogativas,
428 3331 590 3387 quas
619 3314 915 3368 maluimus
940 3312 1290 3368 dissimulare
1334 3330 1501 3384 quam
1527 3316 1714 3372 conci-

148 3415 241 3459 tare
256 3407 459 3462 inanem
482 3405 757 3461 invidiam
778 3400 929 3458 illum
956 3418 1241 3473 extequare
1260 3419 1370 3459 non
1390 3407 1707 3461 valentium.

146 3494 239 3553 lloc
260 3507 426 3553 tamen
448 3514 599 3553 cum
611 3511 743 3566 pace
768 3503 1094 3551 cunctorum
1121 3502 1377 3564 putamus
1397 3496 1709 3566 dicendum,

146 3589 265 3656 quod
299 3590 429 3644 nihil
456 3588 625 3643 illius
652 3587 937 3643 severitate
957 3586 1277 3657 jucundius,
1313 3586 1449 3642 nihil
1476 3598 1593 3644 erat
1621 3590 1714 3659 ju-

145 3666 384 3734 cunditate
421 3679 719 3745 severius;
750 3687 804 3733 et
840 3678 988 3748 quod
1030 3677 1184 3731 mirae
1220 3678 1559 3735 abstinentiae
1584 3696 1710 3736 cum

148 3778 273 3826 tanta
309 3773 594 3827 alacritate
647 3770 1036 3825 moderabatur
1072 3769 1349 3836 virtutem,
1392 3777 1454 3825 ut
1503 3772 1710 3827 nullam

147 3863 331 3928 petitus
362 3864 639 3919 redoleret
670 3862 1110 3916 ostentationem.

207 3954 313 4008 112.
354 3954 527 4024 Cujus
556 3954 822 4023 specialis
846 3953 1090 4019 alumna,
1121 3952 1270 4023 (118)
1297 3954 1455 4024 virgo
1486 3954 1596 4010 Deo
1616 3956 1710 4010 de-

146 4053 270 4112 vota,
293 4046 418 4100 vidit
440 4047 706 4102 caelestes
723 4044 984 4109 visiones,
1026 4051 1083 4098 et
1113 4048 1322 4114 accepit
1362 4045 1705 4111 donationes,

147 4136 204 4189 ad
243 4138 774 4194 commendationem
830 4134 1177 4205 Gregorianze
1237 4135 1554 4192 obedientia:
1597 4152 1705 4193 non

148 4226 345 4297 ineptas,
374 4230 612 4300 ideoque
642 4227 865 4283 silentio
885 4227 1108 4283 minime
1135 4228 1558 4297 pratereundas.
1610 4226 1706 4281 Di-

148 4316 322 4373 lexerat
341 4321 486 4375 enim
517 4319 823 4391 quemdam
846 4318 1242 4389 presbyterum,
1284 4333 1351 4373 eo
1374 4319 1520 4389 quod
1559 4327 1709 4374 caste

147 4410 360 4478 vixisset,
386 4422 441 4467 et
470 4430 502 4467 a
532 4421 653 4467 tam
678 4411 923 4481 legitimo
958 4410 1232 4480 pontiﬁce,
1261 4409 1508 4467 videlicet
1545 4410 1706 4466 Odal-

148 4502 261 4569 rico,
290 4520 472 4561 sacros
515 4503 760 4559 Ordines
801 4503 1129 4573 accepisset;
1152 4502 1381 4573 ejusque
1412 4504 1469 4559 in
1502 4503 1702 4560 divinis
1736 4492 1777 4547 Ι)

149 4590 337 4661 Oiliciis,
361 4598 525 4651 etiam
570 4596 699 4666 ipso
742 4603 934 4650 tenore
975 4595 1148 4659 vocis,
1184 4594 1553 4651 delectabilem
1591 4611 1706 4651 sua:

150 4687 360 4743 caritatis
404 4687 827 4745 similitudinem
873 4687 1157 4757 attigisset.
1209 4684 1361 4742 Unde
1391 4689 1617 4760 contigit
1647 4697 1706 4743 ut

149 4778 349 4844 qudam
377 4780 498 4837 vice
524 4780 811 4835 videretur
834 4777 887 4834 ei
914 4794 1067 4834 sacra
1110 4778 1365 4850 mysteria
1409 4781 1702 4847 celebrare,

151 4867 336 4924 dextera
361 4872 564 4927 divinae
594 4870 903 4940 maiestatis
923 4870 1157 4940 desuper
1180 4879 1495 4940 apparente,
1524 4880 1579 4927 et
1611 4888 1703 4929 ca-

207 4998 336 5077 (115)
376 5000 433 5057 S.
462 5002 1008 5077 Theodomarussive
1046 5001 1407 5077 piethmarus,
1442 5016 1497 5061 et
1521 5008 1702 5077 potius

150 5065 355 5149 Tw,
388 5074 842 5149 archiepiscopus
869 5065 1429 5149 :ZQUSalisburgensis,
1467 5065 1561 5133 seu
1606 5077 1703 5131 Ju-

151 5140 406 5214 yavcbgish
430 5140 621 5199 factus
662 5141 819 5213 circa
849 5140 1036 5214 _1088,
1083 5152 1137 5199 et
1189 5140 1315 5199 cum.
1367 5140 1700 5205 JBavarorum

1815 3216 2076 3272 transitus
2115 3219 2200 3275 sui
2242 3219 2308 3274 de
2338 3220 2442 3275 hoc
2474 3221 2699 3286 mundo,
2728 3222 2975 3292 benignis
3006 3224 3290 3293 spiritibus
3332 3242 3392 3279 se

1813 3305 2192 3373 invisentibus,
2224 3319 2585 3381 opportunam
2615 3313 2983 3379 solitudinem,
3013 3326 3387 3384 procurasset,

1810 3407 1864 3451 et
1896 3398 1952 3453 in
1972 3414 2163 3456 eorum
2188 3403 2427 3472 glorioso
2467 3403 2720 3473 praesidio
2758 3405 2826 3458 ad
2847 3403 3126 3459 Christum
3155 3407 3389 3478 migras-

1811 3496 1927 3556 set;
1948 3505 1979 3544 e
1999 3492 2226 3564 vestigio
2247 3502 2596 3560 revertentes,
2620 3510 2743 3565 qua:
2761 3494 3125 3551 discesserant
3148 3513 3388 3565 sorores,

1810 3580 2137 3637 invenerunt
2164 3599 2309 3649 eaun
2347 3586 2418 3639 ad
2451 3586 2862 3641 similitudinem
2893 3586 3050 3642 Pauli
3075 3589 3237 3657 primi
3268 3607 3391 3647 ere-

1809 3672 1974 3739 mitaa,
2008 3674 2259 3730 manibus
2295 3676 2364 3729 ad
2396 3674 2686 3731 Dominum
2718 3678 2995 3747 expansis,
3038 3679 3211 3734 instar
3260 3698 3391 3752 sup—

1809 3764 2090 3833 plicantis;
2128 3781 2236 3836 quo
2269 3767 2526 3822 nimirum
2571 3768 2695 3838 pius
2732 3767 2997 3824 Conditor
3039 3771 3095 3825 in
3134 3771 3387 3831 defuncta

1809 3857 2137 3925 ostenderet,
2179 3874 2346 3929 quam
2389 3859 2580 3925 devote
2622 3859 2726 3916 sibi
2768 3861 2900 3916 dum
2940 3862 3145 3918 viveret
3185 3867 3390 3934 suppli.

1806 3956 2005 4002 085881.
2502 3992 2506 3998 .

1880 4040 2002 4095 114.
2049 4039 2174 4096 [hec
2212 4043 2371 4097 nobis
2418 4044 2779 4100 scribentibus
2812 4043 2951 4099 forte
2994 4047 3265 4116 superlata
3304 4060 3389 4104 est

1807 4132 2052 4186 narratio
2086 4133 2321 4188 duorum
2375 4135 2765 4190 miraculorum
2801 4134 3013 4192 Salerni
3051 4138 3264 4194 caelitus
3288 4156 3386 4209 pa-

1806 4231 2095 4288 tratorum,
2120 4239 2289 4279 unum
2315 4240 2442 4279 mox
2465 4234 2524 4279 ut
2544 4226 2734 4280 eodem
2762 4228 2954 4282 beatus
2981 4227 3276 4298 Gregorius
3298 4248 3385 4284 re-

1806 4317 2087 4374 censisset.
2130 4316 2266 4372 Nam
2301 4333 2425 4373 cum
2453 4318 2706 4386 primitus
2734 4319 2842 4373 illic
2871 4320 3165 4391 praedicare
3186 4323 3384 4391 coepis-

1806 4420 1908 4478 set,
1935 4422 2122 4469 astans
2146 4412 2368 4484 quidam
2404 4410 2642 4467 rusticus
2680 4412 2917 4484 maligna
2955 4411 3178 4484 (mente)
3219 4415 3384 4484 coepit

1801 4504 1945 4559 intra
1970 4521 2030 4561 se
2059 4506 2239 4561 taliter
2258 4504 2438 4560 dicere
2463 4523 2476 4558 :
2501 4503 2603 4571 En,
2640 4512 2831 4560 auctor
2860 4505 3172 4574 praeliorum
3201 4514 3257 4561 et
3294 4522 3382 4562 se-

1803 4596 2092 4665 ditionum,
2117 4605 2407 4669 postquam
2451 4604 2626 4651 totum
2657 4596 2953 4651 commovit
2999 4596 3209 4663 orbem,
3236 4597 3380 4655 hanc

1801 4688 2105 4758 inquietare
2126 4690 2272 4744 venit
2302 4689 2512 4744 urbem.
2558 4687 2654 4744 His
2678 4689 2750 4743 ita
2772 4688 3043 4759 cogitatis,
3064 4705 3189 4745 cum
3214 4690 3380 4746 etiam

1803 4781 2055 4853 proloqui
2095 4782 2288 4849 voluit,
2334 4788 2545 4836 mutum
2595 4797 2656 4838 se
2720 4779 2925 4836 factum
2983 4781 3174 4838 doluit.
3240 4783 3378 4838 Cum

1802 4888 1931 4929 vero
1986 4874 2309 4931 necessitate
2350 4874 2665 4944 compulsus
2710 4872 2941 4928 accessit
2987 4873 3054 4928 ad
3101 4873 3379 4930 hominem

1805 5007 1962 5073 lO9I,
2002 5011 2055 5064 in
2090 5009 2233 5062 dicta
2269 5006 2550 5075 Metropoli
2586 5006 2784 5063 dicitur
2815 5006 2996 5064 obisse
3036 5022 3181 5062 anno
3217 5008 3377 5062 1121.

1834 5080 2022 5205 ι(117³)
2066 5080 2209 5150 Ergo
2240 5078 2383 5132 circa
2415 5092 2620 5132 annum
2666 5076 2822 5142 1151,
2864 5078 2981 5135 haec
3028 5078 3245 5150 scripsit
3284 5094 3384 5132 au-

1800 5167 1831 5206 c
1855 5166 1938 5204 or.
