3986 5386
410 2170 472 2232 \j

545 355 648 435 res

1736 363 1792 418 S.
1825 361 2224 419 GREGORIUS
2255 358 2368 414 Vill
2393 352 2592 414 PAPA.

3712 353 3816 410 1οι

543 497 656 561 Dei,
680 493 1108 566 provolutusquc
1129 465 1358 560 pedibus
1390 483 1582 556 ipsius,
1605 479 1806 550 quibus
1827 477 1996 548 signis
2019 490 2119 546 po-
2151 481 2195 546 Α
2224 475 2474 529 induvias
2493 471 2850 543 pontificales.
2880 468 3276 524 Verum-tantae
3298 465 3654 523 vehementia:
3675 478 3816 522 ven-

538 581 662 652 tuit,
689 599 945 656 peccasse
985 559 1042 638 se
1078 559 1341 652 poenitere
1382 573 1654 639 innotuit;
1687 571 1806 641 ipso
1831 569 2124 623 miserentc
2227 577 2316 622 tus
2345 565 2544 620 obvius
2563 563 2644 618 eis
2665 561 2790 627 fuit,
2819 570 2878 615 ut
2906 569 3116 616 cunctae
3139 559 3436 629 lampades,
3461 570 3588 628 quas
3611 571 3819 628 mer;-

537 683 593 733 ct
631 649 982 733 lie-nedicente
1025 649 1228 741 recepit
1274 667 1567 738 loquelam,
1611 657 1967 730 omnipotenti
2005 655 2124 709 Deo
2227 669 2320 728 pta
2351 657 2411 712 Β.
2458 655 2692 711 Matthasi
2727 653 3012 720 ardebant,
3057 652 3568 722 exstinguerentur;
3607 655 3666 704 et
3709 649 3816 718 ipsi

540 770 856 840 famuloque
895 765 1016 837 ejus
1064 763 1268 836 gratias
1309 760 1602 816 relaturus.
1659 751 1958 820 Postquam
1995 761 2126 800 vero
2229 751 2483 806 cadentes
2511 749 2569 804 in
2601 743 2894 802 amentiam
2933 751 3046 798 tam
3091 743 3184 798 diu
3215 743 3482 813 jacmz,
3523 751 3820 813 quousque

541 835 831 920 defunctus
856 866 911 914 et
929 835 1188 926 sepultus
1217 860 1335 918 est,‘
1359 849 1644 906 nocturno‘
1670 841 1888 899 silentio
1934 837 2126 895 subin-
2204 843 2358 900 ,ωυτί
2381 842 2674 914 populique
2694 837 3062 912 spectaculum
3093 835 3301 890 ﬁert-tit.
3667 853 3670 855 λ

543 955 814 1030 troierunt
861 949 1030 1014 fures,
1067 945 1280 1016 aperire
1311 939 1618 1012 sepulcrum
1641 935 1882 989 volentes
1910 938 2132 1001 propter

1333 1268 1756 1402 ACTA
1847 1245 3016 1394 PONTIFICALIA.

2133 1523 2228 1634 Ι.

846 1780 1008 1869 EX
1080 1764 1700 1866 CHRONICO
1773 1755 2374 1852 BERTOLDI
2453 1732 3518 1862 CONSTANTIENSIS.

1975 1953 2394 1974 Μ

1057 2106 1286 2164 CAPUT
1333 2102 1625 2160 PRIMUM.

594 2272 604 2282 ο
698 2209 831 2261 Acta
855 2199 1026 2258 sancti
1058 2199 1298 2270 Gregorii
1322 2212 1486 2268 usque
1516 2194 1586 2249 ad
1609 2207 1808 2248 annum
1837 2190 1995 2245 1085.

623 2302 782 2356 Anno
814 2295 970 2351 1056.
1003 2291 1186 2347 Victor
1224 2305 1386 2361 papa,
1418 2289 1588 2343 misso
1625 2283 1990 2340 Hildebrando
2011 2288 2143 2335 tunc

553 2388 958 2454 archidiacono,
989 2385 1084 2442 sed
1113 2391 1302 2454 postea
1331 2379 1654 2452 apostolico,
1687 2375 1836 2448 (120)
1872 2373 2142 2446 synodum

553 2483 793 2540 Turonis
842 2477 1150 2551 generalem
1193 2473 1412 2544 collegit
1453 2490 1468 2526 :
1509 2472 1568 2526 in
1605 2485 1714 2541 qua
1761 2467 2141 2538 Berengarius,

551 2571 959 2652 Andegavensis
1004 2567 1248 2624 ecclesia:
1288 2563 1589 2621 canonicus
1606 2603 1622 2628 ,
1658 2577 1690 2616 a
1728 2573 1839 2630 quo
1885 2557 2144 2627 Beringa—

557 2669 709 2723 riana
737 2663 961 2719 haeresis
1000 2659 1404 2724 denominatur,
1437 2652 1774 2727 synodaliter
1813 2657 2144 2720 et'praesen-

555 2757 757 2814 tialiter
786 2770 885 2826 pro
914 2752 1104 2808 eadem
1141 2748 1337 2805 hzeresi
1363 2745 1726 2801 examinatur.
1786 2741 1891 2808 Qui
1929 2755 2054 2796 cum
2087 2753 2146 2794 se

555 2831 846 2906 defendere
895 2861 1002 2903 non
1042 2848 1247 2913 posset,
1303 2837 1538 2894 haeresin
1593 2847 1750 2891 suam
1795 2847 1980 2888 coram
2021 2845 2144 2885 om-

555 2942 719 2998 nibus
759 2931 1245 2994 anathematizavit
1277 2939 1333 2985 et
1373 2927 1663 3000 abjuravit,
1692 2923 1993 2982 secundum
2035 2921 2146 2976 for-

556 3050 724 3100 mam,
749 3046 914 3103 quam
946 3035 1138 3083 saneta
1169 3031 1224 3080 et
1246 3020 1584 3077 universalis
1604 3016 1845 3090 synodus
1872 3014 2146 3086 Ephesina

557 3097 910 3198 pnescripsit.
1916 3097 1943 3115 ί

625 3216 680 3270 2.
723 3214 883 3267 Anno
915 3209 1071 3264 1061.
1105 3205 1394 3262 Anselmus
1414 3203 1704 3274 episcopus
1724 3199 1987 3254 Lucensis
2005 3210 2147 3266 papa

555 3306 865 3370 ordinatus,
887 3308 942 3355 et
968 3298 1274 3353 Alexander
1293 3301 1542 3358 vocatus,
1569 3291 1718 3362 (1‘21)
1759 3291 1894 3344 satis
1927 3296 2148 3343 strenue

2169 2101 2213 2156 Β
2308 2097 2361 2150 4.
2401 2095 2562 2150 Anno
2603 2093 2764 2148 1074.
2807 2091 2992 2164 Legati
3040 2091 3197 2148 Sedis
3229 2092 3556 2162 Apostolica:
3597 2096 3656 2152 in
3697 2098 3828 2155 Ale-

2243 2186 2520 2240 manniam
2543 2185 2611 2240 ad
2637 2183 2837 2254 Regem
2875 2197 3090 2250 venere,
3114 2199 3216 2256 pro
3239 2185 3418 2254 ipsius
3455 2183 3620 2256 Regis
3659 2190 3832 2244 mari-

2243 2277 2346 2332 bus
2384 2275 2764 2347 corrigendis:
2821 2275 2876 2330 in
2918 2290 3154 2346 quorum
3203 2291 3401 2332 manus
3445 2293 3506 2333 se
3550 2276 3667 2334 Rex
3713 2280 3831 2351 ipso.

2241 2369 2596 2425 correctionis
2618 2367 2914 2438 sponsione
2943 2367 3240 2436 commisit,
3268 2383 3538 2440 suumque
3561 2370 3830 2428 auxilium

2243 2461 2476 2516 Domino
2535 2459 2853 2530 Apostolico
2921 2459 2993 2513 ad
3067 2458 3420 2530 deponendos
3483 2458 3832 2518 Simoniaeos

2242 2551 2558 2608 ﬁrmissime
2609 2549 2891 2620 promisit.—
2942 2548 3052 2620 lpsi
3097 2549 3264 2604 etiam
3299 2547 3466 2621 Regis
3513 2550 3831 2610 Consiliarii

2245 2659 2438 2704 omnes
2487 2657 2577 2699 res
2621 2641 2991 2698 Ecclesiarum
3021 2641 3226 2713 injuste
3244 2642 3546 2712 acquisitas
3565 2659 3626 2699 se
3645 2645 3831 2700 reddi-

2245 2747 2420 2803 turos,
2446 2749 2633 2791 coram
2665 2733 2910 2804 ejusdem
2941 2730 3158 2804 Legatis
3187 2733 3293 2790 sub
3325 2743 3671 2791 sacramento
3697 2751 3834 2806 ρης

2242 2829 2465 2893 misere,
2487 2825 2688 2897 quippe
2707 2825 2804 2894 qui
2821 2825 3042 2879 easdem
3062 2839 3152 2880 res
3171 2840 3202 2879 a
3227 2824 3556 2883 Simoniacis
3573 2827 3828 2892 emerim,

2246 2918 2480 2974 concilio
2504 2931 2608 2972 suo
2632 2915 2837 2970 eisdem
2863 2914 3118 2986 indignos
3141 2915 3209 2971 ad
3239 2915 3688 2974 Ecclesiastieum
3725 2919 3830 2975 ho-

2248 3025 2436 3066 norem
2483 3007 2810 3077 adjuvando.
2859 3005 2954 3062 liis
3001 3009 3073 3062 ita
3113 3009 3420 3078 dispositis,
3449 3009 3638 3082 Legati
3675 3009 3831 3068 Sedis

2248 3103 2574 3174 Apustolicm
2598 3100 2896 3156 redierunt.
2954 3113 2959 3118 '
3141 3157 3144 3160 ,
3391 3131 3396 3138 -
3652 3131 3658 3138 ρ

2237 3209 2240 3214 ·
2297 3157 2374 3250 ‘5.
2413 3193 2576 3248 Anno
2612 3191 2772 3246 1075.
2821 3157 3168 3247 Hermannus
3211 3191 3684 3264 Babenbergensis
3705 3195 3830 3266 Epi-

2250 3301 2470 3356 scopus,
2501 3301 2533 3340 a
2560 3283 2792 3339 Clericis
2821 3281 2938 3338 suis
2968 3297 3070 3352 pro
3106 3282 3419 3340 Simoniaca
3453 3284 3652 3342 hat-esi
3669 3302 3832 3344 necti-

559 3393 930 3450 Simoniaeam
952 3387 1205 3444 haeresim
1237 3385 1526 3448 destruxit,
1555 3392 1610 3437 et
1649 3380 1918 3434 ministris
1958 3377 2147 3433 altaris
2184 3442 2216 3450 Α
2251 3387 2424 3444 satus,
2445 3392 2478 3432 a
2503 3375 2648 3446 Papa
2670 3374 2990 3444 deponitur:
3021 3375 3112 3430 cui
3131 3371 3446 3432 Radbertus
3459 3377 3828 3434 suistituitu‘r.

557 3501 685 3543 eum
726 3481 1051 3554 coniugibus
1077 3442 1239 3532 coire
1271 3477 1428 3546 juxta
1471 3442 1745 3528 canonum
1781 3478 1982 3525 statuta
2017 3483 2142 3524 cum
2174 3442 2218 3499 (ἶ
2251 3442 2547 3540 Gregorius
2579 3442 2804 3536 i’apain
2826 3465 3000 3536 prima
3036 3466 3372 3522 hebdomade
3394 3467 3834 3541 Quadragesimte

557 3572 1124 3634 excommunicatione
1145 3565 1444 3634 interdixit,
1468 3562 1909 3635 ipsosquelaicos
1919 3561 2144 3616 clerico-

559 3685 683 3725 rum
705 3662 1163 3722 incontinentium
1183 3658 1358 3714 cilicia
1399 3655 1590 3712 audire
1625 3668 1724 3724 per
1755 3653 1997 3708 bannum
2019 3666 2146 3722 pro-

562 3760 742 3817 hibuit
765 3777 781 3811 .-
803 3758 994 3828 sicque
1017 3753 1342 3808 clericorum
1369 3745 1817 3804 incontinentiam
1851 3744 1984 3799 satis
2019 3756 2147 3813 pru-

562 3855 752 3910 denter
789 3847 1101 3906 refrenavit.
1150 3842 1326 3914 Hujus
1373 3848 1554 3896 autem
1595 3835 2000 3893 constitutionis
2035 3851 2148 3888 ma-

557 3947 711 4005 xime
741 3943 846 3998 l‘uit
865 3947 1056 3996 auctor
1085 3933 1503 3998 Hildebrandus,
1535 3939 1665 3985 tunc
1687 3927 1948 3983 Romanae
1977 3925 2151 3982 eccle-

549 4031 662 4094 ‘siaa
689 4031 1128 4094 archidiaconus,
1154 4024 1426 4082 hmreticis
1447 4021 1687 4077 maxime
1712 4018 1962 4074 infestus.

635 4129 690 4183 5.
731 4117 1084 4180 Anno'1075.
1124 4118 1312 4172 Romae
1349 4114 1658 4171 Alexander
1698 4111 1845 4182 Papa
1877 4110 2148 4166 decessit:

566 4233 669 4292 pro
690 4231 802 4288 quo
823 4210 1155 4268 venerabilis
1176 4207 1595 4272 llildebrandus,
1619 4203 1880 4258 Romanae
1901 4201 2154 4258 Ecclesiae

567 4307 1026 4368 Archidiaconus,
1073 4299 1353 4358 communi
1405 4298 1651 4354 omnium
1703 4294 1938 4350 consilio
1991 4308 2154 4363 expe-

562 4399 703 4456 titur
727 4397 874 4468 Papa
909 4392 1348 4450 constituendus.
1393 4389 1514 4456 Quo
1564 4387 1750 4442 audito
1791 4387 1912 4455 ipse
1963 4385 2155 4440 Archi-

569 4493 856 4554 diaconus,
909 4501 969 4542 se
1013 4483 1224 4539 viribus
1271 4495 1392 4536 esse
1427 4481 1691 4550 imparem
1735 4484 1886 4531 tanto
1936 4476 2152 4542 honori,

573 4584 686 4636 imo
714 4579 889 4644 oneri,
941 4583 1221 4646 reputans,
1279 4572 1526 4628 inducias
1569 4567 1932 4639 respondendi
1962 4567 2152 4637 petiit:

573 4670 740 4726 et‘sie
772 4668 900 4740 fuga
929 4669 1168 4738 elapsus,
1194 4663 1407 4733 aliquot
1431 4662 1547 4718 dies
1579 4661 1648 4715 ad
1675 4659 1902 4714 Vincula
1929 4657 1986 4713 S.
2011 4657 2156 4713 Petri

2254 3560 2534 3632 Synodum
2563 3557 2752 3612 Romae
2771 3557 2991 3628 collegit
3018 3576 3031 3611 :
3071 3558 3128 3612 in
3165 3575 3276 3630 qua
3307 3575 3535 3616 causam
3579 3561 3833 3634 Episcopi

2253 3651 2548 3722 Spirensis,
2581 3649 2678 3705 sed
2711 3647 3030 3714 Simoniaci,
3063 3650 3436 3706 examinavit:
3471 3653 3566 3724 qui
3600 3653 3724 3724 ipsa
3751 3655 3835 3710 die

2251 3759 2378 3800 cum
2399 3741 2810 3798 examinaretur
2833 3754 3000 3795 causa
3030 3739 3238 3810 Romae,
3273 3743 3329 3798 id
3349 3752 3454 3810 est,
3500 3745 3534 3798 6
3565 3743 3836 3800 Kalendas

2254 3837 2454 3903 Martii,
2488 3837 2798 3891 inﬁrmatus
2822 3840 2908 3888 est
2926 3831 3129 3902 Spirae;
3154 3835 3250 3891 sed
3269 3835 3463 3892 deinde
3480 3837 3516 3890 4
3567 3835 3839 3893 Kalenda.

2253 3929 2454 3993 Martii,
2491 3925 2872 3983 miserabiliter
2889 3925 3176 3995 expiravit,
3209 3926 3430 3997 quando
3471 3935 3526 3982 et
3566 3943 3600 3982 a
3635 3926 3842 4001 Grego-

2257 4022 2340 4077 rio
2385 4020 2528 4092 Papa
2569 4018 2849 4074 deﬁnitam
2885 4032 2998 4072 sua:
3026 4017 3397 4073 damnationis
3424 4019 3752 4076 sententiam
3787 4021 3839 4075 in

2258 4112 2503 4168 Romana
2533 4110 2756 4184 Synodo
2783 4109 3012 4179 excepit.
3051 4107 3112 4163 In
3155 4109 3348 4164 eadem
3398 4107 3620 4180 Synodo
3649 4111 3840 4168 decre-

2258 4218 2374 4262 tum
2436 4214 2521 4262 est
2571 4221 2602 4259 a
2657 4203 2921 4274 Gregorio
2971 4201 3146 4271 Papa,
3207 4210 3268 4256 ut
3321 4199 3538 4268 Clerici,
3599 4203 3842 4274 aliquem

2259 4309 2542 4356 sacrorum
2605 4293 2872 4350 Ordinum
2935 4293 3162 4364 gradum
3233 4301 3290 4348 et
3353 4292 3592 4349 olllcium
3666 4297 3843 4366 pretio

2259 4388 2458 4458 adepti,
2515 4387 2774 4456 deinceps
2824 4385 2878 4440 in
2912 4383 3156 4440 Ecclesia
3195 4399 3310 4440 non
3357 4385 3694 4454 ministrent,
3743 4403 3844 4444 nec

2260 4477 2557 4536 Ecclesiam
2607 4475 2785 4547 pretio
2834 4476 3160 4546 aequisitam
3205 4476 3409 4548 aliquis
3437 4478 3696 4547 retineat,
3748 4495 3847 4536 nec

2260 4572 2514 4640 deinceps
2541 4569 2704 4624 alicui
2733 4566 3034 4624 Ecclesiam
3077 4569 3310 4624 vendere
3348 4577 3404 4624 et
3439 4582 3624 4626 emere
3663 4571 3844 4628 liceat.

2261 4662 2466 4718 Deinde
2499 4669 2561 4716 ut
2603 4676 2635 4715 a
2663 4658 2911 4714 Clericali
2939 4658 3118 4716 cilicio
3148 4668 3382 4727 cessent,
3423 4661 3766 4734 quicumque
3790 4680 3849 4719 se

571 4760 880 4816 occultatus
906 4757 1084 4813 latuit.
1126 4755 1232 4810 Sed
1273 4753 1494 4808 tandem
1533 4752 1628 4806 vix
1671 4751 1947 4816 inventus,
2007 4758 2062 4805 et
2090 4730 2238 4834 ad.”
2263 4771 2358 4826 per
2402 4753 2848 4810 incontinentiam
2891 4752 3346 4821 reprehensibiles
3378 4730 3846 4811 εέιιίιιεηι,ζιιειη

577 4851 944 4922 Apostolicam
982 4847 1176 4904 Sedere
1204 4847 1257 4902 vi
1297 4845 1611 4916 perductus,
1652 4841 1796 4912 Papa
1829 4843 2158 4900 centesimus
2265 4857 2325 4902 ut
2357 4846 2590 4916 populus
2630 4843 2966 4899 Clericorum
3013 4843 3188 4899 oﬂicia
3231 4845 3545 4902 nullatenus
3599 4848 3846 4918 recipiat,

531 4943 1066 5016 .quinquagesimus
1129 4954 1308 4997 nonus
1375 4938 1608 5008 septimo
1685 4933 1954 4989 Kalendas
2031 4933 2157 4989 Maii

573 5037 882 5099 ordinatur,
907 5041 964 5088 et
985 5031 1282 5101 Gregorius
1329 5028 1414 5082 νιι
1454 5029 1783 5099 appellatur:
1837 5025 1995 5095 cujus
2024 5041 2156 5096 pru-

577 5129 759 5178 dentia
792 5141 900 5178 non
924 5125 1103 5178 solum
1137 5123 1192 5176 in
1224 5121 1398 5178 Italia.
1425 5122 1520 5176 sed
1552 5120 1717 5175 etiam
1755 5119 1810 5172 in
1845 5117 2160 5172 Teutonicis

2263 4953 2404 5010 quos
2433 4937 2720 5007 praedictas-
2745 4935 3086 5007 Apostolicas
3107 4936 3482 4993 institutiones
3497 4950 3850 4997 contemnere

2265 5029 2541 5099 percipiat.

2333 5121 2384 5174 6.
2424 5121 2580 5174 Anno
2619 5118 2774 5172 1073.
2814 5117 3080 5172 Henricus
3135 5118 3278 5178 Rex.
3325 5133 3424 5178 ner
3477 5118 3848 5177 Simoniacam
