3986 5386
191 346 292 413 ξοδ

1163 345 1693 409 PROLEGOMENA.
1719 378 1789 389 ο-
1811 344 1995 403 ACTA
2031 347 2089 407 S.
2114 347 2461 405 GREGORII.

3340 352 3440 410 ωε

192 463 468 517 Ιιυιηωιιιε
488 461 653 526 civis,
697 460 1017 532 Gregorium
1062 459 1287 530 Papam,
1339 461 1428 517 die
1469 458 1778 517 Nativitatis
1807 462 1853 518 Δ
1878 459 2137 517 Anselmo
2192 460 2446 517 Lucensi.
2483 458 2633 516 Unde
2676 469 2731 515 et
2779 459 2945 533 Papa,
2991 463 3175 519 missis
3210 464 3446 537 Legatis,

186 553 401 607 Domini
438 553 742 610 missarum
788 553 1034 609 solennia
1080 552 1444 615 celebrantem
1460 593 1477 619 ,
1521 566 1770 622 compre-

186 644 395 709 hendit;
428 660 604 714 quem
646 646 727 701 ita
766 645 1217 714 comprehensum
1250 645 1471 715 quidam
1512 660 1579 698 ex
1620 644 1766 699 mili-

184 735 601 806 tibusejusdem
632 735 807 792 Cincii
849 736 1096 792 occidere
1135 734 1465 793 destinavit:
1513 735 1606 791 sed
1641 751 1767 790 cum

182 825 416 891 gladium
464 842 640 897 supra
683 836 847 898 caput
877 828 999 898 ejus
1028 826 1289 892 vibraret,
1343 825 1516 881 nimio
1561 835 1769 881 terrore

180 925 464 986 correptus
485 918 724 985 corruit,
748 934 846 975 nec
861 919 1135 989 inceptum
1154 918 1323 974 ictum
1341 918 1555 987 explere
1572 918 1764 988 potuit.

178 1008 403 1063 Cincius
431 1017 626 1064 autem
655 1008 863 1080 Papam‘
894 1009 950 1065 in
977 1009 1171 1065 turrim
1214 1022 1371 1065 suam
1411 1018 1630 1079 captum
1676 1008 1770 1064 de-

176 1100 370 1155 duxit:
444 1115 575 1170 qua:
645 1110 833 1171 postea
894 1102 1080 1159 statim
1141 1116 1172 1157 a
1237 1100 1498 1156 Romanis
1554 1100 1773 1171 penitus

178 1190 535 1260 dilapidatur,
580 1200 638 1247 et
660 1191 808 1263 Papa
848 1194 1140 1263 prudenter
1170 1192 1419 1262 eripitur,
1444 1192 1537 1261 qui
1581 1201 1637 1247 et
1668 1207 1772 1247 suo

178 1281 388 1350 raptori
417 1283 512 1337 vix
540 1297 576 1338 a
602 1282 870 1340 Romanis
889 1283 1057 1339 vitam
1079 1283 1404 1353 impetravit.
1430 1284 1568 1338 Cum
1588 1293 1772 1339 autem

183 1371 313 1438 Rex,
342 1373 683 1444 jamdudum
714 1390 856 1445 saepe
887 1390 919 1431 a
940 1374 1085 1446 Papa
1109 1375 1484 1445 praemonitus,
1510 1391 1571 1431 se
1599 1377 1773 1431 corri-

181 1480 299 1534 gere
325 1465 523 1533 nollet,
555 1474 614 1521 et
642 1466 790 1536 Papa
819 1467 873 1521 in
907 1466 1250 1522 admonendo
1285 1467 1422 1521 nihil
1447 1468 1731 1538 proficeret
1756 1509 1771 1533 ,

179 1555 533 1612 ﬁnitimum
557 1557 845 1613 mandavit
884 1559 936 1613 ei
986 1558 1137 1629 quod
1174 1558 1233 1613 in
1276 1556 1521 1614 Romana
1555 1557 1774 1631 Synodo

181 1647 431 1719 proxima
467 1664 601 1704 eum
647 1649 1223 1705 excommunicaturus
1255 1659 1420 1716 esset,
1452 1650 1557 1706 nisi
1585 1651 1777 1722 resipi-

182 1748 394 1796 sceret;
425 1756 553 1811 qua:
579 1740 786 1812 legatio
806 1741 864 1795 in
884 1740 1088 1797 Octava
1132 1739 1437 1797 Nativitatis
1461 1741 1678 1798 Domini
1707 1743 1778 1799 ad

185 1828 387 1901 Regem
418 1832 691 1902 pervenit.
722 1831 877 1888 Unde
910 1832 1047 1899 Rex,
1093 1832 1151 1888 in
1190 1832 1597 1904 Septuagesima
1631 1836 1773 1904 apud

187 1921 555 1979 Wormatiam
581 1924 860 1996 colloquio
902 1923 1067 1991 facto,
1105 1932 1162 1980 et
1198 1925 1308 1980 alio
1343 1925 1397 1980 in
1426 1924 1774 1982 Lombardia

184 2014 333 2083 apud
364 2013 739 2081 Placentiam,
781 2032 972 2072 omnes
1016 2033 1155 2089 quos
1193 2018 1370 2088 potuit
1411 2018 1772 2075 obedientiam

186 2106 451 2174 lit-edicto
469 2106 635 2178 Papa
662 2108 1028 2165 exhibendam
1055 2110 1309 2180 alijurare
1344 2108 1501 2166 fecit:
1529 2118 1585 2166 et
1606 2111 1773 2167 missa

184 2198 462 2269 legatione
498 2200 569 2255 ad
596 2198 906 2257 Romanam
948 2199 1250 2274 Synodum,
1297 2217 1422 2272 qua:
1445 2202 1501 2258 in
1528 2203 1779 2273 proxima

185 2289 623 2360 Quadragesima
650 2292 922 2348 celebrata
956 2302 1062 2360 est,
1109 2293 1289 2363 ipsum
1311 2294 1683 2362 Apostolicum
1708 2295 1779 2349 ab

186 2383 509 2451 Apostolica
530 2382 671 2440 Sede
688 2386 1086 2451 contumaciter
1101 2385 1267 2456 jussit
1289 2386 1637 2441 descendere.
1670 2386 1778 2441 Sed

188 2474 345 2529 missi
393 2475 520 2546 ejus
570 2476 889 2546 turpissime
931 2476 986 2531 in
1036 2476 1256 2549 Synodo
1305 2478 1524 2533 tractati
1551 2519 1567 2541 ,
1617 2479 1708 2534 vix
1746 2494 1781 2534 a

192 2566 461 2623 Romanis
503 2568 799 2638 adjuvante
827 2567 972 2638 Papa
1001 2577 1313 2625 evaserunt.
1363 2569 1545 2640 ipsum
1596 2579 1777 2626 autem

191 2659 416 2731 Regem,
448 2658 669 2733 Synodo
684 2660 988 2731 judicante,
1017 2662 1275 2718 fidelitate
1318 2660 1624 2729 hominum,
1671 2661 1778 2719 Re-

192 2766 299 2823 gno
340 2760 398 2807 et
416 2753 808 2808 communione
827 2753 1081 2824 privavit,
1103 2762 1159 2809 et
1177 2767 1368 2809 omnes
1387 2752 1438 2807 ei
1462 2753 1531 2809 ad
1550 2769 1783 2825 regnum

191 2846 405 2913 juratos
425 2845 746 2914 juramento
777 2845 1032 2900 absolvit.
1084 2843 1286 2900 Omnes
1325 2844 1645 2915 Episcopos,
1684 2849 1780 2918 qui

195 2932 330 3005 Regi
357 2946 556 3006 sponte
576 2945 772 2992 contra
798 2935 1003 3006 Papam
1042 2936 1309 3002 faverant,
1353 2936 1528 2991 oilicio
1551 2946 1606 2992 et
1625 2954 1782 2994 com-

196 3027 458 3082 munione
492 3028 763 3098 privavit:
804 3029 1030 3099 reliquis
1064 3037 1266 3094 autem,
1295 3028 1389 3098 qui
1419 3029 1572 3083 inviti
1604 3029 1783 3087 eidem

1867 550 2215 622 Principibus
2247 550 2419 622 Regni
2452 551 2749 609 declaravit
2805 569 2864 609 se
2909 570 3103 624 parum
3149 555 3450 628 profecisse

1869 643 1922 698 in
1959 656 2026 697 eo
2068 641 2217 712 quod
2250 640 2404 698 illum
2437 643 2491 698 in
2532 645 2969 701 communionem
3008 650 3290 718 receperit,
3322 666 3449 705 cum

1870 734 2165 790 Simoniaci
2200 741 2254 788 et
2279 734 2732 791 cxcommunicati
2760 752 2870 791 non
2901 738 3084 794 minus
3129 747 3257 795 tunc
3295 740 3449 797 fove.-

1870 833 2060 881 rentur
2085 826 2156 882 ab
2180 840 2246 878 co
2271 840 2436 895 quam
2468 826 2724 895 primum.
2762 826 2856 883 llis
2880 844 3010 899 ergo
3041 831 3266 899 auditis,
3287 832 3448 889 Prin‘

1869 917 2020 987 cipes
2042 915 2235 988 Regni,
2279 915 2518 986 generali
2548 915 2831 990 Colloquio
2858 920 3000 990 apud
3030 920 3316 979 Forchcim
3344 933 3452 981 ter-

1870 1008 1947 1063 tio
1971 1006 2096 1062 ldus
2119 1006 2298 1062 Martii
2321 1006 2527 1071 habito,
2565 1009 2839 1080 egregium
2876 1009 3224 1082 Rudolphum
3248 1014 3451 1072 Ducem

1871 1097 1977 1152 sibi
2009 1098 2063 1151 in
2087 1097 2285 1169 Regem
2307 1097 2670 1154 sublimarunt
2698 1118 2710 1153 :
2737 1116 2900 1172 quem
2926 1103 3157 1172 septimo
3183 1104 3459 1164 Kalendas

1871 1189 2093 1259 Aprilis,
2118 1190 2209 1245 ubi
2230 1205 2296 1243 eo
2317 1205 2463 1244 anno
2492 1191 2731 1246 medium
2768 1190 3210 1264 Quadragesima:
3249 1212 3448 1254 occur-

1874 1281 1965 1349 rit,
2002 1289 2355 1341 coronarunt.
2400 1280 2636 1338 Maxima
2665 1292 2847 1339 autem
2889 1284 3004 1350 nix,
3040 1301 3163 1357 qua:
3195 1303 3262 1343 eo
3304 1305 3451 1347 anno

1876 1372 2080 1428 tamdiu
2108 1382 2276 1428 totam
2300 1382 2499 1429 terram
2523 1375 2748 1441 obtexit,
2773 1376 2827 1431 in
2849 1377 3111 1434 electione
3144 1381 3271 1435 novi
3294 1382 3458 1455 Regis

1874 1465 2075 1521 resolvi
2105 1465 2323 1520 tandem
2357 1468 2540 1536 cmpit.
2594 1465 2652 1522 ln
2692 1467 2780 1524 die
2817 1476 2998 1524 autem
3033 1473 3458 1530 eunsccrationis

1873 1556 2014 1627 ejus,
2040 1573 2133 1626 per
2167 1555 2573 1627 suggestionem
2618 1556 3052 1616 Simoniacorum
3098 1561 3458 1633 Clenicorum,

1878 1648 2115 1703 maxima
2160 1648 2356 1704 seditio
2399 1648 2689 1721 Moguntia:
2729 1659 2851 1706 orta
2896 1661 3017 1708 est:
3074 1654 3147 1708 ita
3196 1665 3257 1710 ut
3295 1656 3458 1711 etiam

1877 1740 2136 1810 palatium
2181 1740 2485 1810 irrumpere
2512 1742 2731 1809 vellent,
2778 1752 2833 1797 et
2864 1744 3306 1814 religiosissimos
3337 1748 3460 1802 Cle-

1878 1832 2021 1886 ricos
2049 1839 2105 1884 et
2136 1830 2430 1886 .llonaclios
2465 1832 2731 1887 occidere.
2764 1830 2869 1888 Sed
2904 1834 3093 1890 dextra
3140 1835 3235 1891 Dei
3267 1837 3469 1893 Milites-

1875 1922 2001 1977 novi
2047 1921 2339 1992 Principis,
2387 1922 2514 1977 licet
2557 1923 2825 1988 inermes,
2864 1924 2938 1979 ita
2980 1928 3234 1995 protexit,
3284 1936 3346 1983 ut
3392 1946 3463 1983 nc

1876 2028 2044 2068 unum
2063 2012 2281 2083 quidem
2295 2028 2362 2068 ex
2383 2013 2499 2069 suis
2512 2014 2827 2083 perderent;
2846 2029 2912 2070 ex
2929 2016 3255 2088 adversariis
3272 2028 3454 2075 autem

1877 2105 1999 2176 plus
2060 2120 2227 2174 quam
2281 2111 2541 2171 centum,
2595 2106 2795 2175 partim
2850 2106 3016 2175 ferro,
3060 2111 3255 2178 partim
3320 2127 3465 2182 aqua

1877 2202 2223 2251 necarentur.
2262 2192 2474 2261 Quibus
2502 2196 2666 2252 etiam
2694 2212 2794 2265 pro
2814 2197 3124 2254 homicidiis
3148 2201 3463 2272 hujusmodi

1878 2304 1910 2342 a
1951 2285 2170 2357 Legatis
2191 2286 2519 2357 Apostolica
2564 2286 2722 2343 Sedis
2768 2288 2892 2344 talis
2939 2290 3256 2360 paenitentia
3284 2293 3465 2364 impo-

1878 2379 1983 2434 sita
2008 2386 2127 2446 est;
2179 2385 2241 2433 ut
2265 2378 2467 2449 singuli
2492 2387 2590 2433 aut
2607 2378 2970 2451 quadraginta
2993 2380 3110 2437 dies
3127 2383 3462 2453 jejunarent,

1878 2480 1975 2525 aut
2026 2469 2390 2541 quadraginta
2444 2486 2711 2540 pauperes
2762 2471 2929 2527 semel
2992 2485 3303 2545 pascerent,
3363 2492 3468 2533 nec

1880 2572 2062 2618 tamen
2085 2560 2520 2619 Ecclesiasticam
2540 2562 2981 2619 communionem
3001 2565 3159 2634 quasi
3180 2566 3468 2625 homicidae

1880 2654 2133 2709 vitarent.

1951 2746 2005 2799 8.
2047 2745 2369 2815 Rudolplius
2399 2745 2533 2810 Rex,
2563 2755 2686 2815 post
2715 2746 3186 2803 consecrationem
3233 2751 3288 2805 in
3329 2750 3467 2808 Suc-

1881 2840 2028 2894 viam
2074 2839 2361 2903 secedens,
2412 2836 2657 2908 Regnum
2714 2838 2819 2893 sibi
2865 2838 3195 2910 subjugavit.
3249 2841 3470 2897 Interim

1884 2929 2149 2987 Henricus
2168 2928 2562 3000 Longobardia:
2581 2930 2898 2984 morabatur
2944 2927 3014 2985 ad
3038 2945 3198 2999 quem
3224 2932 3473 2999 Cincius,

1884 3023 2020 3079 civis
2052 3022 2353 3086 Romanus,
2386 3035 2574 3077 secum
2600 3021 2808 3076 ducens
2848 3027 3066 3089 captum
3107 3024 3472 3079 venerabilem

198 3119 602 3189 conspirationi
660 3120 984 3186 intererant,
1018 3134 1194 3191 usque
1236 3120 1304 3175 ad
1340 3118 1689 3178 festivitatem
1728 3123 1785 3180 S.

1891 3113 2192 3169 Cumarum
2220 3111 2570 3183 Episcopum,
2596 3110 2817 3165 nomine
2849 3109 3230 3181 Reginaldum,
3251 3111 3474 3184 Papiam

201 3209 349 3267 Petri
414 3212 671 3269 inducias
736 3212 975 3267 dedit....
1045 3210 1373 3267 Wilbelmus
1426 3211 1795 3283 Trajectensis

202 3301 526 3375 Episcopus,
563 3305 736 3360 multa
771 3304 824 3359 in
857 3303 1230 3374 Apostolicum
1271 3304 1630 3373 conviciatus,
1658 3309 1793 3363 sub.

204 3395 379 3452 itanea
396 3406 575 3452 morte
600 3398 813 3467 absque
836 3394 1213 3452 Ecelesiastica
1237 3396 1644 3465 communione,
1671 3410 1797 3469 post

206 3485 409 3544 Pascha
437 3488 753 3545 mulctatur.
786 3486 908 3543 Jam
936 3502 1130 3542 omnes
1150 3502 1290 3558 pene
1311 3486 1595 3559 Principes
1622 3490 1795 3563 Regni

207 3596 243 3634 a
287 3581 677 3637 communione
727 3578 950 3636 Henrici
1000 3595 1060 3635 se
1117 3587 1550 3649 sequestrarant.
1611 3581 1796 3639 Mense

212 3673 370 3744 igitur
401 3671 622 3729 Octobri
648 3671 987 3743 colloquium
1012 3672 1154 3741 apud
1193 3669 1529 3742 Oppenheim
1570 3688 1602 3728 a
1631 3674 1793 3730 Prin-

213 3767 419 3837 cipibus
449 3764 620 3835 Regni
642 3764 942 3835 colligitur,
976 3763 1066 3818 cui
1113 3762 1336 3834 Legatio
1372 3762 1530 3820 Sedis
1557 3765 1793 3837 Apostoo

213 3858 325 3914 lica
362 3856 630 3915 interfuit.
692 3855 773 3912 lbi
826 3854 1115 3921 Henricus,
1174 3855 1229 3908 in
1292 3854 1676 3912 Puriiicatione
1734 3857 1792 3913 S.

215 3949 392 4004 Maria:
412 3956 545 4004 tunc
567 3948 820 4019 proxima
842 3962 902 4001 se
922 3946 1358 4023 pmsenmndum
1386 3946 1617 4003 Domino
1638 3947 1798 4020 Papae

214 4042 353 4113 apud
391 4042 698 4112 Augustam
730 4039 1047 4095 ﬁrmissime
1087 4039 1378 4109 promisit:
1419 4054 1546 4095 nam
1580 4049 1636 4095 et
1668 4041 1797 4099 illuc

218 4133 504 4191 Dominum
534 4131 913 4203 Apostolicum
943 4131 1061 4201 ipse
1083 4146 1209 4187 cum
1238 4130 1585 4201 Principibus
1625 4132 1796 4203 Regni

217 4226 481 4282 invitavit.

287 4319 335 4373 7.
376 4319 540 4373 Anno
565 4318 727 4385 l077,
766 4316 1039 4373 Henricus
1058 4315 1193 4382 Rex,
1215 4314 1450 4385 propria:
1477 4329 1659 4369 causa:
1684 4313 1795 4370 dif-

220 4410 408 4477 fidens,
452 4420 511 4466 et
547 4411 755 4467 ideirco
784 4409 1091 4481 generalem
1145 4407 1526 4463 auctoritatem
1577 4406 1796 4461 subter-

1894 3204 2079 3269 venit:
2131 3202 2332 3273 quippe
2372 3201 2712 3257 remunerari
2755 3201 2944 3257 volens
2987 3202 3059 3257 ab
3109 3201 3365 3274 Henrico,
3410 3222 3477 3262 eo

1893 3296 2041 3366 quod
2081 3294 2136 3349 in
2172 3293 2456 3349 servitium
2489 3292 2611 3362 ejus
2654 3292 2817 3347 modo
2847 3292 2994 3347 hunc
3038 3292 3392 3366 Episcopum,
3423 3306 3479 3356 et

1894 3386 1951 3441 in
1972 3385 2247 3456 praeterito
2289 3399 2435 3439 anno
2460 3382 2752 3439 Dominum
2774 3384 3146 3454 Apostolicum
3175 3387 3482 3457 captivave-

1892 3484 1999 3533 rat.
2053 3476 2157 3533 Sed
2199 3476 2277 3532 ibi
2321 3475 2610 3534 subitanea
2648 3483 2824 3530 morte
2869 3484 3197 3545 prmventus,
3243 3479 3479 3537 debitam

1894 3569 2392 3627 remunerationem
2437 3567 2667 3637 accepit,
2716 3581 2883 3637 quam
2919 3574 3000 3622 tot
3020 3569 3322 3642 sacrilegiis
3345 3586 3478 3642 pro-

1895 3662 2093 3718 mereri
2140 3675 2250 3715 non
2302 3660 2504 3715 timuit.
2557 3657 2845 3724 Henricus,
2897 3660 3083 3715 audita
3140 3664 3483 3732 promotione

1896 3752 2203 3823 Rudolplii,
2221 3751 2487 3807 auxilium
2530 3749 2691 3820 Papa:
2735 3758 2927 3805 contra
2961 3750 3113 3806 illum
3150 3752 3481 3822 imploravit,

1896 3848 2022 3902 licet
2053 3844 2425 3915 supradictum
2449 3839 2754 3897 Ostiensem
2791 3839 3116 3913 Episcopum
3150 3843 3204 3899 in
3234 3847 3486 3917 captione

1896 3937 2077 3993 adhuc
2097 3935 2273 3990 teneri
2295 3932 2626 4005 permiserit.
2657 3930 2809 3987 Unde
2833 3941 2886 3987 et
2915 3931 3059 4004 Papa
3080 3934 3157 3988 illi
3181 3939 3481 4009 respondit,
3554 3936 3558 3941 ’

1896 4043 1956 4083 se
1982 4042 2093 4082 non
2127 4041 2288 4098 posse
2315 4026 2435 4096 ejus
2460 4023 2881 4093 interpellationi
2913 4025 3250 4093 satisfacere,
3283 4045 3480 4099 quam-

1896 4119 1992 4174 diu
2033 4118 2176 4188 apud
2206 4117 2361 4173 illum
2414 4114 2472 4170 S.
2511 4115 2709 4171 Petrus
2762 4116 2819 4171 in
2874 4099 3076 4186 Legato
3135 4134 3237 4174 suo
3285 4120 3485 4189 ligatus

1897 4217 2191 4264 teneretur.
2216 4208 2499 4261 Frustrata
2527 4221 2659 4275 ergo
2683 4207 3077 4276 supplicatione
3097 4224 3217 4273 sua,
3238 4209 3482 4283 animum

1898 4299 1955 4355 in
1976 4297 2321 4372 tyrannidem
2350 4296 2619 4353 convertit
2645 4314 2659 4351 :
2699 4312 2801 4351 nec
2830 4296 2946 4366 jam
2973 4296 3219 4368 Regnum
3246 4314 3342 4368 per
3357 4301 3483 4369 jus-

1900 4390 2101 4457 titiam,
2137 4389 2231 4446 sed
2272 4404 2367 4460 per
2410 4388 2720 4443 violentiam
2758 4387 3004 4442 obtinere
3034 4388 3322 4459 cogitavit.
3370 4390 3483 4447 Rex

221 4474 434 4574 fugiens
457 4501 657 4559 furtive
681 4474 898 4557 Italiam
924 4508 1120 4557 wntra
1166 4498 1328 4568 Papae
1373 4507 1704 4569 praeceptum
1751 4507 1806 4553 et
1836 4474 1880 4529 θ
1904 4491 2087 4537 autem
2130 4478 2449 4574 midf’lphlfs
2495 4478 2638 4574 3pm}
2689 4477 2989 4574 Αιῑβυξιδω
3027 4479 3483 4574 εᾏρτίοξίεείωιιιη

224 4596 446 4651 consilia
482 4595 803 4665 Principum
831 4593 1088 4649 intravit:
1132 4600 1187 4647 et
1214 4590 1551 4660 Apostolico,
1578 4589 1645 4645 ad
1674 4602 1806 4644 con-

223 4691 423 4747 dictum
442 4689 591 4745 diem
611 4688 917 4759 Augustam
941 4683 1201 4751 tendenti,
1223 4690 1350 4737 ante
1368 4681 1805 4737 Puriiicationem

231 4783 284 4839 S.
308 4782 488 4838 Mariae
506 4780 733 4838 Canusii
756 4778 1021 4834 obviavit:
1059 4776 1152 4831 ubi
1175 4783 1230 4830 ct
1251 4774 1323 4829 ab
1342 4788 1409 4828 eo
1434 4790 1531 4844 per
1548 4771 1809 4828 inauditae

235 4873 622 4938 humiliationis
638 4871 1071 4936 simulationem,
1108 4876 1407 4936 utcumque
1446 4864 1646 4936 potuit,
1698 4878 1808 4919 non

237 4966 536 5043 Regni,_sed
570 4962 983 5023 communionis
1007 4968 1221 5016 tantum
1262 4958 1677 5014 concessionem
1717 4950 1808 5011 vix

240 5061 441 5116 demum
472 5057 737 5115 extorsit:
766 5055 899 5110 dato
924 5061 1106 5109 tamen
1151 5049 1305 5120 prius
1349 5055 1713 5113 sacramento,
1751 5056 1825 5115 ut

242 5153 302 5208 de
316 5152 534 5224 objectis
547 5147 879 5207 criminibus
897 5145 964 5200 ad
973 5141 1241 5215 judicium
1260 5137 1418 5209 Papae
1435 5138 1809 5206 satisfaceret;

246 5260 332 5303 nec
362 5245 518 5316 Papae
569 5250 671 5298 aut
718 5237 886 5294 alicui
930 5236 1051 5307 ejus
1092 5234 1236 5291 ﬁdeli
1285 5246 1521 5303 usquam
1567 5231 1719 5288 eunti
1760 5239 1815 5286 ct

1701 5322 1803 5340 ",,

1906 4573 2116 4631 Pascha
2137 4570 2434 4629 celebravit
2464 4585 2591 4625 cum
2613 4567 2830 4640 Legatis
2851 4568 3176 4640 Apostolica:
3201 4570 3358 4631 Sedis
3383 4594 3396 4629 :
3422 4592 3488 4632 ex

1906 4666 2107 4737 quibus
2162 4678 2327 4729 unus,
2381 4660 2827 4731 religiosissimus
2880 4661 3063 4718 Abbas
3116 4663 3489 4735 Rernbardus,

1909 4755 2138 4813 Romam
2196 4752 2494 4824 dirigitur:
2558 4752 2654 4807 sed
2701 4750 2771 4806 ab
2833 4748 3088 4809 Udalrieo
3147 4754 3364 4815 Comite
3424 4759 3491 4813 de

1910 4846 2239 4917 Lentzburg,
2289 4842 2509 4899 Henrici
2552 4841 2835 4913 complice,
2884 4854 3077 4915 captus
3106 4856 3160 4903 et
3198 4850 3493 4918 prmdatus,

1910 4956 2125 4999 annum.
2154 4952 2293 5012 pene
2313 4933 2597 4992 dimidium
2633 4934 2687 4988 in
2708 4934 3028 5003 captivitate
3056 4940 3258 4995 mansit
3286 4959 3298 4994 :
3336 4956 3496 5011 quem

1910 5029 2291 5092 Cluniacensis
2319 5024 2501 5081 Abbas
2527 5027 2595 5082 de
2616 5025 2872 5082 manibus
2904 5025 3123 5087 Henrici
3164 5032 3254 5086 vix
3280 5032 3492 5088 demum

1911 5128 2118 5201 eripuit
2142 5166 2156 5180 .
2187 5162 2201 5176 .
2230 5160 2243 5174 .
2272 5158 2286 5173 .
2310 5114 2671 5203 Vercellensis
2714 5113 3020 5191 EpiscOpus
3051 5122 3221 5193 (I22),
3266 5122 3503 5192 depositi

1898 5202 2085 5295 Regis
2110 5202 2507 5275 Cancellarius,
2551 5224 2677 5265 cum
2722 5209 2982 5270 omnibus
3023 5216 3139 5272 suis
3182 5213 3506 5284 sequacibus

2072 5310 2257 5338 -..ξείνη
2306 5299 2554 5338 conpl-nlo
2584 5300 2728 5336 Λῖνου)
2773 5298 3040 5336 “uitandus.
3084 5303 3207 5336 un::
3255 5304 3308 5334 διε
3356 5302 3507 5334 ιιι-ιιι-

1918 5325 2059 5340 ntali-
