3986 5386
520 275 627 333 ωτ

1732 235 2214 325 senescentis
2244 265 2330 322 vn
2362 267 2559 325 PAPA.

3676 264 3793 326 {08‘

516 393 725 465 absque
756 387 1140 448 Ecelesiastica
1179 385 1582 451 communione,
1626 384 1795 439 vitam
1836 384 1999 439 simul
2042 391 2097 437 et
2125 381 2369 439 Avoluit
2405 383 2541 439 fieri.
2584 382 2851 440 Henricus
2887 391 3091 452 autem,
3122 393 3420 456 utcumque
3445 385 3643 457 potuit,
3669 386 3781 454 im—

515 483 922 558 Episcopatum,
950 481 1096 539 heu!
1129 478 1511 539 miserabiliter
1545 477 1816 548 deposuit,
1861 489 1973 547 quo
2004 475 2095 530 ille

513 576 719 649 Papam
738 576 949 636 nefaria
981 573 1405 647 przesumptione
1434 570 1626 627 statuit
1651 570 1940 639 deponere.
1973 565 2092 622 Non

514 670 690 726 multo
710 676 836 740 post
864 668 1145 725 interitum
1180 662 1349 735 (122’)
1378 661 1675 718 Praefectus
1704 660 1961 715 Romanae
1980 657 2089 712 Ur-

513 763 620 829 bis,
658 759 963 817 indefessus
995 757 1153 813 miles
1177 754 1234 811 S.
1263 754 1407 810 Petri
1455 762 1649 810 contra
1680 750 2090 815 schismaticos,

513 872 543 911 a
569 855 807 927 quodam
844 850 1056 907 fautore
1090 847 1315 905 Henrici
1348 846 1637 903 crudeliter
1676 843 1983 900 occiditur:
2024 842 2092 896 ad

512 948 670 1017 cujus
718 958 919 1015 corpus
965 942 1020 997 in
1067 955 1242 1011 parvo
1281 948 1527 1009 tempore
1573 937 1864 1007 plusquam
1899 933 2092 1003 viginti

509 1037 773 1095 miracula
803 1035 1166 1105 contigerunt,
1201 1039 1265 1087 ut
1293 1029 1530 1086 fidelium
1557 1028 1800 1082 virorum
1830 1024 2093 1080 relatione

509 1128 819 1185 didicimus.
878 1125 1109 1180 lmbrico
1163 1121 1311 1195 (125)
1361 1119 1721 1192 Augustensis
1766 1117 2088 1188 Episcopus,

509 1221 607 1291 qui
634 1220 688 1275 in
718 1216 993 1290 praeterito
1022 1215 1234 1271 Pascha
1268 1212 1558 1283 Rudolpho
1598 1210 1733 1281 Regi
1777 1209 2090 1265 fidelitatem

505 1312 731 1381 juravit,
766 1310 841 1365 nil
875 1310 942 1365 de
979 1306 1224 1380 periurio
1258 1320 1481 1371 curans,
1512 1302 1748 1359 Henrico
1783 1302 2091 1359 advenienti

508 1402 737 1459 adhaesit
763 1420 775 1456 :
808 1410 863 1456 et
892 1400 1034 1471 apud
1068 1399 1216 1454 illam
1236 1398 1471 1469 quadam
1493 1395 1579 1451 die
1602 1393 1824 1450 Missam
1861 1392 2088 1459 faciens,

511 1494 651 1551 hanc
667 1493 770 1549 sibi
786 1492 1154 1549 conditionem
1172 1490 1340 1545 miser
1360 1487 1641 1559 imposuit,
1668 1493 1910 1542 utsacrae
1929 1483 2091 1540 Obla-

509 1584 675 1643 tionis
700 1583 971 1654 perceptio
992 1582 1045 1637 in
1071 1582 1338 1652 judicium
1368 1579 1419 1636 ei
1448 1578 1779 1650 proveniret,
1817 1577 1864 1634 si
1905 1577 2093 1633 Domi;

508 1694 614 1733 nus
647 1674 768 1747 ejus
791 1673 1058 1730 Henricus
1084 1672 1335 1744 Regnum
1376 1671 1480 1727 sibi
1530 1670 1732 1740 injuste
1774 1676 2084 1740 usurparet.

2194 475 2378 545 pedire
2411 491 2522 531 non
2559 475 2811 532 cessavit.
2845 474 2985 532 Nam
3004 484 3197 533 contra
3225 475 3601 548 Apostolicum
3631 491 3779 548 pra-

2194 574 2429 637 ceptum,
2453 567 2688 622 maxima
2713 566 3059 623 multitudine
3090 567 3485 640 ﬂagitiosorem
3512 569 3783 633 adunata,

2193 656 2531 727 procinctum
2554 658 2609 712 in
2643 656 2938 713 Saxoniam
2981 660 3233 729 paravit:
3273 660 3365 717 cui
3407 659 3520 715 Rex
3565 658 3780 716 Rudol-

2194 748 2335 819 phus
2374 748 2519 820 apud
2558 746 2816 805 Struvam
2844 765 2972 806 cum
3011 752 3252 807 exercitu
3277 751 3537 818 obviavit,
3582 760 3641 807 et
3683 750 3783 807 illo

2192 839 2381 911 fugato
2424 840 2539 909 ipse
2567 855 2822 911 campum
2866 842 3111 898 victoria:
3155 843 3393 899 obtinuit
3424 842 3475 898 7.
3511 843 3642 899 ldus
3662 843 3780 921 Anc

2192 932 2357 1003 gusti.
2382 930 2651 989 Occubuit
2670 941 2853 989 tamen
2884 933 2963 989 ibi
2996 950 3061 990 ex
3099 944 3256 1005 parte
3303 933 3574 1007 Rudolphi
3624 934 3781 1007 (ω)

2192 1024 2377 1081 Wecel
2427 1025 2757 1082 venerabilis
2806 1024 3287 1097 Magdeburgensis
3346 1026 3673 1097 Episcopus,
3724 1036 3781 1083 et

2192 1117 2615 1173 Wormatiensis
2648 1116 2950 1187 Episcopus
2985 1117 3159 1189 (124⁸)
3189 1126 3382 1189 captus
3422 1125 3523 1174 est.
3558 1117 3781 1175 infinita

2192 1218 2371 1266 autem
2395 1208 2689 1264 multitudo
2714 1207 2988 1278 utrimque
3032 1209 3309 1275 occubuit,
3364 1210 3550 1281 plures
3589 1217 3784 1266 tamen

2190 1311 2245 1359 et
2265 1301 2675 1358 exeellentiores
2697 1315 2765 1356 ex
2803 1309 2958 1371 parte
2981 1299 3223 1357 Henrici.
3258 1301 3426 1358 Facto
3455 1311 3638 1358 autem
3666 1303 3782 1358 alio

2190 1393 2437 1450 Concilio
2468 1393 2659 1449 Romae
2702 1391 2770 1447 10
2810 1391 3082 1449 Kalendas
3121 1392 3458 1460 Decembris,
3487 1393 3783 1466 utriusque

2192 1484 2355 1557 Regis
2396 1483 2602 1557 Legati,
2647 1485 2775 1540 licet
2807 1500 2916 1539 non
2945 1485 3135 1541 eadem
3168 1486 3415 1552 veritate,
3452 1485 3508 1540 in
3550 1483 3781 1556 Synodo

2185 1579 2442 1648 juravere
2516 1577 2665 1648 quod
2731 1575 2948 1631 Domini
3019 1592 3211 1632 eorum
3272 1591 3384 1632 non
3450 1576 3780 1648 impedirent

2190 1668 2525 1739 colloquium
2569 1682 2670 1738 pro
2705 1682 2872 1724 causa
2906 1666 3080 1738 Regni
3123 1668 3492 1724 statuendum.
3542 1667 3701 1724 Unde
3720 1676 3779 1723 et

504 1767 637 1824 Post
680 1767 823 1822 hanc
856 1766 1202 1822 temerariam
1257 1763 1681 1835 perceptionem,
1729 1775 1899 1831 parvo
1939 1761 2086 1830 quod
2122 1759 2163 1771 “’
2188 1759 2335 1832 Papa
2357 1775 2421 1816 ea
2440 1760 2559 1815 vice
2591 1759 2732 1815 inter
2759 1759 3118 1829 eosjudicare
3153 1774 3262 1815 non
3295 1760 3492 1830 potuit,
3519 1761 3777 1833 quamvis

507 1858 808 1931 supravixit
852 1864 1097 1928 tempore
1131 1869 1304 1926 usque
1333 1855 1402 1910 ad
1427 1861 1682 1919 mortem,
1710 1867 1993 1922 nunquam
2028 1866 2087 1907 se

507 1966 702 2009 sanum
731 1950 800 2004 de
839 1949 981 2005 lecto
1022 1947 1237 2003 levavit.
1287 1946 1425 2001 Nam
1456 1946 1602 2001 circa
1638 1942 1909 1999 Kalendas
1934 1942 2082 2009 Julii,

505 2042 712 2111 absque
768 2037 1150 2095 Ecclesiastica
1203 2037 1590 2093 communione
1641 2033 1931 2090 defunctus
1978 2043 2083 2091 est.

504 2132 638 2189 item
672 2130 1006 2203 Sigehardus
1032 2129 1225 2199 (125'),
1270 2127 1632 2199 Aquileiensis
1654 2125 1992 2191 Patriarcha,
2029 2126 2083 2181 in

505 2223 767 2279 auxilium
792 2221 1029 2278 Henrico
1049 2228 1242 2276 contra
1276 2220 1516 2275 bannum
1554 2217 1851 2288 Apostolici
1875 2225 2085 2273 armata

503 2330 672 2370 manu
699 2314 925 2370 veniens
955 2313 1011 2369 in
1043 2312 1337 2367 amentiam
1381 2311 1611 2365 vertitur
1641 2310 1784 2380 apud
1825 2308 2084 2379 Ratispo-

504 2421 655 2473 nam,
675 2413 729 2460 et
756 2421 822 2460 ex
844 2405 965 2476 ipso
990 2404 1182 2459 itinere
1207 2403 1488 2475 repentina
1516 2409 1692 2457 morte
1712 2401 2081 2471 intercipitur:

502 2499 692 2570 sicque
720 2498 963 2562 domum,
1008 2510 1119 2551 non
1168 2495 1375 2566 absque
1407 2493 1682 2564 aliquibus
1735 2507 1960 2548 suorum
1998 2490 2086 2547 fu-

501 2590 758 2657 neribus,
821 2590 877 2644 in
935 2602 1164 2659 corpore
1214 2594 1268 2643 et
1328 2587 1512 2642 anima
1566 2594 1838 2653 mortuus,
1896 2600 2085 2655 repora

501 2681 740 2737 tabatur.

569 2773 626 2828 9.
663 2772 810 2844 Papa
835 2771 1052 2843 utrique
1086 2770 1220 2843 Regi
1254 2786 1321 2826 ex
1345 2777 1499 2841 parte
1535 2768 1592 2825 S.
1623 2768 1769 2824 Petri
1807 2768 2082 2839 praecepit,

497 2872 562 2921 ut
585 2872 804 2937 treugas
836 2864 905 2920 ad
939 2864 1168 2920 invicem
1223 2861 1486 2929 facerent,
1525 2871 1581 2917 et
1614 2861 1920 2917 adventum
1960 2861 2083 2932 ejus

497 2957 567 3013 ad
596 2955 923 3012 Teutonicas
948 2963 1130 3027 partes
1151 2970 1251 3026 pro
1283 2953 1591 3011 dirimenda
1632 2953 1727 3007 lite
1762 2966 1873 3007 non
1905 2951 2081 3022 impe-

2188 1854 2326 1908 bene
2394 1851 2559 1907 sciret
2613 1850 2703 1907 cui
2755 1851 2897 1923 parti
2948 1852 3123 1924 magis
3168 1850 3380 1922 justitia
3429 1850 3657 1907 faveret:
3714 1850 3773 1907 In

2190 1944 2409 2017 Synodo
2443 1944 2547 2000 ista
2580 1942 2940 2014 Berengarius
2978 1943 3386 2014 Andegavensis
3436 1942 3778 2009 Canonicus,

2190 2046 2250 2091 ut
2282 2036 2352 2091 ab
2386 2035 2578 2091 haeresi
2607 2051 2707 2089 sua
2744 2034 3106 2105 resipisceret,
3132 2035 3482 2106 synodaliter,
3513 2037 3778 2092 conveni-

2187 2137 2297 2193 tur,
2323 2127 2483 2196 eique
2508 2125 2740 2182 induciae
2762 2142 2936 2196 usque
2954 2126 3021 2182 ad
3045 2125 3296 2197 proxime
3322 2126 3560 2186 futuram
3589 2126 3777 2198 Sync.

2186 2219 2316 2275 dum
2340 2218 2544 2273 dantur

2256 2311 2343 2365 fl.
2386 2309 2545 2365 Anno
2575 2308 2733 2365 1070.
2773 2308 3067 2381 Gregorius
3085 2309 3235 2382 Papa
3272 2310 3548 2383 Synodum
3582 2310 3779 2369 Romae

2186 2416 2374 2457 mense
2395 2400 2695 2457 Februario
2716 2401 2934 2473 collegit
2962 2420 2974 2455 :
3014 2402 3069 2457 in
3100 2417 3207 2473 qua
3246 2402 3628 2475 Berengarius,
3656 2404 3772 2475 jam

2185 2493 2344 2548 tertio
2373 2493 2676 2560 convictus,
2732 2493 2980 2549 hmresim
3023 2510 3180 2549 suam
3220 2495 3494 2564 abjuravit
3535 2503 3591 2551 et
3632 2510 3776 2551 ana-

2185 2585 2571 2639 thematizavit.
2604 2584 2664 2639 In
2684 2584 2873 2640 eadem
2913 2583 3135 2658 Synodo
3160 2585 3427 2643 Henricus
3455 2587 3776 2659 Aquileien-

2185 2676 2263 2732 sis
2287 2675 2603 2731 Patriarcha
2640 2675 3021 2747 Paruejuravit
3054 2678 3189 2733 nulli
3226 2694 3286 2734 se
3331 2679 3589 2751 deinceps
3612 2695 3772 2735 com-

2186 2769 2593 2824 municaturum
2646 2784 2810 2838 quem
2851 2770 3018 2826 sciret
3056 2786 3089 2826 a
3136 2769 3280 2842 Papa
3325 2772 3773 2827 excommunica-

2184 2865 2322 2915 tum.
2355 2859 2415 2915 In
2440 2861 2544 2916 hac
2580 2860 2800 2933 Synodo
2837 2860 2985 2932 Papa
3019 2861 3393 2934 Presbyteros,
3426 2863 3682 2935 deinceps
3714 2865 3773 2919 iu

2184 2951 2601 3009 fornicationem
2651 2955 2867 3024 lapsos,
2924 2955 3130 3025 absque
3186 2970 3284 3025 spe
3341 2956 3773 3025 recuperationis

496 3050 703 3116 dirent,
740 3048 835 3105 sed
874 3049 1115 3104 debitum
1139 3046 1428 3102 consilium
1462 3055 1518 3101 et
1560 3044 1823 3101 auxilium
1868 3043 1936 3099 ad
1976 3043 2082 3100 hoc
2109 3050 2150 3107 C
2183 3046 2472 3117 deposuit.
2502 3088 2515 3101 .
2544 3088 2556 3102 .
2586 3086 2600 3101 .
2626 3045 2813 3116 Legati
2861 3045 3023 3118 Regis
3053 3046 3326 3117 Rudolphi
3366 3061 3532 3117 super
3568 3045 3773 3102 Henrio

497 3140 600 3195 iter
629 3140 679 3194 ei
699 3140 1021 3209 praeberent.
1048 3137 1265 3208 Legatis
1289 3145 1472 3192 autem
1502 3136 1653 3202 suis,
1677 3136 1772 3206 qui
1805 3135 1986 3191 adhuc
2023 3135 2079 3190 in

498 3227 814 3284 Teutonicis
858 3229 1105 3299 partibus
1149 3228 1526 3293 morabantur,
1579 3226 1857 3297 pmcepit,
1909 3234 1971 3281 ut
2012 3242 2078 3281 ex

495 3319 712 3375 duobus
742 3317 977 3391 Regibus
1018 3320 1173 3374 illum
1207 3319 1765 3383 excommunicarent,
1810 3316 1903 3387 qui
1936 3332 2078 3387 prte-

495 3402 655 3466 dictae
692 3410 945 3480 legationi
985 3425 1095 3464 non
1138 3409 1415 3476 obedirct;
1452 3409 1791 3465 obedientem
1838 3424 1970 3463 vero
2011 3424 2078 3465 ex

496 3508 649 3571 parte
680 3499 737 3556 S.
766 3500 911 3556 Petri
943 3501 996 3555 in
1035 3499 1223 3571 Regno
1245 3500 1670 3556 confirmarent:
1710 3502 1858 3571 quod
1888 3510 1945 3557 et
1968 3517 2077 3556 non

495 3593 668 3648 multo
698 3601 822 3663 post
848 3592 1051 3648 factum
1094 3600 1199 3658 est,
1250 3591 1458 3648 scilicet
1486 3591 1541 3646 in
1567 3592 1655 3648 die
1678 3594 1927 3663 sequenti
1957 3603 2080 3664 post

497 3682 845 3741 festivitatem
872 3681 933 3739 S.
962 3681 1180 3741 Martini
1215 3682 1462 3750 Goslare,
1494 3682 1730 3741 Henrico
1762 3700 1863 3755 pro
1884 3685 2078 3742 inobe-

494 3774 698 3832 dientia
738 3776 935 3831 iterum
976 3775 1470 3843 excommunicato,
1505 3773 1793 3846 Rudolpho
1820 3791 1919 3847 pro
1942 3777 2077 3834 obe-

493 3867 699 3924 dientia
733 3867 789 3923 in
826 3867 1076 3940 Regnum
1104 3867 1418 3924 sublimato.
1467 3867 1604 3923 Nam
1636 3866 1907 3924 Henricus
1938 3885 2079 3940 prte—

493 3959 696 4017 dictam
718 3959 1044 4032 legationem
1068 3958 1230 4029 Papa:
1251 3972 1351 4016 nec
1374 3960 1652 4030 suscipere
1687 3960 1942 4033 dignatus
1969 3970 2074 4030 est,

494 4066 596 4107 nec
614 4049 859 4107 animum
879 4051 948 4108 ad
967 4059 1171 4123 treugte
1189 4052 1666 4122 compositionem.
1691 4052 1787 4108 sed
1806 4053 1875 4109 ad
1897 4061 2078 4125 tyran-

493 4140 640 4207 nidis
661 4142 1035 4207 crudelitatem
1062 4143 1314 4198 intendit.
1538 4176 1539 4179 η

560 4231 653 4289 40.
698 4232 859 4295 Anno
885 4233 1042 4299 1078.
1084 4232 1350 4291 Henricus
1372 4236 1568 4290 iterum
1594 4234 1925 4307 Apostolica:
1949 4236 2075 4293 Sedi

492 4325 575 4381 de
619 4339 740 4393 sua,
783 4326 945 4397 quasi
993 4326 1229 4396 injusta,
1285 4327 1635 4383 damnatione
1676 4330 2070 4399 conqueritur:

2183 3152 2309 3193 cum
2335 3138 2828 3209 proclamaverunt,
2873 3153 2941 3192 eo
2982 3138 3129 3208 quod
3155 3146 3332 3193 totum
3360 3136 3609 3209 Regnum
3636 3154 3773 3194 ocn-

2181 3228 2429 3297 fundere,
2465 3239 2521 3285 et
2552 3238 2801 3285 sanctam
2823 3228 3120 3286 Ecclesiam
3147 3230 3473 3286 conculcare
3511 3244 3622 3286 non
3648 3246 3778 3287 ces—

2181 3329 2344 3376 saret.
2384 3320 2585 3376 Iterum
2629 3335 2759 3391 ergo
2794 3320 2940 3391 Papa
2992 3320 3225 3393 lagatos
3268 3336 3422 3388 suos,
3454 3336 3557 3392 pro
3596 3337 3770 3379 causa

2132 3412 2135 3415 λ
2182 3410 2351 3484 Regni
2377 3412 2810 3477 determinanda,
2850 3414 2917 3469 ad
2960 3411 3291 3469 Teutonicas
3317 3421 3500 3484 partes
3519 3413 3769 3470 destina-

2184 3505 2280 3570 vit,
2315 3505 2563 3561 videlicet
2582 3504 2944 3561 venerabilem
2974 3504 3194 3560 Petrum
3230 3505 3595 3561 Albanensem
3630 3505 3773 3577 Epi-

2180 3611 2408 3667 scopum
2434 3637 2447 3652 .
2478 3638 2490 3650 .
2521 3638 2534 3651 .
2564 3638 2576 3652 .
2603 3612 2731 3652 cum
2757 3611 2870 3666 quo
2899 3594 3191 3654 Udalricus
3216 3596 3508 3653 Paduanus
3534 3596 3767 3667 Episco«

2178 3704 2283 3760 pus
2308 3689 2363 3744 in
2385 3688 2714 3762 legationem
2744 3688 3067 3744 destinatur.
3114 3687 3349 3759 Legatus
3381 3698 3563 3743 autem
3615 3687 3767 3745 Hen—

2178 3781 2278 3837 rici
2328 3779 2562 3853 Legatos
2596 3779 2778 3851 Papae,
2810 3780 3129 3850 priusquam
3176 3780 3413 3846 abirent,
3468 3779 3523 3835 in
3570 3782 3771 3838 eadem

2180 3869 2404 3945 Synodo
2459 3872 2822 3944 jurejurando
2883 3886 3110 3929 securos
3163 3870 3293 3928 fecit
3356 3873 3426 3928 de
3485 3874 3765 3932 conduotu

2176 3974 2232 4019 et
2263 3963 2571 4020 obedientia
2620 3962 2839 4019 Domini
2875 3963 2981 4019 sui.
3030 3962 3160 4019 Item
3207 3961 3443 4035 Legatus
3487 3962 3763 4037 Rudolphi

2176 4055 2244 4112 de
2273 4055 2581 4111 obedientia
2637 4053 2851 4110 Domini
2892 4055 2991 4113 sui,
3016 4055 3235 4125 iuravit
3263 4056 3317 4110 in
3364 4053 3604 4129 Synodo.
3655 4057 3763 4114 Le-

2175 4145 2286 4217 gati
2331 4161 2462 4217 ergo
2493 4145 2649 4202 Sedis
2691 4146 3020 4217 Apostolicae
3067 4147 3122 4201 in
3155 4145 3507 4204 Teutonicam
3557 4156 3761 4206 terram

2174 4239 2595 4307 pervenientes,
2664 4224 3031 4293 obedientiam
3099 4237 3374 4310 Rudolphi
3439 4248 3496 4295 et
3567 4242 3761 4298 inube-

2174 4328 2434 4384 dientiam
2478 4327 2698 4384 Henrici
2743 4329 3112 4385 indubitanter
3160 4332 3570 4400 probaverunt:
3612 4336 3763 4405 quod

495 4415 967 4490 unde_Gregorius
991 4415 1156 4488 Papa,
1193 4417 1345 4474 facto
1378 4417 1624 4476 Concilio
1655 4434 1841 4475 mense
1882 4419 2081 4477 Martio
2108 4414 2153 4468 Ι)
2173 4428 2229 4476 et
2259 4427 2466 4489 postea,
2498 4435 2624 4475 cum
2660 4419 2918 4487 redirent,
2960 4420 3121 4493 Papae
3154 4423 3274 4478 viva
3309 4438 3441 4479 voce
3470 4429 3759 4495 protestati

496 4508 713 4579 (inquo
744 4509 990 4567 Concilio
1010 4510 1159 4566 facta
1177 4518 1262 4567 est
1278 4512 1526 4581 exceptio
1554 4511 1918 4582 quarumdam
1943 4528 2079 4583 pera

496 4614 759 4657 sonarum
794 4601 860 4657 de
905 4599 1230 4665 Henriciana
1271 4603 1858 4670 excommunicatione,
1884 4610 1941 4660 et
1968 4605 2075 4662 hoc

496 4690 685 4761 utique
714 4692 782 4747 ad
804 4700 1053 4764 tempus;
1085 4692 1274 4760 idest,
1300 4706 1555 4760 uxorum,
1593 4695 1852 4760 filiorum,
1883 4709 2073 4752 servo-

496 4798 639 4849 rum,
672 4792 729 4838 et
759 4783 1115 4855 reliquorum,
1141 4785 1238 4856 qui
1261 4799 1372 4840 non
1411 4786 1664 4851 scienter,
1718 4785 1911 4842 saltem
1963 4802 2071 4843 non

499 4873 727 4949 libenter
744 4877 1230 4932 excommunicatis
1248 4876 1572 4948 sociantur),
1598 4876 1823 4933 idoneos
1842 4875 2075 4950 Legatos

496 4965 695 5020 iterum
719 4966 1150 5037 destinavit,qui,
1179 4967 1323 5023 facto
1349 4969 1586 5039 generali
1608 4967 1920 5039 Colloquio,
1942 4984 2075 5024 cau-

496 5072 613 5111 sam
644 5057 813 5129 Regni
839 5057 987 5127 juste
1015 5058 1477 5115 determinarent:
1515 5070 1569 5114 et
1601 5074 1792 5115 omnes
1826 5062 2073 5131 synodali

496 5149 766 5203 sententia
832 5148 1148 5213 damnavit,
1220 5151 1551 5221 quicumque
1611 5151 1935 5220 impedirent
2007 5168 2075 5209 ne

495 5236 843 5309 Colloquium
903 5237 1075 5293 ﬂeret.
1134 5236 1291 5304 Quod
1346 5238 1665 5311 Rudolphus
1715 5242 2072 5298 libentissime

2176 4519 2322 4567 sunt.
3088 4548 3091 4551 ι

2249 4604 2335 4659 l2.
2377 4603 2537 4659 Anno
2560 4602 2718 4669 1080,
2759 4603 3056 4676 Gregorius
3080 4606 3227 4677 Papa
3252 4604 3531 4678 Synodum
3570 4606 3761 4665 Romae

2176 4710 2364 4753 mense
2382 4694 2577 4751 Martio
2599 4694 2836 4767 collegit,
2873 4696 2942 4751 ad
2974 4713 3141 4768 quam
3170 4696 3487 4755 Teutonicis
3508 4701 3758 4770 partibus

2174 4789 2444 4860 praedictae
2502 4785 2657 4842 Sedis
2722 4787 3047 4858 Apostolicte
3092 4788 3278 4861 Legati
3332 4790 3639 4857 redierunt,
3703 4800 3759 4847 et

2173 4879 2546 4935 omnimodam
2595 4878 2866 4948 Rudolphi
2898 4880 3261 4935 obedientiam
3302 4888 3360 4936 et
3399 4879 3618 4939 Henrici
3667 4883 3756 4937 in—

2175 4969 2540 5043 obedientiam
2599 4969 2831 5025 Domino
2892 4970 3204 5040 Apostolico
3270 4972 3752 5028 renuntiaverunt:

2174 5061 2320 5116 unde
2336 5061 2451 5130 ipse
2479 5062 2533 5115 in
2558 5062 2664 5114 fine
2691 5060 2895 5132 Synodi
2918 5060 3213 5118 Henricum
3239 5061 3515 5132 deposuit,
3548 5064 3757 5133 ipsum-

2174 5164 2283 5220 que
2302 5165 2427 5205 cum
2463 5151 2719 5205 omnibus
2759 5152 2876 5205 suis
2906 5152 3213 5209 fautoribus
3253 5154 3749 5221 anathematizavit,

2174 5249 2229 5295 et
2293 5238 2639 5311 Rudolphum
2714 5240 3027 5311 Apostoliea
3097 5244 3422 5299 auctoritate
3482 5245 3537 5298 in
3605 5247 3750 5317 regia
