3986 5386
174 349 270 405 li"!

1163 340 1689 425 PROLEGOHENA.
1712 374 1783 383 -—
1805 342 1987 399 ACTA
2014 343 2070 399 Β.
2109 344 2459 403 GREGORII.

3336 355 3441 409 MO

187 461 434 536 lignitate
462 461 833 518 conﬁrmavit.
861 457 1015 518 Unde
1035 463 1266 517 aemulus
1296 462 1438 531 ejus,
1465 474 1764 532 congrega-
1794 464 1838 520 Α
1864 459 2053 530 sicque
2084 459 2404 516 Guibertum
2444 460 2814 519 Ravennatem
2839 503 2855 528 ,
2883 463 3162 534 perjnrum
3182 507 3196 529 ,
3220 466 3440 535 deposi—

176 563 225 609 ta
267 553 626 608 multitudine
648 553 1126 609 schismaticorum
1162 554 1279 608 sive
1317 551 1766 608 excommunica-

178 657 375 711 torum,
424 644 575 714 apud
621 645 901 700 Brixiuam
943 645 1243 716 legitimum
1294 644 1497 715 Papam
1542 643 1765 714 abjura-

178 738 285 797 vit;
332 744 391 789 et
427 732 757 792 Gnibertum
798 735 1166 792 Ravennatem
1216 736 1494 806 quondam
1539 733 1766 805 Episco-

176 843 319 897 pum,
364 826 465 881 sed
481 826 603 896 jam
642 828 879 883 triennio
920 843 953 882 a
1001 826 1147 898 Papa
1187 827 1452 898 Gregorio
1496 826 1769 896 irrecupe-

177 918 417 972 rabilitcr
455 918 775 988 depositum
807 928 861 974 et
900 919 1441 986 anathematizatum,
1507 919 1611 974 sibi
1658 934 1769 974 non

175 1010 227 1063 in
254 1008 489 1079 Papam,
521 1010 619 1064 sed
644 1010 702 1064 in
730 1010 1148 1065 haeresiarcham
1176 1011 1356 1082 elegit.
1402 1009 1606 1065 Deinde
1627 1010 1771 1080 apud

174 1098 516 1171 Hoguntiam
558 1100 847 1156 Conventu
893 1100 1062 1169 facto,
1106 1103 1355 1158 eamdem
1405 1103 1580 1173 ipsam
1623 1103 1768 1157 elec-

175 1192 374 1245 tionem
434 1208 467 1244 a
515 1193 959 1263 quibuscumque
1009 1194 1189 1265 potuit
1243 1194 1561 1259 conﬁrmari
1620 1193 1766 1249 fecit.

174 1281 288 1337 Iam
307 1292 498 1336 autem
522 1285 800 1340 mediante
818 1284 1059 1353 Octobri,
1082 1285 1350 1342 Henricus
1370 1287 1769 1358 expeditionem

178 1376 229 1427 in
286 1374 593 1430 Saxoniam
648 1377 849 1433 iterum
880 1394 1101 1449 parans,
1141 1393 1171 1434 a
1201 1378 1468 1435 militibus
1499 1378 1770 1449 Rudolphi

178 1469 366 1524 itinere
399 1468 572 1526 unius
609 1470 723 1526 diei
751 1469 991 1542 fugatur,
1030 1474 1283 1543 quamvis
1314 1474 1370 1528 in
1398 1473 1589 1528 eadem
1633 1488 1768 1529 con-

179 1561 462 1630 gressione
484 1560 813 1634 Rudolphus
835 1563 949 1619 Rex
973 1565 1077 1635 piae
1112 1567 1391 1622 memoriae
1429 1567 1764 1623 occubuerit.

180 1646 271 1703 His
297 1650 648 1719 temporibus
685 1650 955 1708 Henricus
984 1662 1097 1709 tam
1124 1652 1332 1710 Italiam
1367 1655 1505 1711 adeo
1541 1664 1768 1711 contur-

178 1741 338 1808 bavit,
359 1751 419 1796 ut
441 1743 628 1798 nullus
647 1759 841 1800 secure
859 1745 928 1800 ad
944 1743 1156 1801 Limina
1178 1746 1565 1818 Apostolorum
1585 1756 1770 1817 posset

179 1833 274 1896 ire,
303 1834 397 1904 qui
438 1850 549 1889 non
578 1836 737 1904 prius
772 1837 1048 1909 abjuraret
1076 1839 1221 1910 quod
1244 1840 1311 1895 ad
1337 1839 1539 1911 Papam
1561 1839 1770 1912 Grego-

179 1922 317 1977 rium
345 1924 674 1981 diversurus
711 1941 822 1982 non
844 1938 1008 1983 esset.

246 2015 334 2070 l3.
374 2016 535 2072 Anno
570 2018 729 2073 l08l.
758 2018 1050 2089 Henricus,
1078 2029 1202 2093 post
1227 2024 1436 2079 obitum
1465 2022 1630 2096 Regis
1657 2024 1770 2079 Ru-

178 2106 388 2177 dolphi,
423 2106 705 2165 Veronam
731 2112 786 2166 in
819 2111 1029 2170 Pascha
1053 2115 1204 2170 venit
1232 2135 1246 2169 :
1287 2123 1343 2171 et
1363 2116 1489 2171 inde
1515 2116 1584 2170 ad
1611 2116 1769 2172 inva-

186 2201 423 2256 dendam
488 2200 761 2270 Romam,
811 2220 935 2260 cum
981 2221 1085 2261 suo
1143 2222 1253 2263 non
1295 2207 1612 2278 Apostolico
1675 2210 1772 2267 sed

176 2302 431 2365 apostata
454 2292 744 2361 Guiberto,
768 2305 956 2368 utpote
981 2296 1195 2353 Domini
1216 2298 1514 2370 Apostolici
1540 2315 1648 2356 non
1685 2316 1772 2358 se-

181 2386 287 2441 mel
311 2386 541 2457 perjuro
574 2397 630 2442 et
657 2388 1155 2458 anathematizato,
1184 2390 1486 2463 profectus,
1517 2393 1613 2449 sed
1642 2408 1770 2450 mox

180 2493 467 2549 regressus
489 2489 596 2534 est.
624 2478 832 2536 Eodem
855 2489 1100 2553 tempore
1122 2482 1404 2554 Principes
1429 2484 1600 2556 Regni
1624 2484 1770 2540 Teu-

181 2570 516 2637 tonicorum,
556 2571 769 2628 scilicet
788 2573 1223 2645 ArchiepiscOpi,
1255 2574 1533 2647 Episcopi,
1571 2576 1770 2644 Duces,

181 2660 527 2718 Haechiones
568 2671 627 2717 et
668 2662 952 2731 Comites,
978 2664 1265 2722 Conventu
1296 2666 1473 2735 facto,
1500 2667 1769 2724 Herman-

182 2768 307 2807 num
333 2753 581 2809 nobilem
616 2755 802 2812 virum
840 2756 946 2813 sibi
984 2755 1041 2812 in
1062 2755 1266 2829 Regem
1293 2757 1590 2830 elegerunt.

247 2844 336 2899 14.
375 2846 543 2901 Anno
582 2846 742 2903 1082.
787 2847 1056 2905 Henricus
1094 2850 1149 2905 in
1189 2848 1436 2918 Italiam,
1487 2862 1771 2923 assumpto

183 2946 430 3007 apostata
470 2954 578 2993 suo
620 2938 919 3010 Guiberto,
962 2941 1161 2998 iterum
1202 2940 1435 3001 Romam
1477 2944 1770 3002 invasurus

184 3029 568 3098 pmﬁciseitur,
601 3033 868 3090 advocata
892 3035 1240 3091 multitudine
1259 3037 1766 3093 schismaticorum:

1870 559 1986 606 tum
2032 559 2088 606 et
2130 552 2651 608 auatheinatizatum
2673 595 2688 620 ,
2716 555 2859 624 apud
2885 553 2941 609 S.
2976 554 3197 611 Petrum
3224 557 3443 613 inthro-

1871 644 2104 711 nizavit;
2153 659 2264 699 non
2315 660 2410 714 per
2471 643 2813 712 Ostiensem,
2859 654 2915 701 et
2950 646 3350 715 Albancnsem,
3389 658 3446 709 et

1872 733 2226 807 Portucnsem
2265 735 2436 807 (125⁸)
2470 735 2798 807 Episcopos,
2826 739 2922 809 qui
2952 739 3058 795 hoc
3100 739 3444 811 privilegium

1871 828 2074 883 habent
2097 836 2219 882 utet
2247 827 2452 898 Papam
2480 837 2821 894 consecrent,
2847 830 2940 887 sed
2960 846 3056 902 per
3080 830 3443 888 Mutinensem
3527 840 3533 845 ’

1870 929 1925 974 et
1946 920 2348 974 Ariminensem
2396 920 2694 991 Episcopos
2738 922 2910 993 (126),
2958 931 3145 993 utpote
3164 923 3279 993 jam
3302 923 3442 977 mul-

1872 1013 1943 1067 tis
1970 1013 2130 1067 annis
2157 1011 2437 1082 depositos
2476 1020 2531 1067 et
2558 1014 3065 1070 anathematizatos.
3099 1013 3294 1069 Statim
3313 1029 3449 1085 ergo

1866 1104 2022 1174 juxta
2045 1101 2102 1158 S.
2133 1103 2356 1159 Petrum
2376 1104 2666 1175 quemdam
2688 1106 3068 1173 monticulum,
3091 1106 3312 1163 nomine
3336 1104 3449 1161 Pa-

1872 1197 2117 1251 latiolum
2140 1238 2154 1262 ,
2198 1196 2254 1251 in
2287 1197 2571 1252 castellum
2595 1197 2841 1268 (erexit);
2878 1198 3038 1269 eique
3070 1198 3269 1255 milites
3300 1200 3446 1255 mul-

1872 1297 1957 1343 tos
1975 1329 1990 1356 ,
2012 1296 2074 1342 ut
2103 1288 2487 1359 impugnarcnt
2527 1286 2835 1353 Romanos,
2863 1289 3157 1359 imposuit,
3187 1291 3281 1360 qui
3318 1304 3447 1345 eum

1872 1376 2315 1435 Transtiberinas
2359 1380 2510 1435 urbis
2549 1379 2801 1450 regiones
2845 1380 2995 1435 nullo
3035 1390 3194 1450 pacto
3244 1381 3450 1437 intrare

1871 1472 2275 1542 permittebant.
2312 1470 2466 1526 Multi
2510 1479 2691 1526 tamen
2732 1488 2800 1526 ex
2846 1470 3106 1526 Romanis
3146 1487 3448 1529 consense—

1872 1571 2028 1629 rant,
2072 1565 2269 1633 partim
2305 1564 2481 1634 prctio
2505 1564 2745 1632 inducti,
2777 1564 2978 1635 partim
3002 1562 3190 1619 multis
3210 1564 3448 1634 promis-

1872 1655 2120 1711 sionibus
2188 1656 2432 1723 seducti,
2503 1671 2695 1712 omnes
2756 1666 2937 1711 autem
2993 1656 3274 1726 aequaliter
3333 1656 3454 1725 jam

1873 1745 2092 1801 triennii
2122 1747 2532 1817 impugnatione
2564 1748 2796 1802 nimium
2824 1746 3051 1818 fatigati.
3085 1747 3225 1813 Quid
3256 1748 3453 1817 plura!

1871 1836 2075 1893 Omnes
2110 1854 2248 1909 pene
2286 1838 2550 1906 Romani,
2580 1848 2774 1909 prmter
2804 1839 3110 1909 Principem
3149 1836 3450 1895 Salernita-

1872 1945 2026 1997 num,
2048 1930 2152 1985 hoc
2177 1931 2556 1997 laudaverunt,
2592 1939 2653 1985 ut
2677 1930 2825 2002 Papa
2846 1930 3143 2002 Gregorius
3169 1930 3453 2003 Synodum

1873 2020 1930 2076 in
1957 2022 2140 2076 medio
2179 2020 2474 2076 Novembri
2501 2022 2779 2094 colligeret
2814 2022 3002 2078 Romae
3018 2062 3035 2088 ,
3059 2022 3219 2092 cujus
3245 2022 3452 2095 Synodi

1874 2120 2076 2168 statuta
2103 2114 2170 2169 de
2197 2129 2364 2169 causa
2397 2112 2607 2185 Regni,
2634 2130 2735 2171 nec
2758 2114 2995 2170 Henrico
3030 2129 3133 2170 nec
3153 2112 3416 2173 Romanis
3432 2156 3449 2178 .

1874 2204 1985 2260 imo
2048 2205 2184 2260 nulli
2236 2205 2456 2275 penitus
2512 2206 2704 2263 liceret
2749 2202 3126 2277 praevaticari.
3184 2204 3452 2262 Henricus

1872 2311 2091 2367 quoque
2117 2297 2278 2352 ituris
2295 2298 2365 2352 ad
2392 2296 2543 2353 illam
2566 2297 2847 2370 Synodum
2868 2307 2924 2354 et
2952 2297 3208 2353 redituris
3238 2299 3419 2355 securi
3448 2334 3453 2337 Α

1874 2397 2041 2443 tatem
2067 2388 2427 2459 jurejurando
2463 2388 2629 2444 fecit:
2660 2390 2806 2445 unde
2831 2399 2886 2445 et
2912 2388 3058 2461 Papa
3092 2404 3286 2446 omnes
3320 2391 3447 2446 reli-

1872 2481 2058 2551 giosos
2100 2480 2401 2551 EpiscOpos
2434 2491 2490 2536 et
2534 2481 2774 2537 Abbates
2814 2482 2883 2538 ad
2927 2480 3206 2554 Synodum
3248 2482 3449 2539 litteris

1873 2573 1989 2628 suis
2018 2573 2250 2629 vocavit.
2282 2572 2521 2630 Reverso
2549 2589 2682 2645 ergo
2704 2573 2939 2630 Henrico
2972 2573 3409 2645 Longobardiam
3429 2617 3448 2640 .

1872 2665 2073 2721 milites
2112 2665 2265 2735 ejus,
2300 2681 2443 2737 quos
2471 2667 2526 2720 in
2557 2665 2782 2721 castello
2817 2681 2987 2737 prope
3015 2664 3072 2720 S.
3113 2664 3337 2721 Petrum
3363 2667 3455 2723 diu

1873 2756 2041 2822 misit,
2070 2757 2353 2826 repentina
2376 2772 2526 2812 mors
2547 2755 2659 2811 fere
2686 2772 2877 2812 omnes
2896 2754 3118 2811 invasit.
3141 2754 3286 2812 Inter
3312 2752 3458 2827 quos

1871 2857 1928 2903 et
1957 2846 2243 2904 Udalricus
2268 2847 2623 2904 Goscezehim
2658 2849 2865 2920 absque
2886 2846 3270 2905 Ecclesiastica
3296 2864 3454 2905 com-

1873 2941 2151 3009 munione,
2189 2941 2295 2995 heu
2335 2941 2531 2996 miser!
2570 2940 2808 3007 interiit,
2838 2949 3034 2996 auctor
3066 2940 3232 3010 hujus
3262 2941 3455 2997 schis-,

1873 3033 2036 3089 matis
2066 3042 2121 3088 ct
2147 3033 2404 3089 incensor
2446 3031 2891 3103 conspirationis.
2925 3032 3005 3089 Ex
3040 3031 3459 3103 quadringentis

185 3122 362 3193 ibique
386 3139 454 3177 ea
481 3132 676 3179 aestate
700 3136 974 3194 moratus,
1000 3143 1138 3198 pene
1173 3126 1453 3184 incassum
1482 3130 1768 3197 laboravit,
1798 3148 1839 3204 (ι
1872 3133 2053 3180 autem
2074 3125 2359 3191 militibus,
2390 3124 2485 3196 qui
2514 3124 2572 3179 in
2601 3124 2695 3180 illo
2717 3124 2943 3180 castello
2967 3139 3069 3195 pro
3098 3123 3351 3179 custodia
3369 3124 3457 3180 di-

184 3221 306 3288 quia
327 3234 461 3274 eum
480 3235 585 3275 nec
606 3218 708 3274 hac
737 3218 859 3273 vice
894 3216 1128 3274 Romani
1151 3219 1358 3283 intrare
1381 3222 1769 3292 permiserunt.

186 3309 361 3380 Ignem
377 3326 606 3383 quoque
619 3310 676 3365 in
704 3310 937 3366 domum
956 3308 1014 3365 S.
1041 3309 1189 3366 Petri
1218 3328 1317 3383 per
1335 3314 1628 3384 quemdam
1658 3321 1772 3370 tra-

185 3402 411 3458 ditorem
446 3403 747 3458 immittere
778 3403 973 3470 voluit,
988 3405 1082 3461 sed
1108 3404 1203 3460 Dei
1242 3406 1621 3462 misericordia
1648 3423 1777 3478 pro-

187 3502 393 3565 tegente
434 3509 551 3549 non
587 3495 770 3565 potuit
796 3514 809 3548 :
853 3496 1111 3567 cogitavit
1130 3496 1277 3552 enim
1300 3505 1361 3552 ut
1385 3498 1453 3553 de
1477 3498 1777 3569 improviso

186 3587 750 3655 portasin-umperet,
785 3587 835 3642 si
878 3587 1130 3653 Romani,
1167 3587 1442 3645 derelictis
1462 3604 1775 3660 propugna-

191 3678 357 3744 culis,
382 3677 457 3732 ad
501 3676 823 3733 incendium
863 3678 1314 3750 restinguendum
1347 3686 1774 3736 concurrerent:

188 3770 276 3826 sed
294 3767 931 3840 DominusApostolicus
947 3771 1073 3827 huic
1089 3772 1343 3826 versutia
1357 3772 1616 3827 obviavit.
1635 3771 1773 3828 Nam

186 3863 428 3932 primum
479 3862 605 3917 viso
639 3863 898 3918 incendio
943 3879 1135 3919 omnes
1170 3864 1369 3919 milites
1406 3863 1774 3922 Romanosad

186 3955 562 4025 gubernacula
583 3954 927 4010 defendenda
963 3955 1298 4023 transmisit,
1337 3957 1561 4028 ipseque
1586 3958 1771 4025 solus,

186 4047 383 4104 ﬁducia
427 4045 488 4101 S.
533 4045 679 4101 Petri
716 4045 894 4103 fretus
914 4088 929 4113 ,
965 4046 1111 4103 facto
1157 4048 1317 4119 signo
1353 4046 1548 4106 Crucis
1582 4058 1775 4107 contra

188 4141 510 4196 incendium
530 4181 546 4205 ,
583 4139 768 4209 ignem
807 4139 1039 4196 ulterius
1075 4141 1330 4211 progredi
1366 4154 1478 4197 non
1504 4142 1772 4211 permisit.

188 4233 357 4304 Igitur
372 4230 648 4288 Henricus
667 4273 682 4299 ,
710 4240 876 4303 capto
899 4232 1197 4288 venerabili
1222 4230 1493 4305 Episcopo
1525 4231 1675 4306 (125)
1708 4234 1777 4290 de

189 4325 375 4381 Sutria
403 4325 640 4395 aliisque
662 4324 973 4393 nonnullis,
998 4339 1209 4396 suoque
1243 4333 1492 4395 apostata
1513 4324 1776 4382 Guiberto

187 4420 242 4475 in
266 4417 556 4477 Tiburtina
575 4417 708 4472 urbe
733 4417 804 4472 ad
829 4417 1167 4475 intestandos
1182 4416 1461 4493 Romanos
1491 4418 1772 4485 derelicto,

189 4513 302 4584 ipse
331 4509 778 4581 Longobardiam
811 4511 1118 4567 revertitur.

822 4600 1051 4659 CAPUT
1092 4601 1155 4656 II.
1700 4656 1709 4661 .

220 4693 323 4751 Res
356 4705 518 4767 gesta
537 4695 747 4750 ultimis
781 4694 987 4750 duobus
1014 4696 1190 4749 annis.
1218 4692 1428 4760 Obitus,
1453 4693 1746 4764 sepultura.

259 4787 349 4848 15.
396 4788 558 4842 Anno
584 4787 743 4843 1085.
785 4786 991 4843 lterum
1026 4785 1330 4852 Henricus,
1373 4799 1500 4841 cum
1526 4787 1778 4842 multitu-

194 4878 317 4935 dine
343 4879 826 4943 schismaticorum
856 4879 974 4936 sive
997 4877 1621 4945 excommunicatorum,
1652 4884 1781 4932 ante

192 4963 589 5038 Pentecosten,
649 4972 885 5027 Romam
954 4971 1377 5042 impugnaturus
1428 4969 1775 5043 aggreditur;

263 5084 423 5151 (19.5)
473 5084 968 5155 Bonizoncmgalibi
1009 5083 1245 5155 appellat
1277 5084 1399 5155 ipse
1419 5080 1776 5155 Rertholdus,

192 5155 267 5211 ait
297 5164 486 5209 autem
539 5157 609 5211 de
662 5172 731 5212 co
774 5151 1241 5217 Ughellus'tomo
1277 5151 1323 5208 II
1369 5151 1537 5210 Italiae
1571 5167 1777 5217 sacrae,

193 5226 337 5294 quod
365 5226 549 5293 ﬂoruit
572 5244 708 5281 anno
742 5222 901 5291 l078,
940 5233 996 5279 et
1016 5233 1130 5293 post
1152 5223 1301 5277 varia
1332 5223 1571 5294 duraque
1590 5222 1780 5294 exilia,

1880 3216 2033 3273 missi
2063 3225 2211 3284 sunt,
2250 3217 2340 3272 vix
2367 3216 2589 3288 triginta
2614 3215 2850 3287 gladium
2889 3215 2946 3272 S.
2966 3215 3134 3283 Petri,
3175 3222 3237 3270 ut
3267 3215 3451 3281 aiunt,

1876 3323 2139 3365 concessa
2173 3310 2283 3365 vita
2308 3316 2601 3365 evaserunt
2632 3328 2643 3363 :
2683 3310 2862 3380 ipsum
2892 3316 3074 3363 autem
3101 3308 3391 3363 castellum
3423 3323 3458 3363 a

1877 3401 2141 3458 Romanis
2166 3402 2383 3473 penitus
2407 3402 2526 3457 solo
2542 3402 2890 3472 adaequatum
2910 3407 3015 3457 est.
3039 3398 3309 3456 Henricus
3323 3415 3458 3472 ergo

1878 3494 2217 3565 (Ravennate
2252 3509 2356 3550 suo
2390 3494 2608 3550 interim
2646 3492 2965 3548 Ravennam
3004 3492 3357 3561 transmisso)
3387 3494 3459 3548 ad
3503 3514 3511 3519 ~

1878 3588 2191 3656 praedictam
2236 3586 2515 3659 Synodum
2555 3585 2836 3657 profectus
2869 3596 2987 3653 est,
3036 3600 3148 3657 quo
3184 3594 3239 3639 et
3267 3583 3457 3656 Legati

1879 3677 2299 3734 Teutonicorum
2316 3678 2630 3750 Principum
2649 3679 2727 3743 ire
2747 3680 3047 3735 debuerant
3065 3697 3079 3745 ;
3099 3678 3196 3733 sed
3223 3678 3294 3733 ab
3307 3675 3457 3732 Hen-

1878 3770 1992 3826 rico
2020 3772 2073 3826 in
2100 3770 2185 3826 via
2220 3772 2363 3841 apud
2390 3770 2592 3826 Forum
2616 3769 2795 3826 Cassii
2817 3770 2962 3841 (127)
2990 3771 3135 3841 capti
3162 3776 3294 3825 sunt
3307 3770 3457 3826 circa

1876 3861 2078 3918 festum
2117 3861 2174 3917 S.
2221 3863 2471 3931 Martini,
2515 3864 2643 3919 licet
2684 3864 2944 3919 omnibus
2984 3862 3265 3935 Synodum
3304 3863 3456 3919 illam

1877 3955 2187 4026 petentibus
2216 3956 2566 4013 securitatem
2588 3957 2907 4027 juramento
2928 3952 3276 4027 promiserit:
3310 3955 3458 4015 unde

1875 4056 1931 4103 et
1952 4047 2185 4104 Romani
2212 4048 2383 4105 multa
2414 4050 2607 4104 contra
2629 4040 2928 4104 Henricum
2959 4062 3311 4104 murmurare
3336 4062 3455 4105 cm-

1874 4148 2092 4209 pernnt.
2131 4139 2301 4195 Erant
2327 4147 2508 4195 autem
2539 4140 2940 4212 religiosissimi
2971 4138 3224 4196 Monachi
3252 4146 3307 4195 et
3325 4137 3456 4195 Cle-

1877 4234 1997 4301 rici,
2026 4246 2167 4304 quos
2186 4232 2241 4287 in
2276 4231 2589 4303 captivitate
2626 4231 2753 4287 fecit
2780 4231 3017 4288 cruciari
3044 4250 3055 4285 :
3084 4246 3210 4287 cum
3253 4230 3456 4302 quibus

1875 4332 1931 4381 et
1947 4322 2202 4381 Ottonem
2230 4314 2603 4379 venerandum
2635 4321 2944 4379 Ostiensem
2974 4321 3303 4395 Episcopum
3324 4336 3457 4392 cap—

1875 4416 2105 4473 tivatum
2131 4456 2147 4482 ,
2195 4414 2451 4471 videlicet
2499 4414 2568 4470 ad
2618 4415 2800 4485 ipsum
2846 4415 2916 4469 ab
2956 4412 3269 4487 Apostolica
3314 4412 3457 4472 Sede

1816 4505 1859 4559 D
1883 4508 2270 4566 transmissum
2303 4522 2317 4560 :
2353 4505 2512 4562 multi
2540 4513 2725 4561 tamen
2744 4520 2811 4561 ex
2836 4504 3190 4579 Francigenis
3215 4505 3283 4563 ad
3304 4504 3456 4563 illam

1881 4601 2159 4677 Synodum
2187 4609 2300 4655 tam
2326 4597 2580 4670 Episcopi
2608 4612 2774 4670 quam
2803 4598 3040 4654 Abbates
3067 4607 3462 4669 pervenerunt;

1877 4694 2129 4752 Meliores
2162 4700 2345 4748 autem
2378 4690 2630 4764 Episcopi
2658 4698 2715 4745 et
2737 4687 2971 4751 Domino
2997 4690 3309 4761 Apostohoo
3336 4698 3457 4746 ma—

1878 4788 1963 4859 gis
2007 4784 2346 4851 necessarii,
2388 4784 2441 4840 id
2466 4791 2553 4843 est
2597 4779 2753 4854 Hugo
2800 4781 3208 4853 Lugdunensis,
3257 4783 3456 4840 Auset-

1862 4940 1867 4944 _
1880 4895 2005 4935 mus
2015 4877 2301 4944 Lucensis,
2314 4875 2650 4947 Reginaldus
2658 4874 2942 4931 Cumanus
2953 4872 3105 4948 (l28)
3121 4915 3136 4940 ,
3152 4870 3457 4945 specialiter

1879 4971 1950 5025 ab
1988 4969 2224 5027 Henrico
2258 4968 2328 5024 ad
2366 4966 2650 5040 Synodum
2686 4964 2972 5037 pervenire
2998 4964 3261 5041 prohibiti
3302 4973 3452 5026 sunt.

1881 5083 2138 5151 tiﬂcibus,
2170 5092 2224 5139 et
2246 5084 2340 5154 qui
2372 5077 3033 5154 potissimumﬂrbanum
3059 5079 3104 5154 II
3142 5078 3415 5154 promovit
3442 5101 3455 5131 .

1880 5155 1961 5236 uti
1985 5146 2220 5279 testateur
2243 5146 2352 5209 Deo
2372 5146 2657 5209 Ostiensis
2690 5150 2785 5205 lib.
2822 5167 2874 5207 tv
2897 5146 3161 5211 Chronici
3192 5146 3463 5204 Casinen-

1882 5240 1961 5280 sts
1991 5241 2111 5293 cap.
2178 5264 2192 5278 .
2504 5292 2517 5293 ί
2830 5292 2844 5293 ἡ
2870 5292 2873 5293 ν
3376 5240 3383 5247 .
