3986 5386
517 155 622 229 m‘

1747 172 1804 229 s.
1829 150 2232 231 cancomUs
2251 171 2341 227 vn
2366 151 2558 228 rara.
2660 151 2664 155 ’

3679 187 3778 248 112

516 282 783 348 Dominus
809 298 992 348 tamen
1014 289 1163 363 Papa
1185 287 1466 364 Synodum
1486 289 1664 366 tribus
1683 289 1876 348 diebus
1904 293 2088 348 solen-
2118 295 2168 351 Α
2193 289 2333 345 bello
2363 296 2704 359 appeteret...
2727 288 2830 346 Sed
2869 289 3144 350 Henricus
3161 295 3440 369 acceptam
3461 303 3777 376 pecuniam,

515 384 660 440 niter
685 384 1010 453 celebravit;
1037 393 1120 450 et,
1155 399 1224 440 ne
1245 383 1544 440 Henricum
1557 384 1756 440 iterum
1786 385 2094 456 specialiter

515 477 1026 545 anathemat'izaret,
1055 476 1144 531 vix
1165 491 1199 532 a
1228 475 1448 549 Synodo
1466 484 1552 532 est
1567 484 1829 533 exoratus
1854 495 1866 532 :
1897 492 2092 533 omnes

516 575 697 624 tamen
723 568 1239 636 excommunicavit,
1267 569 1598 640 quicumque
1625 569 1864 640 aliquem
1910 569 1978 624 ad
2029 566 2088 622 8.

515 657 733 718 Petrum
743 668 798 716 et
806 659 1009 731 Papam
1023 659 1322 716 venientem
1347 661 1895 732 impedirentquoquo
1907 661 2089 717 modo.

587 751 672 805 16.
715 749 820 806 Sed
857 753 972 822 jam
1001 753 1222 808 advenit
1243 755 1512 810 terminus
1539 755 1610 810 ad
1635 771 1798 826 quem
1833 753 2090 822 Romani,

513 841 792 897 nesciente
825 841 1002 914 Papa,
1044 845 1149 900 hoc
1182 844 1418 902 Henrico
1453 861 1513 902 se
1546 847 1840 904 effecturos
1861 847 2088 918 jurave-

513 941 656 1001 rant,
683 942 742 988 ut
765 950 891 990 eum
917 935 1216 1008 Gregorius
1235 937 1382 1008 Papa
1411 939 1798 1006 incoronaret,
1825 947 1922 996 aut
1949 939 2091 996 alius

497 1023 674 1094 ‘rjuem
694 1027 798 1098 ipsi
825 1027 920 1082 illo
937 1030 1167 1100 expulso
1187 1030 1465 1102 eligerent.
1497 1030 1656 1099 Quod
1675 1033 2052 1103 juramentum
2073 1073 2090 1111 ,

510 1115 639 1174 licet
659 1116 1009 1189 in'praaterita
1028 1129 1216 1177 aestate
1242 1121 1445 1179 factum
1477 1123 1662 1192 fuerit,
1687 1139 1880 1182 omnes
1907 1133 2092 1185 tamen

509 1207 739 1265 intimos
770 1225 928 1282 papae
949 1227 1124 1282 usque
1150 1211 1218 1269 ad
1237 1215 1533 1270 terminum
1553 1231 1690 1286 pene
1707 1217 1884 1272 latuit.
1913 1216 2094 1273 Adve-

511 1299 696 1356 niente
737 1317 867 1374 ergo
905 1305 1172 1373 termino,
1225 1304 1458 1362 Romani
1497 1306 1658 1379 Papae
1689 1309 1756 1364 de
1775 1309 2092 1381 juramento

511 1391 1032 1464 manifestaverunt,
1061 1397 1304 1454 dicentes
1345 1415 1404 1455 se
1444 1401 1549 1457 hoc
1589 1389 1844 1475 jurasse,
1877 1421 1988 1460 non
2031 1412 2094 1460 ut

510 1481 658 1555 Papa
678 1486 975 1544 solenniter
993 1489 1163 1561 regali
1184 1491 1440 1548 unctione
1461 1493 1830 1566 incoronaret,
1850 1499 1944 1554 sed
1971 1507 2092 1554 tan-

511 1583 626 1631 tum
655 1577 978 1650 simpliciter
1018 1590 1080 1637 ut
1112 1583 1162 1638 ei
1203 1583 1479 1641 Coronam
1509 1588 1684 1644 daret.
1714 1590 1922 1646 Annuit
1958 1609 2091 1665 ergo

507 1665 652 1740 Papa
685 1685 877 1728 eorum
915 1673 1058 1732 votis
1079 1719 1095 1744 ,
1124 1686 1182 1732 ut
1212 1694 1310 1734 eos
1333 1694 1364 1734 a
1385 1679 1698 1750 iuramento
1741 1685 2086 1756 absolveret,

507 1761 758 1818 videlicet
776 1763 1011 1822 Henrico
1031 1809 1045 1834 ,
1089 1769 1134 1824 si
1163 1771 1324 1826 vellet
1357 1788 1483 1828 cum
1501 1773 1746 1844 justitia,
1771 1777 1858 1833 sin
1902 1771 2089 1838 autem

510 1867 636 1908 cum
671 1855 1088 1927 maledictione,
1131 1861 1408 1920 Coronam
1447 1865 1621 1922 daret.
1659 1867 1818 1926 Unde
1854 1871 2088 1932 Romam

513 1947 909 2006 mandaverunt
949 1959 1010 2009 ut
1052 1954 1263 2010 veniret
1293 1957 1362 2012 ad
1400 1959 1774 2030 accipiendam
1811 1963 2088 2024 Coronam

507 2050 634 2092 cum
652 2038 866 2110 justitia
902 2041 948 2099 si
977 2045 1170 2113 vellet;
1199 2047 1285 2103 sin
1308 2057 1514 2118 autem,
1539 2052 1606 2107 de
1627 2056 1852 2112 castello
1881 2057 1938 2112 S.
1967 2059 2086 2116 An-

509 2129 614 2218 geli
639 2145 736 2202 per
751 2133 960 2206 virgam
991 2136 1095 2192 sibi
1123 2138 1424 2196 demissam
1452 2160 1486 2198 a
1506 2143 1652 2216 Papa
1679 2148 1960 2220 reciperet.
1981 2151 2088 2210 Sed

507 2214 744 2281 Henrico
791 2235 1086 2302 utrumque
1131 2242 1454 2302 recusante,
1503 2238 1673 2293 alium
1719 2239 1982 2313 Legatum
2007 2245 2086 2302 illi

506 2313 770 2384 direxere,
807 2321 952 2390 quod
966 2322 1290 2392 juravcrint,
1314 2343 1415 2382 nec
1441 2343 1500 2382 se
1525 2329 1920 2400 cojuramento
1944 2338 2085 2394 deti-

507 2407 625 2462 neri
655 2409 926 2467 obnoxios
954 2431 966 2467 :
1001 2413 1166 2484 igitur
1194 2415 1429 2474 Domino
1455 2419 1616 2492 Papae
1639 2424 1814 2481 multo
1836 2427 2050 2486 ﬁrmius
2067 2474 2084 2500 ,

506 2512 670 2567 quam
704 2501 946 2571 pridem,
987 2507 1218 2563 consilio
1255 2518 1310 2564 et
1349 2511 1555 2568 auxilio
1599 2516 1898 2576 adhaesere.
1931 2505 2083 2580 Hen-

506 2590 656 2648 ricus
684 2604 866 2650 autem
894 2599 1068 2654 multo
1089 2600 1406 2672 instantius,
1431 2621 1532 2676 pro
1555 2609 1638 2666 eis
1665 2627 1780 2667 suae
1812 2616 1952 2684 parti
1982 2633 2085 2688 ap-

503 2682 795 2754 plicaudis,
819 2705 966 2746 nunc
991 2691 1272 2762 minando,
1294 2713 1442 2754 nunc
1468 2682 1834 2772 promittendo
1861 2682 2084 2768 labora-

503 2774 614 2842 vit;
658 2781 1001 2853 multumque
1045 2792 1263 2858 tempus
1314 2790 1460 2848 circa
1518 2793 1748 2853 Romam
1797 2811 2080 2875 moratus,

505 2865 634 2924 huic
665 2873 884 2944 negotio
919 2875 1238 2949 invigilavit.
1285 2881 1391 2939 Sed
1435 2885 1552 2956 jam
1589 2893 1883 2960 septennia.
1909 2865 2084 2955 totum

506 2955 813 3020 Romanum
851 2963 1140 3040 imperium
1169 2973 1314 3030 civili
1346 2955 1522 3047 bello,
1561 2980 1732 3038 nimio
1766 2985 2082 3050 schismatis
2111 2990 2151 3047 C

503 3049 736 3108 dissidio
755 3057 1052 3126 laboravit,
1078 3064 1202 3120 aliis
1231 3067 1452 3135 quidem
1476 3069 1709 3130 Domino
1743 3077 2084 3150 Apostolico,

505 3141 626 3197 aliis
649 3154 831 3201 autem
855 3147 1090 3235 Henrico
1117 3153 1428 3214 faventibus
1449 3202 1463 3227 ,
1495 3172 1550 3217 ct
1575 3165 1646 3219 ob
1673 3166 1778 3223 hoc
1792 3141 2085 3244 utrimque

505 3239 679 3288 totum
702 3233 949 3309 Regnum
970 3234 1172 3312 praeda,
1189 3245 1331 3303 ferro
1353 3257 1407 3304 et
1433 3251 1559 3324 igne
1579 3255 1964 3318 miserabiliter
1983 3233 2084 3321 de-

501 3327 871 3385 vastautibus.
897 3329 1220 3392 Paucissimi
1259 3337 1528 3399 Catholici
1549 3343 1806 3420 Episcopi
1832 3367 1902 3410 ex
1927 3365 2084 3426 parte

501 3413 802 3486 Apostolici
853 3437 1276 3486 remanserunt:
1325 3434 1420 3504 qui
1466 3445 1521 3493 et
1561 3413 1801 3511 propriis
1850 3413 2085 3508 Sedibus

501 3509 736 3580 expulsi,
753 3513 870 3570 suis
899 3520 1154 3591 gregibus
1172 3525 1458 3592 providere
1478 3547 1587 3587 non
1608 3509 2082 3604 permittebantur.

502 3599 846 3676 Quapropter
871 3624 1064 3668 oumes
1107 3629 1244 3684 pene
1279 3618 1542 3691 religiosi,
1574 3624 1928 3688 siveClerici
1965 3636 2082 3693 sive

502 3691 664 3760 laici,
704 3696 761 3751 in
797 3699 979 3770 aliqua
1017 3709 1478 3768 monasteriorum
1502 3715 1732 3774 latibula
1762 3721 2081 3794 bujusmodi

503 3785 667 3841 mala.
701 3789 1115 3851 declinaverunt
1157 3817 1170 3852 :
1222 3815 1292 3855 ne
1344 3803 1600 3864 videlicet
1649 3785 2081 3876 devastationem

503 3886 706 3934 sanctae
749 3879 1006 3944 Ecclesiae
1041 3903 1360 3962 cernerent,
1385 3897 1474 3952 cui
1511 3900 1566 3956 in
1597 3904 1750 3962 nullo
1771 3906 2082 3968 adminich

500 3967 603 4024 lari
624 3984 886 4040 possent:
925 3980 1100 4036 satius
1123 3985 1270 4040 enim
1304 3987 1412 4045 illis
1433 3991 1721 4051 videbatur
1739 4040 1755 4067 ,
1784 4007 1844 4055 ut
1886 3967 2082 4062 saltem

502 4059 715 4132 seipsos
755 4065 1123 4130 delitescendo
1159 4078 1438 4138 salvarent
1483 4101 1650 4157 quam
1703 4059 1806 4161 pro
1844 4093 1968 4151 aliis

500 4165 721 4210 cassum
747 4159 1068 4232 laborando,
1094 4183 1223 4223 cum
1241 4171 1447 4228 eisdem
1475 4159 1736 4247 perirent.

575 4265 660 4320 17.
699 4267 860 4361 Anno
885 4273 1042 4332 1084.
1072 4277 1340 4340 Henricus
1373 4286 1430 4341 in
1458 4286 1835 4356 Romanorum
1878 4300 2082 4361 ﬁnibus

503 4353 779 4428 hiemavit,
813 4363 996 4437 ibique
1026 4369 1347 4431 Guibertum
1378 4353 1748 4442 Ravennatem
1778 4353 2083 4450 suuvao-

503 4459 652 4502 mam
695 4463 984 4550 venturum
1017 4468 1355 4536 expectavit,
1383 4479 1460 4526 .ut
1497 4474 1570 4529 ab
1595 4491 1662 4532 eo
1685 4481 1832 4550 apud
1879 4483 1936 4540 S.
1977 4484 2082 4544 Pe-‘

502 4543 653 4649 trpm
697 4541 1131 4624 incoronaretur,
1185 4573 1252 4614 eo
1303 4565 1451 4632 quod
1497 4541 1820 4640 Gregorium
1878 4575 2082 4649 Papam

503 4627 570 4682 al
615 4629 968 4744 liocvﬂcctere
1018 4662 1128 4704 non
1177 4627 1382 4724 posset,
1415 4667 1470 4712 et
1502 4627 1660 4730 enni,
1701 4667 1809 4724 nisi
1844 4627 2085 4744 legitrime

501 4725 961 4832 reconciliatum,
1005 4737 1334 4812 incoronare
1384 4750 1564 4808 vellet.
1607 4753 1704 4814 His
1741 4725 2082 4832 tempgribus

501 4807 1146 4894 Constantinopolitanus
1193 4839 1490 4898 maximam
1527 4849 1819 4917 pecuniam
1846 4807 2082 4916 Henrico

501 4909 787 5006 quondam
838 4913 978 4988 Regi
1043 4929 1350 4985 transmisit
1377 4973 1393 5000 ,
1443 4945 1502 4994 ut
1527 4909 2082 5006 -Ruodbertum—illvi:

501 5000 756 5108 scardum
767 5003 916 5108 (“129)
931 5008 1134 5068 Ducem
1147 5015 1476 5095 Calabriaajct
1484 5028 1716 5101 Apuliae,
1729 5000 2079 5108 corijnratum

499 5091 729 5149 militem
771 5095 986 5156 Domini
1012 5101 1202 5175 Papae,
1227 5109 1280 5163 in
1312 5091 1574 5178 ultionem
1609 5091 2049 5205 sedatum};

500 5249 1030 5386 tuéiggngomnus
1056 5255 1390 5324 Guiscardlls
1424 5285 1569 5331 anno
1604 5279 1742 5336 1080
1763 5288 2083 5344 reconcilia-

2195 396 2302 436 non
2332 381 2388 435 in
2419 382 2762 451 procinctum
2791 393 2982 440 contra
3005 384 3403 458 Ruodbertum,
3439 393 3589 462 quod
3615 395 3774 464 jura-

2193 481 2378 527 mento
2409 474 2702 544 promisit,
2745 475 2838 531 sed
2876 475 2944 532 ad
2979 480 3384 537 conciliandum
3425 485 3530 540 sibi
3581 487 3777 558 vulgus

2193 561 2503 619 Romanum
2535 566 2836 636 expendit:
2881 569 3042 639 cujus
3083 571 3360 642 adjutorio
3405 574 3775 634 Lateranense

2192 654 2457 724 palatium
2487 655 2624 712 feria
2663 659 2856 728 quinta
2899 669 3027 716 ante
3073 661 3332 732 Palmas,
3373 681 3501 722 cum
3540 684 3646 724 suo
3669 667 3775 724 Ra-

2192 755 2425 802 vennate
2439 745 2700 804 Guiberto
2719 791 2737 818 ,
2759 749 3004 806 intravit.
3041 751 3263 810 Nobiles
3294 765 3478 813 autem
3501 758 3772 831 Romani,

2192 846 2388 908 praeter
2407 839 2702 896 admodum
2725 859 2953 912 paucos,
2984 859 3110 900 eum
3135 845 3370 903 Domino
3389 849 3537 921 Papa
3564 851 3774 924 Grego-

2193 928 2277 985 rio
2294 939 2616 1001 tenuerunt,
2659 934 2754 1004 qui
2793 942 2849 990 et
2886 935 3253 1009 quadraginta
3287 941 3508 998 obsides
3529 943 3582 999 ei
3607 943 3772 1000 dede-

2192 1029 2340 1090 runt,
2369 1020 2516 1093 Papa
2543 1033 2726 1080 autem
2751 1025 2807 1080 in
2841 1028 3126 1083 castellum
3149 1027 3206 1085 8.
3233 1030 3422 1103 Angeli
3450 1049 3510 1090 se
3532 1035 3772 1106 recepit,

2191 1126 2490 1185 omnesque
2512 1114 2800 1173 Tiberinos
2818 1127 3013 1188 pontes
3033 1128 3087 1174 et
3105 1120 3376 1178 ﬁrmiores
3399 1123 3775 1183 Romanorum

2191 1205 2528 1262 munitiones
2563 1207 2618 1262 in
2657 1223 2758 1264 sua
2792 1210 3032 1266 obtinuit
3052 1221 3342 1282 potestate.
3373 1214 3434 1270 In
3455 1217 3544 1273 die
3563 1215 3774 1275 Resur-

2191 1296 2454 1354 rectionis
2485 1299 2786 1356 Dominicaa
2821 1299 3119 1373 Henricus,
3159 1307 3230 1362 ab
3265 1307 3630 1368 haeresiarcha
3672 1328 3774 1368 suo

2192 1385 2506 1446 Ravennate
2528 1433 2543 1459 ,
2589 1390 2866 1448 Coronam
2909 1409 3022 1450 non
3049 1396 3256 1467 gloriae,
3281 1400 3375 1454 sed
3427 1402 3773 1461 confusionis

2192 1481 2464 1552 accepit...
2498 1481 2629 1538 Erat
2655 1485 2800 1539 enim
2825 1485 2940 1556 ipse
2978 1485 3268 1545 Ravennas
3290 1489 3772 1566 Arcliicpiscopus,

2191 1579 2246 1626 et
2271 1574 2643 1631 omnimodam
2688 1577 3054 1634 obedientiam
3091 1578 3342 1638 Romano
3373 1583 3627 1642 Pontiﬁci
3675 1588 3771 1658 ju-

2191 1664 2350 1732 ravit,
2369 1679 2535 1736 quam
2550 1675 2604 1722 et
2626 1668 2776 1723 nullo
2801 1677 3042 1740 tempore
3077 1671 3310 1729 ﬁdeliter
3351 1686 3619 1733 executus
3657 1689 3772 1748 est;

2191 1757 2285 1813 sed
2299 1771 2411 1812 non
2434 1760 2608 1813 multo
2622 1768 2768 1830 post,
2790 1769 2974 1842 spreto
2991 1762 3326 1835 juramento,
3349 1767 3616 1840 singulari
3637 1789 3774 1828 con-

2191 1849 2412 1904 tumelia
2451 1859 2642 1907 contra
2676 1852 3048 1923 Apostolicam
3097 1853 3290 1917 Sedem
3313 1859 3542 1932 erigitur
3573 1881 3589 1916 :
3631 1864 3776 1920 unde

2189 1939 2260 1995 ab
2285 1939 2598 2011 Apostolica
2633 1943 2774 2001 Sede
2805 1954 2862 2001 et
2898 1947 2968 2002 ab
2997 1945 3284 2019 Episcopis
3320 1941 3774 2012 totius‘Ecclesize

2189 2029 2246 2084 in
2282 2030 2528 2088 Romana
2562 2033 2812 2107 Synodo,
2842 2046 2969 2108 post
3005 2041 3302 2097 canonicas
3326 2043 3606 2112 inducias,
3635 2047 3776 2104 irre-

2189 2124 2572 2192 cuperabiliter
2595 2127 2888 2198 deponitur
2906 2137 2960 2184 et
2981 2131 3476 2191 anathematizatur
3499 2127 3522 2191 :'
3543 2153 3646 2193 nec
3665 2138 3776 2196 hoc
3846 2181 3856 2190 .

2189 2215 2378 2281 semel,
2408 2231 2510 2271 nec
2541 2218 2599 2272 in
2629 2235 2736 2274 una
2761 2217 3002 2292 Synodo,
3032 2222 3128 2278 sed
3153 2223 3208 2277 in
3233 2226 3490 2282 omnibus
3513 2227 3770 2301 Synodis,

2188 2313 2460 2376 quotquot
2495 2307 2550 2364 in
2577 2311 2838 2366 sexennio
2866 2309 3054 2368 Romae
3083 2313 3368 2372 celebratae
3391 2328 3587 2376 sunt...
3620 2319 3773 2390 Qua-

2188 2407 2409 2469 propter
2433 2408 2488 2456 et
2511 2399 2779 2459 Henricus
2799 2405 2870 2459 ab
2890 2404 3082 2460 eodem
3135 2405 3492 2468 incoronatus
3532 2414 3769 2471 damna-

2187 2489 2394 2546 tionem
2428 2493 2550 2563 ejus
2583 2493 2923 2552 hereditasse
2963 2511 3075 2552 non
3103 2497 3404 2569 dubitatur,
3431 2503 3696 2560 similiter
3719 2515 3774 2562 et

2187 2595 2380 2638 omnes
2405 2625 2419 2650 ,
2447 2587 2780 2657 quicumque
2808 2587 3014 2658 aliquid
3037 2629 3053 2655 ,
3098 2591 3244 2660 quod
3278 2607 3311 2648 a
3353 2592 3588 2650 Domino
3624 2597 3773 2670 Papa

2187 2673 2596 2744 suscipiendum
2637 2685 2810 2746 esset,
2853 2694 2885 2734 a
2909 2679 3170 2748 praedicto
3197 2683 3565 2743 haeresiarcha
3608 2692 3772 2760 quasi

2187 2773 2504 2836 susceptum
2540 2767 2968 2840 usurpaverun't.
3013 2771 3332 2830 Morabatur
3357 2785 3541 2834 autem
3577 2779 3774 2838 Henri-

2186 2872 2285 2912 cus
2311 2857 2366 2912 in
2394 2857 2754 2917 Lateranensi
2779 2862 2985 2933 palatio
3019 2879 3144 2920 cum
3178 2865 3494 2926 Ravennate
3519 2887 3644 2940 suo,
3671 2891 3790 2933 nec.

2185 2964 2219 3004 a
2243 2949 2492 3008 ﬁdelibus
2523 2951 2685 3026 Papae
2716 2969 2813 3024 per
2837 2955 3110 3012 civitatem
3141 2957 3208 3013 ad
3233 2957 3292 3014 S.
3320 2959 3539 3018 Petrum
3591 2974 3772 3022 trans-

2189 3041 2270 3096 ire
2312 3045 2732 3112 permittebatur
2763 3066 2776 3101 :
2801 3048 2898 3104 sed
2928 3047 2981 3103 in
3017 3048 3135 3120 ipsa
3162 3049 3410 3108 Paschali
3433 3055 3771 3115 hebdomada

2187 3131 2371 3188 ﬁdeles
2399 3137 2732 3207 aggreditur,
2765 3139 2820 3194 in
2857 3156 2964 3210 qua
2991 3143 3382 3214 congressione
3406 3148 3771 3221 quadraginta

2186 3237 2326 3292 pene
2354 3225 2498 3282 inter
2530 3238 2780 3286 mortuos
2804 3239 2860 3288 et
2887 3233 3205 3291 vulneratos
3229 3237 3464 3306 perdidit
3487 3238 3649 3311 (nam
3679 3255 3772 3300 ro-

2185 3312 2318 3384 liqui
2341 3313 2641 3392 fugerunt),
2683 3336 2749 3377 ex
2786 3333 2940 3392 parte
2981 3333 3162 3382 autem
3217 3325 3437 3384 Domini
3485 3329 3646 3404 Papae
3673 3349 3771 3390 nec

2185 3419 2331 3462 unus
2353 3408 2568 3464 cecidit.

2258 3497 2344 3553 18.
2387 3498 2660 3559 Robertus
2687 3503 3030 3576 Wiscardus,
3061 3507 3181 3565 Dux
3207 3507 3656 3571 Normannorum
3674 3559 3690 3586 ,
3716 3517 3772 3574 in

2185 3589 2467 3646 servitium
2508 3591 2566 3648 S.
2597 3594 2744 3652 Pet.i
2765 3640 2780 3666 ,
2805 3607 2931 3669 post
2959 3598 3230 3657 Kalendas
3253 3601 3380 3658 Maii
3412 3603 3649 3663 Romam
3679 3625 3770 3664 ar-

2185 3689 2333 3736 mata
2368 3698 2535 3739 manu
2588 3687 2816 3758 invasit,
2853 3689 3150 3764 fugatoque
3195 3691 3432 3752 Henrico
3471 3707 3646 3756 totam
3669 3699 3773 3758 Ur-

2185 3770 2330 3840 bem,
2356 3773 2618 3847 Gregorio
2638 3777 2799 3851 Papa:
2820 3783 3096 3854 rebellem,
3112 3788 3330 3856 penitus
3355 3793 3702 3863 exspoliavit,
3721 3805 3774 3851 et

2185 3863 2451 3934 majorem
2498 3868 2618 3938 ejus
2668 3881 2880 3941 partem
2926 3874 3039 3946 igni
3081 3881 3430 3952 consumpsit
3487 3883 3662 3956 (150),
3707 3903 3772 3943 eo

2183 3956 2333 4024 quod
2354 3955 2588 4015 Romani
2607 3964 2900 4032 quemdam
2922 3967 3040 4038 ejus
3071 3969 3300 4026 militem
3323 3955 3773 4035 vulneraverunt.

2185 4044 2392 4104 Deinde
2429 4053 2668 4122 acceptis
2697 4055 2981 4114 obsidibus
3008 4076 3038 4114 a
3070 4059 3366 4134 Romanis,
3389 4075 3445 4122 et
3465 4067 3522 4122 in
3547 4071 3775 4128 castello

2188 4136 2244 4194 S.
2269 4140 2480 4212 Angeli,
2516 4146 2663 4214 quod
2691 4147 3262 4212 domum'Theodorici
3285 4159 3494 4228 dicunt,
3519 4178 3775 4221 reserva-

2184 4230 2285 4299 tis,
2310 4232 2427 4302 ipse
2447 4235 2515 4290 ad
2539 4241 2968 4308 recuperandam
2997 4253 3201 4302 terram
3241 4247 3298 4303 8.
3330 4247 3480 4306 Petri
3513 4269 3774 4312 reversu-

2114 4351 2160 4408 D
2184 4337 2315 4390 rus,
2347 4323 2402 4379 in
2440 4325 2593 4382 brevi
2625 4329 2862 4398 plurima
2906 4337 3131 4394 castella
3159 4347 3214 4394 et
3249 4340 3504 4401 civitates
3535 4344 3776 4405 Domino

2184 4410 2345 4483 Papae
2371 4420 2735 4488 recuperavit.
2768 4421 3038 4484 Henricus
3073 4439 3256 4486 autem
3287 4432 3610 4494 Ruodberto
3631 4442 3774 4496 resi-

2185 4511 2328 4560 stere
2349 4522 2459 4562 non
2497 4512 2714 4581 valens,
2741 4515 2808 4570 ad
2830 4527 3015 4587 partes
3049 4521 3478 4582 Teutonicorum
3519 4533 3660 4587 satis
3688 4531 3773 4587 fe-

2185 4596 2818 4663 stinanternevertitur...
2836 4608 3101 4670 Dominus
3131 4625 3312 4670 autem
3336 4616 3508 4690 Papa,
3536 4625 3772 4682 collecta
3812 4679 3818 4684 .

2185 4687 2405 4760 Synodo
2426 4734 2440 4759 ,
2472 4693 2670 4750 iterum
2707 4703 3031 4758 sententiam
3056 4687 3433 4767 auathematis—
3451 4687 3508 4768 in
3533 4713 3772 4772 Guiber-

2183 4787 2298 4834 tum
2347 4781 2770 4844 liaaresiarcliam
2809 4801 2866 4848 et
2911 4792 3208 4854 Henricum
3251 4809 3306 4854 et
3342 4818 3540 4862 omnes
3575 4823 3771 4866 eorum

2184 4869 2426 4929 fautores
2468 4881 2835 4952 promulgavit
2865 4903 2877 4940 :
2921 4889 3067 4958 quod
3103 4891 3240 4945 etin
3270 4890 3412 4948 festo
3451 4895 3511 4952 8.
3536 4897 3772 4960 Joannis

2181 4959 2441 5031 Baptistae
2475 4973 2766 5036 praeterito
2801 4975 2918 5044 jam
2971 4979 3178 5037 dudum
3220 4979 3410 5042 Roma:
3444 4987 3608 5057 fecit,
3640 5009 3767 5049 cum

2183 5048 2450 5110 Henricus
2477 5058 2657 5115 adhuc
2677 5063 2751 5118 ibi
2775 5078 3102 5126 moraretur.
3128 5072 3280 5130 Hanc
3307 5082 3640 5140 sententiam
3664 5084 3768 5140 Le-

2183 5143 2293 5213 gati
2334 5143 2492 5233 Sedis
2531 5151 2892 5222 Apostolicm,
2915 5159 3170 5220 videlicet
3204 5165 3403 5226 Petrus
3434 5170 3768 5233 Albanensis

2179 5307 2580 5386 esseut-intenti,
2611 5305 2737 5363 Dux
2771 5314 3046 5386 confestim
3069 5336 3188 5374 cum
3215 5327 3451 5382 exercitu
3485 5331 3558 5384 ad
3589 5349 3767 5386 arcem
