3986 5386
195 184 295 243 H3
1177 183 1711 244 PROLEGOIENA.
1739 216 1810 226 -—
1832 182 2018 241 ACTA
2041 183 2099 239 S.
2137 180 2484 240 GREGORII.

3361 179 3467 240 tu

193 301 501 370 Episcopus
534 296 592 352 in
629 295 897 363 Francia,
935 294 1064 354 Otto
1084 296 1360 356 Ostiensis
1393 299 1698 371 Episcopus
1721 300 1778 355 in
1807 310 1853 367 Α
1879 299 2036 354 sione
2079 295 2310 367 iustitiae
2362 310 2539 366 usque
2586 292 2654 353 ad
2688 300 2924 348 mortem
2956 290 3341 357 firmissimus,
3367 295 3469 346 Sa—

192 400 329 445 terra
376 387 814 445 Teutonicorum
845 405 1245 462 usquequaque
1276 392 1644 463 divulgarunt.
1676 389 1780 448 Os-

191 481 374 537 tiensis
393 496 625 551 quoque
645 497 777 537 cum
796 482 851 535 in
872 481 1197 538 Alemannia
1222 491 1550 549 moraretur,
1575 492 1781 539 sanctae

190 572 600 628 Constantiensi
624 570 884 629 Ecclesiae
899 574 1015 643 jam
1039 573 1245 629 dudum
1270 575 1505 631 viduata:
1529 575 1776 630 Catholi-

190 679 303 719 cum
326 662 628 719 Pastorem
653 665 943 729 ordinavit,
973 664 1186 721 scilicet
1213 664 1620 732 Gebehardum,
1644 665 1775 721 Ber-

191 756 348 810 tholdi
394 754 574 811 Ducis
629 755 1168 813 tilium...undecimo
1205 756 1477 814 Kalendas
1528 756 1777 815 Januarii

192 847 516 918 Episcopum
541 849 914 917 consecravit,
942 864 1107 919 quem
1129 848 1325 919 pridie,
1359 849 1412 905 id
1437 849 1598 905 estin
1635 848 1777 905 festo

192 938 243 993 S.
277 937 541 1007 Thomas,
583 956 714 995 cum
769 941 894 996 aliis
927 939 1156 997 Clericis
1188 940 1571 1013 Presbyterum
1607 940 1773 999 fecit:

189 1031 317 1087 inter
361 1046 511 1101 quos
555 1041 614 1087 et
659 1033 861 1087 horum
903 1031 1307 1089 Chronicorum
1357 1034 1683 1105 scriptorem
1719 1034 1810 1089 in.

188 1123 362 1177 eadem
387 1123 735 1180 solennitate
769 1126 826 1178 in
855 1123 1243 1196 Presbyterum
1271 1124 1578 1192 ordinavit,
1615 1125 1777 1196 eique

193 1222 507 1285 potestatem
546 1216 617 1271 ad
660 1216 1050 1288 suscipiendos
1086 1216 1414 1287 pmnitentes
1446 1233 1515 1274 ex
1538 1219 1776 1289 Aposto—

190 1307 280 1361 lica
308 1306 653 1363 auctoritate
679 1309 1027 1364 concessit...

249 1398 326 1451 19.
362 1397 529 1452 Anno
573 1398 739 1455 1085.
777 1398 901 1455 1am
926 1399 1070 1455 Deus
1111 1401 1463 1471 omnipotens
1498 1400 1767 1457 famulum

189 1504 332 1544 suum
361 1488 701 1560 Gregorium
746 1490 955 1561 Papam
996 1492 1190 1548 nolens
1235 1493 1443 1549 diutius
1487 1494 1770 1561 laborare,

191 1582 287 1636 imo
324 1596 424 1650 pro
462 1582 759 1639 laboribus
800 1584 919 1639 suis
954 1584 1117 1655 digne
1157 1600 1511 1642 remunerare
1540 1587 1731 1642 volens
1756 1627 1770 1654 ,

188 1672 244 1726 de
262 1671 419 1742 hujus
441 1674 576 1729 vitm
594 1674 885 1746 ergastulo
903 1691 1028 1729 eum
1056 1677 1292 1731 vocavit.
1320 1675 1456 1732 Nam
1486 1678 1770 1748 aliquanto

190 1772 411 1833 tempore
433 1765 689 1836 graviter
718 1780 953 1836 corpore
988 1766 1297 1824 inﬁrmatus
1317 1810 1333 1835 ,
1360 1769 1456 1825 sed
1478 1770 1533 1824 in
1568 1768 1764 1825 defen-

754 1951 1134 1965 *—

1880 388 2178 446 lernidiem
2205 389 2406 444 clausit
2431 396 2758 443 extremum.
2792 383 2870 440 De
2906 385 3068 455 cujus
3096 384 3249 440 obitu
3272 398 3466 439 omnes

1881 481 2125 553 religiosi
2159 481 2447 553 utriusque
2472 495 2639 536 sexus
2658 520 2673 544 ,
2700 484 2756 533 et
2787 475 3028 533 maxime
3052 490 3340 546 pauperes,
3364 473 3464 529 do—

1881 574 2102 630 luerunt
2136 592 2151 629 :
2192 580 2312 629 erat
2343 574 2492 629 enim
2526 570 2828 627 Catholicae
2860 567 3142 640 religionis
3173 566 3463 623 ferventisv

1879 666 2055 723 simus
2087 666 2389 732 institutor,
2414 673 2469 719 et
2489 662 2883 718 Ecclesiastica:
2905 660 3172 717 libertatis
3193 656 3461 715 strenuis-

1879 758 2056 813 simus
2082 756 2358 813 defensor.
2397 754 2584 811 Noluit
2617 770 2751 809 sane
2784 761 2843 808 ut
2871 752 3289 809 Ecclesiasticus
3322 750 3460 805 ordo

1878 849 2134 905 manibus
2157 849 2423 905 laicorum
2444 846 2770 917 subiaceret,
2794 845 2890 901 sed
2922 845 3128 900 eisdem
3163 852 3217 898 et
3242 857 3456 897 morum

1878 941 2197 1008 sanctitate,
2227 949 2284 997 et
2317 940 2529 997 ordinis
2565 938 2832 1010 dignitate
2869 936 3264 1008 prateminerct.
3299 932 3459 1001 Quod

1878 1033 2030 1088 illum
2064 1033 2233 1090 latere
2276 1050 2388 1089 non
2419 1033 2650 1106 poterit,
2682 1030 3015 1103 quicumque
3035 1028 3281 1101 ejusdem
3312 1026 3460 1097 Apo-

1877 1127 2055 1182 stolici
2105 1126 2421 1198 Registrum
2470 1127 2759 1196 diligenter
2807 1121 3116 1195 perlegerit.
3157 1119 3456 1190 Postquam

1875 1228 2057 1275 autem
2084 1220 2139 1274 in
2171 1219 2563 1291 gubernatione
2588 1217 2744 1273 Sedis
2766 1213 3115 1285 Apostolicae,
3149 1212 3258 1266 imo
3289 1210 3457 1267 totius

1873 1309 2166 1377 Ecclesia,
2197 1311 2489 1368 duodecim
2521 1324 2697 1366 annos
2724 1316 2779 1363 ct
2812 1321 2983 1362 unum
3004 1319 3249 1361 mensem
3275 1302 3456 1372 legiti-

1875 1418 1963 1458 me
1990 1402 2320 1471 decertavit,
2359 1404 2581 1460 tandem
2626 1417 2694 1458 ex
2733 1400 2839 1455 hac
2865 1399 2989 1454 luce
3020 1412 3166 1453 anno
3200 1394 3460 1451 lncarna~

1874 1494 2043 1551 tionis
2090 1495 2388 1552 Dominicae
2436 1496 2595 1564 1085,
2648 1493 2946 1549 indictione
2990 1490 3047 1557 8,
3110 1489 3144 1543 8
3187 1487 3457 1543 Kalendas

1873 1585 2021 1644 Junii
2058 1590 2394 1657 subtractus,
2429 1603 2682 1660 supernae
2710 1584 3016 1642 vocationis
3038 1582 3281 1659 βραϐεῖον
3301 1595 3457 1636 acce-

1877 1681 2026 1750 pisse
2055 1697 2168 1737 non
2197 1681 2499 1749 dubitatur,
2523 1680 2772 1751 sepultus
2800 1675 3015 1733 Salerni
3046 1675 3103 1729 in
3134 1672 3367 1730 ecclesia
3389 1669 3451 1727 S.

1872 1770 2133 1841 Matthxi,
2167 1788 2336 1844 quam
2366 1774 2484 1845 ipse
2517 1773 2711 1829 eodem
2746 1783 2894 1825 anno
2919 1765 3208 1823 dedicavit.

207 1931 3429 1969 κτὼ-Μ

1743 2104 1892 2217 ΙΙ.

397 2340 568 2437 EX
651 2338 1015 2442 LIBRO
1087 2340 1277 2440 MS.
1355 2341 1934 2475 CENSUALI
2013 2343 2423 2436 CENTII
2499 2283 3198 2449 summa”,

1431 2531 1695 2594 POSTEA
1741 2531 2024 2594 nouom!
2068 2534 2160 2607 ιιι,

826 2696 1074 2760 Collato
1104 2715 1244 2759 cum
1270 2715 1383 2758 ms.
1414 2693 1671 2760 Νίσοιαὶ
1695 2693 2064 2758 Cardinalir
2090 2695 2164 2757 de
2194 2695 2554 2776 Arragonia
2584 2694 2774 2779 (131).

678 3026 912 3085 CAPUT
950 3025 1244 3098 PRIMUM.

192 3135 361 3211 Blattio
386 3138 655 3211 Gregorii;
681 3140 856 3197 Gentii
881 3142 1109 3196 Romani
1136 3151 1186 3196 et
1220 3140 1460 3196 Gmberti
1479 3139 1753 3196 Ravenna—

246 3210 304 3282 t_is
324 3210 747 3266 machinationes
770 3214 971 3282 punita:
990 3229 1009 3277 ,°
1034 3211 1256 3267 Henrici
1281 3213 1351 3265 ad
1373 3211 1750 3276 depositionem

242 3278 504 3352 Pontiﬁcis
538 3278 827 3354 progressa
847 3282 1131 3338 insolentia
1157 3283 1440 3354 castigata.

244 3392 288 3446 l.
301 3393 591 3466 Gregorius
604 3393 724 3463 Vll,
746 3397 970 3453 natione
984 3395 1219 3463 Tuscus,
1232 3395 1410 3466 patria
1424 3394 1746 3461 Suanensis,

191 3484 356 3554 oppido
375 3486 602 3544 Ronaco
642 3487 819 3560 (152),
842 3504 910 3544 ex
935 3498 1090 3560 patre
1137 3487 1354 3554 Bonito,
1394 3487 1534 3543 sedit
1585 3487 1748 3542 annis

191 3572 262 3641 12,
293 3592 464 3634 mense
487 3595 630 3654 uno,
654 3579 852 3636 diebus
872 3588 1127 3651 quatuor.
1153 3578 1420 3634 Defuncto
1438 3578 1747 3634 Alexandro

188 3662 325 3736 Papa,
346 3677 396 3724 et
418 3670 472 3726 in
488 3670 857 3739 Lateranensi
872 3671 1100 3728 ecclesia
1122 3670 1423 3726 honorifice
1453 3671 1744 3739 tumulata,

186 3755 293 3813 doni
332 3759 738 3820 Hildebrandus
792 3763 1229 3819 Archidiaconus
1282 3763 1461 3817 adhuc
1506 3771 1654 3819 esset
1688 3763 1743 3817 in

186 3848 284 3918 ejus
301 3852 569 3937 obsequiis
596 3864 925 3925 occupatus,
957 3862 1181 3926 repente
1220 3853 1398 3911 factus
1442 3863 1527 3910 est
1548 3854 1603 3909 in
1626 3854 1745 3926 ipsa

188 3941 378 3998 ecclesia
397 3947 678 4003 maximus
705 3944 904 4002 Clerici
936 3956 989 4002 et
1010 3947 1205 4018 Populi
1252 3944 1484 4001 Romani
1507 3961 1743 4003 concur—

188 4045 282 4099 sus,
303 4034 654 4092 clamantium
676 4046 734 4093 et
748 4038 1071 4107 dicentium,
1094 4038 1521 4094 Hildebrandum
1547 4037 1746 4095 Archi-

188 4120 441 4183 diaconum
486 4128 698 4185 Beatus
740 4129 940 4185 Petrus
977 4131 1159 4203 elegit.
1199 4129 1321 4198 Quo
1366 4131 1554 4186 audito
1598 4132 1741 4187 idem

188 4210 584 4277 Archidiaconus
645 4222 889 4293 expavit,
922 4229 977 4278 et
1034 4222 1195 4295 quasi
1236 4229 1390 4277 extra
1448 4237 1508 4278 se
1550 4232 1742 4295 raptus

187 4311 392 4364 cucurrit
409 4313 475 4367 ad
496 4314 796 4385 pulpitum,
843 4314 1083 4393 cupiens»
1116 4315 1376 4387 populum
1422 4315 1602 4387 ipsum
1627 4314 1739 4373 fre-

186 4405 388 4454 mentem
415 4402 560 4475 (155)
586 4404 784 4460 sedare
806 4412 861 4460 et
889 4422 921 4460 a
953 4422 1055 4462 sua
1088 4407 1390 4463 intentione
1432 4408 1730 4465 retrahere.

190 4481 275 4587 βαι
318 4488 462 4564 Hugo
493 4494 780 4552 Candidus
829 4493 1158 4566 Cardinalis,
1197 4498 1291 4553 ubi
1334 4500 1581 4555 omnium
1608 4509 1737 4557 vota

189 4584 234 4632 in
262 4584 489 4640 eumdem
521 4585 987 4645 Archidiaconum
1013 4591 1335 4647 convenisse
1369 4591 1738 4649 indubitanter

189 4674 423 4743 cognovit,
448 4677 613 4734 citius
632 4682 977 4750 percucurrit
1000 4683 1068 4738 ad
1098 4683 1396 4753 populum;
1419 4693 1474 4740 et
1503 4684 1560 4740 in
1591 4684 1739 4743 hunc

190 4762 375 4821 modum
389 4767 708 4842 alloquitur,
731 4772 922 4830 dicens
952 4793 965 4829 :
999 4772 1159 4843 Ecce,
1178 4775 1493 4832 charissimi
1513 4776 1734 4846 fratres,

247 4862 376 4949 (151)
407 4881 668 4939 Nicotaus
699 4885 964 4953 Rosellus,
988 4903 1057 4944 ex
1081 4887 1286 4944 Ordine
1309 4886 1736 4948 Praedicatorum

194 4957 485 5032 tasumptus,
510 4954 576 5007 de
601 4955 874 5032 Aragonia
908 4958 1107 5032 dictus,
1132 4959 1263 5032 quia
1285 4962 1482 5032 patria
1532 4961 1735 5032 Tarra-

192 5026 406 5103 ciniensis
428 5035 699 5103 perpetuo
717 5026 830 5082 fere
858 5030 1061 5103 mansit
1085 5026 1233 5103 apud
1266 5026 1586 5103 Arragonia:
1619 5030 1735 5103 Be-

194 5096 290 5165 geln
312 5086 650 5167 Petrum-gis
682 5096 832 5152 hunc
852 5086 1137 5167 praemittit
1180 5086 1579 5160 titulnmusbcﬂ
1600 5086 1734 5158 Gre-

286 5157 475 5247 21’973“
514 5163 755 5247 νηίηιιί
771 5157 927 5247 Fer“
946 5185 1034 5226 οη·
1058 5157 1459 5247 Ρορηίέιέἒῖυδι
1484 5157 1735 5247 rem

239 5228 390 5308 ςιξζίξρ
407 5228 743 5308 imperatore
762 5228 916 5308 huius
950 5242 1179 5296 nominis
1213 5238 1334 5296 ΙΙΙ.

195 5295 381 5386 ί
407 5295 685 5386 ῌξόοιειμρ,
709 5295 950 5386 Honora;
998 5295 1120 5368 Ms.
1141 5295 1417 5386 nostrum,
1443 5313 1728 5386 Raonnco;

1781 3033 1825 3088 Β
1852 3027 2005 3085 scitis
2052 3037 2109 3085 et
2151 3026 2526 3085 indubitanter
2587 3026 2919 3100 cognoscitis
2962 3025 3108 3098 quod
3160 3039 3194 3083 a
3245 3024 3440 3083 diebus

1852 3119 1915 3176 Β.
1949 3118 2152 3179 Leonis
2206 3121 2369 3192 Papae
2407 3120 2498 3176 hic
2536 3119 2991 3185 Archidiaconus,
3035 3126 3315 3189 tamquam
3354 3117 3441 3173 vir

1851 3213 2096 3283 prudens
2117 3223 2173 3271 et
2190 3213 2475 3286 probatus,
2514 3212 2657 3268 hanc
2687 3218 3097 3269 sacrosanctam
3130 3209 3440 3266 Romanam

1850 3303 2150 3363 Ecclesiam
2171 3307 2472 3379 plurimum
2493 3305 2774 3370 exaltavit,
2798 3311 2852 3358 et
2879 3304 3155 3360 civitatem
3188 3302 3350 3358 istam
3369 3304 3440 3358 ab

1850 3397 2264 3456 imminentibus
2279 3397 2534 3470 periculis
2554 3396 2836 3453 liberavit:
2865 3395 3029 3461 unde,
3061 3394 3190 3465 quia
3220 3395 3437 3450 idoniu-

1849 3506 1966 3546 rem
1991 3491 2062 3547 ad
2087 3491 2346 3549 Ecclesia:
2370 3490 2612 3562 regimen
2638 3496 2693 3544 et
2727 3486 2891 3544 Urbis
2928 3485 3304 3544 defensionem
3345 3488 3434 3545 in-

1848 3583 2036 3640 venire
2056 3580 2509 3656 nequimus,Nos,
2532 3580 2786 3652 Episcopi
2804 3589 2860 3637 et
2884 3578 3225 3647 Cardiuales,
3251 3569 3308 3635 in
3330 3595 3435 3636 no-

1846 3676 1996 3732 mine
2025 3675 2265 3743 Domini,
2306 3672 2641 3730 unanimiter
2690 3672 2871 3744 ipsum
2907 3671 3067 3727 nobis
3101 3678 3157 3726 et
3198 3673 3356 3729 vobis
3377 3673 3435 3728 in

1846 3767 2131 3825 Pastorem
2171 3775 2227 3823 et
2257 3765 2589 3839 EpiscOpum
2619 3766 2927 3821 animarum
2959 3771 3265 3820 vestrarum
3280 3765 3437 3837 eligi-

1845 3876 1991 3916 mus.
2018 3858 2087 3914 Et
2105 3860 2369 3917 continuo
2402 3857 2550 3931 (155.)
2588 3858 2943 3932 universitate
2977 3855 3173 3928 Populi
3201 3865 3256 3913 ct
3286 3855 3433 3913 Cleri

1845 3951 2203 4018 acclamante,
2253 3950 2548 4005 Dominum
2584 3949 2908 4021 Gregorium
2952 3948 3157 4019 Papam
3207 3957 3431 4005 sanctus

1844 4041 2040 4099 Petrus
2068 4044 2251 4121 elegit,
2288 4043 2514 4098 indutus
2551 4042 2722 4096 rubea
2753 4041 3037 4113 chlamyde
3063 4040 3229 4112 (sicut
3256 4041 3431 4097 moris

1842 4136 1948 4206 est)
1974 4143 2030 4189 et
2056 4134 2244 4204 Papali
2269 4134 2433 4188 mitra
2460 4132 2754 4203 insignitus
2777 4132 2925 4204 (155)
2946 4172 2961 4199 ,
2988 4130 3192 4186 invitus
3218 4139 3274 4189 et
3292 4148 3432 4189 mua-

1843 4242 1972 4283 rens
2003 4226 2059 4280 in
2087 4224 2239 4281 Beati
2258 4224 2405 4280 Petri
2427 4224 2686 4280 cathedra
2712 4222 2817 4277 fuit
2839 4222 3260 4278 inthronizatus.

1912 4318 1967 4373 2.
2020 4318 2204 4374 Altera
2249 4326 2432 4373 autem
2484 4314 2573 4372 die
2623 4300 2767 4390 apud
2818 4314 3173 4384 semetipsum
3215 4315 3430 4371 solicita

1840 4421 2019 4468 mente
2047 4418 2408 4484 pertractans,
2438 4407 2508 4465 ad
2541 4424 2708 4487 quam
2745 4424 2908 4480 grave
2932 4406 3427 4478 periculumdeve-

1841 4503 2033 4572 nisset,
2057 4512 2290 4559 mstuare
2313 4501 2499 4572 erepit,
2516 4509 2572 4556 et
2598 4500 2764 4556 nimis
2778 4500 2993 4556 dolere:
3012 4498 3106 4554 sed
3120 4514 3248 4554 cum
3264 4499 3429 4554 aliam

1840 4595 2248 4651 excusationem
2269 4594 2335 4650 de
2352 4592 2710 4664 relinquendo
2725 4591 2933 4662 Papatu
2956 4606 3067 4646 non
3098 4590 3429 4659 invenisset,

1842 4688 2067 4745 nuntios
2103 4687 2172 4743 ad
2194 4701 2376 4758 regem
2397 4684 2691 4741 Henricum
2717 4684 2965 4740 celeriter
2994 4682 3310 4749 destinavit,
3333 4699 3435 4753 per

1841 4795 1986 4850 quos
2005 4789 2062 4837 et
2107 4778 2426 4837 electionem
2478 4778 2544 4835 de
2575 4792 2634 4833 se
2675 4774 2877 4832 factam
2917 4777 2968 4833 ei
2993 4775 3230 4847 aperuit,
3267 4787 3322 4829 et
3364 4791 3442 4845 ne

1810 4889 2302 4952 .Petilianensibus
2334 4898 2391 4945 et
2418 4887 2795 4947 Suanensihus
2828 4891 3159 4948 accersitae:
3198 4903 3309 4943 non
3347 4897 3452 4951 ea-

1839 4977 1974 5023 men
2009 4981 2131 5021 eam
2176 4965 2541 5032 peremptorie
2583 4959 2826 5032 encludit
2874 4983 2888 5019 :
2931 4970 2986 5020 et
3027 4962 3171 5018 infra
3217 4973 3283 5012 ex
3329 4957 3460 5025 Ms.

1838 5046 2038 5111 nostro
2069 5028 2402 5111 adducemus
2448 5028 2674 5103 aliquid,
2727 5034 2879 5101 quod
2923 5050 2953 5090 e
2997 5043 3266 5089 converso
3314 5044 3472 5095 eam

1837 5107 2117 5165 afﬁrmare
2139 5107 2331 5165 possit.
3422 5130 3427 5133 ι

1922 5178 2068 5251 (155)
2103 5171 2380 5251 ῌίεοιεμε,
2400 5173 2731 5251 frequenter.

1923 5180 2048 5251 (155
2103 5178 2380 5234 Nicolaus,
2419 5178 2740 5251 frequentera

1923 5178 2070 5323 (15.4;
2106 5243 2241 5323 lico,
2271 5236 2557 5323 Continuo,
2585 5246 3025 5323 restringendum
3051 5243 3156 5297 erit
3176 5236 3243 5323 ad
3266 5237 3482 5323 s5)le

1834 5305 2295 5386 acclamationem
2316 5305 2555 5386 pop‘uli;'
2591 5310 2641 5367 si
2681 5305 2876 5386 verum
2935 5322 3019 5386 est
3060 5309 3209 5386 quod
3257 5305 3484 5369 diebus
