3986 5386
108 131 121 146 ν
195 184 300 246 117

1177 195 1710 254 PROLEGOMENA.
1742 192 2006 253 -ACTA
2037 197 2094 252 S.
2125 195 2474 255 GREGORII.

189 311 613 366 transeuntibus
647 309 712 366 de
735 324 878 366 novo
903 309 1179 367 Pedatiam
1201 312 1350 382 (144)
1369 313 1574 383 jugiter
1597 320 1781 368 extur-
1811 316 1856 369 Δ
1883 325 1978 366 nes
2004 311 2108 366 sibi
2135 326 2242 367 non
2279 313 2455 382 potult
2489 311 2798 383 subjugare,
2827 311 2940 368 Rex
2975 321 3252 384 tamquam
3287 324 3462 372 Victo-

190 401 398 467 quebat
453 401 574 468 ilic,
611 403 726 458 Deo
764 413 818 458 et
859 405 1172 460 hominibus
1209 402 1456 470 odiosus,
1493 405 1550 459 in
1595 418 1780 458 sacra—

192 492 409 548 tissima
451 504 611 550 nocte
634 493 940 550 Nativitatis
975 495 1211 562 Domini,
1245 497 1422 566 ipsum
1448 494 1653 550 Christi
1686 493 1780 549 Vi-

190 584 407 640 carintn
466 583 764 641 Dominum
829 586 1148 657 Gregorium
1224 586 1446 657 Papam,
1495 585 1781 642 Missarum

191 673 443 732 solennia
472 677 863 744 celebrantem,
897 679 967 733 ab
999 679 1156 734 altari
1196 688 1397 734 sanctae
1426 678 1518 734 Dei
1547 678 1784 734 Genitri-

187 765 287 826 eis,
315 769 474 836 quod
496 769 706 825 dicitur
731 771 796 825 ad
824 769 1090 841 Praesepe,
1123 787 1259 826 ausu
1283 771 1550 841 sacrilego
1574 772 1778 841 rapuit!

187 867 400 912 etcum
435 861 556 916 suis
588 863 949 932 complicibus
992 863 1060 917 ad
1087 864 1396 933 praedictam
1441 863 1633 916 turrim
1672 863 1785 915 vio-

190 949 365 1004 lenter
392 961 692 1022 asportare
716 956 1079 1025 presumpsit.
1113 953 1266 1009 Unde
1310 954 1636 1008 universitas
1673 953 1784 1008 Ro-

190 1055 491 1096 manorum
516 1044 573 1097 in
607 1045 691 1099 ira
725 1060 824 1115 pro
865 1047 1145 1102 invasione
1190 1047 1274 1101 sui
1317 1045 1594 1102 Pontiﬁcis
1620 1046 1784 1100 vehe-

191 1140 407 1186 menter
444 1135 679 1200 exarsit,
703 1137 836 1191 etin
865 1139 1051 1192 eadem
1079 1147 1236 1192 nocte
1283 1138 1459 1208 ipsum
1505 1139 1559 1191 in
1598 1138 1786 1193 eadem

191 1222 329 1276 turri
366 1224 628 1281 districte
647 1228 881 1283 obsedit.
909 1228 1064 1284 Hane
1089 1240 1268 1284 autem
1290 1229 1434 1285 facto
1460 1229 1711 1295 Romani,
1737 1239 1790 1283 et

190 1314 391 1370 turrim
453 1315 708 1375 funditus
748 1320 1151 1388 destruxerunt,
1179 1331 1233 1376 et
1252 1323 1431 1392 ipsum
1467 1323 1789 1392 sacrilegum

192 1407 463 1462 atrociter
485 1409 877 1478 trucidassent,
911 1413 1015 1468 nisi
1047 1429 1172 1468 eum
1202 1413 1331 1469 boni
1355 1412 1598 1484 Magistri
1633 1415 1792 1470 disci-

193 1498 356 1565 pulus
385 1498 594 1556 Beatus
627 1501 874 1560 Pontifex
896 1520 962 1560 ex
993 1505 1186 1561 mortis
1210 1506 1452 1576 periculo
1485 1507 1787 1562 liberasset.

193 1585 314 1653 Quo
344 1589 522 1657 facto,
558 1593 936 1652 celebraturus
957 1612 1082 1652 cum
1119 1596 1424 1664 Fratribus,
1461 1609 1516 1656 ct
1539 1601 1661 1655 aliis
1689 1599 1791 1654 Ee-

193 1680 375 1736 elesia‘:
400 1682 660 1739 fidelibus
694 1687 761 1741 de
795 1703 946 1743 more
968 1691 1299 1757 convivium,
1333 1692 1398 1746 ad
1427 1691 1790 1747 Lateranense

195 1772 467 1840 palatium
491 1777 777 1832 remeavit.
817 1779 872 1834 In
897 1781 1135 1836 secunda
1175 1796 1306 1836 vero
1330 1783 1416 1838 die
1438 1793 1561 1853 post
1581 1783 1789 1840 Pascha

195 1867 437 1935 populus
483 1867 772 1925 Romanus
804 1873 1054 1928 eumdem
1086 1872 1339 1928 Gentium
1381 1890 1505 1930 cum
1537 1876 1791 1932 omnibus

193 1957 310 2012 suis
343 1960 713 2030 complicibus
750 1963 804 2017 in
825 1964 987 2019 rebus
1035 1967 1270 2035 propriis
1301 1967 1701 2036 condemnavit,
1740 1977 1792 2022 et

194 2049 250 2103 in
281 2060 618 2120 perpetuum
638 2054 710 2109 ab
737 2055 870 2111 urbe
900 2055 1146 2112 Romana
1168 2058 1421 2114 exclusit.
1575 2065 1577 2068 ’

262 2141 324 2194 ὁ.
366 2140 502 2198 Post
525 2145 647 2201 haec
671 2156 854 2202 autem
898 2150 1248 2219 supradictus
1298 2150 1592 2208 Guibertus
1627 2153 1794 2209 licen-

199 2233 337 2288 tiam
367 2237 678 2292 revertendi
725 2237 1039 2295 Ravennam
1083 2257 1113 2295 a
1148 2239 1379 2296 Domino
1415 2241 1676 2315 Gregorio
1697 2245 1795 2300 do-

199 2322 318 2380 lose
361 2327 578 2396 petivit,
660 2341 931 2400 quatenus
1002 2349 1126 2388 eum
1192 2333 1387 2390 laedere
1435 2337 1795 2406 Opportunius

201 2427 411 2484 posset,
446 2435 612 2490 quem
669 2421 1043 2480 fraudulenter
1085 2441 1144 2481 se
1177 2426 1402 2497 diligere
1454 2429 1791 2484 ostendebat.

201 2503 344 2563 Nam
371 2510 467 2566 ubi
508 2511 827 2569 Ravennam
857 2517 1091 2583 devenit,
1130 2520 1435 2588 postposito
1470 2515 1796 2589 ~iuramento

202 2601 357 2669 quod
392 2603 449 2658 in
476 2609 891 2664 consecratione
915 2625 1013 2664 sua
1040 2610 1347 2665 Alexandro
1378 2611 1536 2681 Papae
1570 2613 1798 2684 ejusque

206 2697 624 2753 successoribus
654 2698 876 2766 fecerat,
905 2717 1028 2755 cum
1056 2700 1367 2757 Theobaldo
1389 2702 1795 2771 Mediolanensi,

205 2794 258 2839 et
289 2785 417 2843 aliis
444 2790 739 2845 cervicosis
765 2791 1045 2864 Episc0pis
1085 2793 1421 2850 Lombardim
1441 2798 1796 2867 conspiravit,

205 2886 372 2948 atque
399 2881 668 2938 adversus
694 2883 975 2940 Pastorem
1019 2902 1178 2942 suum
1222 2889 1432 2942 occulte
1477 2890 1797 2944 seditionem

1884 403 2064 456 rlosns
2091 403 2144 457 in
2181 401 2463 459 Franeiam
2488 405 2636 475 (145)
2665 405 2942 459 remeavit.
2973 403 3168 461 Statim
3193 408 3460 464 immensa

1884 491 2276 564 Episcoporum
2314 495 2660 551 multitudine
2693 504 3011 562 convocata,
3045 513 3156 552 non
3192 499 3303 570 egit
3343 515 3463 572 gru-

1885 585 1990 639 tias
2021 583 2132 639 Deo
2154 600 2253 656 pro
2283 586 2473 656 adepta
2507 589 2759 652 victoria,
2794 589 2887 643 sed
2927 589 3196 644 elevatum
3236 599 3319 646 est
3365 607 3463 647 cor

1885 677 2024 747 ejus,
2047 687 2099 732 et
2125 693 2183 732 se
2213 693 2376 747 super
2399 693 2459 733 te
2482 679 2645 734 nimis
2671 680 2953 744 extollens,
2987 680 3040 734 in
3065 689 3269 736 tantam
3304 683 3465 738 auda-

1885 769 2025 822 ciam
2063 769 2449 838 vesaniamque
2480 771 2744 840 prorupit,
2791 779 2851 824 ut
2882 769 3098 826 Patrem
3138 787 3296 826 suum
3330 774 3465 830 Gre-

1887 860 2098 929 gorium
2134 857 2334 930 Papam
2359 901 2372 925 ,
2419 862 2513 930 qui
2545 861 2728 915 sedem
2761 861 3129 931 Apostolicam
3163 879 3259 933 per
3293 865 3462 920 trien-

1887 951 2037 1006 nium
2071 951 2124 1005 in
2147 966 2280 1020 pace
2327 959 2594 1018 tenuerat,
2627 952 2918 1022 impiorum
2950 954 3180 1009 consilio
3215 956 3469 1012 abdicare

1887 1043 2256 1112 praesumpsit,
2286 1051 2341 1096 et
2380 1042 2451 1096 ab
2492 1041 2737 1098 Ecclesia
2767 1053 3035 1114 quantum
3079 1045 3130 1099 in
3156 1061 3223 1101 eo
3245 1046 3351 1100 fuit
3369 1063 3466 1102 ex-

1889 1133 2085 1202 pellere
2119 1149 2342 1204 operam
2369 1142 2425 1189 et
2458 1135 2699 1189 studium
2732 1151 2831 1205 pro
2857 1137 3065 1192 viribus
3103 1137 3257 1208 (146)
3299 1139 3465 1194 dedit.

1890 1223 2140 1280 Decrevit
2200 1226 2367 1280 etiam
2424 1226 2762 1297 firmiterque
2827 1229 3131 1293 constituit,
3177 1237 3237 1284 ut
3287 1231 3472 1287 nullus

1890 1316 2144 1388 deinceps
2174 1316 2498 1388 EpiscOpus,
2544 1318 2626 1373 vel
2657 1319 2859 1385 Abbas,
2907 1336 3005 1375 seu
3051 1319 3190 1385 Dux,
3242 1329 3335 1376 aut
3367 1323 3474 1378 alia

1893 1410 2206 1480 principalis
2236 1425 2488 1480 persona,
2520 1411 2696 1466 eidem
2723 1410 2986 1482 Gregorio
3011 1421 3288 1482 tamquam
3317 1412 3476 1484 Papa:

1893 1502 2236 1571 aliquatenus
2261 1501 2483 1556 obedire
2507 1502 2746 1560 deberet.

1963 1595 2014 1649 5.
2051 1593 2120 1648 Ut
2145 1603 2324 1648 autem
2362 1595 2502 1649 hanc
2520 1597 2887 1665 perniciosam
2913 1597 3324 1666 dispositionem
3349 1614 3475 1667 pos-

1893 1696 1973 1743 set
2007 1687 2294 1742 clllcaciter
2329 1687 2646 1756 adimplere,
2682 1689 2973 1757 quemdam
3009 1687 3315 1744 Rolandum
3337 1687 3476 1744 Par-

1893 1794 2154 1846 mensem,
2177 1779 2549 1835 detestabilem
2580 1777 2872 1843 Clericum,
2907 1789 2960 1834 et
2982 1781 3122 1835 alios
3143 1781 3477 1838 execrabiles

1892 1871 2061 1935 viros,
2097 1887 2221 1925 cum
2259 1871 2453 1926 litteris
2487 1870 2606 1926 suis
2647 1869 2878 1925 Romam
2910 1873 3236 1938 transmisit,
3283 1881 3469 1944 quate-

1894 1979 1998 2018 nus
2034 1978 2258 2018 causam
2292 1964 2467 2032 ipsam
2493 1963 2754 2017 vivaciter
2790 1971 2844 2016 et
2877 1963 3145 2032 intrepide
3177 1979 3474 2035 proseque-

1895 2064 2103 2111 rentur.
2131 2054 2255 2122 Qui,
2281 2053 2490 2110 nefaria
2513 2054 2780 2124 legatione
2800 2063 3073 2124 suscepta,
3097 2063 3478 2124 processerunt

1895 2163 2070 2218 usque
2105 2148 2171 2202 ad
2208 2145 2452 2202 Urbem:
2488 2155 2543 2201 et
2585 2147 2864 2202 venientes
2895 2145 2962 2200 ad
2994 2145 3311 2202 Pontiﬁcem
3348 2156 3477 2204 tunr

1897 2243 1951 2296 in
1985 2240 2204 2312 Synodo
2241 2239 2586 2303 resHentem,
2615 2238 2670 2292 in
2701 2239 2892 2308 primis
2928 2237 3090 2308 Regis
3123 2238 3332 2294 litteras
3355 2253 3470 2310 pra.-

1897 2341 2205 2398 sentarunt,
2247 2340 2300 2386 et
2341 2339 2742 2400 consequenter
2791 2346 2887 2400 per
2927 2345 2990 2385 os
3027 2331 3200 2400 ipsius
3231 2330 3461 2386 Rolandi

1896 2441 2023 2480 cum
2048 2425 2219 2479 nimio
2241 2423 2383 2479 fastu
2414 2431 2468 2477 et
2491 2423 2858 2488 contumacia,
2899 2423 3064 2478 locuti
3101 2431 3229 2478 sunt
3252 2423 3305 2477 in
3340 2423 3480 2478 hunr

1900 2517 2155 2571 modum:
2181 2515 2329 2570 Misit
2377 2529 2479 2569 nos
2516 2513 2783 2569 Dominus
2830 2523 3013 2569 noster
3047 2513 3312 2569 llenricus
3349 2513 3483 2582 Rex,

1897 2608 1964 2662 de
1994 2608 2226 2662 consilio
2251 2606 2643 2677 Episcoporum
2682 2621 2910 2661 suorum
2957 2615 3011 2660 et
3049 2605 3385 2677 Principum,
3425 2616 3488 2662 ut

1897 2715 1960 2754 ea
1986 2715 2109 2769 qua:
2146 2699 2360 2754 noviter
2391 2699 2457 2752 de
2488 2707 2633 2753 statu
2661 2696 2918 2754 Ecclesiae
2943 2698 3160 2752 censuit
3197 2707 3252 2753 et
3274 2699 3486 2755 irrevo-

1899 2792 2145 2846 cabiiiter
2193 2790 2384 2845 statuit
2448 2789 2603 2844 vobis
2639 2789 2854 2858 publice
2909 2789 3372 2856 demonstremus,
3427 2801 3486 2846 et

1899 2883 2189 2938 eilicaciter
2210 2897 2627 2951 prosequamur.
2661 2880 2789 2936 inde
2826 2889 2910 2935 est
2937 2881 3082 2949 quod
3111 2883 3478 2951 praecipimus,

205 2973 477 3027 exercuit.
512 2973 664 3031 Unde
705 2977 910 3032 factum
946 2987 1030 3033 est
1093 2980 1236 3049 quod
1281 2981 1575 3050 expeditio,
1633 2997 1796 3051 quam
1827 2995 1867 3048 ο
1900 2983 1954 3028 et
1984 2991 2050 3029 ex
2082 2974 2405 3028 auctoritate
2432 2971 2595 3043 Regis
2638 2971 3001 3041 prmeipieudo
3038 2972 3366 3032 mandamus
3385 2974 3488 3030 tibi

207 3058 461 3120 Pontifex
529 3083 624 3136 per
674 3069 878 3124 Ducem
926 3070 1263 3126 Gotifredum
1310 3073 1538 3143 ejusque
1571 3088 1796 3128 uxorem

214 3154 482 3212 illustrem
508 3158 861 3216 Comitissam
893 3162 1166 3220 Matildam
1189 3175 1353 3234 atque
1382 3166 1521 3220 alios
1555 3163 1794 3230 Nobiles,

213 3256 406 3304 contra
441 3249 796 3309 Normannos
831 3263 885 3308 et
923 3266 1150 3313 czeteros
1185 3257 1445 3313 Ecclesiae
1475 3259 1681 3324 hostes,
1731 3258 1798 3312 de

215 3337 546 3398 Lombardia
588 3347 942 3415 excitaverat,
998 3349 1054 3403 in
1100 3350 1486 3404 detrimentum
1544 3349 1799 3405 Eeclesim

211 3433 524 3491 disturbata
544 3445 629 3494 est
657 3447 820 3509 atque
853 3441 1088 3511 dirupta.
1133 3441 1239 3496 Per
1271 3441 1552 3514 ilugonem
1580 3459 1799 3514 quoque

210 3524 543 3597 Candidum,
581 3529 778 3602 Regem
805 3531 1095 3588 Henricum
1125 3541 1181 3589 et
1210 3533 1506 3588 Robertum
1544 3534 1800 3590 Guisear-

209 3617 338 3675 dam
375 3631 573 3678 contra
607 3625 860 3679 eumdem
882 3624 1202 3681 Pontiﬁcem
1239 3627 1560 3681 omnimodo
1591 3628 1802 3682 studuit

210 3712 497 3786 instigare,
537 3717 678 3772 sicut
709 3719 793 3773 vir
824 3719 1157 3788 apostaticus
1181 3719 1329 3774 omni
1355 3719 1482 3772 dolo
1519 3727 1573 3774 et
1598 3720 1800 3774 malitia

208 3807 428 3876 plenus,
457 3810 556 3878 qui
586 3809 699 3879 jam
746 3812 986 3866 secundo
1031 3813 1098 3866 ad
1123 3813 1460 3882 apostasiam
1488 3812 1665 3868 redire
1701 3829 1798 3866 ne-

207 3914 491 3970 quaquam
515 3902 754 3956 erubuit.
782 3901 981 3958 Eodem
1004 3912 1250 3974 tempore
1298 3903 1563 3959 Dominus
1597 3905 1802 3976 Grego-

210 3992 324 4048 rius
355 3993 507 4048 circa
533 3995 768 4050 mediam
796 3994 1278 4067 Quadragesimam
1330 3994 1633 4050 Concilium
1657 3999 1799 4052 cele-

211 4085 406 4150 bravit,
439 4085 496 4140 in
531 4102 643 4156 quo
667 4087 1018 4157 saapedictum
1049 4088 1390 4154 Guibertum,
1426 4089 1554 4158 quia
1578 4097 1802 4144 vocatus

211 4178 394 4233 venire
435 4180 798 4250 contempsit,
839 4181 908 4235 ab
953 4180 1264 4251 Episcopali
1307 4180 1486 4236 ofﬁcio
1523 4189 1800 4252 tamquam

215 4273 488 4341 perjurum
504 4273 818 4342 suspendit,
843 4281 897 4327 et
910 4273 1160 4328 eumdem
1179 4272 1458 4344 Hugonem
1474 4273 1797 4340 Candidum,

1898 3067 2183 3137 Gregorio,
2212 3073 2273 3120 ut
2312 3065 2379 3120 de
2411 3064 2724 3134 Apostolica
2749 3063 2888 3117 Sede
2911 3064 3029 3118 sine
3068 3079 3222 3119 mora
3256 3065 3488 3120 descen-

1896 3159 2016 3224 das,
2048 3167 2104 3212 et
2132 3157 2330 3212 amodo
2361 3157 2426 3211 de
2449 3155 2678 3225 Papatu,
2709 3156 2853 3211 sicut
2883 3157 3052 3210 vitam
3099 3165 3248 3210 tuam
3281 3156 3485 3227 diligis,

1897 3258 1950 3304 te
1983 3251 2296 3305 nullatenus
2318 3249 2668 3304 intromittas.
2705 3246 2874 3301 Vobis
2908 3255 3090 3300 autem
3115 3245 3403 3319 Episcopis
3434 3258 3491 3304 et

1896 3340 2282 3397 Cardinalibus
2311 3355 2504 3396 eodem
2529 3340 2692 3394 modo
2717 3337 3075 3408 injungimus,
3121 3348 3181 3393 ut
3215 3341 3489 3411 recepturi

1896 3431 2215 3489 Pontiﬁcem
2243 3433 2311 3488 ad
2334 3433 2579 3503 ejusdem
2629 3431 2789 3503 Regis
2823 3432 3171 3502 praesentiam
3196 3432 3486 3488 festinetis.

1899 3525 2109 3592 Quibus
2135 3525 2488 3595 blasphemiis
2510 3524 2732 3590 auditis,
2756 3533 2947 3579 contra
2974 3525 3227 3579 eumdem
3258 3523 3490 3580 Pontifi-

1898 3618 1979 3673 cis
1999 3618 2425 3674 conviciatorem
2451 3625 2563 3670 tota
2585 3616 2838 3687 Synodus
2860 3616 2935 3671 ita
2961 3616 3312 3671 vehementer
3329 3631 3492 3673 enr-

1900 3710 2000 3776 sit,
2025 3711 2171 3780 quod
2206 3709 2313 3764 nisi
2349 3708 2438 3778 pia
2474 3709 2838 3763 mansuetudo
2866 3709 3011 3763 beati
3047 3707 3204 3780 Papae
3243 3707 3492 3778 Gregorii

1901 3817 1960 3856 se
1993 3802 2303 3872 objecisset,
2333 3801 2510 3870 ipsum
2547 3798 2731 3854 ﬁdeles
2759 3798 3018 3855 Ecclesiae
3052 3815 3177 3856 cum
3218 3799 3492 3869 lapidibus

1901 3895 2285 3951 trucidassent.
2321 3891 2416 3948 Die
2469 3907 2600 3948 vero
2644 3893 2816 3947 altera
2851 3892 3047 3948 litteras
3099 3893 3170 3947 ab
3203 3890 3490 3962 Episcopis

1902 3986 2333 4042 Ultramuntanis
2354 3984 2603 4039 Pontiﬁci
2635 3993 2763 4038 sunt
2786 3985 2996 4050 delatze,
3026 3985 3080 4038 in
3121 3984 3323 4054 quibus
3355 3997 3491 4036 con-

1903 4081 2188 4134 ﬁtebantur
2225 4094 2284 4133 se
2303 4093 2538 4140 errasse,
2575 4083 2632 4129 et
2673 4077 2905 4131 nimium
2948 4077 3277 4147 deliquisse:
3303 4084 3492 4146 postu-

1902 4173 2088 4228 labant
2119 4185 2336 4240 quoque
2370 4168 2608 4235 veniam,
2640 4175 2694 4221 et
2735 4182 2955 4222 omnem
3017 4168 3084 4222 de
3140 4175 3340 4221 ceetero
3382 4167 3488 4222 sibi

1903 4264 2267 4321 obedientiam
2311 4261 2604 4316 observare
2647 4258 2876 4313 ﬁrmiter
2923 4257 3353 4328 speponderunt.
3387 4255 3490 4311 Vix

215 4365 504 4419 secundum
529 4364 787 4435 Apostoli
809 4364 1016 4419 dictum
1050 4364 1178 4436 (Tit.
1210 4382 1291 4431 ιιι,
1330 4365 1441 4434 10),
1473 4363 1797 4420 Haereticum
1832 4352 1875 4410 D
1902 4360 2084 4429 itaque
2106 4357 2294 4413 sedato
2319 4353 2576 4418 tumultu,
2630 4351 2918 4424 Synodalis
2955 4357 3219 4405 tractatus
3255 4349 3308 4402 in
3333 4357 3488 4404 tran-

214 4454 480 4512 bominem
499 4467 629 4527 post
647 4457 888 4526 primam
915 4466 970 4512 et
998 4459 1293 4512 secundam
1317 4458 1798 4514 commonitionem

213 4548 399 4617 devita,
437 4559 711 4621 perpetuo
743 4549 816 4602 ab
844 4548 1083 4604 Ecclesia
1118 4551 1505 4621 sequestravit.
1544 4550 1648 4605 Sed
1674 4566 1800 4606 cum

217 4641 305 4696 ista
325 4643 376 4697 in
400 4643 553 4698 Italia
583 4643 807 4707 fierent,
825 4641 1069 4698 Saxones
1090 4653 1278 4698 contra
1293 4641 1490 4712 Regem
1506 4641 1796 4698 Henricum

213 4732 408 4790 fortiter
431 4737 807 4798 rebellarunt,
831 4750 896 4788 ea
936 4735 1184 4790 videlicet
1213 4734 1523 4801 occasione,
1560 4735 1688 4806 quia
1721 4734 1801 4788 eis

208 4843 335 4885 onus
365 4817 733 4900 importabile
775 4827 1054 4895 satagebat
1085 4829 1397 4899 imponere:
1442 4827 1584 4881 unde
1605 4824 1803 4881 accidit

207 4923 334 4992 quod
371 4923 508 4988 Rex,
540 4923 597 4976 in
631 4935 812 4973 manu
836 4919 1008 4972 valida
1037 4930 1089 4974 et
1119 4919 1469 4975 multitudine
1493 4918 1664 4990 gravi,
1703 4914 1803 4970 Sa-

205 5018 406 5072 xoniam
459 5034 528 5072 ex
584 5010 907 5082 improviso
950 5011 1208 5070 intravit:
1250 5013 1344 5066 sed
1389 5012 1649 5081 quoniam
1707 5024 1803 5065 eos

200 5107 488 5180 imparatos
539 5104 787 5166 invasit,
848 5101 1122 5161 victoriam
1163 5104 1423 5176 quamvis
1476 5087 1836 5158 cruentissi~'

197 5216 328 5258 mam
364 5202 584 5258 habui!-
607 5196 864 5264 QuiPPe,
892 5194 1028 5248 sicut
1050 5213 1079 5254 a
1107 5197 1473 5270 prudentibus
1494 5196 1802 5259 dicebatur,

196 5295 421 5365 quinque
462 5293 654 5348 millia
705 5287 954 5339 virorum
1011 5303 1076 5346 ex
1130 5298 1293 5364 parte
1335 5287 1497 5359 Regis
1531 5289 1585 5342 in
1609 5283 1797 5340 eodem

1899 4451 2166 4522 quillitate
2209 4445 2504 4519 processit:
2540 4444 2634 4500 sed
2670 4459 2794 4499 cum
2842 4451 3059 4513 tempus
3099 4442 3213 4511 jam
3260 4441 3492 4495 instaret

1900 4541 2215 4598 absolvendi
2243 4537 2542 4611 Synodum,
2580 4535 2852 4604 Pontifex,
2886 4535 3074 4590 habito
3107 4549 3232 4589 eum
3273 4541 3491 4588 centum

1900 4644 1954 4689 et
2007 4635 2196 4689 decem
2227 4629 2509 4702 Episcopis
2568 4627 2774 4684 utiliori
2822 4629 3079 4693 consilio,
3139 4626 3194 4679 in
3239 4625 3492 4684 eumdem

1902 4727 2122 4799 Regem,
2170 4724 2264 4796 qui
2298 4721 2554 4776 Ecclesiae
2593 4721 2852 4776 unitatem
2888 4721 3140 4777 scindere
3183 4715 3492 4778 attentavit,

1901 4813 2488 4874 excommunicationis
2510 4811 2835 4868 sententiam
2868 4811 3122 4883 protulit,
3158 4817 3212 4864 et
3232 4822 3405 4876 usque
3429 4805 3495 4860 ad

1903 4912 2228 4981 condignam
2265 4901 2692 4962 satisfactionem
2736 4908 3068 4962 sententiam
3107 4902 3281 4970 ipsam
3323 4890 3498 4950 firmi-

1904 5013 1987 5058 ter
2023 4998 2306 5058 observari
2330 5000 2608 5069 praecepit.
2648 4997 2804 5064 Quod
2835 5013 3020 5072 neque.
3053 4989 3501 5062 rcprchensibile,

1904 5113 2007 5152 nec
2041 5111 2243 5151 novum
2289 5089 2358 5143 ab
2407 5091 2599 5165 aliquo
2634 5089 2899 5147 aestimari
2924 5093 3087 5148 debet
3123 5099 3285 5138 :cum
3309 5097 3340 5134 a
3377 5097 3506 5136 san-

1901 5197 2118 5246 ctorum
2143 5187 2362 5242 Patrum
2393 5186 2776 5244 sanctionibus
2809 5183 3040 5239 minime
3075 5175 3426 5242 discrepal‘Cl,
3451 5175 3508 5220 εί

1905 5295 1932 5332 a
1963 5280 2214 5351 pluribus
2256 5275 2526 5335 Romanis
2567 5273 2932 5334 Pontiﬁeibus
2970 5276 3078 5328 hoc
3114 5267 3292 5336 ipsum
3340 5261 3504 5314 etiam

3008 5373 3124 5386 Διιικ
