3986 5386
215 300 311 355 m
1204 295 1738 353 pnetncoutm.
1769 329 1837 337 -.
1857 260 2045 354 ACTA
2075 297 2133 353 s.
2159 295 2511 355 GREGORII.

3391 296 3493 353 Ιξῖ

216 410 533 483 Tyrannum
560 417 623 464 et
657 407 1025 464 Theodosium
1051 407 1438 479 Imperatorem
1460 410 1529 465 ab
1560 408 1802 467 Ecclesia
1831 414 1876 470 Α
1902 410 2104 467 tilicem
2134 425 2310 481 usque
2333 410 2401 466 ad
2430 409 2707 467 civitatem
2738 410 3043 482 August
3070 425 3264 468 secure
3286 410 3496 466 condu-

216 503 369 572 pulso
386 500 918 557 excommunicavit.
949 509 1011 556 ut
1052 514 1162 556 non
1193 501 1511 573 ambiguum
1545 511 1649 557 est.
1672 502 1807 570 Quis
1908 508 2075 558 ceret.
2109 500 2384 572 Sedquod
2429 501 2803 559 fraudulenter
2854 501 3312 575 Archiepiscopus
3341 503 3495 574 (155)

216 608 360 664 ergo,
383 592 494 646 nisi
521 601 715 648 mente
743 600 956 662 captus,
984 592 1200 664 ignorat
1231 591 1455 664 Regiam
1483 601 1806 665 petestatem
1909 592 2045 662 ipse,
2069 608 2166 664 per
2186 593 2418 648 velatam
2445 592 2609 664 Regis
2628 595 2915 662 astutiam;
2942 592 3136 665 captu's
3165 594 3329 650 fuerit
3348 595 3491 665 apud

217 684 569 756 pontiﬁcibus
603 699 734 739 esse
760 684 1098 754 subiectam?
1124 692 1179 739 et
1211 684 1337 755 quis
1365 684 1551 740 credat
1571 700 1602 740 a
1623 685 1810 756 subie-

219 776 387 831 ctione
416 773 668 830 Romani
701 774 991 831 Pontiﬁcis
1018 791 1078 832 se
1120 775 1359 831 alienum
1400 791 1543 843 esse,
1572 777 1679 833 nisi
1712 777 1809 847 qui

216 868 559 939 exigentibus
584 869 830 938 peccatis
857 868 981 924 suis
999 868 1143 924 inter
1167 883 1298 923 oves
1317 866 1523 924 Christi
1551 883 1664 923 non
1692 883 1809 923 me-

218 960 321 1013 ruit
338 960 667 1015 numerari?
697 959 807 1015 Sed
833 961 949 1030 iam
975 959 1053 1014 rei
1081 959 1358 1026 ordinem,
1385 974 1549 1030 quem
1597 959 1807 1031 incepi-

220 1066 353 1115 mus,
375 1066 815 1121 prosequamur.

843 1159 1075 1217 CAPUT
1123 1159 1167 1214 11

222 1249 432 1306 Hernici
481 1253 813 1324 pervicacia,
856 1252 1123 1322 Rudolplu'
1154 1252 1361 1314 electio.
1405 1253 1549 1307 irriti
1585 1261 1808 1308 conatur

258 1344 263 1347 η
482 1322 489 1324 ⁷
747 1322 989 1394 Gregorii
1026 1340 1121 1393 pro
1154 1340 1301 1394 pace.

284 1412 332 1466 7.
353 1411 575 1469 Interea
596 1414 697 1469 ubi
717 1413 788 1469 de
806 1413 971 1484 Regis
992 1410 1250 1470 bannoad
1272 1428 1434 1470 aures
1454 1412 1600 1483 vulgi
1617 1398 1807 1483 pcrso-

221 1504 346 1571 nuit,
367 1513 525 1561 tctus
547 1505 705 1562 orbis
729 1504 1013 1561 Romanus
1032 1506 1206 1561 nimio
1247 1506 1445 1561 timore
1485 1505 1809 1575 perterritus

222 1611 320 1651 non
348 1598 709 1654 mediocriter
743 1598 1056 1654 vacillavit:
1086 1597 1261 1654 Italici
1302 1612 1539 1667 namque
1580 1596 1811 1653 Antisti-

222 1698 293 1743 tes
313 1697 368 1742 et
387 1688 661 1760 Episcopi
681 1688 976 1745 Teutonici
1000 1689 1172 1762 Regni
1203 1705 1369 1760 super
1409 1696 1557 1744 tanta
1596 1689 1809 1745 dissen-

222 1779 367 1834 sione
408 1780 465 1834 in
510 1789 704 1851 partes
745 1794 809 1836 se
847 1781 1169 1849 diviserunt,
1209 1788 1266 1837 et
1296 1787 1520 1837 auctore
1548 1774 1809 1836 Guiberto

222 1871 351 1940 apud
380 1871 615 1943 Papiam
643 1880 1003 1929 contumaces
1034 1872 1292 1945 Episcopi
1315 1872 1658 1929 Lomhardim
1685 1879 1810 1943 post

222 1963 425 2018 l‘ascha
461 1972 848 2020 convenerunt
888 1965 947 2019 in
994 1980 1165 2020 unum
1218 1984 1232 2020 :
1278 1964 1484 2035 ibique,
1533 1963 1809 2020 imitantes

224 2053 472 2110 Photinm
493 2065 549 2110 et
570 2054 924 2123 Dioscorum,
967 2056 1262 2112 Dominum
1314 2054 1520 2127 Papam
1570 2056 1808 2113 senioris

225 2145 406 2201 Romae
431 2161 532 2201 ore
564 2148 840 2218 sacrilego
863 2149 1340 2205 excommunicare
1380 2148 1643 2204 instinctu
1684 2150 1807 2205 dia-

225 2239 395 2294 holieo
442 2251 941 2312 praesumpserant.
990 2241 1147 2309 Quod
1197 2234 1425 2299 factum
1468 2243 1808 2299 attendentes

227 2326 499 2402 Principes
518 2331 716 2404 Regni,
732 2348 845 2388 non
870 2335 1216 2391 mediocriter
1233 2335 1484 2392 dubitare
1500 2342 1808 2407 ceeperunt,

229 2438 289 2476 an
328 2424 961 2480 excommunicationem
988 2426 1165 2496 ipsam
1193 2434 1565 2494 contemnere,
1589 2443 1660 2483 an
1684 2441 1806 2483 eam

231 2523 530 2570 reverenter
572 2516 868 2572 observare
917 2515 1219 2589 (deberent)
1256 2537 1269 2573 :
1303 2518 1542 2575 maxime
1590 2534 1717 2575 cum
1749 2519 1813 2576 in

230 2621 409 2660 eorum
452 2606 577 2678 lege
618 2607 989 2675 contineatur,
1015 2617 1077 2663 ut
1114 2610 1157 2664 si
1187 2611 1314 2680 quis
1360 2608 1502 2665 infra
1525 2627 1730 2666 annum
1753 2621 1809 2667 et

230 2699 463 2753 auem‘ab
489 2700 1084 2755 excommunicationis
1113 2701 1334 2757 vinculo
1362 2717 1472 2757 non
1499 2701 1663 2758 fuerit
1704 2704 1805 2758 ab-

232 2793 457 2859 solutus,
508 2792 660 2846 omni
704 2801 897 2848 careat
933 2792 1215 2863 dignitatis
1261 2793 1487 2848 honore.
1541 2792 1692 2849 Unde
1737 2796 1806 2850 ad

233 2898 409 2938 eorum
430 2885 879 2941 consolationem
893 2884 1189 2954 prudentes
1214 2883 1470 2955 Episcopi
1487 2884 1807 2955 huiusmodi

234 2976 490 3031 dederunt
538 2990 894 3046 responsum,
939 2976 1108 3046 quod,
1155 2977 1455 3032 secundum
1494 2962 1704 3032 statuta
1751 2987 1807 3034 et

1907 684 2240 742 Placentiam
2264 725 2281 752 ,
2321 693 2377 740 et
2408 687 2758 755 postmodum
2778 686 2891 743 'vix
2941 687 3229 755 liberatus,
3272 695 3495 758 propter

1909 776 2157 835 historia:
2177 776 2571 848 longitudinem
2595 778 3063 848 praetermittimus
3088 779 3346 835 scribere.

1980 868 2033 924 8.
2064 866 2405 924 Venerabilis
2431 868 2616 939 itaque
2641 869 2784 940 Papa
2809 870 3125 942 Gregorius,
3143 871 3325 947 audita
3346 871 3494 942 lega—

1911 959 2060 1015 tione
2090 967 2369 1015 tantorum
2400 959 2748 1031 Principum,
2791 962 2916 1017 licet
2954 962 3275 1034 gravissima
3317 962 3493 1019 hiems

1907 1048 2171 1118 instaret,
2198 1066 2267 1105 ne
2299 1059 2511 1107 tantum
2541 1051 2769 1120 bonum,
2795 1054 2942 1123 quod
2964 1055 3031 1109 de
3058 1069 3191 1124 pace
3231 1055 3493 1125 speraba-

1913 1150 2025 1205 tur.
2058 1157 2155 1212 per
2180 1142 2356 1213 ipsius
2380 1143 2766 1215 negligentiam
2800 1153 3125 1213 remaneret,
3152 1161 3278 1202 cum
3300 1146 3489 1202 eodem

1906 1232 2335 1304 Archiepiscopo
2357 1233 2532 1304 ipsius
2554 1235 2767 1292 itineris
2782 1236 3153 1293 diﬂicultatzm
3173 1238 3491 1308 assumpsit,

1824 1374 1831 1379 .
1905 1334 1965 1397 et
2010 1340 2190 1396 usque
2235 1325 2305 1381 ad
2357 1323 2629 1383 Vercellas
2683 1328 2970 1397 processit.
3022 1327 3103 1384 Eo
3139 1338 3321 1384 autem
3354 1329 3494 1383 nihil

1905 1416 2131 1475 sinistre
2157 1418 2470 1489 suspicante
2497 1420 2566 1475 de
2613 1417 2778 1491 Regis
2830 1420 3217 1490 promissione,
3266 1428 3491 1491 repente

1904 1509 2170 1577 insonuit,
2191 1509 2337 1580 quod
2358 1510 2475 1581 ipse
2497 1524 2592 1566 rex
2613 1511 2959 1567 velocissimo
2979 1527 3147 1567 cursu
3171 1512 3286 1582 iam
3307 1521 3491 1568 trans-

1904 1603 2046 1661 ierat
2083 1602 2247 1673 Alpes
2263 1644 2279 1671 ,
2309 1610 2367 1659 et
2409 1604 2465 1659 in
2488 1618 2724 1660 occursu
2750 1602 3030 1661 Pontificis
3051 1605 3320 1662 hostiliter
3344 1604 3496 1661 festi-

1905 1694 2095 1752 nabat.
2132 1694 2290 1761 Quod
2327 1693 2542 1752 facinus
2579 1693 2920 1765 inopinatum
2954 1704 3243 1767 postquam
3264 1695 3494 1766 Episco-

1840 1762 1885 1817 Β
1904 1796 2014 1859 'pus
2052 1783 2414 1843 Vercellensis
2437 1762 2716 1858 cognovit,
2743 1787 2871 1842 licet
2912 1762 3495 1859 Regis-Canceilarius

1908 1876 2225 1945 haberetur,
2260 1877 2515 1935 Pontifici
2564 1886 2747 1934 tamen
2794 1881 2901 1934 rei.
2932 1879 3215 1936 veritatem
3263 1880 3496 1936 ﬁdeliter

1909 1970 2201 2027 intimavit.
2222 1970 2345 2038 Quo
2379 1970 2566 2028 audito
2595 1979 2650 2027 et
2678 1969 2734 2027 in
2767 1970 2993 2030 veritate
3016 1981 3316 2045 corriperto,
3345 1972 3494 2030 Pon-

1908 2061 2042 2121 tifex
2066 2062 2257 2121 statim
2287 2063 2493 2125 avertit.
2518 2063 2780 2130 habenas,
2809 2072 2865 2120 et
2910 2066 2978 2120 ad
3028 2066 3363 2123 tutissimum
3403 2082 3495 2122 ca-

1909 2163 2086 2212 strum
2112 2156 2422 2213 Comitissat
2448 2155 2704 2221 Matildis,
2744 2155 2894 2212 Beati
2942 2156 3087 2217 Petri
3129 2158 3495 2215 devotissimze

1910 2247 2057 2316 filiae,
2079 2250 2226 2320 quod
2246 2247 2448 2304 dicitur
2465 2246 2792 2314 Canusium,
2806 2262 2914 2302 non
2939 2248 3175 2319 segniter
3196 2247 3492 2315 festinavit,

1907 2346 1965 2395 et
1993 2356 2053 2396 se
2088 2341 2143 2396 in
2180 2347 2297 2396 tuto
2327 2354 2455 2395 eum
2482 2334 2769 2397 Fratribus
2796 2338 2912 2395 suis
2946 2339 3165 2410 recepit.
3196 2338 3311 2395 Rex
3340 2356 3493 2408 vero,

1906 2433 2203 2503 perpetrati
2237 2430 2465 2504 periurii
2492 2430 2770 2497 conscius,
2795 2430 2889 2486 ubi
2932 2438 3147 2486 reatum
3191 2447 3356 2488 suum
3410 2433 3494 2488 in-

1907 2521 2223 2580 dubitanter
2244 2521 2579 2594 publicatum
2615 2522 2893 2592 cognovit,
2918 2523 3164 2593 deposita
3190 2522 3493 2590 ferocitate,

1907 2623 2189 2685 tamquam
2220 2613 2411 2684 vulpes
2445 2613 2659 2680 callida,
2692 2614 3098 2685 simplicitatem
3122 2616 3492 2673 columbinam

1907 2707 2113 2775 induit,
2154 2714 2406 2777 etusque
2428 2702 2496 2761 ad
2540 2706 2719 2775 ipsum
2775 2714 3040 2773 castrum,
3086 2716 3146 2764 ut
3189 2716 3494 2767 mereretur

1907 2796 2140 2864 absolvi,
2165 2794 2483 2851 Pontiﬁcem
2511 2795 2667 2865 sequi
2694 2810 2802 2851 non
2823 2795 3031 2851 destitit
3061 2815 3073 2850 :
3114 2796 3169 2851 in
3206 2813 3319 2867 quo
3369 2798 3494 2853 loco

1906 2902 2075 2958 super
2106 2887 2286 2942 nivem
2326 2894 2382 2941 et
2421 2885 2649 2956 glaciem
2680 2886 2847 2941 nudis
2870 2886 3099 2956 pedibus
3129 2903 3227 2956 per
3245 2887 3363 2943 dies
3386 2887 3490 2941 ali-

1906 2985 2042 3048 quot
2098 2977 2268 3043 stetit,
2307 2984 2363 3031 et
2408 2975 2772 3031 absolutionis
2818 2976 3050 3047 gratiam
3095 2977 3494 3034 instantissime

234 3069 470 3137 exempla
510 3077 830 3123 sanctorum
861 3066 1108 3135 Patrum,
1154 3066 1439 3125 Romanus
1478 3068 1728 3124 Pontifex
1773 3085 1805 3126 a
1833 3102 1873 3157 Ο
1904 3068 2220 3139 postulavit.
2278 3066 2411 3122 Post
2463 3066 2666 3121 multas
2718 3066 2902 3138 itaque
2955 3067 3378 3139 disceptationes
3437 3079 3493 3124 et

236 3161 437 3215 nemine
451 3160 693 3231 iudicari
711 3175 812 3215 seu
830 3160 1296 3216 excommunicari
1318 3160 1588 3217 ullatenus
1608 3168 1802 3231 potest.

237 3248 656 3323 ldeoPrincipes
688 3251 795 3322 ipsi
846 3252 1129 3322 (quoniam
1180 3253 1485 3308 secundum
1540 3252 1807 3308 malitiam

238 3342 478 3399 instantis
502 3344 767 3414 temporis
790 3343 986 3399 melius
1015 3344 1150 3400 nihil
1174 3344 1521 3415 invenerunt)
1548 3360 1672 3406 cum
1690 3343 1801 3398 Ru-

136 3440 139 3441 '
238 3434 447 3505 dolpho,
488 3434 776 3503 Guelfone,
824 3449 890 3491 ae
923 3433 1262 3493 Theoderico
1304 3434 1570 3503 Ducibus,
1595 3444 1652 3493 ct
1684 3437 1813 3494 aliis

242 3528 527 3598 maioribus
577 3526 748 3599 Regni
786 3527 1100 3598 iuramento
1158 3530 1466 3597 firmarunt,
1509 3537 1568 3585 ut
1601 3529 1649 3586 si
1692 3528 1808 3585 Rex

240 3621 453 3678 consilio
504 3636 700 3677 eorum
753 3620 1100 3691 acquiescere
1151 3622 1339 3690 vellet,
1384 3637 1609 3692 operam
1649 3638 1808 3679 suam

237 3711 879 3777 elcaciteradhiberent,
902 3720 963 3768 ut
988 3712 1290 3785 Gregorius
1314 3713 1459 3784 Papa
1485 3715 1627 3770 ultra
1651 3729 1811 3771 mon-

239 3816 311 3863 tes
334 3806 567 3871 veniret,
598 3813 655 3860 et
702 3820 734 3858 σι
786 3804 1006 3862 vinculo
1041 3806 1628 3865 excommunicationis
1680 3823 1809 3864 eum

240 3900 549 3955 absolveret.
572 3897 698 3965 Quo
725 3894 872 3953 facto
897 3894 1011 3954 Rex
1038 3913 1137 3954 ore
1173 3897 1396 3970 proprio
1434 3899 1809 3969 iuramentum

241 3992 494 4061 prastitit,
521 3991 670 4063 quod
699 3990 759 4044 in
780 3990 1019 4045 adventu
1059 3990 1235 4060 ipsius
1273 3988 1556 4048 Pontificis
1601 3992 1812 4067 absque

241 4085 369 4139 malo
393 4084 614 4156 ingenio
634 4084 757 4155 eius
785 4090 959 4138 staret
982 4082 1243 4138 mandato
1272 4099 1284 4136 :
1322 4089 1377 4137 ct
1411 4093 1812 4154 consequenter

242 4175 504 4247 Principes
552 4176 755 4231 iterum
775 4175 1106 4245 iuraverunt
1129 4173 1187 4230 in
1210 4174 1360 4231 hunc
1390 4175 1638 4242 modum,
1670 4183 1731 4231 ut
1761 4176 1831 4233 si.

243 4282 324 4322 rex
350 4268 496 4338 quod
518 4267 803 4337 iuraverat
829 4267 1169 4331 observaret,
1200 4264 1305 4335 ipsi
1325 4280 1451 4322 cum
1470 4280 1543 4323 eo
1558 4266 1616 4322 in
1640 4283 1812 4323 manu

244 4359 399 4415 valida
418 4358 902 4430 proﬁciscerentur
920 4356 991 4413 ad
1015 4357 1209 4412 urbem
1230 4355 1490 4424 Romam;
1514 4367 1570 4413 et
1595 4368 1812 4430 recepta

1906 3160 2059 3216 varia
2100 3160 2353 3226 consilia,
2376 3164 2501 3228 post
2530 3157 2981 3225 satisfactionem
3023 3167 3080 3214 et
3129 3159 3492 3216 absolutionis

1907 3252 2162 3323 gratiam,
2202 3251 2349 3306 idem
2396 3247 2647 3304 Pontifex
2709 3251 2851 3305 inter
2892 3249 3180 3307 Missurum
3244 3252 3491 3307 solennia

1911 3343 2065 3415 Regi,
2110 3341 2353 3399 Hostiam
2401 3340 2606 3396 Christi
2660 3341 2968 3413 porrigens,
3018 3342 3158 3397 dixit
3191 3361 3204 3397 :
3237 3341 3295 3398 Si
3328 3343 3493 3398 corde

1907 3436 2053 3493 bono
2073 3435 2309 3504 accedis,
2338 3443 2398 3490 et
2415 3434 2561 3506 quod
2582 3447 2691 3491 ore
2703 3433 2976 3507 profiteris
3016 3433 3153 3491 mihi
3198 3435 3496 3491 observare

1906 3529 2175 3601 disponis,
2196 3530 2301 3585 hoc
2322 3543 2537 3584 sacrum
2561 3525 2774 3598 Corpus
2798 3528 2870 3585 sit
2888 3528 3007 3595 tibi,
3025 3528 3167 3585 sicut
3193 3527 3492 3599 Apostolis,

1908 3622 1976 3678 ad
2003 3624 2267 3689 salutem;
2297 3620 2543 3691 alioquin
2591 3620 2812 3691 indigne
2854 3621 3123 3690 percipies
3170 3621 3303 3675 illud
3353 3621 3497 3683 sicut

1906 3711 2098 3781 Iudas,
2122 3723 2180 3770 et
2203 3713 2474 3785 iudicium
2518 3713 2616 3768 tibi
2659 3713 2867 3782 absque
2909 3713 3076 3768 dubio
3114 3713 3497 3769 manducabis.

1908 3802 1977 3859 Et
1996 3805 2183 3861 statim
2212 3805 2279 3861 ad
2310 3805 2562 3861 osculum
2592 3820 2721 3860 eum
2756 3805 2989 3875 recepit,
3015 3811 3070 3860 et
3098 3812 3226 3875 post
3271 3803 3493 3861 Missam

1908 3911 2037 3953 cum
2071 3897 2189 3967 ipso
2218 3905 2443 3968 paterna
2492 3896 2759 3953 cbaritate
2796 3897 3072 3953 comedit:
3107 3904 3369 3967 praeterea
3395 3912 3497 3952 ex-

1908 3989 2344 4045 communicatos
2370 3989 2467 4060 qni
2510 4005 2637 4044 cum
2661 3988 2808 4061 Rege
2824 3996 3088 4045 venerant
3114 3988 3245 4044 fecit
3261 3988 3494 4057 absolvi,

1908 4088 1966 4136 et
1996 4081 2052 4135 in
2074 4095 2210 4151 pace
2230 4095 2425 4135 omnes
2449 4080 2677 4136 dimisit.

1976 4172 2035 4228 9.
2073 4171 2318 4227 Decurso
2345 4172 2531 4242 itaque
2562 4171 2820 4227 instantis
2863 4170 2996 4226 anni
3042 4171 3269 4238 circulo,
3299 4186 3496 4242 quam-

1912 4278 2078 4334 quam
2097 4263 2154 4318 in
2184 4262 2323 4319 facie
2342 4261 2595 4317 Pontifici
2632 4260 2748 4317 Rex
2770 4262 3002 4317 devotus
3041 4261 3385 4331 etobediens
3411 4261 3494 4315 vi-

1912 4355 2150 4424 deretur,
2173 4355 2338 4420 corde
2354 4364 2411 4409 et
2435 4369 2620 4426 opere,
2645 4354 2789 4410 sicut
2806 4354 2888 4409 rei
2901 4353 3125 4410 effectus
3144 4352 3494 4423 postmodum

242 4448 518 4520 lmperialis
538 4449 772 4505 Coronae
790 4448 1056 4520 dignitate
1071 4463 1102 4504 a
1119 4445 1353 4504 Domino
1366 4448 1625 4521 Gregorio
1642 4450 1811 4522 Papa,
1844 4444 1888 4499 Ι)
1914 4446 2192 4515 indicavit,
2213 4445 2525 4503 contrarius
2553 4445 2679 4513 sibi,
2716 4452 2772 4501 et
2794 4459 3010 4516 semper
3047 4445 3101 4499 in
3144 4443 3357 4499 insidiis
3381 4442 3495 4499 elli-

241 4541 607 4599 descenderent
627 4557 758 4598 eum
780 4541 1028 4598 exercitu
1062 4541 1122 4596 in
1141 4539 1396 4611 Apuliam
1419 4549 1475 4597 et
1500 4541 1812 4598 Calabriam

241 4641 412 4689 contra
435 4632 808 4700 Normannos,
836 4632 935 4704 qui
960 4641 1092 4689 tunc
1116 4633 1552 4689 adversabantur
1577 4635 1815 4706 Aposto-

243 4725 517 4796 licteSedi;
557 4736 615 4783 et
646 4732 873 4781 terram
915 4724 1113 4796 ipsam,
1161 4725 1409 4797 expulsis
1458 4725 1811 4795 Normannis,

245 4815 390 4874 Beato
408 4813 568 4875 Petro
592 4828 650 4873 et
686 4817 955 4874 Ecclesia:
974 4817 1236 4876 Romanae
1260 4805 1631 4876 restituerent.
1656 4820 1815 4888 Quod

247 4908 287 4961 si
318 4908 423 4965 Rex
448 4911 551 4967 hoc
578 4910 769 4966 facere
803 4908 1121 4980 denegaret,
1142 4925 1212 4966 ex
1242 4918 1376 4967 tunc
1400 4911 1506 4981 ipsi
1532 4911 1814 4984 Principes

246 5014 352 5055 eum
374 5017 543 5074 neque
565 5018 671 5073 pro
700 5000 855 5071 Rege
880 5015 1058 5071 neque
1081 5017 1191 5073 pro.
1208 5001 1444 5058 Domine
1484 5004 1686 5061 habere
1719 5004 1816 5059 de.

1911 4539 2114 4595 caciter
2173 4538 2371 4594 extitit.
2422 4535 2718 4594 Nocturnis
2760 4537 2907 4592 enim
2958 4537 3316 4608 temporibus,
3367 4552 3495 4599 cum

1910 4628 2174 4686 Guiberto
2204 4638 2261 4686 et
2280 4628 2475 4684 Gentio
2497 4627 2748 4684 Romano
2772 4628 2894 4683 viro
2916 4628 3361 4699 nequissimo,de
3383 4642 3499 4698 quo

1911 4722 2242 4778 mentionem
2271 4719 2502 4776 fecimus
2524 4718 2796 4791 superius,
2825 4726 2880 4774 et
2916 4720 3039 4781 aliis
3077 4720 3335 4777 Ecclesiae
3386 4718 3495 4775 ini-

1877 4812 2071 4870 .micis
2114 4810 2462 4868 familiariter
2520 4811 2864 4882 loquebatur,
2914 4819 2970 4867 et
3022 4811 3251 4870 nefariis
3299 4825 3498 4871 eorum

1912 4905 2158 4961 consiliis
2180 4902 2423 4960 favorem
2451 4904 2764 4973 praestabat.
2792 4901 2899 4958 Sed
2919 4919 3047 4959 cum
3068 4905 3278 4962 videret
3295 4901 3499 4970 Papam

1913 4994 2239 5069 Gregorium
2273 5010 2305 5050 a
2330 4993 2527 5049 Castro
2556 4993 2785 5051 Canusii
2813 4995 2965 5052 nullo
2998 4998 3164 5054 modo
3212 5006 3375 5065 posse
3412 4991 3501 5055 di.-
