3986 5386
502 270 609 329 {9.3

1717 269 1774 325 S.
1803 264 2202 327 GREGORIUS
2237 264 2324 321 Vll
2355 264 2549 323 PAPA.

3660 272 3762 329 ηι

502 385 590 440 lia:
623 393 951 453 moraretur,
973 383 1255 457 Principes
1296 384 1468 457 Regni
1520 384 1663 455 apud
1710 382 1904 440 Villam
1949 382 2085 439 For-
2112 393 2158 450 Α
2182 380 2251 436 ad
2280 379 2491 451 Regem
2518 381 2575 435 in
2602 380 2910 449 Bavariam,
2931 388 2987 438 et
3020 382 3071 438 ei
3101 383 3388 440 consilium
3428 385 3762 440 etvolunta-

502 476 660 532 ehem
689 477 745 531 in
781 493 952 532 unum
976 478 1182 547 pariter
1215 484 1616 540 convenerunt,
1644 484 1698 530 et
1734 475 2082 546 Rodulphum

505 569 782 639 egregium
813 550 1017 625 Ducem
1053 569 1159 624 sibi
1207 569 1261 623 in
1299 567 1499 640 Regem
1538 567 1873 623 unanimiter
1906 567 2083 637 elege-

504 669 653 728 runt,
680 660 861 716 virum
903 660 1173 731 siquidem
1209 646 1390 731 magni
1428 660 1676 728 consilii,
1720 668 1775 714 et
1820 660 1873 715 in
1917 658 2085 714 armis

504 752 821 822 frequenter
851 761 1158 823 expertum,
1184 767 1249 808 ac
1274 753 1439 808 nimis
1476 752 1762 807 illustrem.
1803 750 1961 818 Quod
1994 751 2084 805 ubi

506 842 620 899 Rex
668 842 936 900 Henricus
974 844 1202 911 audivit,
1231 859 1341 899 non
1392 843 1738 899 mediocriter
1778 851 2086 899 commotus

504 943 608 1002 est,
635 943 690 990 et
733 936 791 990 in
834 935 1175 991 iracundiam
1215 936 1563 993 vehementer
1599 936 1821 991 exarsit.
1855 935 2085 990 Verum-

507 1032 711 1092 tamen,
740 1027 884 1083 sicut
904 1026 988 1081 vir
1013 1025 1245 1082 callidus
1275 1035 1330 1082 et
1358 1043 1547 1099 sagax,
1569 1026 1863 1083 Dominum
1883 1026 2085 1098 Papam

505 1116 824 1187 Gregorium
853 1134 949 1188 per
968 1116 1192 1173 nuntios
1214 1133 1346 1174 suos
1369 1118 1566 1175 blande
1602 1127 1656 1174 et
1695 1118 1973 1192 humiliter
1991 1134 2087 1174 ex-

502 1209 684 1264 oravit
706 1219 973 1281 quatenus
989 1210 1236 1265 eumdem
1254 1208 1600 1281 Rodulphum
1624 1226 1751 1265 mox
1771 1226 2088 1266 excommu-

507 1299 767 1355 nicationi
792 1300 1100 1370 subjiceret.
1126 1299 1377 1356 Pontifex
1402 1310 1604 1367 autem,
1630 1302 1860 1356 consilio
1880 1301 2084 1370 habito,

505 1384 785 1460 respondit
818 1406 876 1448 se
911 1392 1017 1447 hoc
1050 1391 1283 1447 libenter
1325 1393 1621 1461 facturum,
1643 1393 1690 1448 si
1716 1391 2035 1463 Rodulphus
2057 1410 2086 1448 a

508 1496 567 1536 se
597 1491 824 1538 vocatus
851 1484 1115 1539 rationem
1141 1484 1227 1538 sui
1258 1482 1389 1539 facti
1422 1485 1648 1540 reddere
1694 1485 1862 1539 nollet
1917 1503 1930 1539 :
1978 1500 2086 1540 non

507 1573 655 1628 enim
691 1574 902 1644 justum
936 1584 1032 1630 aut
1066 1575 1390 1632 rationabile
1446 1576 1749 1643 videbatur,
1795 1585 1856 1631 ut
1909 1578 2089 1648 prius-

507 1678 673 1733 quam
699 1666 1080 1721 conveniretur
1103 1669 1688 1724 excommunicationis
1711 1668 1889 1740 gladio
1909 1670 2089 1741 puniri

506 1753 744 1811 deberet.
784 1755 958 1827 Hujus
1001 1758 1185 1829 itaque
1233 1760 1614 1830 responsionis
1657 1737 1946 1816 occasione
1993 1761 2088 1816 ad-
2121 1737 2163 1792 Β

504 1859 699 1903 versus
742 1846 1062 1904 Pontiﬁcem
1091 1850 1386 1906 maximam
1419 1852 1847 1924 indignationem
1890 1868 2086 1909 concc-

506 1936 613 2007 pit;
647 1939 740 1994 sed
767 1940 895 2010 quia
927 1942 1249 2011 gravissima
1282 1942 1387 1998 sibi
1423 1944 1638 2016 negotia
1683 1944 2086 2012 incumbebant,

506 2027 613 2084 hoc
633 2031 1047 2100 praetermissos,
1074 2033 1128 2087 in
1168 2032 1455 2091 Franclam
1488 2043 1543 2090 et
1580 2035 1865 2090 Bavariam
1898 2044 2088 2092 contra

508 2115 853 2191 Rodulphum
877 2122 931 2177 in
956 2138 1124 2178 manu
1145 2124 1324 2180 valida
1366 2124 1643 2182 festinavit
1669 2145 1682 2180 :
1709 2136 1933 2183 econtra
1972 2127 2088 2182 Ro-

505 2210 763 2281 dulphus,
792 2212 859 2269 de
876 2214 1088 2284 justitia
1109 2231 1208 2271 sua
1234 2217 1533 2285 conﬁdens,
1551 2219 1618 2274 ad
1638 2219 1949 2275 conflictum
1971 2234 2089 2276 cer-

506 2302 728 2359 taminis
748 2305 1095 2362 animositate
1117 2310 1355 2364 maxima
1385 2310 1712 2380 properavit.
1734 2310 1875 2378 Quid
1899 2311 2090 2383 plura?

507 2390 765 2450 llorribili
796 2396 947 2453 bello
988 2399 1189 2454 acriter
1244 2401 1522 2471 utrimque
1572 2402 1902 2470 commisso,
1948 2419 2088 2459 caesa

505 2494 634 2541 sunt
664 2489 835 2544 multa
869 2490 1040 2545 millia
1081 2491 1370 2548 hominum
1421 2494 1551 2549 hinc
1589 2494 1715 2550 inde
1763 2514 1776 2551 :
1826 2495 1920 2551 sed
1965 2495 2090 2566 quis

502 2593 695 2634 eorum
723 2582 1069 2650 praevaluerit
1099 2599 1207 2638 non
1234 2585 1465 2640 habetur
1494 2596 1723 2641 eertum.

573 2668 660 2724 10.
693 2669 824 2726 Post
853 2673 957 2729 hoc
982 2682 1166 2730 autem
1191 2675 1457 2733 Dominus
1480 2676 1775 2748 Gregorius
1800 2691 2088 2748 regressus

502 2767 588 2817 est
608 2776 734 2817 eum
757 2763 963 2821 honore
990 2766 1057 2822 ad
1104 2768 1294 2823 urbem
1327 2767 1557 2823 Romam
1585 2787 1598 2823 :
1629 2769 1774 2825 illico
1807 2768 2087 2842 Synodum

502 2855 853 2922 convocavit,
908 2857 963 2912 in
1017 2874 1125 2929 qua
1167 2858 1532 2915 interfuerunt
1560 2858 1749 2915 Nuntii
1798 2862 2086 2917 amborum

505 2960 724 3017 regum,
754 2950 954 3019 quibus
991 2950 1244 3007 Pontifex
1272 2952 1517 3009 distriete
1563 2954 1838 3026 praecepit,
1880 2971 1950 3010 ne
1983 2955 2088 3025 ipsi

508 3036 681 3109 Reges
708 3049 835 3095 ante
868 3042 1160 3099 adventum
1197 3043 1527 3116 Legatorum
1570 3062 1798 3102 suorum
1842 3061 2086 3118 pugnare

504 3143 925 3198 praesumerent,
980 3136 1075 3190 sed
1146 3151 1423 3207 eongruus
1452 3138 1624 3202 locus
1687 3140 1759 3194 ab
1815 3139 2086 3209 episcopis

505 3220 790 3291 utriusque
830 3225 1002 3294 partis
1044 3227 1404 3293 inveniretur,
1431 3228 1486 3282 in
1519 3244 1629 3299 quo
1651 3238 1776 3284 ante
1805 3230 1953 3300 ipsos
1979 3229 2085 3285 Le-

503 3317 658 3382 gatos
699 3314 941 3370 rationes
973 3331 1104 3373 suas
1143 3333 1373 3388 quasque
1411 3335 1540 3390 pars
1563 3336 1756 3375 secure
1784 3321 1963 3376 valeat
1992 3322 2088 3377 de-

506 3411 834 3460 monstrare.
873 3405 1033 3473 Quod
1056 3409 1282 3465 verbum
1315 3410 1442 3467 licet
1460 3410 1679 3468 Nuntiis
1699 3413 1834 3483 ipsis
1863 3415 2087 3483 placue-

507 3494 597 3560 rit,
639 3495 966 3567 impediente
1023 3509 1205 3558 tamen
1272 3503 1499 3560 humani
1574 3506 1786 3576 generis
1842 3506 2083 3572 inimico,

504 3586 871 3646 disturbatum
904 3590 1033 3660 fuit;
1057 3603 1110 3650 et
1145 3597 1341 3651 iterum
1366 3598 1607 3666 peccatis
1631 3598 1975 3668 exigentibus
1994 3600 2084 3653 in-

505 3686 589 3733 ter
635 3683 854 3738 eosdem
897 3683 1071 3756 Reges
1122 3687 1461 3743 borribiliter
1517 3697 1602 3746 est
1637 3699 1957 3761 pugnatum,
1993 3691 2085 3745 ubi

507 3772 745 3830 maxima
794 3777 1036 3835 virorum
1091 3778 1316 3835 fortium
1368 3781 1659 3837 multitudo
1707 3782 1919 3837 cecidit.
1955 3780 2087 3848 Quae

506 3879 673 3919 causa
701 3867 830 3922 dum
874 3870 1092 3925 devenit
1129 3871 1198 3926 ad
1228 3887 1390 3929 aures
1416 3873 1616 3929 summi
1649 3872 1951 3942 Pontiﬁcis,
1985 3889 2085 3945 pro

507 3968 657 4015 tanta
704 3961 978 4018 occisione
1023 3963 1375 4020 vehementer
1427 3965 1723 4036 ingemuit:
1758 3967 1853 4021 sed
1906 3982 1938 4022 a
1994 3967 2086 4039 pio

506 4051 653 4122 quod
690 4061 838 4109 tanta
869 4064 1112 4124 cmperat
1157 4070 1323 4125 Opere
1357 4056 1550 4112 nolens
1583 4055 1864 4126 desistere,
1903 4058 2084 4132 Syno-

507 4142 637 4197 dum
675 4143 729 4198 in
768 4146 1015 4214 proxima
1037 4144 1469 4220 Quadragesima
1494 4149 1689 4205 iterum
1719 4152 2040 4208 convocavit
2068 4172 2079 4207 :

506 4236 562 4291 in
593 4252 699 4306 qua
726 4239 1011 4309 utriusque
1045 4241 1217 4309 partis
1235 4239 1423 4295 Nuntii
1442 4243 1740 4310 venientes,
1761 4243 2084 4313 juraverunt

506 4343 601 4383 ore
631 4329 853 4399 proprio
897 4332 1042 4401 quod
1075 4340 1338 4387 statutum
1365 4334 1435 4388 ah
1459 4333 1774 4403 Apostoliea
1809 4334 1948 4391 Sede
1970 4338 2083 4391 col-

2185 479 2292 526 tem
2333 470 2513 528 Patris
2557 473 2644 527 sui
2692 470 2973 530 Pontiﬁcis
3027 474 3380 530 ostenderunt
3422 494 3434 531 :
3467 475 3563 531 sed
3614 476 3763 546 apud

2186 563 2365 632 ipsum
2388 562 2598 619 elllcere
2623 564 2935 619 nullatenus
2958 572 3274 636 potuerunt,
3305 565 3534 636 quodin
3570 565 3766 637 Regno

2186 668 2289 709 suo
2328 663 2604 724 pateretur
2650 654 2929 727 Synodum
2973 656 3256 725 celebrari,
3281 657 3387 712 nisi
3411 656 3766 727 Rodulpbum

2187 744 2387 817 Regem
2412 747 2622 816 absque
2661 748 2941 815 citatione,
2974 763 3087 804 non
3140 747 3455 804 confessum
3494 748 3583 803 vel
3629 761 3768 804 con-

2185 837 2411 905 victum,
2475 839 3062 895 exeommunicationis
3131 839 3350 894 vinculo
3414 838 3763 894 innodarent.

2186 926 2342 995 Quod
2367 930 2496 1000 quia
2535 929 2723 1001 Legati
2767 930 2946 987 facere
2988 947 3096 986 non
3131 938 3613 1002 praesumpserunt,
3665 928 3769 983 do-

2186 1019 2362 1076 lentes
2387 1022 2534 1091 quod
2569 1023 2776 1093 absque
2798 1022 2977 1079 fructu
2998 1039 3189 1079 eorum
3229 1022 3476 1094 fatigatio
3508 1035 3767 1076 remane-

2186 1111 2299 1179 bat,
2324 1111 2527 1168 infecto
2565 1115 2783 1184 negotio
2819 1123 3134 1170 remearunt
3172 1115 3242 1169 ad
3287 1114 3477 1169 urbem
3504 1111 3763 1167 Romam.

2187 1201 2387 1258 lterum
2409 1212 2592 1259 autem
2626 1204 2767 1260 inter
2795 1206 3016 1261 eosdem
3032 1205 3204 1277 Reges
3231 1205 3431 1261 acriter
3451 1213 3536 1260 est
3555 1216 3771 1275 pugna-

2191 1301 2325 1363 tum,
2368 1304 2423 1375 et
2465 1297 2637 1351 multa
2686 1296 2855 1351 millia
2891 1297 3197 1364 hominum,
3230 1297 3468 1352 maxime.
3494 1295 3770 1350 Bohemo-

2188 1400 2333 1454 rum,
2356 1400 2497 1442 caesa
2539 1395 2687 1443 sunt.
2729 1386 2940 1443 Interea
2978 1387 3303 1444 venerabilis
3336 1385 3627 1453 Pontifex,
3675 1398 3767 1440 re-

2189 1479 2360 1549 ceptis
2400 1477 2618 1535 Nuntiis
2654 1479 2877 1536 Roberti
2924 1478 3228 1549 Guiscardi,
3258 1479 3459 1552 egregii
3490 1478 3771 1535 Norman-

2190 1586 2387 1626 norum
2420 1569 2604 1636 Ducis,
2630 1587 2823 1627 versus
2858 1571 3112 1643 Apuliam
3146 1580 3273 1642 post
3312 1579 3535 1626 octavas
3567 1570 3769 1625 Pente-
3806 1636 3813 1639 ε

2189 1671 2371 1717 costes
2421 1663 2525 1717 iter
2564 1663 2816 1734 arripuit,
2847 1672 2902 1719 et
2946 1679 3073 1719 cum
3119 1663 3239 1733 ipso
3295 1662 3439 1733 apud
3487 1660 3769 1732 Aquinum

2188 1754 2523 1824 colloquium
2569 1754 2778 1809 habuit.
2811 1753 3067 1827 Congrua
3107 1755 3293 1826 itaque
3337 1755 3410 1809 ab
3448 1767 3515 1808 eo
3541 1751 3771 1808 satisfa-

2188 1846 2369 1902 ctione
2391 1855 2666 1916 suscepta,
2690 1847 2843 1917 prius
2870 1863 2901 1901 a
2935 1846 3154 1903 vinculo
3184 1843 3775 1901 excommunicationi:

2187 1953 2312 1992 eum
2334 1938 2588 2005 absolvit,
2622 1948 2677 1994 et
2695 1947 3096 2010 consequenter
3123 1938 3436 1993 ﬁdelitatem
3469 1942 3526 1990 et
3568 1936 3770 1990 homs-

2187 2030 2334 2100 gium
2358 2031 2479 2100 eius
2512 2030 2731 2102 recepit.
2755 2031 3108 2088 Postmodum
3141 2046 3273 2086 vero
3286 2031 3402 2101 jam
3425 2038 3770 2102 assumptum

2188 2121 2243 2175 in
2274 2122 2563 2191 specialem
2608 2121 2760 2178 Beati
2805 2122 2951 2178 Petri
2985 2121 3229 2189 Militem,
3256 2124 3324 2179 de
3356 2123 3526 2179 totius
3557 2122 3774 2194 Apulia

2185 2221 2241 2269 et
2260 2212 2529 2270 Calabria:
2546 2213 2778 2282 Ducatu,
2804 2230 2902 2286 per
2931 2215 3192 2271 vexillum
3220 2214 3378 2273 Sedis
3410 2215 3767 2287 Apostolice,

2189 2305 2482 2361 investivit.

2800 2416 3031 2475 CAPUT
3059 2418 3146 2474 Ill.

2189 2508 2430 2565 Guiberti
2450 2511 2730 2583 Antipapa:
2752 2514 3011 2582 promotio
3041 2528 3058 2565 :
3089 2511 3310 2566 Henrici
3336 2511 3462 2582 fuga
3485 2514 3551 2564 ab
3584 2508 3726 2566 Urbe
3748 2525 3769 2562 :

2750 2599 2889 2636 mors
2922 2583 3180 2654 Gregorii.

2260 2674 2284 2727 l
2297 2674 2317 2727 l
2333 2715 2344 2728 .
2362 2673 2564 2728 Eodem
2577 2690 2795 2745 quoque
2812 2683 3055 2745 tempore
3064 2673 3181 2730 Rex
3196 2672 3486 2740 Henricus,
3497 2673 3555 2728 in
3564 2686 3772 2743 magna

2187 2766 2440 2836 superbia
2467 2766 2743 2834 elevatus,
2783 2768 3116 2824 antedictum
3152 2766 3464 2823 Leimarum
3500 2764 3770 2821 Bremen-

2188 2873 2303 2913 sem
2315 2868 2370 2914 et
2388 2857 2761 2916 Hermannum
2778 2857 3230 2932 Bambergensem
3241 2859 3576 2925 Antistitem,
3590 2857 3770 2913 cervi-

2187 2969 2348 3010 cosos
2367 2954 2535 3021 viros,
2549 2953 2843 3008 destinavit
2868 2954 2936 3009 ad
2957 2953 3145 3008 urbem
3175 2952 3478 3008 Romanam
3507 2965 3606 3022 per
3627 2965 3772 3021 quos

2187 3047 2353 3103 nimis
2372 3054 2621 3118 proterve
2643 3046 2920 3101 mandavit
2937 3045 3096 3117 Papa:
3114 3044 3395 3116 Gregorio,
3414 3060 3480 3100 ac
3505 3044 3553 3099 si
3573 3052 3767 3114 potes-

2187 3148 2355 3195 tatem
2383 3152 2548 3210 super
2569 3154 2694 3195 eum
2716 3139 2961 3206 haberet,
2983 3146 3256 3209 quatenus
3281 3136 3634 3206 Rodulphum
3658 3136 3770 3193 sibi

2189 3233 2566 3288 adversantem
2596 3231 3072 3288 excommunicare
3096 3231 3410 3287 nullatenus
3431 3228 3728 3300 protelaret
3752 3247 3767 3285 :

2188 3325 2334 3394 quod
2363 3324 2409 3379 si
2446 3338 2556 3378 non
2579 3322 2801 3391 faceret,
2832 3322 2949 3394 ipse
2971 3322 3176 3393 Papam
3205 3321 3352 3393 (I57)
3382 3322 3486 3376 sibi
3518 3322 3772 3391 aequin-

2189 3424 2291 3482 ret,
2319 3416 2414 3486 qui
2442 3415 2813 3471 ecclesiastica
2835 3429 3067 3470 censura
3095 3413 3180 3469 sui
3214 3413 3391 3468 hostis
3412 3412 3769 3467 insolentiam

2187 3514 2482 3563 coerceret.
2528 3506 2864 3562 Venerabilis
2910 3521 3071 3577 papa,
3114 3507 3207 3576 qui
3239 3520 3340 3576 pro
3382 3505 3599 3575 justitia
3641 3518 3773 3560 san-

2188 3601 2405 3671 guinem
2429 3600 2709 3670 proprium
2740 3597 2967 3655 fundere
2987 3606 3213 3669 paratus
3236 3605 3372 3664 erat,
3405 3612 3516 3652 non
3537 3596 3605 3651 ad
3635 3609 3771 3666 pro-

2186 3692 2476 3747 cacitatem
2515 3691 2662 3763 (l58)
2694 3692 2990 3747 verborum
3044 3690 3267 3760 superbi
3317 3688 3502 3761 Regis,
3554 3690 3650 3745 sed
3700 3687 3772 3744 ad

2187 3784 2446 3839 mandata
2468 3782 2678 3838 Iudicis
2698 3784 2888 3840 aeterni
2918 3783 3239 3853 respiciens,
3279 3796 3423 3851 sepe
3454 3780 3634 3838 fatum.
3659 3780 3772 3839 Ro-

2186 3876 2470 3947 dulphum,
2498 3876 2769 3932 rationem
2806 3876 3016 3947 justam
3056 3874 3501 3946 praetendente-in,
3542 3876 3776 3931 anathe-

2185 3970 2469 4037 malisan,
2523 3968 2666 4025 sicut
2708 3985 2819 4024 non
2864 3968 3070 4034 debuit,
3122 3967 3348 4021 minime
3422 3966 3617 4033 volvit,
3676 3967 3774 4023 sed

2185 4062 2435 4117 eumdem
2465 4060 2666 4133 Regem
2696 4059 3011 4132 frequenter
3043 4058 3461 4125 commonitum,
3500 4067 3558 4113 et
3591 4073 3624 4113 a
3654 4060 3775 4115 suis

2183 4154 2497 4210 excessibus
2515 4169 2623 4209 non
2648 4153 3079 4224 resipiseentem,
3101 4150 3361 4222 quoniam
3386 4150 3592 4220 legatos
3613 4149 3775 4206 Sedis

2182 4245 2513 4315 Apostolica‘.
2566 4244 2873 4300 Concilium
2913 4244 2972 4298 in
3020 4250 3168 4298 terra
3216 4241 3613 4313 dominationis
3657 4257 3776 4297 suae

2182 4350 2531 4408 nequaquam
2568 4337 2842 4392 celebrare
2887 4335 3164 4406 permisit,
3218 4342 3503 4404 tamquam
3571 4334 3771 4390 inobe-

505 4418 751 4488 loquium
784 4436 882 4491 per
906 4422 1119 4491 culpam
1154 4424 1397 4494 ipsorum
1432 4423 1640 4496 Regum
1670 4427 1982 4493 nullatenus
2006 4438 2089 4485 est
2118 4438 2164 4493 1)
2186 4428 2425 4483 dientem
2467 4435 2521 4484 et
2545 4430 2797 4485 rebellem
2824 4430 3018 4483 iterato
3054 4426 3610 4483 excommunicationi
3632 4427 3774 4482 sub-

504 4508 890 4566 disturhatum.
940 4513 1192 4584 Ideoque,
1216 4516 1513 4572 deliberate
1533 4515 1799 4586 Consilio,
1836 4516 2087 4577 Pontifex

506 4600 575 4655 ad
630 4610 813 4670 partes
865 4604 986 4661 illas
1030 4608 1368 4665 venerabiles
1436 4610 1584 4667 viros
1641 4611 1861 4667 Petrum
1919 4613 2087 4669 Alba—

507 4706 640 4747 num
666 4694 837 4767 (154),
879 4705 1041 4768 atque
1068 4696 1379 4755 Odalricnm
1406 4702 1555 4774 (155)
1601 4703 1923 4760 Paduanum
1974 4706 2091 4775 epi-

506 4799 726 4856 scopos,
753 4794 808 4841 et
829 4787 1207 4862 Aquilegicum
1236 4790 1613 4848 Patriarcliam
1658 4795 1829 4867 (156),
1861 4812 1961 4867 pro
1997 4812 2086 4851 se-

507 4878 690 4934 dando
722 4886 883 4935 tanta:
909 4881 1195 4938 discordia:
1221 4884 1387 4951 malo,
1421 4887 1792 4943 transmittere
1832 4886 2042 4944 studuit
2071 4905 2083 4940 :

504 4971 709 5042 quibus
729 4971 787 5027 in
809 4973 1079 5029 mandatis
1103 4974 1268 5042 dedit,
1311 4984 1372 5031 ut
1398 4978 1619 5033 eosdem
1660 4979 1835 5051 Reges
1858 4997 1887 5035 a
1912 4981 2085 5035 bello-

509 5078 627 5118 rum
653 5066 1043 5135 congressibus
1070 5067 1439 5135 prohiberent,
1463 5079 1517 5125 et
1543 5081 1841 5128 convocata
1867 5070 2086 5143 Synodo

507 5155 808 5227 Episcopos
827 5165 883 5213 et
901 5158 1189 5229 religiosos
1235 5159 1382 5217 viros
1425 5162 1491 5217 ad
1538 5180 1697 5219 suam
1738 5165 2085 5234 przesentiam

498 5250 758 5320 iuberem
776 5250 1052 5308 accedere-
1078 5247 1183 5315 Qui
1215 5262 1438 5321 accepto
1469 5255 1728 5310 mandato
1749 5256 2087 5313 transierunt

579 5361 725 5386 1119Ιῖ
765 5359 863 5386 11:-
891 5368 969 5386 -..ι
1000 5359 1035 5386 ο
1093 5357 1278 5386 η-.-..-
1316 5358 1499 5386 1-..-..-
1552 5379 1607 5386 -..
1648 5362 1843 5386 (Luna---
1887 5363 2019 5386 11-“!

2184 4520 2333 4589 jecit,
2356 4520 2557 4590 quibus
2588 4521 2662 4576 ita
2696 4520 2952 4590 peractis,
3007 4517 3195 4589 Legati
3223 4532 3349 4572 cum
3397 4516 3774 4587 indignatione

2188 4612 2259 4668 ad
2289 4611 2451 4684 Regis
2492 4613 2836 4682 praesentiam
2866 4611 3165 4676 redierunt,
3204 4608 3377 4679 ipsius
3411 4608 3661 4662 animum
3701 4609 3772 4663 ad

2187 4703 2477 4771 deteriora,
2501 4704 2642 4759 sicut
2660 4703 2764 4757 viri
2784 4702 2896 4757 Deo
2919 4700 3165 4765 odibiles,
3202 4699 3494 4754 instantius
3522 4713 3773 4754 commo—

2187 4804 2396 4852 ventes.
2436 4794 2550 4850 Rex
2594 4809 2725 4850 vero
2761 4793 2854 4848 ubi
2898 4808 2958 4848 se
2997 4792 3253 4863 cognovit
3295 4806 3392 4860 per
3438 4790 3771 4845 sententiam

2189 4885 2421 4942 Romani
2445 4885 2727 4941 Pontiﬁcis
2760 4901 2791 4939 a
2812 4883 3094 4940 consortio
3123 4882 3359 4937 ﬁdelium
3397 4887 3767 4952 segregatum,

2188 4977 2361 5034 tristis
2386 4977 2611 5034 effectus
2644 4984 2729 5032 est
2757 4994 2770 5030 :
2797 4976 2892 5032 sed
2933 4989 3058 5030 cum
3089 4990 3118 5028 a
3144 4973 3375 5028 diversis
3407 4972 3628 5028 diversa
3668 4971 3769 5028 da-

2185 5077 2375 5124 rentur
2420 5070 2524 5125 sibi
2574 5066 2824 5133 consilia,
2868 5067 2923 5120 in
2962 5064 3258 5120 anxietatis
3313 5063 3480 5118 dubio
3530 5062 3652 5132 posi
3677 5077 3764 5129 us,

2183 5161 2317 5230 quid
2346 5161 2529 5229 potius
2575 5160 2796 5229 eligeret
2838 5156 3145 5227 ignorabat.
3189 5154 3431 5209 Tandem
3472 5167 3763 5223 perversou

2183 5267 2309 5307 rum
2353 5249 2670 5307 Antistitum
2704 5255 2760 5304 et
2799 5247 3091 5317 impiorum
3130 5245 3446 5315 Principum
3495 5251 3764 5301 sententia

2225 5361 2367 5386 naut.“
2418 5358 2672 5386 n-....:--.-
2725 5367 2945 5386 ...ιη-...ι
2989 5356 3374 5386 ..ηεηηλοιπςιςιω-
3410 5352 3765 5386 οηᾘῖοινισιθῖηή
