3986 5386
200 375 298 430 ηδ

1198 375 1735 432 PROLEGOMENA.
1765 407 1832 415 —
1863 376 2045 432 ACTA
2080 377 2136 432 S.
2163 377 2507 435 GREGORII.

3377 386 3475 444 ηδ

195 487 549 557 praevalente,
585 489 728 559 apud
759 488 992 544 Brixia-In
1023 490 1331 558 generalem
1349 488 1573 544 Curiam
1594 490 1784 559 dispo-
1816 495 1858 550 Α
1886 491 2005 558 eritis
2065 507 2189 545 cum
2265 494 2507 547 exercitu
2582 493 2810 550 illustris
2864 495 3170 552 Comitissze
3242 496 3478 554 Matildis

195 580 300 634 suit
345 581 658 636 celebrare.
702 582 1090 636 Gonvenerunt
1153 583 1336 650 itaque
1395 582 1450 635 in
1501 583 1624 637 loco
1670 583 1793 652 ipso

195 671 412 740 plurimi
435 672 695 727 seditiosi
721 682 775 727 et
807 673 1041 727 infames
1074 671 1351 742 Episcopi,
1389 689 1513 728 cum
1543 673 1791 728 multitu-

192 764 312 816 dine
337 762 696 817 Clericorum
731 772 786 818 et
822 763 1160 833 Principum,
1197 772 1470 831 quatenus
1516 765 1570 818 in
1616 765 1792 834 jactu-

193 870 304 908 ram
358 853 586 909 Domini
630 854 878 926 Gregorii
927 855 1088 925 Papae
1139 864 1367 924 possent
1399 856 1604 926 aliquid
1659 858 1789 912 mali

191 945 448 1000 ordinare
471 947 562 1000 vel
600 954 862 1012 statuere,
889 955 950 1000 ut
982 948 1125 1002 inter
1145 945 1450 1001 Romanam
1488 947 1787 1004 Ecclesiam

188 1045 240 1089 et
261 1034 564 1106 Imperium
592 1038 867 1093 discordia
896 1039 1097 1094 futuris
1123 1039 1458 1107 temporibus
1484 1039 1783 1096 fulciretur.

189 1127 618 1184 Commimicato
661 1131 844 1200 itaque
881 1131 1174 1185 execrabili
1208 1139 1263 1185 et
1304 1130 1622 1186 detestando
1650 1148 1786 1188 cou—

189 1218 328 1284 siio,
366 1220 438 1273 de
460 1235 742 1276 consensu
776 1222 952 1291 ipsius
977 1220 1161 1292 Regis,
1188 1222 1471 1291 elegerunt
1498 1224 1550 1276 in
1582 1223 1787 1278 Roma-

190 1327 316 1366 num
356 1311 713 1378 Pontiﬁeem,
740 1314 910 1368 immo
954 1313 1303 1383 Antipapam,
1334 1313 1656 1370 Guihertum
1681 1315 1787 1371 Ra-

189 1413 607 1470 vennatensem,
677 1405 857 1459 virum
917 1404 1208 1460 manifeste
1271 1405 1575 1474 periurum,
1623 1415 1787 1476 atque

190 1496 336 1550 omni
363 1496 575 1550 alitia
598 1505 655 1551 et
691 1497 984 1552 dolositate
1009 1497 1249 1566 plenum.
1284 1495 1349 1548 Et
1369 1498 1634 1566 quoniam
1673 1499 1786 1568 ple-

191 1603 419 1656 rumque
449 1588 708 1658 contigit,
749 1597 810 1642 ut
833 1597 1115 1658 peccatum
1150 1588 1220 1642 sit
1261 1603 1420 1657 paena
1464 1590 1689 1659 peccati,
1719 1591 1787 1644 de

191 1681 459 1749 superbire
484 1681 679 1736 radice
705 1681 974 1751 processit
1013 1681 1082 1735 ad
1110 1680 1434 1749 perjurium,
1456 1681 1524 1736 de
1546 1682 1786 1751 perjurio

189 1772 252 1826 ad
273 1773 737 1840 inobedientiam,
756 1775 821 1829 de
852 1772 1222 1828 inobedientia
1244 1772 1311 1826 ad
1339 1773 1786 1829 excommunica-

1891 583 2155 651 pugnavit
2183 602 2194 636 :
2223 593 2277 637 et
2301 586 2451 655 quia,
2479 585 2622 640 sicut
2645 585 2763 640 fieri
2797 587 2953 654 solet,
2983 590 3168 644 varius
3197 599 3280 644 est
3307 606 3478 646 even-

1891 682 1980 728 tus
2014 675 2160 739 belli,
2194 676 2477 732 victoriam
2519 678 2726 734 habuit.
2767 677 2861 734 IIis
2925 679 3088 749 igitur
3131 683 3478 738 successibus

1890 774 2220 833 provocatus
2281 767 2573 837 derepente
2636 769 2861 824 intravit
2928 770 3170 837 Italiam,
3240 782 3294 828 et
3352 782 3479 844 post

1891 855 2097 912 Pascha
2131 873 2258 912 cum
2305 859 2451 914 idolo
2498 862 2644 929 quod
2676 872 2925 917 erexerat
2965 862 3194 918 Romam
3226 865 3474 929 veniens,

1889 950 2034 1002 circa
2066 948 2424 1005 Pentecosteu
2462 960 2884 1008 castrametatus
2935 963 3020 1009 est
3068 956 3123 1009 in
3180 965 3335 1026 prato
3370 955 3478 1010 Ne-

1890 1041 2060 1093 ronis.
2097 1038 2201 1095 Sed
2235 1043 2359 1111 quis
2395 1051 2671 1098 tantorum
2705 1046 3049 1114 prudentium
3096 1046 3337 1100 virorum
3375 1048 3474 1100 ad-

1889 1131 2077 1185 mirari
2113 1147 2222 1186 non
2259 1143 2475 1202 poterat
2521 1134 2680 1207 Regis
2702 1145 2756 1190 et
2802 1136 3046 1191 Guibcrti
3094 1138 3474 1193 haeresiarchas:

1888 1232 2130 1290 apertam
2211 1225 2504 1290 insaniam,
2585 1236 2640 1281 et
2725 1228 3092 1297 impudentem
3153 1230 3476 1284 stultitiam?

1887 1312 2148 1378 Quamvis
2176 1317 2324 1371 enim
2351 1320 2551 1374 mentis
2580 1319 2770 1374 oculos
2801 1319 3155 1388 perdiderint,
3180 1321 3357 1376 visum
3384 1329 3472 1376 ta-

1889 1420 2012 1460 men
2041 1408 2288 1476 corporis
2326 1424 2435 1463 non
2477 1411 2795 1466 amiserant.
2842 1408 2928 1464 An
2974 1425 3085 1466 non
3121 1412 3374 1467 videbant
3409 1414 3473 1466 il-

1888 1495 1994 1551 lam
2029 1498 2281 1565 bestiam,
2307 1517 2429 1570 quae
2459 1503 2528 1556 ab
2570 1503 2653 1557 eis
2695 1503 3017 1568 ducebatur,
3049 1518 3212 1571 quam
3249 1505 3474 1558 honori—

1889 1590 1986 1642 Iice
2044 1605 2074 1644 a
2126 1590 2388 1647 Romanis
2457 1594 2858 1664 suscipiebatur
2931 1603 2986 1648 et
3071 1597 3475 1650 venerabatur?

1885 1678 2096 1751 Quippe
2125 1698 2224 1752 pro
2247 1685 2500 1740 laudibus
2533 1685 2863 1740 exhibebant
2888 1685 3169 1750 convicia;
3200 1701 3302 1756 pro
3333 1703 3470 1742 can-

1887 1772 2010 1827 ticis
2067 1774 2304 1830 ululatus
2332 1817 2345 1839 ,
2396 1792 2494 1846 pro
2532 1777 2706 1832 cereis
2764 1778 3025 1842 lanceas,
3081 1793 3179 1847 pro
3238 1780 3473 1834 ctetibus

190 1864 387 1918 tionem
413 1865 636 1931 cecidit,
665 1874 720 1921 et
751 1866 818 1921 de
856 1864 1426 1921 excommunicatione
1446 1866 1692 1934 pervenit
1712 1866 1782 1920 ad
1816 1850 1857 1904 Β
1882 1862 2217 1920 Clericorum
2262 1878 2524 1923 armatos.
2578 1866 2648 1923 Ut
2686 1876 2870 1924 autem
2918 1869 2971 1922 in
3004 1869 3195 1938 paucis
3232 1871 3470 1939 plurima

192 1954 586 2011 idololatriam.
619 1953 776 2012 Hunc
799 1957 986 2022 talem,
1014 1957 1156 2011 sicut
1175 1956 1437 2022 diximus,
1463 1955 1575 2011 Rex
1589 1956 1786 2011 Henri-

190 2063 280 2103 cus
301 2049 564 2103 adoravit
583 2065 794 2119 pronus
825 2050 878 2104 in
902 2058 1136 2113 terram;
1166 2049 1261 2118 qui
1300 2048 1488 2115 etiam,
1520 2050 1786 2104 suadente

196 2137 459 2212 Dionysio
529 2140 856 2197 Placentino
900 2139 1202 2210 Episcopo,
1245 2140 1466 2210 jurasse
1520 2142 1786 2197 asseritur

190 2241 246 2286 ut
289 2233 363 2288 ab
395 2248 466 2286 eo
516 2232 740 2303 Imperii
777 2247 1039 2287 coronam
1085 2233 1374 2301 acciperet.
1414 2231 1556 2298 Quid
1595 2233 1785 2302 plura?

191 2323 262 2378 Ita
302 2326 551 2394 peccatis
577 2325 944 2396 exigentibus,
979 2338 1172 2379 omnes
1214 2323 1310 2393 qui
1358 2333 1656 2392 praesentes
1688 2327 1786 2382 ad-

195 2425 348 2471 erant
379 2426 572 2473 mente
609 2418 868 2472 excaecati
893 2425 1041 2482 sunt,
1079 2424 1275 2471 nonut
1319 2417 1654 2486 respicerent
1673 2435 1783 2474 cae-

194 2509 320 2574 lum,
357 2511 456 2565 sed
503 2510 572 2564 ad
614 2510 735 2579 ejus
792 2509 1020 2580 vestigia
1085 2508 1408 2574 osculanda,
1457 2509 1595 2562 heu!
1644 2511 1784 2579 proh

194 2601 371 2656 dolor!
403 2618 466 2657 se
496 2603 705 2671 pariter
748 2602 1126 2655 incurvarunt.
1173 2599 1238 2654 Et
1269 2600 1355 2655 his
1401 2601 1472 2654 ita
1523 2602 1781 2670 peractis,

196 2691 302 2747 Rex
333 2695 390 2748 in
417 2705 666 2762 apertam
691 2695 946 2749 haeresim
966 2693 1175 2762 lapsus,
1200 2693 1267 2747 ad
1299 2693 1518 2762 propria
1547 2693 1600 2746 in
1617 2690 1782 2747 Octa-

197 2786 271 2840 vis
295 2786 687 2855 Apostolorum
723 2801 1006 2856 regressus
1035 2793 1150 2849 est;
1183 2784 1478 2839 Guibertus
1515 2800 1646 2838 vero
1672 2785 1786 2838 bae-

199 2877 495 2940 resiarcha,
521 2877 816 2947 insignitus
838 2876 1129 2946 Papalibus
1159 2876 1434 2945 insigniis,
1468 2892 1592 2931 cum
1631 2892 1784 2930 com-

199 2967 423 3037 plicibus
449 2970 568 3024 suis
590 2984 855 3039 pompose
877 2969 1098 3024 intravit
1123 2967 1352 3024 Italiam.

263 3061 345 3114 l2.
380 3060 584 3116 Eodem
607 3047 855 3131 tempore
875 3061 1017 3115 idem
1044 3059 1178 3125 Rex,
1205 3060 1260 3114 in
1278 3060 1517 3114 maxima
1538 3060 1778 3129 potentia

201 3161 249 3204 et
271 3167 439 3207 manu
471 3152 722 3217 robusta,
756 3152 1158 3207 commissurus
1201 3152 1448 3221 pralium
1481 3166 1606 3206 cum
1636 3150 1782 3222 Rege
1812 3217 1846 3230 η

203 3243 500 3314 Rodulpbo,
533 3245 935 3300 contumaciter
975 3243 1201 3298 intravit
1239 3241 1566 3309 Saxoniam;
1595 3243 1683 3297 cui
1711 3257 1777 3296 ex

201 3337 420 3392 adverso
471 3336 797 3406 Rodulphus
835 3344 1082 3406 potenter
1136 3335 1406 3400 occurrit;
1453 3343 1508 3388 et
1549 3335 1780 3389 atrocis-

205 3429 330 3484 sime
358 3430 492 3486 hinc
527 3429 654 3484 inde
705 3427 855 3484 facto
912 3443 1244 3500 congressu,
1287 3424 1555 3482 Henricus
1593 3434 1781 3482 contu-

206 3522 414 3577 meliose
445 3531 599 3592 terga
631 3522 822 3587 vertit;
847 3529 1012 3590 atque
1051 3521 1107 3575 in
1142 3520 1363 3591 longum
1394 3518 1690 3574 accerrime
1709 3517 1781 3573 ab

207 3611 441 3668 hostibus
465 3622 812 3684 persecutus,
852 3613 968 3681 jam
994 3613 1062 3666 de
1098 3610 1212 3666 vita
1253 3610 1523 3676 diiIidens,
1557 3611 1612 3664 in
1647 3625 1782 3680 quo-

205 3703 315 3757 dam
338 3719 399 3758 se
430 3711 616 3758 castro
660 3703 884 3772 recepit,
921 3702 1014 3756 ubi
1053 3717 1150 3771 per
1184 3709 1390 3770 septem
1417 3701 1630 3756 dierum
1654 3715 1780 3771 spa-

206 3795 326 3848 tium
356 3796 609 3850 latitavit.
644 3795 967 3865 Rodulpbus
997 3802 1203 3858 autem,
1242 3793 1385 3848 sicut
1424 3792 1509 3846 vir
1540 3792 1778 3847 fortissi-

208 3901 316 3941 mus
343 3897 400 3941 et
447 3887 718 3949 famosus,
755 3894 811 3942 et
835 3887 888 3940 in
919 3899 1202 3939 armorum
1235 3883 1623 3939 exercitatione
1648 3898 1778 3954 pro—

208 3978 371 4044 hatus,
406 3994 757 4049 nequaquam
805 3977 964 4048 fugit,
993 3977 1090 4032 sed
1120 3976 1297 4030 victor
1329 3983 1384 4029 et
1417 3975 1781 4045 triumphator

206 4071 466 4137 occubuit,
498 4073 629 4141 quia
665 4086 794 4125 eum
849 4069 936 4126 sui
972 4083 1082 4124 non
1133 4075 1526 4139 cognoscentes
1581 4068 1778 4123 exitia-

207 4161 316 4215 liter
335 4164 755 4217 vulneraveram
782 4163 953 4232 (I59).
983 4161 1122 4216 Cum
1147 4169 1328 4214 autem
1353 4160 1558 4214 diutius
1593 4160 1777 4228 requi-

207 4261 401 4308 reretur
431 4271 461 4309 a
492 4256 661 4310 sociis
695 4255 834 4319 suis,
879 4254 1099 4308 tandem
1154 4267 1320 4321 super
1344 4261 1580 4321 stragem
1602 4260 1657 4304 et
1681 4266 1777 4305 ca-

209 4344 385 4400 davera
431 4347 805 4411 inimicorum,
840 4360 952 4399 non
982 4345 1099 4400 sine
1125 4345 1344 4414 planctu
1393 4343 1653 4408 maximo,
1688 4359 1775 4396 re-

211 4446 376 4505 pertus
397 4447 499 4506 est,
527 4439 685 4510 cujus
722 4451 878 4492 mors
913 4446 1204 4506 postquam
1242 4433 1496 4499 Henrico,
1541 4435 1774 4488 Iatitanti

206 4538 252 4583 et
278 4529 339 4584 de
389 4530 514 4602 fuga
544 4529 812 4602 cogitanti
857 4528 1110 4582 nuntiata
1151 4526 1280 4592 fuit,
1337 4541 1466 4580 mox
1500 4526 1555 4579 in
1605 4526 1774 4579 altum

207 4634 355 4676 cornu
404 4639 562 4677 suum
594 4623 793 4688 erexit,
840 4627 898 4676 et
930 4620 1192 4674 adversus
1240 4617 1534 4672 Dominum
1566 4616 1773 4688 Grego-

208 4713 329 4768 rium
374 4714 576 4786 Papam
629 4713 1001 4770 contumelias
1069 4723 1125 4767 et
1170 4720 1408 4767 terrores
1474 4711 1776 4781 procaciter

208 4802 333 4875 loqui
370 4809 552 4878 coepit,
583 4808 820 4863 credens
862 4805 1208 4860 detestabilia
1235 4805 1379 4859 facta
1407 4820 1506 4860 sua
1535 4805 1589 4860 in
1623 4818 1774 4858 mor-

207 4905 298 4951 tem
326 4897 591 4970 Rudolphi
623 4899 864 4954 Domino
895 4897 1185 4966 placuisse.
1214 4896 1346 4951 Post
1378 4896 1469 4950 ubi
1498 4911 1626 4952 vero
1659 4896 1774 4950 bzec

208 4998 336 5054 gesta
383 5003 529 5059 sunt,
560 4993 798 5048 evolutis
828 4990 1022 5059 paucis
1057 4990 1270 5056 diebus,
1325 4986 1592 5047 Henricus
1627 4988 1774 5043 ﬁlius

273 5186 404 5259 (l59)
426 5185 626 5259 Longe
656 5187 822 5242 aliter
846 5183 942 5259 alii
971 5183 1036 5259 de
1059 5139 1234 5259 morte
1264 5183 1529 5259 Rodulphi
1559 5207 1571 5243 :
1608 5199 1770 5257 quem

216 5253 863 5296 ΩῇνΔηιίίΙίΐοι-ιῖρωαανρη
881 5253 1254 5296 (CMnfr-irlnm
1286 5253 1774 5296 Rllllimninm‘nrn—

1886 1958 2340 2029 perstringamus,
2379 1970 2502 2029 post
2522 1976 2779 2031 agrorum
2806 1963 3166 2016 vastationem
3195 1973 3251 2017 et
3270 1964 3471 2018 multas

1887 2048 2064 2104 caedes
2091 2065 2318 2105 suorum
2347 2052 2571 2117 civium,
2602 2060 2728 2122 post
2761 2053 2943 2107 varias
2969 2053 3151 2109 clades
3175 2063 3337 2124 atque
3366 2055 3471 2108 mi-

1887 2140 2078 2207 serias,
2113 2157 2253 2211 quas
2285 2143 2528 2214 perpessi
2577 2152 2708 2200 sunt
2751 2144 3002 2210 Romani,
3040 2147 3167 2214 quia
3225 2145 3469 2202 Pseudo-

1886 2245 2082 2300 papam
2118 2233 2361 2302 recipere
2395 2244 2868 2304 contempserunt;
2907 2235 3050 2302 Rex,
3089 2247 3351 2308 concepta
3375 2253 3472 2308 spe

1885 2338 1949 2377 ac
1970 2323 2240 2379 desiderio
2273 2342 2376 2380 suo
2403 2326 2706 2392 fraudatus,
2757 2335 2812 2380 et
2842 2327 2898 2381 in
2945 2343 3043 2383 sua
3091 2331 3470 2386 erubescentia

1885 2415 2172 2482 confusus,
2210 2417 2265 2471 in
2300 2418 2684 2474 Lomhardiam
2713 2433 2838 2473 cum
2871 2435 2973 2474 suo
3008 2421 3154 2475 idolo
3185 2423 3470 2488 remeavit,

1884 2515 1939 2562 et
1965 2505 2231 2563 Dominus
2266 2509 2562 2582 Gregorius
2591 2510 2737 2580 Papa
2773 2511 2828 2565 in
2866 2511 3177 2581 Apostolica
3212 2511 3348 2570 Sede
3380 2529 3470 2568 ie-

1885 2601 2087 2653 mansit
2108 2600 2431 2671 intrepidus.

1954 2691 2040 2746 i3.
2077 2691 2238 2748 Anno
2269 2710 2490 2764 quoque
2522 2697 2762 2751 secundo
2792 2713 2884 2766 per
2910 2695 3262 2767 Spoletanum
3289 2697 3470 2754 Duca-

1885 2790 1999 2836 tum
2028 2783 2098 2838 ad
2129 2783 2329 2840 Urbem
2358 2787 2556 2841 iterum
2593 2789 2751 2854 redit,
2787 2798 2840 2844 et
2875 2805 2970 2859 per
3013 2797 3184 2843 totum
3216 2788 3471 2856 Quadra-

1884 2874 2144 2943 gesimale
2173 2885 2387 2949 tempus
2409 2880 2585 2948 ipsam
2619 2879 2848 2935 Romam
2885 2896 3009 2935 cum
3047 2881 3217 2935 multa
3251 2881 3469 2936 hostili-

1885 2974 1994 3020 tate
2024 2967 2255 3023 obsedit.
2290 2971 2626 3025 Adveniente
2673 2986 2802 3026 vero
2829 2980 3074 3041 tempore
3105 2971 3380 3037 Paschali,
3408 2980 3470 3028 ut

1882 3059 2131 3112 aestivum
2155 3075 2351 3115 cauma
2378 3062 2594 3128 vitaret,
2623 3063 2883 3132 dispersit
2907 3078 3004 3132 per
3044 3063 3470 3132 circumpositas

1883 3150 2132 3206 civitates
2158 3154 2482 3219 exercitum,
2531 3163 2586 3208 et
2640 3154 2754 3224 ipse
2808 3155 2862 3208 in
2918 3154 3307 3210 Lombardiam
3339 3169 3469 3210 cum

1882 3243 2078 3312 paucis
2092 3247 2291 3300 reverti
2321 3246 2556 3310 studuit;
2591 3246 2910 3301 Guibcrtum
2946 3261 3074 3301 vero
3098 3247 3242 3316 apud
3272 3244 3463 3300 Tibur-

1884 3343 1995 3389 tum
2027 3337 2264 3405 dimisit,
2288 3347 2343 3393 et
2379 3339 2644 3394 exercitui
2703 3342 2804 3394 Suo
2861 3336 3120 3408 prazfecit,
3169 3338 3284 3407 qui,
3313 3347 3468 3409 post-

1881 3428 2060 3496 posito
2093 3429 2433 3496 Sacerdotio,
2472 3446 2567 3501 per
2604 3430 3008 3486 incumbentem
3035 3436 3280 3485 aestatem
3305 3445 3469 3500 agros

1880 3530 1933 3576 et
1963 3531 2174 3592 segetes
2213 3522 2589 3578 Romanorum
2617 3523 2872 3589 vastavit,
2921 3530 2975 3576 et
3007 3522 3111 3575 alia
3144 3522 3286 3576 mala
3329 3530 3468 3576 tam-

1881 3627 2045 3681 quam
2071 3613 2158 3667 vir
2191 3615 2520 3684 sanguinum
2546 3615 2752 3669 eisdem
2783 3612 3049 3667 Romanis
3082 3613 3353 3667 hostiliter
3378 3613 3468 3668 in—

1879 3705 2022 3758 tulit.
2053 3705 2143 3761 Sic
2176 3706 2337 3760 tertio
2368 3722 2586 3776 quoque
2611 3721 2757 3761 anno
2793 3705 2936 3760 idem
2961 3702 3076 3758 Rex
3100 3704 3166 3758 ad
3205 3704 3466 3759 obsiden-

1880 3796 2006 3850 dam
2074 3796 2304 3852 Romam
2377 3813 2628 3854 reversus
2690 3807 2775 3853 est
2833 3817 2844 3850 :
2901 3796 2996 3850 sed
3047 3795 3176 3864 quia
3227 3795 3466 3866 scipsum

1878 3889 2414 3944 excommunicatum
2447 3906 2477 3944 a
2515 3888 2862 3944 Cluniacensi
2895 3887 3102 3941 Abbate
3137 3886 3282 3958 (160)
3306 3894 3466 3957 atque

1879 3981 2003 4034 aliis
2046 3981 2317 4051 religiosis
2352 3981 2522 4036 Deum
2573 3981 2892 4036 timentibus
2939 3963 3046 4049 pro.
3089 3986 3237 4033 certo
3278 3978 3465 4033 haberi

1879 4073 2153 4142 cognovit,
2177 4080 2238 4126 ut
2267 4088 2460 4127 eorum
2485 4073 2890 4143 simplicitatem
2936 4069 3134 4125 melius
3161 4071 3451 4125 circumve-

1880 4164 1997 4218 nire
2024 4173 2229 4232 posset,
2259 4165 2326 4218 ad
2352 4165 2549 4219 callida
2579 4181 2637 4220 se
2667 4172 2989 4234 argumenta
3021 4163 3305 4217 convertit.
3336 4160 3470 4216 Post

1878 4255 2185 4324 captionem
2211 4256 2396 4325 itaque
2417 4254 2687 4310 Ostiensis
2710 4254 2968 4324 Episcopi
2989 4261 3043 4308 et
3063 4254 3292 4308 aliorum
3325 4253 3468 4305 mul-

1879 4356 2080 4411 torum,
2117 4362 2256 4416 quos
2300 4346 2557 4416 praecepit
2602 4345 2884 4402 absolutos
2915 4343 3145 4410 dimitti,
3171 4343 3466 4397 .universis

1879 4438 2108 4492 Romam
2130 4438 2350 4493 visitare
2393 4439 2703 4494 volentibus
2744 4437 2958 4492 firmam
2983 4435 3331 4491 securitatem
3366 4433 3466 4488 de-

1877 4531 1974 4593 dit,
2026 4545 2190 4599 quam
2240 4529 2554 4599 iuramento
2597 4530 2810 4601 publice
2864 4525 3236 4591 confirmavit;
3296 4533 3350 4580 et
3402 4533 3465 4578 ut

1878 4623 2194 4693 popularem
2246 4622 2489 4678 favorem
2521 4623 2746 4677 omnino
2789 4624 3215 4688 consequeretur
3247 4624 3303 4670 et
3336 4631 3464 4686 gra-

1877 4715 2029 4780 tiam,
2064 4716 2120 4770 in
2171 4715 2389 4785 publico
2413 4715 2551 4770 dixit
2622 4713 2766 4785 quod
2833 4727 2864 4766 a
2918 4709 3152 4764 Domino
3204 4707 3468 4778 Gregorio

1875 4804 2021 4876 Papa
2054 4807 2352 4878 imperialis
2385 4821 2604 4862 corona:
2638 4804 2959 4876 dignitatem
2995 4800 3157 4856 vellet
3198 4799 3462 4869 accipere.

1877 4897 2031 4965 Quod
2079 4909 2368 4970 postquam
2398 4899 2632 4969 populus
2669 4895 2951 4950 Romanus
3007 4909 3133 4950 cum
3187 4888 3465 4961 religiosis

1874 4990 2011 5047 viris
2041 4991 2271 5061 audivit,
2303 5006 2412 5046 non
2466 4988 2812 5045 mediocriter
2858 4987 3029 5042 laetati
3072 4992 3202 5042 sunt
3246 4995 3465 5044 omnes;

1876 5187 2078 5257 scripta
2104 5195 2234 5242 sunt
2265 5203 2294 5242 a
2347 5185 2516 5257 partis
2568 5181 2810 5239 melioris
2858 5179 3262 5242 defensoribus,
3325 5167 3470 5225 haud

1876 5255 2152 5296 altari-rom
2177 5258 2232 5296 in
2266 5255 2522 5296 nmnihne
2550 5263 2694 5296 nar-ta
2729 5260 2872 5296 sunt-
