3986 5386
492 352 595 406 127

485 557 665 624 ipsum
689 573 814 612 cum
851 574 1047 629 magna
1089 556 1351 611 instantia
1383 564 1771 621 exoraverunt,
1795 563 1856 609 ut
1878 555 2071 625 patriae

482 649 595 716 jam
625 647 740 703 fere
761 651 985 718 perdita:
1033 648 1410 712 miseraretur,
1441 655 1495 702 et
1524 655 1750 716 paterna
1780 646 2068 702 clementia

482 740 818 799 condolerct.
846 738 1099 795 Pontifex
1140 748 1344 806 autem,
1381 739 1476 808 qui
1511 754 1610 808 pro
1641 738 1855 807 iustitia
1897 745 1952 792 et
1975 753 2068 792 ec-

482 831 792 886 clesiastica
829 832 1078 886 libertate
1125 831 1348 896 tuenda,
1400 829 1447 885 si
1511 828 1854 884 rationabilis
1901 844 2068 885 causa

482 923 741 993 exigeret,
798 931 1031 977 mortem
1087 922 1273 978 subire
1334 921 1721 992 paratissimus
1777 921 2067 988 existebat,

481 1023 794 1068 constanter
823 1015 877 1068 in
901 1015 1048 1069 hunc
1069 1015 1289 1068 modum
1320 1013 1631 1084 respondit:
1659 1012 1772 1083 Ego
1796 1013 2070 1070 versutias

481 1114 534 1159 et
555 1106 879 1162 calliditates
916 1105 1080 1177 Regis
1113 1105 1430 1176 frequenter
1457 1113 1714 1174 expertus
1759 1119 1882 1159 sum
1911 1123 1924 1159 :
1949 1105 2066 1172 sed,

482 1197 528 1251 si
556 1198 672 1252 vult
717 1197 773 1252 in
819 1199 887 1254 iis
921 1198 979 1252 in
1011 1197 1211 1268 quibus
1247 1195 1534 1251 manifeste
1568 1196 1813 1265 peccavit
1856 1195 1968 1250 Deo
2015 1204 2100 1250 et'

482 1286 742 1344 Ecclesia;
794 1289 1134 1356 satisfacere,
1188 1289 1367 1358 ipsum
1402 1288 1633 1342 libenter
1667 1289 1972 1355 absolvam,
2015 1295 2072 1342 et

484 1377 828 1452 lmperialem
875 1380 980 1435 sibi
1012 1395 1271 1435 coronam
1311 1395 1438 1433 cum
1482 1379 1861 1435 benedictione
1894 1380 2072 1450 impo-

483 1485 641 1538 nam;
670 1473 918 1543 alioquin
951 1489 1052 1528 nec
1086 1473 1278 1539 debeo,
1324 1487 1426 1527 nec
1466 1487 1693 1542 possum
1722 1488 1822 1527 vos
1858 1471 1912 1526 in
1966 1472 2072 1528 bac

485 1573 642 1630 parte
669 1565 941 1620 ullatenus
980 1564 1259 1620 exaudire.

553 1655 813 1723 M.Quod
837 1657 1060 1712 verbum
1085 1672 1210 1712 cum
1234 1655 1348 1710 Rex
1374 1655 1718 1710 remordente
1736 1655 2070 1711 conscientia

483 1746 779 1818 denegaret
826 1747 1029 1816 facere,
1082 1758 1138 1804 et
1179 1748 1414 1819 populus
1443 1746 1694 1804 Pontiflci
1746 1763 1845 1819 per
1887 1747 2072 1817 plures

484 1840 602 1896 dies
627 1839 983 1895 vehementer
1029 1840 1290 1906 instaret,
1327 1847 1389 1894 ut
1431 1839 1640 1908 absque
1695 1837 2074 1895 satisfactione

487 1928 689 2000 Regem
736 1930 1061 2001 susciperet,
1111 1939 1170 1986 et
1220 1929 1472 1985 Pontifex
1523 1931 1591 1984 ad
1652 1945 1845 1985 eorum
1900 1946 2076 1986 caecas

485 2037 674 2091 preces
708 2023 936 2077 omnino
982 2031 1326 2092 permaneret
1367 2021 1696 2090 immobilis,
1723 2020 1840 2077 Rex
1881 2023 2073 2092 paula-

487 2113 585 2168 tim
635 2115 803 2184 cmpit
832 2114 1155 2185 popularem
1185 2112 1428 2169 favorem
1477 2114 1708 2183 pecunia
1761 2120 1818 2168 et
1868 2121 2078 2170 terrore

486 2205 590 2259 sibi
625 2206 929 2275 acquirere.
956 2204 1114 2271 Quod
1144 2213 1206 2259 ut
1235 2203 1484 2259 Pontifex
1536 2201 1826 2271 manifeste
1872 2219 2078 2274 cogno-

485 2295 584 2359 vit,
613 2295 680 2349 de
709 2296 1014 2352 constantia
1038 2295 1224 2366 populi
1248 2311 1475 2365 prorsus
1499 2293 1765 2360 difﬁdens,
1795 2296 1851 2350 in
1877 2294 2077 2351 Castro

487 2385 788 2454 Crescentii
815 2401 876 2442 se
919 2402 1047 2443 cum
1096 2385 1384 2442 Fratribus
1419 2385 1534 2442 suis
1565 2387 1789 2456 recepit.
1829 2385 1942 2440 Rex
1968 2387 2075 2443 ita-

488 2492 615 2547 que,
641 2477 908 2546 quoniam
965 2478 1230 2552 populum
1285 2476 1596 2532 Romanum
1634 2477 1702 2531 ad
1737 2478 2076 2534 voluntatem

490 2584 649 2623 suam
695 2569 1067 2623 indubitanter
1121 2575 1443 2635 attraxerat,
1481 2567 1801 2624 Guibertum
1847 2570 1903 2624 in
1940 2569 2078 2626 Sede

490 2661 813 2730 Apostolica
848 2660 1115 2716 violenter
1149 2661 1392 2716 intrusit.
1434 2659 1540 2715 Sed
1571 2675 1698 2715 cum
1730 2661 1796 2715 de
1829 2659 2076 2717 Romana

494 2753 740 2809 Ecclesia
785 2753 996 2810 nullum
1039 2753 1367 2824 Episcopum
1402 2754 1485 2807 vel
1511 2751 1858 2808 Cardinalem
1891 2762 2079 2823 posset

495 2845 718 2911 habere,
772 2861 804 2900 a
846 2843 1203 2913 Bononiensi,
1238 2854 1294 2900 et
1356 2843 1670 2911 Mutinensi,
1724 2853 1887 2915 atque
1939 2843 2076 2900 Cer-

491 2935 1354 3006 viensi(-l61)Pseudoepiscopis
1398 2934 1527 2990 fecit
1573 2951 1722 3004 eum,
1775 2937 2076 2992 secundum

492 3028 951 3092 consuetudinem
985 3027 1362 3084 Romanorum
1412 3025 1760 3095 Pontificum,
1795 3029 2078 3084 execrabi-

1693 349 1748 404 5.
1777 347 2174 405 GREGOR-IUS
2201 350 2291 405 γη
2328 350 2521 407 PAPL

481 473 535 518 et
565 464 635 521 ad
682 465 909 536 vestigia
939 465 1221 520 Pontificis
1262 461 1686 534 lacrymabiliter
1725 463 2066 530 accedentes,
2099 466 2143 520 Α
2170 467 2314 534 cepit

3652 351 3748 406 l28

2364 486 2375 519 :
2437 476 2601 536 atque
2651 465 3027 521 beatissimum
3088 463 3304 518 Patrem
3355 471 3410 517 et
3457 462 3747 516 Dominum

2173 567 2425 612 nostrum
2493 559 2726 629 Papam,
2780 559 3206 628 suffragantibus
3254 557 3357 611 sibi
3429 563 3748 610 sanctorum

2171 650 2559 719 Apostolorum
2597 651 2741 706 Petri
2789 660 2844 705 et
2883 649 3038 704 Pauli
3081 649 3308 714 meritis,
3345 648 3414 702 ab
3463 646 3752 701 obsidione

2171 757 2279 812 qua
2344 744 2631 798 tenebatur
2687 743 3065 814 potentissime
3104 741 3374 797 liberavit.
3419 739 3510 796 Sic
3563 739 3750 808 itaque

2172 835 2345 905 ipsam
2396 837 2759 892 venerabilem
2823 835 3099 892 civitatem
3151 833 3411 889 velociter
3468 847 3748 901 expugna-

2173 936 2304 994 tam,
2329 928 2471 984 sicut
2504 929 2777 1000 gloriosus
2800 928 3184 997 triumphator,
3212 941 3310 996 per
3333 923 3602 994 plurimos
3627 921 3748 977 dies

2171 1022 2434 1091 possedit.
2482 1021 2724 1077 vendens
2760 1021 3025 1092 plurimos
3070 1035 3138 1073 ex
3169 1018 3301 1088 ipsis
3345 1015 3566 1086 perﬁdis
3608 1016 3749 1069 civi-

2171 1113 2274 1169 bus
2299 1155 2315 1181 ,
2367 1113 2462 1185 qui
2502 1113 2792 1168 Dominum
2849 1122 2904 1168 et
2959 1111 3240 1166 Pastorem
3291 1123 3452 1164 suum
3502 1107 3752 1178 perdide-

2171 1215 2296 1260 rant
2349 1225 2362 1260 :
2409 1206 2676 1276 quosdam
2727 1220 2859 1260 vero
2912 1201 3205 1266 mutilavit,
3248 1207 3302 1254 et
3346 1198 3614 1268 quosdam
3668 1214 3751 1252 se-

2171 1313 2297 1354 cum
2340 1312 2515 1368 usque
2553 1298 2622 1352 ad
2679 1296 2990 1353 Calabriam
3029 1293 3275 1364 captivos
3305 1291 3503 1346 duxit?
3548 1289 3646 1344 sed
3697 1289 3751 1342 in

2171 1388 2421 1460 ingressu
2491 1389 2664 1459 ipsius
2745 1388 2997 1443 Civitatis
3068 1386 3348 1457 regionem
3417 1380 3754 1436 Lateranen-

2172 1497 2286 1536 sem
2313 1482 2381 1536 ad
2402 1481 2726 1537 Colosseum
2753 1480 2901 1552 (165)
2936 1479 3083 1534 ferro
3102 1486 3157 1532 et
3185 1476 3404 1531 flamma
3428 1472 3750 1528 combussit.

2172 1571 2267 1629 His
2292 1574 2458 1644 igitur
2487 1572 2562 1627 ita
2590 1572 2825 1642 peractis
2859 1569 2980 1626 Dux
3000 1569 3070 1629 ad
3103 1567 3325 1639 propria
3353 1565 3534 1628 rediit,
3569 1572 3625 1618 et
3647 1563 3752 1617 Pa-

2173 1672 2309 1718 trem
2354 1679 2516 1720 suum
2559 1663 2882 1734 Gregorium
2927 1660 3276 1724 Pontificem,
3304 1658 3360 1712 in
3395 1653 3754 1710 Latet-mensi

2172 1757 2374 1826 palatio
2401 1756 2678 1811 sedentem
2719 1771 2845 1815 cum
2896 1752 3181 1808 Fratribus
3212 1750 3337 1804 suis.
3360 1745 3650 1818 Episcopis
3702 1753 3756 1798 et

2173 1845 2578 1913 Cardinalibus,
2609 1847 2664 1901 in
2685 1862 2820 1916 pace
2839 1845 3067 1909 dimisit,
3099 1847 3522 1913 pertractantem
3566 1836 3752 1892 Eccle-

2175 1939 2270 1994 size
2293 1939 2509 2008 negatia
2532 1953 2631 2008 pro
2652 1938 2740 1993 sui
2769 1936 2930 1993 ollicii
2965 1934 3170 1999 debito,
3193 1933 3262 1988 de
3290 1930 3523 1987 diversis
3566 1930 3757 1984 mundi

2174 2031 2423 2101 partibus
2444 2031 2798 2101 emergentia.

2247 2121 2315 2176 l5
2353 2121 2449 2177 Hic
2483 2121 2733 2176 liberavit
2764 2119 2834 2176 ab
2859 2117 3049 2174 illicita
3080 2114 3441 2185 occupatione
3476 2109 3759 2184 sexaginta

2174 2212 2672 2268 Mansiouariorum
2723 2211 2783 2265 B.
2833 2209 2981 2265 Petri
3032 2207 3341 2271 ecclesiam,
3373 2203 3468 2274 qui
3500 2203 3758 2258 universa

2174 2304 2425 2360 Oratoria
2459 2320 2554 2360 seu
2583 2303 2885 2358 ministeria
2919 2301 3092 2371 ipsius
3124 2298 3388 2362 ecclesiae,
3417 2304 3618 2364 praeter
3645 2310 3763 2350 ma-

2171 2395 2263 2466 jus
2312 2396 2512 2461 altare,
2566 2394 2806 2465 quadam
2849 2392 3107 2447 violentia
3160 2389 3512 2452 detinebant,
3562 2394 3765 2442 cuncta

2175 2495 2459 2542 oratorum
2484 2485 2893 2541 advenientium
2918 2483 3222 2539 oblationes
3257 2481 3312 2534 in
3340 2495 3474 2534 usus
3505 2479 3764 2548 proprios

2176 2579 2514 2650 redigebant.
2573 2577 2745 2632 Erant
2798 2584 2984 2631 autem
3033 2574 3194 2630 Cives
3250 2570 3507 2634 Romani,
3543 2572 3766 2625 uxorati

2177 2685 2274 2725 seu
2296 2669 2694 2734 concubinarii,
2730 2669 2901 2724 barba
2932 2667 3048 2722 rasi
3087 2674 3143 2721 et
3175 2663 3403 2729 mitrati,
3430 2662 3765 2718 mentientes

2177 2763 2490 2817 oratoribus
2521 2769 2577 2816 et
2595 2760 2868 2832 prmeipue
2892 2757 3230 2814 multitudini
3274 2755 3568 2811 rusticana
3598 2753 3764 2808 Lom-

2177 2851 2498 2921 bardorum,
2548 2859 2861 2908 asserentes
2915 2866 2975 2906 se
3024 2849 3344 2906 Cardinales
3392 2845 3769 2916 Praesbyteros

2175 2960 2325 3012 esse;
2353 2960 2590 3016 quorum
2635 2943 2825 3013 utique
2868 2941 3239 2998 oblationibus
3293 2938 3548 3008 receptis,
3585 2936 3769 2992 indul-

2177 3037 2413 3107 gentiam
2433 3037 2516 3093 eis
2536 3044 2592 3091 et
2604 3034 2986 3091 remissionem
3013 3023 3366 3103 peccatorum
3387 3046 3528 3085 ausu
3552 3027 3768 3085 nefario

492 3120 616 3183 liter
648 3119 895 3176 benedici
922 3139 934 3175 :
967 3128 1024 3174 et
1045 3120 1105 3175 in
1137 3118 1278 3176 festo
1311 3117 1595 3175 Paschatis
1627 3119 1698 3173 ab
1729 3120 1921 3175 eodem
1955 3119 2073 3174 llu—
2100 3139 2142 3197 ρ
2175 3130 2519 3201 impudenter
2555 3127 2910 3200 praestabant.
2935 3125 3025 3194 Hi,
3046 3124 3337 3181 occasione
3387 3121 3769 3179 custodienda:

493 3212 650 3268 berto
679 3212 900 3283 Imperii
922 3227 1186 3268 coronam
1217 3211 1561 3280 impudenter
1581 3211 1881 3280 assumpsit
1907 3230 1920 3265 :
1949 3223 2075 3282 post

495 3303 771 3358 modicum
799 3320 926 3360 vero
949 3304 1018 3360 ad
1040 3303 1384 3359 obsidionem
1407 3302 1586 3358 Castri
1611 3301 1756 3371 (162)
1779 3301 2079 3358 Crescentii

495 3395 783 3452 universos
805 3394 1086 3452 Romanos
1119 3394 1400 3449 conduxit.
1431 3389 1682 3448 Pontifex
1707 3401 1908 3459 autem,
1938 3394 2081 3450 sicut

493 3489 577 3543 vir
590 3497 786 3544 cautus
811 3497 865 3543 et
885 3488 1166 3558 providus,
1190 3487 1305 3556 jam
1327 3487 1422 3541 diu
1442 3485 1741 3541 Robertum
1769 3484 2078 3554 Guiscardi,

494 3582 775 3652 egregium
805 3579 1247 3636 Normannorum
1271 3577 1496 3642 Ducem,
1533 3577 1826 3632 sollicitare
1857 3578 2084 3633 studue-

499 3680 608 3738 rat,
645 3681 706 3726 ut
750 3673 804 3728 in
861 3689 1026 3728 manu
1065 3671 1246 3727 valida
1274 3679 1466 3727 contra
1495 3669 1701 3725 illatam
1736 3669 1842 3724 sibi
1873 3670 2083 3725 violen-

497 3764 722 3830 tiam,et
751 3774 1002 3834 potenter
1033 3771 1408 3828 succurreret;
1447 3777 1610 3832 quem
1645 3761 1712 3817 ad
1750 3761 1925 3832 ipsius
1948 3762 2084 3817 libe-

497 3857 770 3911 rationem
792 3873 916 3912 cum
944 3857 1186 3912 maximo
1206 3855 1451 3911 exercitu
1476 3854 1759 3910 celebriter
1780 3855 2083 3910 venientem

499 3947 724 4002 audivit.
751 3948 907 4014 Quod
954 3941 1046 4002 ubi
1082 3934 1199 4002 Rex
1231 3945 1500 4002 Henricus
1532 3946 1588 3999 in
1619 3946 1846 4000 veritate
1879 3960 2083 4016 cogno-

499 4039 598 4104 vit,
630 4040 980 4094 vehementer
1013 4039 1253 4109 expavit,
1304 4047 1359 4093 et
1403 4037 1548 4092 illico
1579 4037 1648 4091 ad
1701 4037 1987 4092 ecclesiam
2023 4036 2081 4091 S.

499 4129 644 4188 Petri
671 4131 904 4198 rediens,
928 4131 1092 4186 domo
1123 4111 1430 4200 Capitolina
1473 4137 1526 4185 et
1577 4127 1820 4183 Leonina
1861 4129 2088 4184 civitate

498 4221 797 4290 destructa,
830 4223 951 4278 vale
981 4222 1190 4278 faciens
1235 4220 1521 4287 Romanis,
1560 4235 1688 4274 eum
1724 4220 1916 4276 eodem
1949 4219 2085 4276 Gui-

498 4315 674 4383 berto,
700 4330 812 4369 non
839 4316 958 4370 sine
993 4316 1168 4370 multo
1195 4315 1418 4380 rubore,
1465 4312 1697 4385 aufugit.
1732 4313 1790 4367 ln
1836 4313 2086 4384 sequenti

498 4407 604 4472 die,
630 4417 923 4478 antequam
949 4406 1148 4461 Senam
1198 4407 1311 4461 Rex
1347 4405 1704 4476 pervenisset,
1749 4413 2086 4459 memoratus

2179 3223 2451 3288 ecclesiae,
2485 3226 2882 3290 consurgentes
2915 3218 3256 3287 intempestae
3305 3213 3484 3268 noctis
3520 3213 3766 3282 silentio,

2180 3312 2320 3368 infra
2332 3320 2387 3368 et
2407 3314 2556 3368 circa
2577 3311 2828 3366 eamdem
2839 3307 3313 3378 ecclesiammulta
3338 3305 3560 3374 impune
3582 3305 3766 3362 horni-

2179 3405 2346 3471 cidia,
2385 3405 2628 3474 rapinas,
2662 3402 2816 3458 varia
2850 3409 3062 3473 stupra,
3111 3407 3167 3455 et
3213 3398 3428 3454 diversa
3478 3396 3768 3454 latrocinia

2179 3495 2553 3552 exercebant:
2592 3509 2752 3565 quos,
2786 3495 2932 3549 sicut
2973 3491 3236 3552 diximus,
3271 3488 3470 3544 Beatus
3514 3488 3767 3545 Pontifex

2181 3587 2252 3642 ab
2285 3587 2476 3642 eadem
2506 3586 2737 3642 ecclesia
2771 3601 2883 3640 non
2907 3584 3023 3641 sine
3046 3583 3216 3636 multa
3249 3580 3560 3642 difﬁcultate
3581 3596 3758 3636 remo-

2183 3679 2280 3745 vit,
2313 3687 2368 3733 ct
2387 3678 2654 3734 custodia:
2687 3693 2879 3732 curam
2912 3673 3159 3729 honestis
3181 3671 3410 3726 Clericis
3459 3679 3515 3725 et
3565 3670 3770 3726 Sacer-

2183 3771 2405 3827 dotibus
2463 3769 2742 3826 commisit
2784 3775 2838 3823 et
2884 3764 3128 3821 tradidit.
3177 3761 3276 3822 Hic
3325 3770 3410 3817 ter
3463 3769 3772 3832 quaterque

2182 3877 2311 3916 vere
2345 3863 2539 3916 beatus
2581 3860 2855 3926 Pontifex,
2894 3864 3022 3928 post
3051 3855 3319 3910 diutinam
3372 3854 3427 3907 in
3463 3851 3609 3907 Urbe
3643 3868 3770 3909 mo-

2184 3969 2325 4020 ram,
2349 3953 2631 4009 descendit
2653 3953 2707 4007 in
2739 3951 3023 4021 Apuliam;
3059 3956 3134 4013 et,
3171 3957 3490 4002 occurrente
3522 3946 3626 4000 sibi
3649 3947 3770 4014 jam

2185 4045 2332 4100 dicto
2365 4045 2511 4100 Duce
2559 4044 2802 4100 Roberto
2852 4039 3163 4105 Guiscardi,
3223 4037 3438 4092 Salerni
3494 4035 3770 4091 famosam

2186 4136 2462 4192 civitatem
2494 4136 2728 4207 gloriose
2755 4131 2997 4189 intravit.
3028 4129 3234 4199 Ibique,
3259 4129 3388 4182 dum
3425 4128 3620 4183 salutis
3644 4143 3768 4182 mo-

2187 4228 2303 4283 nita
2343 4227 2693 4285 concurrenti
2737 4225 2940 4295 populo
2985 4222 3162 4288 daret,
3209 4228 3429 4290 repente
3467 4219 3522 4273 in
3566 4220 3770 4274 lectum

2187 4319 2526 4390 aegritudinis
2577 4319 2864 4382 decidens,
2911 4315 2968 4369 in
3027 4314 3184 4368 beata
3240 4310 3607 4376 confessione,
3645 4318 3773 4380 post

2191 4411 2488 4476 modicum,
2516 4409 2658 4465 diem
2690 4407 2918 4464 feliciter
2942 4405 3143 4461 clausit
3185 4413 3510 4458 extremum.
3548 4401 3632 4456 Ad
3669 4416 3772 4455 cu-

500 4497 772 4556 ﬂobertus
824 4499 964 4566 Dux,
1005 4510 1282 4568 tamquam
1341 4499 1428 4552 leo
1475 4497 1811 4552 fortissimus
1851 4495 2081 4551 Romam
2116 4491 2273 4571 Djus
2295 4502 2484 4571 utique
2508 4515 2730 4570 corpus,
2761 4500 2817 4553 in
2839 4497 2898 4552 Β.
2936 4495 3174 4552 Μαιηιωί
3218 4493 3442 4548 basilica
3467 4493 3773 4547 honoriﬁce

500 4588 764 4644 violenter
797 4591 1040 4656 intravit,
1073 4605 1241 4660 quam
1291 4605 1404 4643 non
1454 4603 1552 4658 per
1595 4587 1892 4642 triennium
1941 4588 2087 4642 sicut

503 4677 617 4734 Rex
643 4681 930 4752 Henricus,
965 4683 1061 4740 sed
1092 4697 1202 4737 una
1229 4680 1496 4738 eteadem
1519 4680 1606 4736 die
1627 4679 1682 4734 in
1708 4694 1876 4734 manu
1906 4679 2086 4735 valida

574 4921 722 4991 (161)
761 4920 932 4976 Erant
963 4921 1020 4977 hi
1055 4919 1352 4991 Sigefridus
1399 4915 1784 4991 Bononiensis,
1833 4915 2086 4991 Heriber-

505 4987 591 5070 tus
612 4987 973 5070 Mutinensis:
1013 4987 1303 5070 Ceri‘iénsis
1353 5004 1553 5070 nomen
1607 4988 1911 5070 ignoratur,
1957 4987 2090 5068 defi-

2187 4592 2538 4657 tumulatum,
2567 4590 2835 4646 mirabilis
2885 4587 3030 4645 Deus
3065 4587 3234 4642 multa
3260 4585 3525 4643 miracula
3551 4584 3774 4656 operari

2186 4684 2446 4755 dignatus
2468 4691 2572 4740 est.

2188 4907 2430 4984 tionibus
2461 4926 2739 4989 Castrum;
2771 4931 2824 4979 et
2855 4934 3002 4977 anno
3033 4918 3158 4984 983,
3206 4917 3276 4973 ab
3318 4931 3392 4989 _eo
3440 4915 3536 4986 qui
3557 4923 3775 4989 postea

2188 5000 2368 5068 ipsum
2404 4997 2561 5052 nevis
2587 4985 2843 5065 operibus
2878 4989 3255 5063 communivit,
3299 4985 3602 5062 Crescentii)
3648 4985 3775 5062 Itiu-
