3986 5386
208 382 308 454 rso

1194 378 1724 442 PROLEGONErVA.
1759 413 1812 423 -
1854 378 2038 434 ACTA
2063 377 2127 434 S.
2154 374 2500 433 GREGORII.

3369 381 3472 437 150

215 508 3469 542 ww

1713 671 1919 785 ΙΙΙ.

642 916 805 1004 EX
872 912 1061 1002 MS.
1140 906 1616 1000 NOSTRO
1688 907 1837 995 DE
1909 903 2239 1000 VITIS
2310 900 3064 994 PONTIFICUM

1193 1099 1428 1167 USQUE
1465 1098 1558 1154 AD
1596 1094 1965 1153 MARTINUM
2009 1095 2054 1152 V
2100 1092 2465 1153 DEDUCTIS.

728 1410 957 1469 CAPUT
995 1408 1288 1467 PRIMUM.

270 1506 405 1562 Acta
434 1504 784 1576 primolzujm
796 1504 1152 1576 Ponti/iectus
1172 1500 1528 1574 quinquennio
1547 1498 1718 1571 (164).

274 1597 374 1653 llic
400 1597 712 1668 praeclarus
728 1605 786 1652 et
805 1596 1074 1652 aimiticus
1092 1593 1366 1660 Pontifex,
1416 1593 1453 1647 3
1508 1607 1655 1647 anno
1705 1591 1792 1646 sui

211 1689 588 1755 Pontiﬁcatus,
616 1690 672 1744 in
698 1686 865 1744 Nocte
884 1687 1195 1743 Nativitatis
1245 1684 1483 1750 Domini,
1543 1683 1687 1753 apud
1730 1682 1788 1736 S.

214 1781 431 1837 ﬂat-iam
455 1780 723 1850 Maiorem
759 1780 827 1836 ad
860 1779 1127 1849 Prasepe,
1152 1778 1284 1833 dum
1305 1776 1529 1832 Missam
1550 1775 1793 1829 celebra-

218 1876 319 1937 bat,
344 1873 402 1926 in
432 1870 814 1927 confractione
849 1871 1115 1925 Dominici
1129 1869 1390 1939 Corporis
1414 1883 1579 1938 super
1605 1866 1790 1931 altari,

216 1964 499 2034 aquodam
520 1962 719 2019 Gentio
756 1961 1016 2033 Stephani
1049 1971 1243 2032 captus
1277 1960 1381 2015 fuit
1402 1969 1458 2016 et
1499 1959 1793 2030 perductus

217 2057 268 2111 in
289 2056 515 2109 domum
539 2055 676 2110 dicti
707 2053 885 2110 Centii
911 2073 925 2108 :
959 2070 1083 2125 quae
1105 2054 1304 2109 domus
1340 2052 1520 2123 posita
1567 2058 1689 2106 erat
1730 2049 1794 2106 in

217 2149 347 2211 loco,
375 2146 474 2217 qni
497 2153 736 2202 vocatur
765 2144 1016 2201 Parrioni
1053 2145 1223 2217 (165).
1252 2144 1357 2201 Sed
1382 2144 1511 2215 quia
1536 2140 1654 2198 dies
1675 2150 1796 2197 erat

164 2226 167 2227 ⁷
215 2238 617 2304 celeberrimus,
650 2251 846 2294 omnes
859 2237 1090 2293 Romani
1116 2237 1171 2292 in
1195 2252 1366 2291 unum
1397 2242 1791 2300 convenerunt,

217 2330 277 2383 ad
304 2329 621 2400 praedictam
666 2330 896 2386 domum
943 2329 1264 2400 capiendam
1307 2334 1690 2399 perrexerunt,
1740 2334 1796 2382 et

218 2419 501 2475 Dominum
526 2420 735 2492 Papam
755 2422 824 2477 de
854 2429 1005 2477 tanta
1026 2421 1229 2491 injuria
1258 2421 1649 2475 liberaverunt.
1702 2417 1794 2472 Li-

218 2512 427 2567 beratus
454 2512 647 2585 itaque
671 2512 735 2567 D.
773 2513 942 2584 Papa,
965 2514 1034 2569 ad
1054 2514 1341 2569 ecclesiam
1371 2513 1427 2567 in
1459 2527 1569 2583 qua
1602 2519 1794 2582 captus

217 2601 326 2671 fuit,
360 2603 576 2661 indutis
605 2605 945 2661 solemnibus
958 2606 1297 2661 vestimentis
1329 2612 1391 2660 ut
1424 2620 1545 2659 mos
1569 2612 1689 2660 erat
1708 2620 1797 2660 re-

214 2710 416 2761 versus,
448 2695 676 2754 Missam
699 2714 866 2769 quam
887 2698 1185 2768 incoeperat
1206 2696 1479 2768 perﬂnivit
1504 2715 1517 2751 :
1551 2698 1618 2753 ad
1644 2697 1796 2768 palau

215 2775 347 2843 tiam
365 2788 610 2859 denique
641 2798 960 2858 coronatus,
982 2798 1038 2846 et
1061 2805 1186 2846 eum
1197 2789 1349 2844 omni
1383 2788 1544 2845 laude
1567 2788 1797 2859 Episco-

214 2892 398 2947 porum
435 2889 604 2950 atque
640 2881 1016 2938 Cardinalinm
1077 2890 1133 2938 et
1180 2879 1479 2937 Procerum
1518 2894 1796 2947 reversus,

213 2968 471 3041 quidquid
497 2973 916 3055 consuetudinis
936 2982 1025 3031 est
1051 2974 1365 3030 celebravit.
1402 2974 1658 3040 Romani,
1683 2980 1801 3029 tan-

214 3069 316 3114 tam
338 3061 605 3131 iniuriam
628 3062 773 3120 ferre
801 3081 914 3121 non
937 3067 1204 3134 valentes,
1224 3067 1451 3122 domum
1472 3066 1649 3122 Gentii
1671 3081 1797 3121 cum

214 3153 462 3209 omnibus
484 3155 647 3211 bonis
670 3156 1047 3225 devastarunt,
1072 3159 1203 3213 etin
1251 3167 1458 3215 terram
1503 3167 1695 3214 contra
1728 3158 1792 3212 D.

213 3242 1162 3319 Papcvolnntatemprostraverunt.
1178 3249 1297 3320 Ipse
1321 3265 1455 3306 vero
1475 3250 1569 3321 qui
1589 3250 1796 3305 malum

212 3337 601 3406 etprsedietum
632 3342 815 3397 scelus
839 3343 1213 3410 commiserat,
1246 3341 1462 3414 aufugit
1482 3359 1514 3398 a
1540 3344 1797 3398 manibus

213 3442 419 3495 eorum,
452 3437 512 3484 et
542 3430 768 3487 Curiam
798 3432 1087 3490 Teutonici
1114 3433 1279 3506 Regis
1306 3435 1612 3505 requisivit.
1654 3434 1795 3502 Quid

213 3534 339 3575 vero
358 3520 494 3577 mali
527 3524 890 3593 commiserit,
915 3541 1052 3595 quas
1090 3524 1360 3583 falsitates
1400 3528 1792 3597 composuerit,

215 3625 369 3681 qnam
390 3613 737 3673 discordiam
759 3618 906 3673 inter
930 3615 1175 3690 Regnum
1198 3628 1254 3674 et
1303 3618 1679 3674 Sacerdotium
1716 3620 1795 3675 fe-

217 3705 362 3771 cerit,
386 3713 444 3760 et
467 3706 539 3763 ad
564 3708 941 3765 ultimumsuo
986 3710 1246 3766 instinctu
1295 3727 1473 3782 usque
1524 3712 1580 3766 in
1630 3713 1793 3767 finem

215 3796 541 3865 perduxerit,
568 3799 624 3854 in
656 3802 1012 3870 sequentibus
1045 3802 1230 3873 (prout
1242 3804 1440 3860 melius
1460 3805 1672 3876 potero)
1699 3820 1795 3860 ex-

218 3886 410 3954 plicare
440 3891 674 3947 curabo.
702 3891 863 3948 Nunc
891 3906 1068 3964 pauco
1108 3895 1418 3963 intervallo,
1471 3896 1618 3967 quod
1660 3914 1797 3968 pra:-

220 3977 386 4037 dietus
426 3980 715 4053 Pontifex,
759 3984 970 4042 interea
1015 3986 1147 4043 dum
1196 3987 1311 4060 ipse
1351 3988 1470 4060 ivit,
1520 3990 1690 4059 stetit,
1739 3999 1796 4046 et

281 4181 433 4264 (liii)
460 4181 823 4264 Prazmittitttr
843 4183 1120 4264 decretum
1143 4185 1444 4264 electionis,
1471 4187 1661 4243 iisdem
1674 4205 1768 4244 ver
1782 4218 1798 4231 -

321 4252 529 4323 quibus
553 4252 762 4327 igny‘ita
789 4270 944 4327 num.
983 4256 1048 4310 21
1085 4272 1212 4311 cum
1239 4257 1345 4311 hac
1373 4252 1665 4312 dumtaxat
1697 4275 1799 4327 va,-

221 4325 401 4378 r£etate
429 4323 583 4393 quod
616 4324 688 4379 ibi
711 4325 1033 4393 simpliciter
1061 4327 1254 4382 electio
1286 4327 1428 4383 facta
1459 4328 1673 4383 dicatur
1713 4323 1800 4385 die

219 4387 496 4468 ξαρνιυμ-ἒξ
519 4387 734 4447 Domini
755 4387 1080 4468 ᾼίεςξᾳηάζὴ
1107 4397 1473 4468 ιιίογνθιόᾐᾶίθ
1526 4398 1569 4468 ὅ,
1611 4398 1799 4468 Sepul-

222 4471 371 4540 tum.
389 4463 534 4531 Quia
556 4472 736 4540 autem
763 4463 980 4540 facilius
1004 4464 1105 4520 fuit
1126 4466 1377 4540 originali
1401 4466 1569 4523 textui
1595 4463 1800 4540 aliquid

219 4534 471 4609 decedere
491 4549 593 4604 per
610 4535 881 4609 incuriam
906 4534 1413 4609 transcribendum,
1440 4554 1605 4609 quam
1641 4534 1800 4595 acce-

221 4605 358 4677 detfe,
398 4605 531 4677 ideo
551 4618 663 4661 non
682 4605 902 4677 videtur
929 4606 985 4662 id
1013 4605 1190 4663 otiose
1233 4605 1755 4677 praetermittendum
1784 4629 1798 4663 :

222 4676 308 4731 sed
358 4675 622 4749 suspicor
670 4675 1014 4749 originaliter
1065 4675 1330 4749 scriptum
1373 4679 1571 4748 fuisse,
1613 4681 1698 4737 die
1743 4682 1799 4748 3,

219 4748 402 4816 mortis
416 4745 580 4816 etgdie
609 4745 915 4816 sepulturae.

282 4815 429 4898 (165)
469 4814 823 4898 Ιξρςηρῃμῐη.
848 4816 1066 4886 quidem
1102 4828 1352 4898 nostrum
1389 4819 1642 4898 Pari-iam
1670 4841 1682 4875 :
1700 4821 1799 4898 sed

220 4884 531 4955 huiusmodi
560 4884 774 4961 mendis
809 4884 1003 4961 ipsum
1032 4896 1247 4961 scatet,
1275 4890 1544 4961 elegantia
1605 4892 1802 4961 majori

218 4970 375 5026 quam
396 4956 748 5013 accuratione
767 4956 1184 5027 transcriptum.
1209 4960 1307 5015 Est
1317 4956 1499 5016 autem
1542 4956 1805 5016 Parrione

219 5040 409 5101 nomen
436 5026 697 5101 Regionis
724 5027 896 5101 unius
926 5029 1123 5101 (ξιιμ,
1155 5030 1210 5084 in
1236 5046 1374 5101 quas
1397 5029 1538 5095 Urbs
1580 5042 1695 5087 tota
1719 5033 1803 5087 di-

1103 5070 1118 5095 ,
1155 5062 1210 5084 .Iu
1236 5062 1374 5095 quan
1401 5062 1538 5095 qum
1582 5062 1695 5087 tota
1719 5062 1803 5087 ur-

217 5095 430 5176 viditur,
444 5095 731 5176 simulque
756 5097 951 5176 platea:
973 5099 1042 5176 ab
1060 5099 1162 5176 _i_lla
1180 5095 1428 5176 ducentis
1448 5118 1640 5158 versus
1658 5102 1806 5155 Pon-

1818 1409 1862 1465 A
1891 1406 2071 1473 rediit,
2122 1414 2382 1477 operatus
2440 1404 2544 1473 est,
2604 1405 2787 1463 dicere
2840 1421 2943 1479 pro
2995 1423 3158 1478 posse
3207 1409 3477 1467 studeam.

1961 1498 2017 1552 2.
2057 1499 2311 1554 Secundo
2344 1514 2492 1553 anno
2515 1498 2600 1554 sui
2627 1497 3006 1566 Pontificatus,
3061 1509 3356 1572 antequam
3401 1504 3481 1560 is-

1893 1589 1989 1646 tud
2016 1588 2219 1646 factum
2244 1590 2456 1656 fuisset,
2487 1591 2631 1646 unde
2668 1590 2930 1660 prmfatus
2988 1592 3135 1664 (166)
3182 1596 3484 1652 malevolus

1892 1682 2239 1737 occasionem
2264 1683 2649 1753 acceperat,_in
2678 1682 2947 1750 Concilio,
2974 1686 3121 1754 quod
3155 1686 3271 1757 ipse
3296 1687 3485 1744 Romae

1891 1788 1927 1831 a
1955 1791 2009 1830 vt
2062 1773 2181 1829 Kal.
2206 1773 2386 1828 Martii
2439 1791 2613 1845 usque
2642 1775 2708 1829 ad
2744 1790 2783 1829 ιι
2813 1774 2932 1830 Kal.
2975 1778 3219 1837 przedicti
3277 1783 3485 1837 mensis

1893 1869 2186 1924 celebravit
2210 1886 2224 1936 ;
2258 1870 2502 1939 quinque
2527 1870 2595 1924 de
2621 1868 2829 1924 familia
2858 1869 3018 1942 Regis
3031 1870 3481 1941 Teutonieorum,

1894 1975 2128 2030 quorum
2151 1961 2398 2016 consiliis
2421 1960 2664 2016 ecclesiae
2688 1962 3084 2031 vendebantur,
3137 1980 3169 2020 a
3204 1967 3485 2022 liminibus

1896 2050 2152 2107 Ecclesiae
2173 2052 2466 2122 separavit.
2495 2052 2643 2124 (167)
2666 2052 2743 2108 Ita
2765 2062 2846 2119 ut,
2878 2054 2925 2109 si
2980 2056 3176 2111 abinde
3208 2073 3384 2129 usque
3415 2059 3483 2114 ad

1894 2143 2163 2199 Kalendas
2184 2142 2331 2197 Junii
2355 2143 2583 2200 Romam
2602 2160 2709 2199 non
2731 2147 2980 2200 venirent
2999 2155 3052 2201 et
3080 2148 3481 2217 satisfacercnt,

1893 2235 2350 2290 excommunicati
2402 2236 2750 2291 haberentur.
2822 2234 3105 2308 Philippus
3156 2240 3303 2311 (168)
3370 2240 3483 2297 Rex

1894 2327 2254 2395 Francorum,
2279 2329 2326 2384 si
2357 2326 2574 2385 Nuntiis
2632 2328 2792 2400 Papm
2824 2331 2892 2385 ad
2935 2330 3141 2388 Gallias
3189 2334 3370 2401 ituris,
3418 2336 3486 2390 de

1894 2420 2268 2478 satisfactione
2297 2430 2354 2476 et
2371 2422 2751 2477 emendatione
2774 2423 3123 2478 securitatem
3135 2440 3251 2480 non
3272 2425 3483 2495 fecerit,

1895 2514 2161 2569 habeatur
2187 2514 2716 2569 excommunicatus.
2770 2513 3083 2570 Liemarum
3135 2515 3484 2574 Bremensem

1895 2606 2401 2676 Arcbiepiscopum,
2420 2621 2520 2676 pro
2546 2606 2915 2662 inobedientia
2941 2609 3211 2677 superbire
3257 2626 3392 2677 sure,
3417 2612 3486 2669 ab

1895 2697 2204 2768 Episcopali
2234 2697 2410 2753 ofﬁcio
2440 2699 2744 2768 suspendit,
2772 2707 2825 2752 et
2847 2715 2877 2753 a
2902 2698 3145 2770 Corpore
3167 2709 3222 2755 et
3260 2705 3485 2774 sangui-

1900 2806 1969 2847 ne
1994 2790 2210 2846 Domini
2233 2790 2530 2847 interdixit.
2587 2789 2952 2845 Guarnerium
2997 2791 3485 2863 Strazburgenscm

1899 2885 1970 2940 ab
1999 2884 2297 2955 episcopali
2318 2891 2372 2938 et
2407 2882 2736 2939 sacerdotali
2761 2881 2936 2937 obicio
2959 2884 3265 2953 suspendit.
3292 2884 3487 2939 Henri-

1898 2989 2026 3031 cum
2062 2974 2376 3045 Spirensem
2410 2975 2733 3045 suspendit:
2773 2972 3166 3029 Herimannum
3220 2974 3485 3031 Bamber—

1899 3082 2144 3138 gensem,
2173 3067 2219 3123 si
2243 3074 2372 3121 ante
2392 3066 2613 3121 Pascha
2661 3082 2772 3121 non
2822 3066 3034 3120 venerit
3080 3067 3485 3133 satisfacturus,

1899 3159 2151 3214 similiter
2171 3159 2473 3229 suspendit.
2505 3158 2637 3213 Item
2664 3157 3124 3229 in‘Longobardia
3153 3158 3485 3214 Gulielmum

1895 3249 2220 3321 Papiensem
2251 3260 2306 3305 et
2324 3250 2685 3305 Cunibertum
2736 3250 3133 3305 Taurinensem
3183 3252 3483 3322 suspendit.

1892 3342 2216 3415 Dionysium
2265 3341 2639 3398 Placentinum
2689 3342 2959 3412 deposuit.
3018 3341 3317 3399 Robertum
3371 3343 3485 3399 Du-

1896 3450 2015 3492 cem
2058 3434 2269 3505 Apnlia:
2307 3435 2422 3506 jam
2478 3434 3026 3501 anathematizatum,
3085 3442 3140 3489 et
3187 3434 3487 3493 Robertum

1894 3529 1962 3584 de
1992 3528 2272 3594 Loritello,
2301 3526 2584 3583 invasores
2627 3526 2900 3581 bonorum
2956 3525 3013 3581 S.
3072 3525 3220 3581 Petri
3267 3543 3488 3582 excom-

1895 3608 2218 3675 municavit.

1962 3714 2014 3767 3.
2043 3712 2229 3768 Tertio
2259 3727 2391 3767 vero
2415 3726 2564 3766 anno
2592 3710 2735 3767 idem
2769 3708 2915 3781 Papa
2942 3708 3130 3765 Romae
3154 3710 3209 3764 in
3255 3709 3487 3766 Basilica

1897 3803 2199 3861 Salvatoris
2223 3804 2503 3876 Synodum
2538 3803 2687 3875 (169)
2712 3803 3027 3869 celebravit,
3084 3803 3138 3856 in
3190 3818 3300 3873 qua
3336 3801 3488 3873 Sige-

1894 3894 2097 3951 fridum
2134 3896 2513 3968 Maguntinum
2547 3896 3060 3973 Archiepisc0pum,
3109 3894 3205 3966 qui
3255 3903 3488 3951 conatus

1893 3998 1978 4044 est
2024 3988 2324 4061 EpiscOpOS
2388 3998 2443 4044 et
2482 3988 2723 4045 Abbates
2769 3987 2942 4060 Regni
2978 3986 3403 4043 Teutonicorum
3456 4005 3488 4044 a

1900 4192 1990 4258 15,
2013 4191 2302 4261 ipsumque
2337 4188 2702 4261 summarium
2730 4191 2953 4260 ponitur
2981 4189 3166 4261 statim
3207 4198 3331 4260 post
3345 4189 3491 4261 _Epi-

1898 4259 2095 4317 stolam
2139 4261 2196 4326 2,
2228 4260 2411 4315 datam
2435 4259 2493 4311 in
2523 4259 2756 4326 Synodo’,
2784 4262 3014 4315 secunda
3037 4260 3086 4313 Κ
3090 4259 3309 4314 alendus
3335 4259 3486 4314 Μάν-

1900 4333 1983 4387 tii.
2006 4330 2146 4385 Cum
2169 4343 2300 4400 ergo
2311 4344 2550 4400 sequens
2571 4330 2801 4400 Pascha,
2827 4331 2895 4391 ad
2920 4331 3066 4400 quod
3099 4330 3263 4400 infra,
3284 4330 3493 4384 citantur

1899 4399 2253 4457 Hermannns’
2300 4399 2753 4471 (Bambergensis,
2805 4399 3214 4471 celebrandum
3244 4399 3410 4471 fuerit
3447 4402 3489 4471 75

1899 4471 2120 4544 Aprilis,
2159 4469 2879 4544 sequiturASynodumhanc
2910 4470 3176 4544 Accepisse
3192 4469 3292 4544 fer.
3319 4470 3490 4544 5-pri-

1900 4538 2004 4598 mle
2025 4538 2387 4597 "ebdomada:
2399 4538 2963 4608 Qu‘adragesimalisin
2978 4538 3118 4595 festo
3145 4538 3201 4594 S.
3220 4538 3485 4594 Matthiae.

1899 4613 2131 4669 Notatns
2155 4611 2402 4667 autemin
2424 4608 2883 4682 eodemRegistro
2902 4627 3079 4667 annus
3114 4608 3318 4682 Christi
3350 4610 3489 4666 1074

1902 4685 2106 4739 indicat
2132 4697 2306 4752 usque
2329 4682 2398 4736 ad
2430 4680 2743 4752 proximum
2792 4681 3241 4737 Aununtiationis
3283 4680 3486 4737 festum

1905 4764 2034 4810 tunc
2064 4754 2245 4820 adhuc
2282 4751 2548 4807 Romanis
2590 4753 2900 4808 cucurrisse
2942 4769 3100 4807 suum
3145 4767 3376 4820 annum,
3420 4764 3491 4806 et:

1903 4841 2005 4881 usu
2032 4823 2491 4888 Florentinorum,
2514 4822 2662 4892 quod
2685 4830 2739 4876 et
2764 4821 3033 4879 Baronius
3063 4822 3291 4878 notavit.
3380 4882 3383 4883 ν

1976 4894 2122 4967 (16⁸1)
2163 4895 2295 4967 Qum
2319 4902 2625 4967 sequuntur
2655 4893 2833 4947 visum
2878 4902 2962 4947 est
2987 4909 3054 4948 ex
3077 4895 3311 4967 registro
3333 4892 3495 4967 juxta

1904 4962 2201 5021 Bai-ouium
2241 4963 2334 5034 hic
2372 4964 2689 5033 adiungere,
2730 4971 2992 5034 tanquam
3032 4980 3098 5018 ex
3143 4962 3315 5030 fonte,
3346 4962 3493 5015 unde

1909 5043 2116 5107 partem
2150 5033 2409 5107 delibavit
2434 5042 2627 5107 auctor
2657 5033 2860 5107 borum
2882 5034 3165 5107 Actorum.

1980 5104 2126 5176 (168)
2144 5103 2451 5176 Philippum
2467 5102 2718 5176 Erancia‘:
2731 5120 2919 5173 regem,
2935 5107 3000 5161 (le
3017 5105 3264 5161 Simonis
3276 5100 3418 5176 apud
3431 5115 3493 5154 se
