3986 5386
477 312 571 368 {Si

1687 294 2171 358 S.GREGOR1L'S
2208 303 2298 357 vn
2322 280 2523 359 eam.

3645 294 3753 359 ίῑᾶ

474 430 665 479 sancta
690 419 938 476 Romana
964 417 1209 474 Ecclesia
1223 416 1447 488 speciali
1477 415 1648 471 Matre
1671 431 1769 471 sua
1788 415 2057 483 scindere,
2092 424 2135 477 Α
2161 419 2300 484 nuit,
2323 427 2378 472 et
2403 426 2620 488 quantae
2660 416 2832 471 ruinae
2881 418 3210 488 quantaeque
3255 418 3583 475 calamitatis
3622 420 3742 484 ipso

468 514 676 586 judicio
697 511 874 568 sancti
906 510 1142 581 Spiritus
1174 516 1228 563 et
1253 507 1576 577 auctoritate
1600 505 1892 561 Beatorum
1915 506 2060 575 Apo-

475 606 742 661 stolorum
774 602 923 658 Petri
953 609 1009 656 et
1046 599 1201 655 Pauli
1227 599 1297 653 ab
1340 598 1492 654 omni
1532 596 1838 668 Episcopali
1881 597 2059 653 ollicio

475 695 779 765 suspendit,
809 701 866 749 et
885 709 917 748 a
941 691 1328 748 communione
1349 688 1609 760 Corporis
1661 697 1717 744 et
1764 688 2059 760 Sanguinis

475 785 693 842 Domini
728 784 1020 855 separavit,
1077 781 1186 838 nisi
1229 779 1371 836 forte
1421 780 1615 836 mortis
1663 781 1968 850 periculum
2008 781 2059 834 ei

477 877 871 948 superveniret,
906 874 982 929 ita
1011 882 1195 930 tamen
1222 880 1287 928 ut
1324 872 1640 943 paenitentia
1682 871 1879 927 ductus
1923 872 2060 936 resi:

476 968 748 1038 pisceret:
782 973 1008 1022 czeteros
1037 979 1169 1020 vero
1218 963 1312 1034 qui
1346 963 1466 1033 ejus
1505 961 1788 1018 schismati
1829 977 2060 1018 consen-

478 1058 662 1114 tiendo
713 1057 1138 1124 subscriberent,
1192 1055 1262 1110 ab
1313 1053 1465 1110 omni
1518 1052 1829 1125 Episcopali
1883 1053 2060 1110 ofﬁcio

477 1150 778 1220 suspendit.
818 1147 964 1219 (170)
1002 1147 1128 1202 lllos
1162 1160 1294 1201 vero
1328 1145 1422 1216 qui
1445 1160 1556 1201 non
1585 1161 1685 1201 sua
1714 1154 1907 1216 sponte
1928 1162 2059 1201 con-

477 1250 769 1297 senserunt
798 1255 973 1310 usque
998 1239 1067 1294 ad
1101 1237 1451 1294 festivitatem
1509 1236 1566 1292 S.
1596 1236 1743 1293 Petri
1789 1238 2056 1305 toleravit,

471 1346 543 1403 eo
565 1324 783 1403 quidem
809 1339 1080 1401 respectu,
1105 1339 1165 1385 ut
1186 1330 1233 1385 si
1259 1328 1403 1385 infra
1428 1330 1594 1385 istum
1618 1331 1911 1385 terminum
1937 1331 2058 1386 ido-

478 1438 660 1490 neam,
689 1431 785 1478 aut
806 1438 903 1493 per
930 1438 990 1478 se
1014 1432 1109 1478 aut
1141 1438 1236 1492 per
1266 1422 1491 1477 nuntios
1534 1437 1685 1487 suos,
1730 1421 2059 1478 satisfactio-

479 1530 606 1571 nem
622 1514 922 1585 praesentim
951 1529 1064 1570 sua:
1092 1530 1203 1568 non
1230 1514 1545 1581 obtulerint,
1572 1511 1881 1585 Episcopali
1905 1514 2058 1569 dein-

479 1621 608 1676 ceps
641 1606 817 1671 ofﬁcio
843 1607 1143 1676 priventur.
1169 1604 1471 1676 Episcopos
1489 1604 1903 1677 L‘ongobardiaa,
1939 1607 2054 1677 qui,

479 1707 659 1768 spreta
690 1694 966 1753 Canonica
989 1706 1046 1753 et
1068 1698 1383 1768 Apostolica
1407 1698 1732 1753 auctoritate
1773 1707 1964 1754 contra
1991 1697 2052 1752 Β.

479 1787 698 1845 Petrum
740 1789 1127 1859 Apostolorum
1170 1788 1476 1859 Principem
1504 1790 1686 1860 (eique
1734 1790 2058 1861 praestitum)

479 1890 886 1937 sacramentum
925 1881 1397 1951 conspiraverunt,
1446 1882 1772 1938 auctoritate
1815 1882 2062 1953 ejusdem

480 1970 540 2026 Β.
574 1971 721 2028 Petri
756 1973 826 2027 ab
854 1973 1006 2027 omni
1034 1971 1343 2043 Episcopali
1378 1973 1557 2028 ollicio
1601 1974 1906 2044 suspendit,
1942 1982 1997 2029 et
2031 1991 2063 2029 a

479 2064 865 2119 communione
896 2063 1109 2119 Sanctae
1142 2063 1398 2121 Ecclesia)
1448 2066 1738 2134 separavit.
1788 2065 2065 2136 Agntlten-

481 2172 596 2212 sem
619 2155 946 2226 Episcopum
978 2155 1387 2226 Berengarium,
1413 2157 1540 2226 quia
1572 2154 1911 2213 Narbonensi
1936 2156 2064 2226 Epi-

480 2262 620 2318 copo
649 2247 1144 2316 excommunicato,
1173 2247 1618 2315 communicavit,
1650 2255 1706 2303 et
1748 2249 1893 2307 vices
1932 2248 2062 2318 Epi-

482 2340 728 2410 scOpales
756 2355 854 2410 pro
890 2340 982 2395 illo
1002 2339 1672 2407 fecit,excommunicavit.
1698 2338 2063 2396 Viennensem

483 2429 810 2501 Episcopum
836 2429 1248 2499 Hcrimannum,
1267 2432 1415 2502 juste
1434 2431 1740 2501 depositum
1764 2447 1862 2501 pro
1886 2430 2066 2485 Simo-

482 2523 595 2590 nia,
619 2523 895 2593 perjuriis,
932 2523 1250 2595 sacrilegiis,
1293 2524 1589 2594 apostasia,
1613 2523 1741 2593 quia
1792 2521 2065 2579 Viennen-

482 2630 600 2670 sem
629 2613 925 2672 Ecclesiam
971 2614 1232 2671 infestare
1253 2630 1363 2669 non
1385 2615 1703 2682 desistebat,
1749 2613 2065 2669 cxcoinmu-

484 2707 723 2763 nicavit:
750 2715 805 2765 et
834 2706 1091 2762 Ecclesiis
1116 2705 1450 2763 Romanensi
1475 2715 1530 2762 et
1556 2705 1612 2760 S.
1641 2704 2065 2776 lsidoriLugdu-

481 2799 663 2866 nensi,
689 2815 974 2869 quousque
994 2815 1091 2854 eas
1113 2798 1479 2868 occupaverit,
1515 2798 1760 2873 divinum
1786 2795 2067 2853 interdixit

482 2888 750 2948 Otiicium.
777 2889 1113 2947 Desiderium
1146 2899 1201 2945 et
1228 2888 1593 2945 Romanensis
1624 2888 1878 2945 Ecclesiae
1901 2886 2068 2945 Cleri-

485 2996 601 3048 cos,
636 2983 731 3053 qui
756 2981 1052 3053 chulares
1073 2982 1142 3037 ab
1166 2997 1230 3037 ea
1253 2981 1585 3051 expulerunt
1608 2990 1663 3037 et
1690 2980 2066 3036 excommuni-

462 3075 624 3130 .catis
672 3074 1243 3144 communicaverunt,
1293 3074 1418 3128 inde
1463 3073 1641 3130 donec
1688 3072 2068 3133 satisfacerent

484 3166 995 3224 cxcommunicavit.
1028 3165 1293 3221 Abbatem
1343 3163 1400 3220 S.
1449 3163 1655 3237 ngidii
1714 3165 1967 3222 similiter
2014 3175 2069 3218 et

484 3259 754 3314 Comitem
782 3261 839 3313 S.
860 3258 1084 3330 λίΕεὶεὶὶὶ,
1116 3267 1336 3329 propter
1361 3257 1861 3326 consanguineam;
1884 3263 1938 3311 et
1963 3254 2069 3310 Co-

488 3351 675 3406 mitem
698 3349 1020 3410 Forensem.
1049 3358 1104 3404 et
1128 3348 1449 3404 Umbertum
1475 3348 1543 3403 de
1577 3346 1726 3402 Bello
1749 3345 1903 3413 Joco,
1942 3363 2070 3416 pro-

489 3449 610 3513 pter
656 3438 1033 3495 infestationes
1074 3438 1456 3509 Lugdunensis
1490 3437 1778 3505 Ecclesiae;
1832 3437 2069 3493 Podiesi-

489 3546 605 3588 sem
637 3530 1010 3586 Simoniacum
1041 3529 1188 3602 (171)
1226 3528 1322 3602 (et)
1348 3530 1681 3585 homicidam
1709 3528 2068 3601 Stephanum,

489 3624 696 3680 scilicet
724 3638 753 3676 a
790 3621 1005 3693 Legatis
1034 3621 1149 3678 suis
1176 3621 1800 3688 excommunicatum,et
1812 3621 2071 3677 Pontium

490 3713 1052 3784 Gratianopolitanum
1077 3728 1363 3783 quousque
1386 3712 1734 3783 resipisceret
1756 3728 2075 3770 excommu-

490 3805 710 3874 nicavit,
736 3813 789 3861 et
814 3820 877 3860 ea
911 3820 1031 3875 qua:
1073 3804 1287 3860 Diensis
1332 3803 1620 3874 episcopus
1661 3804 1717 3858 in
1747 3804 2074 3875 Episcopatu

493 3897 677 3953 Diensi
707 3897 773 3952 de
805 3897 1052 3962 decimis,
1090 3904 1144 3950 et
1166 3894 1444 3966 primitiis,
1484 3903 1539 3950 et
1568 3895 1813 3951 ecclesiis
1837 3895 1986 3963 fecit,
2022 3903 2077 3950 et

491 3998 685 4046 cetera
710 4003 831 4060 qius
855 3988 908 4043 in
922 3986 1373 4060 Legatione(i72)
1387 3986 1699 4059 Apostolica
1722 3988 1931 4056 statuit,
1944 4002 2072 4044 eon-

492 4069 746 4138 firmavit.

555 4174 610 4229 4.
652 4171 782 4229 Item
815 4172 1131 4240 Henricum,
1159 4173 1332 4228 filium
1357 4171 1577 4229 Henrici
1613 4172 1986 4247 imperatoris,
2022 4173 2075 4228 in

491 4267 681 4326 eadem
720 4265 939 4338 Synodo
982 4266 1037 4320 in
1091 4267 1236 4322 hunc
1285 4265 1506 4320 modum
1539 4266 2075 4323 excommunicavit:

2160 519 2405 572 auctore.
2434 510 2590 565 hoste
2615 509 2842 580 antiquo
2884 510 3238 580 prtecedente,
3272 510 3481 583 (janua)
3523 522 3740 584 patuit:

2160 601 2249 655 cui
2277 616 2379 655 nos
2407 609 2632 670 paterna
2666 601 2978 667 dilectione,
3002 609 3056 656 et
3081 616 3267 657 amore
3301 604 3474 674 patris
3521 619 3588 659 ac
3626 620 3777 659 mar

2163 693 2263 747 tris
2286 692 2407 762 ejus
2439 692 2611 759 ducti,
2637 693 2818 749 adhuc
2851 693 2908 747 in
2934 691 3237 748 Diaconatu
3259 693 3444 763 positi,
3492 694 3747 750 admoni~

2160 784 2328 839 tienis
2350 786 2512 839 verba
2545 783 2873 840 suavissima
2902 784 3334 851 transmisimus,
3381 794 3548 857 atque
3593 802 3748 842 sum-

2159 890 2381 946 mopere
2401 883 2456 931 et
2477 875 2788 947 frequenter
2812 891 2938 931 eum
2970 891 3067 947 per
3094 877 3243 931 viros
3268 892 3526 932 revocare
3546 892 3750 947 procu-

2159 968 2423 1022 ravimus.
2453 966 2564 1022 lllis
2592 976 2777 1022 autem
2813 967 2908 1038 qui
2930 968 3184 1024 dicebant
3214 966 3416 1040 Regem
3449 983 3559 1023 non
3582 984 3749 1039 posse

2158 1059 2647 1125 excommunicari,
2687 1060 2767 1114 sic
2791 1059 3154 1128 respondebat
3181 1079 3194 1114 :
3219 1057 3451 1126 Quando
3474 1058 3622 1115 Deus
3645 1059 3750 1116 Ec-

2160 1151 2386 1209 clesiam
2437 1166 2592 1207 suam
2647 1160 2731 1206 ter
2768 1150 2936 1206 Beato
2986 1150 3151 1206 Petro
3192 1151 3489 1218 commisit,
3526 1152 3747 1218 dicens,

2172 1245 2344 1300 Pasce
2370 1262 2459 1299 ove
2493 1261 2657 1312 meas,
2699 1242 2873 1314 Reges
2908 1243 3154 1314 excepit?
3222 1240 3328 1297 Ubi
3366 1242 3511 1300 Deus
3536 1244 3748 1316 princi—

2158 1337 2354 1408 paliter
2384 1335 2444 1391 B.
2471 1335 2633 1391 l’etro
2661 1335 2811 1390 dedit
2842 1343 3168 1404 potestatum
3189 1333 3395 1405 ligandi
3414 1343 3473 1389 et
3497 1336 3749 1392 solvendi

2159 1430 2217 1483 in
2230 1429 2370 1484 caelo
2391 1428 2519 1483 etin
2556 1435 2720 1493 terra,
2746 1426 2955 1482 nullum
2984 1425 3218 1496 excepit,
3240 1425 3382 1480 nihil
3405 1427 3478 1482 ab
3498 1427 3623 1497 ejus
3649 1442 3751 1498 po-

2158 1528 2354 1576 testate
2387 1519 2661 1576 subtraxit
2686 1537 2698 1572 :
2718 1533 2845 1573 nam
2863 1516 2959 1588 qui
2986 1530 3045 1572 se
3058 1523 3221 1587 negat
3246 1515 3509 1574 Ecclesiae
3524 1517 3751 1574 vinculo

2158 1629 2269 1669 non
2293 1626 2455 1682 posse
2489 1606 2720 1680 alligari,
2757 1616 2926 1664 restat
2960 1614 3021 1662 ut
3039 1615 3202 1678 neget
3231 1623 3290 1663 se
3343 1623 3453 1663 non
3484 1622 3650 1679 posse
3676 1610 3748 1663 ab

2158 1705 2278 1775 ejus
2301 1710 2569 1773 potestate
2599 1701 2806 1757 absolvi
2833 1719 2846 1754 :
2880 1700 3043 1771 etqui
3066 1700 3170 1756 hoc
3192 1698 3539 1769 impudenter
3562 1710 3747 1770 negat.
3784 1750 3787 1753 λ

2161 1813 2222 1854 se
2248 1795 2472 1851 omnino
2502 1810 2535 1848 a
2566 1792 2788 1848 Christo
2812 1798 3139 1863 sequestrat.
3188 1788 3344 1846 Nune
3387 1790 3625 1860 qualiter
3665 1799 3755 1846 est

2163 1902 2416 1944 reversus
2456 1883 2748 1956 praedictus
2803 1883 2917 1940 Rex
2958 1890 3085 1954 post
3124 1882 3750 1938 excommunicationern

2164 1978 2232 2034 ad
2263 1976 2324 2032 D.
2364 1976 2529 2047 Papae
2555 1975 2945 2040 obedientiam,
2977 1981 3032 2030 et
3063 1973 3196 2043 quid
3226 1971 3438 2040 fecerit,
3474 1973 3746 2031 dicamus.

2233 2070 2286 2125 5.
2328 2068 2411 2123 Ad
2439 2068 2699 2139 oppidum
2739 2065 2966 2122 Canusii
2990 2064 3134 2135 apud
3180 2062 3647 2136 Longobardiam,
3694 2065 3750 2120 in

2163 2176 2273 2232 quo
2304 2160 2368 2215 Ι).
2394 2157 2544 2230 Papa
2567 2166 2687 2215 erat
2715 2173 2843 2214 cum
2871 2155 3084 2227 paucis,
3117 2153 3233 2211 Rex
3271 2154 3531 2211 advenit:
3566 2156 3752 2228 ibique

2163 2268 2260 2323 per
2286 2252 2528 2309 triduum
2562 2258 2689 2306 ante
2716 2257 2934 2320 portam
2960 2246 3196 2303 castri...
3224 2249 3597 2315 persistens...
3631 2262 3754 2304 om-

2162 2359 2263 2400 nes
2285 2344 2355 2399 ad
2366 2340 2769 2413 compassionis
2781 2337 3218 2396 misericordiam
3242 2337 3480 2392 movit...
3506 2335 3755 2409 Denique

2166 2435 2429 2492 instantia
2447 2432 2889 2503 compunctionis
2919 2430 3042 2500 ejus
3074 2438 3129 2485 et
3162 2436 3313 2484 tanta
3366 2430 3617 2487 omnium
3658 2435 3755 2501 qui

2164 2527 2245 2584 ibi
2265 2526 2492 2584 aderant
2517 2522 2915 2594 supplicatione
2934 2521 3182 2579 devictus
3207 2518 3269 2573 D.
3320 2518 3489 2590 Papa,
3535 2523 3755 2578 tandem

2163 2634 2314 2686 eum,
2346 2617 2589 2674 relaxato
2612 2613 2980 2675 anathematis
3003 2611 3245 2677 vinculo,
3301 2611 3359 2668 in
3412 2613 3760 2667 communic-

2167 2709 2257 2765 nis
2276 2709 2508 2781 gratiam
2532 2714 2588 2763 et
2611 2706 2793 2767 sinum
2817 2702 3007 2761 Matris
3052 2701 3312 2759 Ecclesiae
3339 2703 3568 2773 recepit,
3592 2718 3758 2760 aocc—

2166 2801 2275 2872 ptis
2295 2801 2366 2858 ab
2393 2814 2459 2855 eo
2489 2796 2874 2855 securitatibus
2901 2808 3028 2864 quae
3057 2792 3288 2850 inferius
3312 2794 3533 2864 scriptae
3554 2804 3756 2853 sunt...

2168 2894 2284 2951 Hoc
2318 2899 2403 2948 est
2434 2888 2823 2961 jusjurandum
2854 2884 3074 2941 llenrici
3109 2884 3274 2957 Regis
3297 2884 3759 2943 Teutonicorum:

2169 2984 2284 3057 Ego
2308 2982 2575 3039 Henricus
2606 2980 2743 3045 Rex,
2770 2987 2875 3038 etc.
2912 2988 2970 3033 ut
3015 2994 3176 3048 supra
3215 2977 3273 3031 in
3311 2975 3434 3033 Vita
3478 2994 3628 3033 nunt.
3670 2977 3760 3033 75.

2171 3077 2367 3132 Actum
2393 3072 2617 3129 Canusii
2635 3089 2667 3129 γ
2694 3070 2813 3127 Kal.
2838 3070 3144 3137 Februarii,
3166 3068 3469 3129 lndictione
3491 3069 3561 3124 15
3584 3069 3760 3139 (174).

2170 3167 2311 3222 Dum
2336 3180 2466 3221 vero
2488 3167 2545 3221 in
2569 3162 3143 3221 excommunicatione
3163 3160 3441 3227 manebat,
3452 3160 3762 3217 divortium

2170 3258 2444 3329 quoddam
2476 3257 2618 3312 inter
2663 3254 2961 3311 Henricum
3007 3252 3212 3325 Regem
3257 3260 3312 3308 et
3358 3249 3666 3311 Rodulfum
3695 3253 3765 3310 de

2170 3349 2434 3421 dignitate
2458 3356 2639 3402 ortum
2670 3355 2789 3403 est:
2818 3346 2966 3417 quod
2991 3344 3244 3401 videlicet
3277 3343 3574 3401 divortium
3603 3343 3766 3400 multi

2174 3457 2205 3496 a
2228 3424 2295 3493 Ἰ).
2333 3438 2479 3509 Papa
2502 3437 2706 3493 factum
2731 3453 2853 3493 esse
2876 3435 3228 3493 clamabant:
3267 3436 3365 3492 sed
3406 3435 3561 3495 nullo
3593 3440 3763 3492 modo

2172 3549 2234 3589 se
2264 3531 2387 3588 illos
2407 3529 2698 3587 offendisse
2720 3529 2868 3602 (175)
2896 3528 3188 3600 praedictus
3241 3525 3490 3584 Pontifex
3537 3527 3767 3598 proﬁte-

2173 3624 2356 3690 batur,
2381 3623 2493 3679 imo
2513 3622 2730 3692 utrique
2752 3620 2903 3676 misit
2928 3629 2988 3675 ut
3022 3621 3168 3676 viam
3214 3618 3320 3675 sibi
3364 3628 3764 3689 praepararent.

2175 3724 2446 3786 quatenus
2469 3729 2568 3784 pro
2593 3712 2904 3768 dilIiniendo
2934 3719 3088 3767 tanto
3113 3711 3335 3781 negotio
3357 3725 3553 3766 secure
3576 3720 3769 3780 posset

2176 3807 2510 3877 procedere:
2538 3804 2667 3876 quia
2704 3803 2890 3857 mallet
2945 3802 3164 3868 millies,
3215 3801 3262 3856 si
3331 3810 3541 3871 posset,
3597 3801 3767 3865 mori,

2177 3914 2343 3969 quam
2368 3913 2467 3953 sua
2489 3894 2779 3951 occasione
2810 3901 2890 3947 tot
2925 3893 3093 3948 millia
3131 3890 3415 3947 hominum
3443 3891 3612 3947 morti
3661 3900 3773 3947 tra-

2177 3991 2455 4049 deseratur.
3068 4046 3072 4052 λ

2248 4084 2301 4140 6.
2344 4080 2549 4151 Quinto
2579 4092 2726 4136 anno
2746 4076 2901 4150 -(l76)
2947 4075 3033 4134 sui
3082 4075 3441 4131 Pontiﬁcatus
3472 4074 3775 4131 celebravit

2181 4175 2369 4232 Romae
2438 4171 2740 4245 Synodum,
2798 4170 2890 4224 ubi
2939 4166 3307 4225 interfuerunt
3355 4165 3773 4238 Archiepiscopi

2180 4255 2235 4324 et
2256 4265 2511 4338 Episcopi
2528 4264 2868 4320 diversarum
2896 4259 3115 4315 urbium
3137 4258 3250 4315 fere
3269 4272 3500 4314 numero
3522 4264 3771 4325 centum,

492 4350 1236 4427 Beatektreﬁpostolorum
1262 4357 1543 4428 Princeps,
1574 4366 1679 4413 etc.
1708 4357 1923 4429 (175)...
1950 4357 2082 4412 Post
2183 4374 2286 4415 nec
2310 4373 2419 4413 non
2453 4364 2508 4411 et
2531 4353 2803 4409 Abbatum
2827 4368 2891 4407 ac
2911 4351 3252 4407 diversorum
3288 4347 3553 4405 Ordinum
3598 4347 3776 4405 Cleri-

491 4448 1108 4507 excommunicationcm
1133 4463 1263 4503 vero
1290 4449 1520 4502 multum
1551 4459 1776 4519 rogatus
1802 4449 2077 4520 aquibus-
2111 4466 2156 4521 ι)
2180 4464 2372 4507 eorum
2395 4456 2450 4503 et
2472 4446 2738 4501 laicorum
2761 4441 3176 4515 innumerabilis
3199 4439 3491 4497 multitudo
3518 4459 3531 4494 :
3563 4440 3624 4496 in
3662 4456 3773 4511 qua

493 4540 619 4595 dam
648 4538 751 4595 fuit
779 4548 837 4594 ut
865 4555 1055 4610 pacem
1090 4555 1215 4595 cum
1248 4554 1315 4594 eo
1342 4538 1563 4596 faceret.
1600 4539 1909 4612 Responsio
1955 4543 2079 4613 (au-

494 4630 625 4701 tem)
649 4630 791 4686 illius
813 4631 938 4687 talis
959 4640 1077 4688 erat
1101 4652 1114 4687 :
1138 4631 1277 4687 Cum
1299 4646 1366 4687 eo
1394 4646 1498 4687 nos
1549 4648 1740 4704 pacem
1787 4635 1927 4690 velle
1978 4635 2078 4689 ha-

494 4722 642 4787 bere,
678 4720 722 4776 si
754 4722 869 4791 ipse
908 4739 1032 4778 cum
1069 4723 1179 4779 Deo
1218 4738 1406 4793 pacem
1459 4723 1705 4796 (habere)
1764 4726 2073 4783 studuerit:

494 4828 623 4869 nam
640 4823 831 4868 vestra
857 4813 1171 4870 fraternitas
1193 4816 1420 4871 minime
1439 4814 1676 4886 ignorat,
1703 4826 1910 4888 quanto
1942 4826 2079 4873 tem-

495 4918 628 4976 pore
661 4912 848 4959 sancta
880 4903 1121 4961 Ecclesia
1146 4905 1420 4962 inauditas
1448 4906 1746 4977 pravitates
1763 4915 1817 4962 et
1836 4908 2078 4963 diversas

496 4996 812 5069 iniquitates
834 4996 998 5068 Regis
1022 5000 1097 5068 (et
1123 4998 1335 5053 utinam
1363 4997 1666 5053 Christiani
1698 4998 1811 5054 veri
1842 5000 1886 5069 ἲ)
1915 5000 2080 5053 susti-

494 5141 575 5156 _:‘
616 5141 944 5156 ---..-.Ι.ι---..α.
987 5141 1108 5156 ιιι-ικὶ
1158 5141 1503 5156 -.-.;ι’-.....;ι-..
1548 5141 1905 5156 Ζ-ι-ἔ-ιίι-..ιΔ-.-ι

2178 4540 2491 4613 Apostolica
2517 4535 2844 4593 auctoritate
2874 4533 3067 4605 (multa
3103 4538 3227 4603 Quae
3260 4530 3580 4602 corrigenda
3613 4540 3776 4586 erant

2179 4633 2420 4689 correxit
2445 4638 2503 4686 et
2521 4643 2644 4700 qua:
2665 4626 3072 4684 corroboranda
3102 4622 3359 4679 firmavit.
3387 4620 3534 4678 inter
3572 4630 3771 4678 caetera

2178 4733 2363 4780 autem
2413 4723 2468 4778 in
2526 4720 2634 4776 fine
2691 4716 2982 4791 Synodalis
3028 4713 3392 4771 absolutionis
3444 4712 3766 4773 Tedaldnm,

2178 4817 2385 4872 dictum
2416 4811 2903 4881 Archiepiscopum
2930 4806 3411 4871 Mediolanensem,
3432 4803 3511 4875 et)
3535 4803 3771 4861 Guiber-

2182 4914 2295 4961 tum
2333 4905 2726 4965 Ravennatem,
2760 4899 3007 4954 inaudita
3043 4897 3297 4968 superbia
3333 4904 3387 4951 et
3436 4894 3634 4952 haeresi
3674 4897 3771 4950 ad-

2179 5013 2372 5054 versus
2397 5004 2641 5053 sanctam
2675 4992 2972 5048 Ecclesiam
2983 4989 3322 5046 Catholicam
3347 5004 3406 5044 se
3426 4988 3770 5055 extollentes,

2182 5128 2272 5156 λει-
2303 5136 2427 5156 ﬁn.“
2462 5133 2635 5156 nmn‘n
2672 5124 2841 5156 rll:(‘0ﬂ
